4246 6204
504 167 604 222 497

1288 205 1310 220 ς
1340 172 1725 231 ιιτυιιοιω.
1762 205 1831 215 —-
1868 176 1956 231 DE
1992 174 2239 231 PSALM.
2281 177 2437 235 USU.
2477 210 2547 221 -—
2580 180 2758 237 PARS
2794 183 2857 237 ll.

3614 195 3717 248 498

502 278 1111 350 tu,Domine,adiuvisti.
1138 298 1242 347 me,
1259 292 1314 339 et
1346 274 1649 341 consolatus
1678 301 1737 342 es
1766 295 1942 353 me,et
1978 287 2051 342 dio
2080 291 2128 351 Α
2154 284 2431 354 Miserere,
2462 290 2739 358 miserere,
2770 292 3006 349 Trinitas
3029 304 3085 349 et
3114 296 3321 352 Unitas.
3357 300 3429 355 Te
3459 302 3633 366 laudo,
3670 316 3721 360 to

500 371 804 430 eantzlizec
842 375 1066 430 mutatio
1092 373 1325 430 dexteris
1363 375 1605 443 Excelsi,
1626 387 1766 434 estet
1810 378 2057 445 Domine,

498 464 584 522 fac
623 482 747 522 cum
786 480 942 521 servo
981 474 1072 521 tuo
1101 467 1398 522 secundum
1434 469 1859 528 misericordiam
1887 480 2054 539 tuam,

495 563 551 609 et
589 556 1007 626 iustiﬁcationes
1052 556 1172 611 tuas
1217 557 1348 613 doce
1385 572 1489 613 me.
1539 557 1737 614 Servus
1779 569 1900 617 tuus
1935 578 2055 618 sum

494 662 612 719 ego,
636 645 703 703 da
731 646 861 716 mihi
902 647 1248 714 intellectum,
1276 657 1338 702 ut
1357 648 1560 711 discam
1587 650 1836 706 mandata
1863 660 1975 716 tua,
2003 663 2058 708 et

493 737 789 795 custo‘liam
819 738 905 794 illa
935 739 987 793 in
1018 746 1133 793 toto
1156 739 1319 795 corde
1341 754 1479 804 meo,
1511 741 1635 811 quia
1660 742 1715 796 in
1744 744 2055 799 custodien-

494 828 578 883 dis
614 826 717 882 illis
754 827 1036 882 retributio
1078 826 1245 882 multa
1271 836 1374 884 est.
1423 827 1682 894 Domine,
1711 830 1796 886 fac
1844 847 2054 889 meeum

492 916 785 972 secundum
810 916 1429 997 misericordiam‘tuam,
1454 919 1586 989 quia
1623 922 1805 984 suavis
1843 931 1928 978 est
1956 924 2056 991 mi-

492 1007 780 1064 sericordia
811 1016 918 1064 tua.
968 1009 1162 1065 Libera
1210 1026 1315 1076 me,
1346 1011 1471 1081 quia
1513 1026 1713 1083 egenus
1761 1021 1815 1069 et
1855 1030 2056 1085 pauper

491 1115 589 1172 ego
629 1116 770 1165 sum,
800 1108 855 1155 et
880 1117 975 1156 cor
1018 1117 1198 1158 meum
1225 1103 1603 1159 conturbatum
1642 1114 1728 1160 est
1764 1106 1905 1161 intra
1946 1124 2049 1163 me.

489 1194 678 1250 Libera
723 1208 809 1250 me
853 1209 884 1248 a
930 1194 1379 1271 persequentibus
1428 1210 1546 1259 me,
1593 1196 1720 1265 quia
1766 1192 2066 1255 confortati'

488 1293 615 1339 sunt
640 1300 800 1356 super
824 1300 927 1339 me.
959 1285 1150 1341 Libera
1188 1302 1296 1353 me,
1323 1278 1466 1343 Deus
1494 1286 1676 1353 Israel,
1708 1305 1775 1344 ex
1803 1291 2052 1348 omnibus

490 1362 864 1446 iniquitatibus
888 1376 1042 1431 meis.
1073 1374 1266 1431 Libera
1286 1391 1372 1432 me
1400 1376 1468 1432 de
1493 1379 1862 1451 sanguinibus,
1887 1379 2051 1446 Deus,

489 1463 631 1519 Deus
656 1462 845 1519 salutis
882 1478 1034 1528 mete,
1061 1471 1117 1518 et
1141 1463 1415 1523 exaltabit
1433 1465 1612 1537 lingua
1638 1482 1756 1522 mea
1787 1467 2053 1539 justitiam

488 1562 653 1607 tuam.
703 1550 888 1606 Libera
918 1567 1005 1606 me
1049 1550 1235 1613 deore
1263 1552 1457 1619 leonis,
1500 1563 1555 1609 et
1582 1570 1611 1609 a
1642 1557 1893 1614 cornibus
1933 1561 2054 1615 uni-

487 1641 730 1696 eornium
777 1638 908 1712 [Al.,
952 1640 1379 1714 unicorniorum]
1406 1683 1422 1707 ,
1462 1650 1522 1699 ut
1569 1658 1816 1701 enarrem
1854 1662 2049 1703 nomen
2089 1631 2130 1690 Β

490 1740 636 1785 tuum
681 1731 934 1787 fratribus
982 1731 1138 1786 meis.
1187 1731 1469 1788 Liberator
1512 1747 1666 1793 meus
1710 1734 1775 1790 de
1822 1736 2052 1795 inimiCis

450 1858 453 1859 ν
487 1821 624 1875 meis
673 1819 978 1886 iracundis,
1006 1819 1076 1876 ab
1121 1820 1518 1893 insurgentibus
1562 1821 1618 1877 in
1660 1837 1747 1879 me
1796 1823 2054 1880 exaltabis

488 1927 594 1977 me,
625 1926 656 1967 a
690 1912 804 1965 viro
832 1912 1019 1981 iniquo
1046 1912 1242 1987 eripies
1268 1927 1354 1967 me
1372 1952 1387 1977 ,
1417 1928 1519 1969 nec
1554 1928 1642 1969 me
1670 1913 1895 1984 patiaris
1936 1922 2054 1971 ten-

490 2001 612 2056 tari.
634 2016 795 2071 supra
834 1999 889 2055 id
913 2000 1056 2071 quod
1083 1994 1303 2071 possum
1321 2041 1335 2067 ,
1362 2001 1490 2072 quia
1520 2010 1575 2057 tu
1602 2003 1710 2058 scis
1740 2001 2052 2075 figmentum

488 2109 688 2160 meum,
718 2094 777 2149 tu
804 2094 910 2150 scis
937 2092 1277 2166 fragilitatem
1306 2095 1548 2167 corporis
1586 2104 1641 2152 et
1672 2097 1869 2154 mentis
1897 2113 2049 2155 metu.

488 2185 566 2241 τυ
590 2187 697 2241 seis
724 2186 1089 2257 insipientiam
1123 2200 1320 2254 meam,
1342 2194 1397 2243 et
1430 2187 1624 2245 delicta
1659 2204 1779 2245 mea
1805 2203 1838 2243 a
1864 2197 1917 2245 te
1943 2205 2051 2245 non

486 2283 613 2332 sunt
656 2276 987 2333 abscondita.
1020 2277 1165 2335 Deus
1207 2294 1377 2344 meus,
1416 2279 1565 2351 eripe
1604 2279 1777 2336 mede
1802 2279 2052 2337 manibus

486 2368 822 2424 inimicorum
867 2383 1131 2435 meorum,
1179 2376 1236 2424 et
1279 2384 1310 2423 a
1353 2368 1803 2440 persequentibus
1847 2384 1968 2435 me,
1998 2377 2053 2426 et

486 2461 659 2518 deduc
686 2476 773 2517 me
798 2461 864 2517 de
891 2460 1085 2532 laqueo
1110 2476 1269 2533 quem
1315 2461 1713 2521 absconderunt
1746 2462 1899 2532 mihi,
1926 2463 2050 2535 quia

488 2561 545 2609 tu
565 2568 625 2610 es
651 2542 924 2625 protector
944 2568 1098 2609 meus
1122 2571 1136 2607 :
1161 2560 1216 2609 et
1238 2552 1475 2609 illumina
1500 2551 1693 2610 faciem
1722 2562 1869 2611 tuam
1889 2572 2052 2627 super

487 2658 700 2700 servum
727 2653 896 2709 tuum,
919 2650 975 2699 et
1000 2643 1206 2709 salvum
1234 2658 1321 2699 me
1349 2641 1437 2699 fac
1463 2644 1516 2698 in
1545 2652 1634 2703 tua
1662 2644 2048 2701 misericordia.

486 2733 728 2798 Domine,
759 2748 864 2788 non
885 2730 1204 2799 confundor,
1232 2732 1485 2803 quoniam
1516 2732 1759 2788 invocavi
1791 2742 1861 2789 te.

1183 2843 1349 2905 VIII.

2130 377 2349 441 adoro,
2376 388 2427 435 te
2467 381 2746 447 conﬁteor,
2767 398 2873 453 pax
2911 400 3050 448 mea,
3080 400 3203 453 spes
3239 404 3377 454 mea,
3420 391 3555 456 laus,
3586 396 3716 458 vita,

2157 466 2492 536 pulchritudo
2520 479 2575 525 et
2602 472 2874 529 beatitudo
2924 490 3064 540 mea,
3093 476 3415 535 confidentia
3446 493 3503 537 et
3530 483 3718 540 ﬁducia

2156 571 2298 621 mea,
2326 558 2573 615 remissio
2610 560 2913 618 facinorum
2960 572 3017 619 et
3064 564 3383 635 ﬂagitiorum
3429 585 3669 627 meorum
3703 596 3716 627 :

2154 661 2308 702 amor
2339 663 2423 727 ac
2444 649 2837 707 ﬁrmamentum
2884 668 3061 707 meum
3081 694 3095 719 ,
3126 654 3413 727 refugium,
3444 658 3719 725 libenter.

2109 807 2117 818 .
2156 724 2468 809 [protector]
2496 747 2550 793 et
2596 746 2877 818 susceptor
2913 740 3054 796 Deus
3094 724 3285 799 meusv:
3311 745 3517 810 doctor,
3549 724 3727 805 medi-7'

2153 822 2295 888 cina,
2326 826 2649 897 gubernator
2674 816 2750 882 ‘ac
2780 828 3085 898 redemptor
3111 845 3283 897 meus,
3326 834 3539 904 requies
3577 852 3716 899 mea.

2153 915 2358 970 sanitas
2387 925 2441 973 et
2464 917 2747 973 delectatio
2772 934 2914 984 mea,
2947 920 3097 975 testis
3126 929 3181 975 et
3195 921 3356 989 judex
3396 940 3568 991 meus,
3597 943 3719 982 san-

2153 1012 2237 1057 cta
2265 1003 2521 1070 Trinitas,
2548 1006 2921 1076 inseparabilis
2948 1004 3157 1064 Unitas.
3191 1008 3329 1066 Dens
3357 1013 3715 1084 omnipotens.

2152 1109 2238 1149 me
2266 1095 2334 1150 ab
2368 1096 2515 1151 omni
2560 1096 2701 1151 malo
2746 1096 2975 1153 liberare
3013 1099 3282 1172 digneris,
3304 1111 3359 1161 et
3396 1111 3484 1158 tua
3530 1106 3722 1176 sempio

2152 1190 2307 1239 terna
2336 1183 2717 1241 benedictione
2750 1187 3088 1254 benedicere,
3118 1190 3205 1259 qui
3234 1209 3295 1249 es
3321 1198 3461 1251 Deus
3502 1196 3719 1251 benedi-

2150 1280 2291 1339 ctus,
2326 1271 2612 1331 ineffabilia
2644 1284 2709 1330 et
2731 1276 3147 1348 incorruptibilis
3180 1281 3233 1334 in
3263 1280 3453 1337 sucula
3500 1286 3718 1339 sarculo-

2150 1378 2290 1416 rum.
2322 1363 2512 1418 Amen.

2883 1480 2992 1540 IX.

2546 1597 2822 1679 Confessi
2831 1618 2863 1659 ο
2900 1607 3318 1678 peccatorum.

2222 1742 2334 1800 Sub
2359 1745 2750 1803 confessionem
2788 1754 2932 1802 tuam
2972 1746 3209 1803 futuram
3233 1748 3460 1805 viriliter
3498 1765 3614 1829 age,
3646 1760 3717 1806 te-

2150 1848 2255 1904 que
2298 1835 2354 1889 in
2401 1833 2628 1889 Domino
2665 1835 2994 1901 confortare,
3039 1846 3096 1893 et
3140 1836 3250 1894 noli
3293 1839 3635 1906 erubescere,
3664 1853 3720 1897 ct

2151 1926 2274 1996 quia
2301 1926 2427 1981 inde
2454 1931 2601 1982 venit
2628 1925 2955 1998 indulgentia
2975 1968 2991 1992 ,
3017 1943 3141 1984 eum
3183 1928 3238 1983 in
3278 1944 3374 2000 spe
3415 1931 3717 1988 misericor-

2152 2014 2252 2069 diae
2300 2012 2395 2070 Dei
2440 2014 2715 2088 humiliter
2753 2014 3033 2072 confessus
3063 2014 3230 2073 fueris
3272 2027 3492 2088 peccata
3522 2028 3633 2085 tua,
3664 2034 3719 2076 ct

2150 2084 2566 2175 reliquerisfea;
2600 2105 2735 2176 quia
2758 2105 2878 2161 sine
2905 2105 3247 2164 confessione
3274 2084 3392 2164 non
3417 2118 3503 2165 est
3548 2110 3718 2166 indul-

2151 2194 2348 2264 gentia.
2372 2193 2430 2248 in
2458 2194 2646 2263 primis
2668 2203 2959 2265 prosterne;
2978 2204 3032 2251 te
3051 2196 3331 2252 humiliter
3352 2198 3406 2252 in
3427 2210 3716 2270 conspectu

2151 2282 2243 2339 Dei
2275 2284 2329 2339 in
2357 2290 2497 2340 terra
2524 2285 2597 2340 ad
2618 2285 2937 2353 orationem,
2967 2296 3025 2342 et
3044 2303 3170 2358 roga
3200 2288 3411 2344 beatam
3446 2288 3539 2346 Dei
3567 2294 3716 2364 geni-
3806 2278 3817 2287 k

2151 2375 2339 2432 tricem
2372 2375 2616 2443 Mariam,
2642 2385 2702 2432 ut
2744 2377 2860 2449 ipsa
2899 2377 3198 2446 intercedat
3236 2396 3334 2454 pro
3363 2389 3419 2438 te
3444 2382 3513 2438 ad
3538 2382 3717 2439 Domi—

2151 2485 2300 2535 num,
2331 2483 2454 2526 cum
2500 2471 2751 2526 omnibus
2801 2471 3006 2527 sanctis
3050 2472 3325 2542 apostolis,
3372 2475 3714 2547 martyribus,

2150 2560 2550 2618 confessor-ibus
2599 2568 2653 2616 et
2698 2560 3023 2631 virginibus;
3077 2569 3136 2615 ut
3186 2560 3326 2616 Deus
3375 2563 3717 2634 omnipotens

2151 2649 2400 2722 dignetur
2436 2649 2530 2704 tibi
2573 2650 2702 2705 dare
2744 2650 3064 2721 sapientiam
3107 2650 3420 2722 perfectam,
3451 2653 3721 2711 etindui-

2150 2740 2385 2812 gentiam
2431 2757 2634 2807 veram,
2665 2751 2722 2798 et
2766 2744 3018 2798 virtutem
3070 2744 3237 2799 animi
3282 2754 3621 2807 constantem
3651 2750 3722 2803 ad

2109 2865 2114 2871 -
2151 2830 2513 2887 conﬁtendum
2539 2834 2805 2891 veraciter
2839 2850 2906 2889 ex
2948 2836 3137 2890 intimo
3165 2836 3328 2892 cordo
3351 2846 3572 2907 peccata
3602 2847 3713 2901 tua,

486 2943 705 3037 ονιειξρ
751 2961 871 3022 pro
903 2942 1220 3025 ασπίιεοηε
1247 2942 1380 3033 vei,
1430 2950 1483 3001 ει
1508 2959 1625 3037 ρίο
1660 2943 2049 3037 ίηααιςεπείρ
2072 2931 2428 3037 031"".“71
2460 2926 3193 3037 essese}???
3230 2942 3355 3037 se
3390 2928 3715 3037 εεξάυιίξιξει

568 3018 963 3101 delictorum;
991 3028 1047 3091 et
1075 3018 1905 3101 peremptione'dieersaru'm
1930 3024 2048 3085 tri-

560 3098 973 3162 balationum.

480 3234 488 3251 .
551 3196 838 3260 lissi-ere,
866 3195 1122 3262 Domine,
1153 3197 1440 3262 miserere,
1466 3196 1707 3262 Christe;
1742 3205 1796 3252 tu
1838 3199 2048 3255 miseri-

480 3287 664 3346 cordia
692 3300 819 3345 mea
840 3286 1096 3342 miserere
1130 3286 1253 3341 mei.
1296 3285 1571 3350 ltiserere,
1603 3286 1848 3353 Domine,
1880 3288 2044 3343 mise-

483 3392 619 3443 rere,
648 3374 882 3438 Christe.
915 3380 975 3429 ut
1000 3373 1139 3430 bene
1168 3390 1349 3447 rogem
1378 3385 1447 3433 te.
1483 3374 1736 3433 Miserere
1756 3416 1772 3443 ,
1797 3377 2044 3443 Domine,

483 3470 768 3533 miserere,
796 3466 1037 3534 Christe,
1082 3473 1144 3521 ut
1186 3466 1404 3539 dignum
1447 3482 1534 3523 me
1571 3467 1741 3525 facias
1781 3468 2060 3525 exaudiri.

393 3622 397 3625 _
484 3560 752 3626 Iiserere,
783 3559 1026 3627 Domine,
1070 3559 1347 3625 miserere,
1378 3558 1608 3616 Christe.
1641 3558 1911 3617 Exaudias
1936 3574 2058 3627 me,

479 3663 542 3710 ut
565 3654 735 3711 sciam
763 3652 1092 3710 voluntatem
1122 3660 1301 3717 tuam;
1346 3651 1541 3709 doceas
1577 3667 1685 3718 me,
1708 3662 1768 3707 ut
1791 3653 1845 3707 in
1871 3649 2046 3708 chari-

472 3757 589 3805 tate
618 3755 708 3802 tua
737 3746 979 3803 concias
1010 3761 1127 3823 me.
1159 3744 1445 3809 liserere,
1487 3744 1731 3807 Domine,
1761 3745 2055 3809 miserere,

476 3843 710 3906 Christe,
742 3849 800 3894 ut
834 3840 1053 3897 credam
1090 3839 1146 3895 in
1186 3846 1273 3902 te,
1300 3846 1362 3892 ut
1385 3850 1709 3907 cognoscam
1739 3846 1813 3901 te,
1842 3846 1902 3891 ut
1924 3836 2045 3891 dili-

476 3948 598 4005 gam
644 3941 714 3987 te.
766 3930 1042 3994 Miserere,
1099 3928 1345 3991 Domine,
1389 3928 1666 3991 miserere,
1706 3926 1941 3991 Christe,
1983 3935 2046 3983 ut

476 4035 685 4095 sperem
713 4021 766 4074 in
809 4026 880 4074 te.
919 4016 1035 4091 u
1059 4014 1773 4085 Miserere,Domine,-quia
1792 4015 2042 4088 coinqui-
2134 4014 2137 4019 ’

477 4119 661 4169 natum
712 4123 929 4167 sensum
975 4108 1150 4163 habeo
1197 4108 1252 4163 in
1301 4106 1552 4162 omnibus
1590 4107 2049 4177 concupiscentiis

2151 3013 2236 3069 dic
2255 3014 2429 3080 ei,cui
2455 3015 2698 3071 confiteri
2728 3016 2818 3071 vis
2830 3023 3050 3092 peccata
3082 3024 3171 3071 tua
3200 3017 3354 3073 :Mea
3382 3018 3559 3090 culpa,
3587 3022 3713 3092 quia

2149 3104 2363 3173 peccavi
2392 3103 2558 3158 nimis.
2580 3104 2634 3158 in
2661 3104 3008 3175 cogitatione,
3036 3105 3303 3162 locutione
3322 3115 3378 3162 et
3403 3122 3583 3180 opere.

2854 3212 2999 3269 Alio.
3080 3280 3083 3283 λ

2214 3320 2487 3379 Conﬁteor
2512 3338 2694 3379 coram
2719 3322 3222 3394 Deoomnipotenti,
3243 3335 3486 3391 creatore
3512 3328 3639 3384 coeli
3659 3338 3725 3385 et

2145 3420 2321 3476 teme,
2344 3420 2400 3469 et
2425 3426 2606 3473 coram
2632 3412 2734 3467 hoc
2753 3410 2910 3468 altari
2937 3421 3147 3477 sancto,
3170 3420 3226 3469 et
3242 3415 3444 3470 sanctis
3468 3414 3707 3486 reliquiis

2144 3516 2265 3572 quae
2302 3502 2359 3558 in
2384 3503 2488 3558 hoc
2512 3501 3027 3565 loco'sanctosunt;
3055 3501 3180 3572 quia
3211 3502 3373 3559 nimis
3400 3504 3616 3575 peccavi
3653 3506 3707 3561 in

2144 3590 2556 3679 cogitationibus
2599 3588 3021 3679 nefandis‘simls,
3048 3590 3362 3651 delectando
3388 3602 3444 3649 et
3481 3609 3709 3651 consen-

2144 3679 2322 3735 tiendo
2360 3678 2484 3743 illis,
2520 3687 2577 3735 et
2613 3678 2942 3747 meditando,
2981 3678 3317 3755 disponendo
3349 3684 3405 3739 in
3444 3700 3626 3752 sensu,
3657 3697 3712 3741 et

2142 3771 2426 3836 memoria,
2450 3787 2516 3827 ae
2539 3771 2815 3829 voluntate
2842 3788 2984 3840 mea,
3004 3773 3238 3845 qualiter
3265 3774 3480 3847 explere
3498 3777 3708 3845 potuis-

2142 3879 2258 3919 sem
2287 3878 2468 3935 opere;
2493 3879 2613 3936 quae
2639 3863 2779 3953 male
2805 3863 3120 3937 cogitabam.

2856 3978 3004 4033 Alia.

2209 4088 2496 4154 Conﬁteor,
2523 4091 2656 4160 quia.
2675 4088 2895 4161 peccavi
2922 4089 3166 4147 nimisin-
3186 4092 3525 4147 sermonibus
3554 4094 3704 4147 vanis

476 4204 697 4267 illicitis,
734 4210 789 4258 et
813 4217 880 4256 ex
908 4201 1052 4257 omni
1081 4199 1311 4255 elatione
1339 4208 1395 4255 et
1420 4200 1523 4265 ira,
1554 4208 1611 4254 et
1643 4172 1955 4271 suspicione
1985 4209 2041 4256 et
2118 4172 2195 4238 γει
2222 4179 2509 4237 inimum“
2537 4190 2593 4237 ει
2615 4181 2884 4271 turpibus.
2905 4181 3095 4238 οεί⁰⁶ί⁸
3120 4189 3176 4236 θί
3194 4183 3398 4238 “00W-
3432 4182 3703 4261 Conﬁteor

478 4292 765 4363 hypocrisi.
818 4276 1371 4355 MisererefDomine
1407 4289 1549 4348 Deus
1591 4270 1957 4362 omnipotens,
1980 4300 2094 4369 ut!

2139 4273 2260 4329 odia
2286 4272 2471 4328 cordis
2487 4273 2623 4337 mei,
2637 4280 2694 4328 et
2710 4270 3047 4338 dolositates,
3075 4280 3131 4329 ct
3155 4270 3407 4338 invidias,
3427 4272 3703 4329 detractio-

825 4386 880 4431 et
904 4377 1120 4448 diligam
1162 4377 1432 4433 vinculum
1475 4360 1756 4435 claritatis
1793 4394 2043 4450 pel-sue.
2066 4360 2109 4369 ’⁷
2140 4378 2260 4429 nes,
2289 4362 2701 4433 impatientiam,
2729 4360 2995 4450 convicia,
3023 4361 3415 4425 contentiones,
3445 4362 3700 4431 dijudica-

477 4449 676 4525 rauter.
712 4466 983 4530 Miserere,
1016 4465 1181 4530 Deus,
1213 4474 1272 4519 ut
1291 4482 1329 4523 a,
1347 4474 1522 4523 morte
1560 4449 1817 4539 perpetrm
1842 4469 2049 4537 eripias

2138 4454 2337 4518 tiones,
2363 4452 2741 4522 blasphemiam
2768 4449 3111 4539 turplloquin,
3148 4450 3524 4517 scurrilitates,
3553 4467 3700 4507 men-

478 4573 581 4612 me.
616 4554 892 4619 Miserere,
922 4552 1085 4619 Deus,
1115 4561 1179 4625 ut,
1201 4554 1268 4609 de
1303 4554 1552 4611 omnibus
1578 4538 1817 4625 peccatis
1843 4566 1900 4611 et
1931 4558 2039 4612 eri-

2139 4541 2312 4605 dacis,
2350 4539 2654 4605 maledicta,
2688 4538 2949 4610 periuria,
2980 4539 3223 4597 consilia.
3248 4541 3451 4611 iniqua,
3482 4556 3696 4595 excusso

478 4648 712 4703 minibus
749 4645 885 4702 meis
930 4659 1111 4701 veram
1140 4643 1525 4719 pmnitcntiam
1563 4653 1621 4699 et
1656 4645 2038 4717 indulgentiam
2138 4632 2313 4687 ῑίοικθ
2363 4639 2706 4702 Peccatum
2746 4646 3008 4697 ωθοτυωο
3060 4632 3357 4695 ίιτίείοηείν
3400 4631 3701 4687 ἀίειίιηυιδτ

478 4735 682 4791 tribuas
718 4734 870 4791 mihi.
896 4734 1176 4799 'liserere,
1204 4732 1379 4798 Deus,
1411 4739 1469 4786 ut
1506 4733 1880 4791 remissionem
1926 4750 2042 4791 om-
2142 4723 2317 4780 tiones
2339 4763 2354 4790 ,
2403 4722 2763 4789 adulationes,
2810 4723 3285 4794 improperationes
3310 4761 3324 4784 ,
3378 4719 3699 4786 inflationes.

478 4826 627 4881 nilum
679 4833 1026 4897 peccatorum
1070 4839 1313 4881 meorum
1362 4822 1635 4879 concedas
1675 4824 1827 4889 mihi,
1874 4832 1947 4880 ut.
1972 4824 2045 4880 ab

2146 4814 2607 4879 tttmulmationes,
2632 4810 3437 4877 malevolentlas,seductiones,
3469 4812 3700 4877 furores.

476 4912 624 4969 omni
650 4907 990 4969 tribulatione
1010 4914 1211 4985 eripias
1238 4928 1348 4979 me,
1370 4920 1425 4966 et
1443 4910 1510 4966 ab
1534 4911 1679 4966 omni
1706 4911 2041 4969 immunditin

478 5003 654 5060 cordis
675 5010 732 5057 et
748 5004 989 5071 corporis
1012 5002 1207 5059 liberes
1232 5016 1344 5068 me,
1364 5010 1639 5071 totumque
1663 4999 1901 5056 εοωίιειι
1924 5001 2042 5058 libi-

477 5094 617 5153 dinis
643 5092 957 5163 exstinguas
987 5093 1039 5147 in
1067 5106 1176 5157 me,
1202 5109 1268 5148 ac
1304 5094 1373 5148 ab
1399 5093 1649 5147 omnibus
1686 5091 1896 5146 insidiis
1927 5090 2041 5147 ilia—

479 5184 584 5241 boli
605 5189 661 5239 et
674 5182 828 5238 omni
838 5180 1186 5239 malOliberos
1209 5196 1313 5238 me.
1333 5180 1610 5247 Iiserere,
1633 5179 1857 5236 Domine
1876 5179 2040 5245 Deus,

480 5275 760 5335 miserere,
787 5280 846 5327 ut
884 5272 1064 5326 anima
1112 5284 1231 5325 mea
1268 5273 1423 5327 privat
1474 5273 1526 5327 in
1570 5281 1643 5336 te,
1676 5279 1732 5326 et
1769 5271 1875 5324 vita
1924 5284 2041 5326 mea

478 5364 724 5441 proﬁciat
748 5364 804 5418 in
842 5370 913 5418 te.
945 5362 1221 5427 liserere,
1253 5361 1479 5418 Domine
1508 5363 1650 5417 Deus
1675 5362 1853 5423 Pater,
1876 5361 2040 5431 gloria

478 5470 623 5521 mea,
660 5452 768 5509 vita
814 5466 953 5513 mea,
998 5449 1142 5505 salus
1186 5464 1250 5503 ac
1294 5448 1551 5504 fortitudo
1579 5464 1715 5504 mea.
1766 5447 2037 5513 Miserere,

481 5547 714 5619 Spiritus
769 5542 1049 5615 paraclete,
1095 5538 1389 5595 consolatio
1440 5549 1493 5593 et
1544 5538 1860 5595 illuininatio
1900 5552 2036 5593 mea.

2145 4908 2562 4980 indignationes,
2588 4902 3421 4971 ambitiones.,concupiscentias
3447 4904 3624 4959 carnis
3648 4914 3723 4958 et.

2144 5000 2451 5063 oculorum,
2522 5007 2585 5052 et
2642 4994 2951 5066 superbiae,
3012 4994 3257 5050 tristitias
3288 5037 3303 5060 ,
3366 4997 3697 5057 timiditates.

2145 5090 2396 5148 mollities
2429 5087 2617 5151 animi,
2648 5086 2803 5141 tmdia
2828 5084 3017 5151 multa,
3045 5086 3419 5158 negligentiae,
3445 5086 3701 5141 securim.

2140 5189 2246 5244 tes,
2265 5177 2469 5249 vigilias
2490 5174 2729 5239 inutiles,
2751 5182 2806 5230 et
2824 5174 2935 5231 Deo
2952 5174 3299 5244 displicentes
3313 5174 3624 5238 edacitatee,
3645 5178 3703 5229 et

2139 5268 2447 5326 bibitiones.
2469 5273 2525 5321 et
2548 5264 2868 5331 locutiones,
2895 5273 2949 5320 et
2985 5264 3336 5319 dormitiones
3376 5261 3699 5333 superﬂuas,

2141 5367 2197 5414 et
2223 5356 2550 5413 inordinatas
2579 5352 2825 5410 carnales
2863 5352 3345 5422 concupiscentias,
3373 5358 3429 5405 et
3458 5351 3698 5423 tyranni-

2141 5449 2234 5503 des
2272 5446 2447 5501 cordis
2486 5444 2590 5499 mei
2625 5442 2867 5512 iniquas,
2898 5451 2946 5495 et
2986 5454 3195 5494 amaras
3237 5448 3393 5510 atque
3438 5440 3694 5510 impiissir

2141 5554 2277 5593 mas.
