  <div class='ocr_page' id='page_1' title='image "/cluster/home/n/w/nwhite01/storage/ocr_20150623/101/uva.x000834944/257.png"; bbox 0 0 4246 6184; ppageno 0'>
   <div class='ocr_carea' id='block_1_1' title="bbox 566 170 678 227">
    <p class='ocr_par' dir='ltr' id='par_1_1' title="bbox 566 170 678 227">
     <span class='ocr_line' id='line_1_1' title="bbox 566 170 678 227; baseline 0 0"><span class='ocrx_word' id='word_1_1' title='bbox 566 170 678 227; x_wconf 60' lang='grc'><strong>499</strong></span> 
     </span>
    </p>
   </div>
   <div class='ocr_carea' id='block_1_2' title="bbox 1289 280 1427 334">
    <p class='ocr_par' dir='ltr' id='par_1_2' title="bbox 1289 280 1427 334">
     <span class='ocr_line' id='line_1_2' title="bbox 1289 280 1427 334; baseline 0.014 -2"><span class='ocrx_word' id='word_1_2' title='bbox 1289 280 1427 334; x_wconf 69' lang='lat' dir='ltr'><strong>Alia.</strong></span> 
     </span>
    </p>
   </div>
   <div class='ocr_carea' id='block_1_3' title="bbox 635 371 2154 443">
    <p class='ocr_par' dir='ltr' id='par_1_3' title="bbox 635 371 2154 443">
     <span class='ocr_line' id='line_1_3' title="bbox 635 371 2154 443; baseline -0.001 -13"><span class='ocrx_word' id='word_1_3' title='bbox 635 371 932 437; x_wconf 83' lang='lat' dir='ltr'><strong>Conﬁteor,</strong></span> <span class='ocrx_word' id='word_1_4' title='bbox 967 371 1092 441; x_wconf 88' lang='lat' dir='ltr'><strong>quia</strong></span> <span class='ocrx_word' id='word_1_5' title='bbox 1135 382 1364 443; x_wconf 86' lang='lat' dir='ltr'><strong>propter</strong></span> <span class='ocrx_word' id='word_1_6' title='bbox 1391 373 1638 442; x_wconf 83' lang='lat' dir='ltr'><strong>corporis</strong></span> <span class='ocrx_word' id='word_1_7' title='bbox 1668 373 1784 427; x_wconf 85' lang='lat' dir='ltr'><strong>mei</strong></span> <span class='ocrx_word' id='word_1_8' title='bbox 1830 373 2154 429; x_wconf 88' lang='lat' dir='ltr'><strong>suavitatem</strong></span> 
     </span>
    </p>
   </div>
   <div class='ocr_carea' id='block_1_4' title="bbox 564 464 2157 536">
    <p class='ocr_par' dir='ltr' id='par_1_4' title="bbox 564 464 2157 536">
     <span class='ocr_line' id='line_1_4' title="bbox 564 464 2157 536; baseline -0.003 -13"><span class='ocrx_word' id='word_1_9' title='bbox 564 476 625 523; x_wconf 85' lang='lat' dir='ltr'><strong>et</strong></span> <span class='ocrx_word' id='word_1_10' title='bbox 648 466 1096 529; x_wconf 84' lang='lat' dir='ltr'><strong>delectationem,</strong></span> <span class='ocrx_word' id='word_1_11' title='bbox 1129 464 1226 520; x_wconf 90' lang='lat' dir='ltr'><strong>Dei</strong></span> <span class='ocrx_word' id='word_1_12' title='bbox 1273 473 1541 534; x_wconf 68' lang='lat' dir='ltr'><strong>prmeepta</strong></span> <span class='ocrx_word' id='word_1_13' title='bbox 1585 466 1977 534; x_wconf 64' lang='lat' dir='ltr'><strong>postposui,’et</strong></span> <span class='ocrx_word' id='word_1_14' title='bbox 2013 480 2157 536; x_wconf 62' lang='lat' dir='ltr'><strong>saepe</strong></span> 
     </span>
    </p>
   </div>
   <div class='ocr_carea' id='block_1_5' title="bbox 565 550 2158 638">
    <p class='ocr_par' dir='ltr' id='par_1_5' title="bbox 565 550 2158 638">
     <span class='ocr_line' id='line_1_5' title="bbox 565 550 2158 638; baseline -0.001 -28"><span class='ocrx_word' id='word_1_15' title='bbox 565 550 781 631; x_wconf 77' lang='lat' dir='ltr'><strong>vigilias</strong></span> <span class='ocrx_word' id='word_1_16' title='bbox 820 564 1041 638; x_wconf 81' lang='lat' dir='ltr'><strong>sanctas</strong></span> <span class='ocrx_word' id='word_1_17' title='bbox 1068 554 1272 618; x_wconf 81' lang='lat' dir='ltr'><strong>dimisi,</strong></span> <span class='ocrx_word' id='word_1_18' title='bbox 1299 561 1356 608; x_wconf 86' lang='lat' dir='ltr'><strong>et</strong></span> <span class='ocrx_word' id='word_1_19' title='bbox 1399 555 1818 609; x_wconf 79' lang='lat' dir='ltr'><strong>somnolenliam</strong></span> <span class='ocrx_word' id='word_1_20' title='bbox 1861 552 2040 610; x_wconf 82' lang='lat' dir='ltr'><strong>meam</strong></span> <span class='ocrx_word' id='word_1_21' title='bbox 2068 569 2158 610; x_wconf 75' lang='lat' dir='ltr'><strong>ex-</strong></span> 
     </span>
    </p>
   </div>
   <div class='ocr_carea' id='block_1_6' title="bbox 565 647 2154 721">
    <p class='ocr_par' dir='ltr' id='par_1_6' title="bbox 565 647 2154 721">
     <span class='ocr_line' id='line_1_6' title="bbox 565 647 2154 721; baseline -0.003 -16"><span class='ocrx_word' id='word_1_22' title='bbox 565 650 708 721; x_wconf 89' lang='lat' dir='ltr'><strong>plevi</strong></span> <span class='ocrx_word' id='word_1_23' title='bbox 748 667 766 704; x_wconf 87' lang='lat'><strong>:</strong></span> <span class='ocrx_word' id='word_1_24' title='bbox 808 649 1092 714; x_wconf 64' lang='lat' dir='ltr'><strong>desidias,</strong></span> <span class='ocrx_word' id='word_1_25' title='bbox 1147 647 1461 710; x_wconf 89' lang='lat' dir='ltr'><strong>mollitiem,</strong></span> <span class='ocrx_word' id='word_1_26' title='bbox 1507 648 1806 718; x_wconf 72' lang='lat' dir='ltr'><strong>pigritiam,</strong></span> <span class='ocrx_word' id='word_1_27' title='bbox 1857 658 2154 719; x_wconf 88' lang='lat' dir='ltr'><strong>torporem,</strong></span> 
     </span>
    </p>
   </div>
   <div class='ocr_carea' id='block_1_7' title="bbox 569 730 2150 812">
    <p class='ocr_par' dir='ltr' id='par_1_7' title="bbox 569 730 2150 812">
     <span class='ocr_line' id='line_1_7' title="bbox 569 730 2150 812; baseline -0.002 -17"><span class='ocrx_word' id='word_1_28' title='bbox 569 730 861 812; x_wconf 80' lang='lat' dir='ltr'><strong>ignaviam,</strong></span> <span class='ocrx_word' id='word_1_29' title='bbox 887 739 1081 810; x_wconf 86' lang='lat' dir='ltr'><strong>pleus</strong></span> <span class='ocrx_word' id='word_1_30' title='bbox 1111 735 1330 792; x_wconf 80' lang='lat' dir='ltr'><strong>fastidio</strong></span> <span class='ocrx_word' id='word_1_31' title='bbox 1355 736 1464 809; x_wconf 60' lang='grc' dir='ltr'><strong>εδ</strong></span> <span class='ocrx_word' id='word_1_32' title='bbox 1491 737 1722 808; x_wconf 72' lang='lat' dir='ltr'><strong>spiritali</strong></span> <span class='ocrx_word' id='word_1_33' title='bbox 1765 747 1986 794; x_wconf 84' lang='lat' dir='ltr'><strong>secutus</strong></span> <span class='ocrx_word' id='word_1_34' title='bbox 2012 755 2150 795; x_wconf 90' lang='lat' dir='ltr'><strong>sum.</strong></span> 
     </span>
    </p>
   </div>
   <div class='ocr_carea' id='block_1_8' title="bbox 563 828 2158 902">
    <p class='ocr_par' dir='ltr' id='par_1_8' title="bbox 563 828 2158 902">
     <span class='ocr_line' id='line_1_8' title="bbox 563 828 2158 902; baseline -0.002 -15"><span class='ocrx_word' id='word_1_35' title='bbox 563 832 671 887; x_wconf 76' lang='lat' dir='ltr'><strong>Per</strong></span> <span class='ocrx_word' id='word_1_36' title='bbox 691 830 1002 902; x_wconf 82' lang='lat' dir='ltr'><strong>superbiam</strong></span> <span class='ocrx_word' id='word_1_37' title='bbox 1025 836 1082 884; x_wconf 86' lang='lat' dir='ltr'><strong>et</strong></span> <span class='ocrx_word' id='word_1_38' title='bbox 1113 828 1408 884; x_wconf 88' lang='lat' dir='ltr'><strong>elationem</strong></span> <span class='ocrx_word' id='word_1_39' title='bbox 1434 828 1532 882; x_wconf 92' lang='lat' dir='ltr'><strong>Dei</strong></span> <span class='ocrx_word' id='word_1_40' title='bbox 1557 837 1826 899; x_wconf 61' lang='lat' dir='ltr'><strong>pracepta</strong></span> <span class='ocrx_word' id='word_1_41' title='bbox 1859 837 2158 902; x_wconf 82' lang='lat' dir='ltr'><strong>transgres-</strong></span> 
     </span>
    </p>
   </div>
   <div class='ocr_carea' id='block_1_9' title="bbox 562 921 2155 994">
    <p class='ocr_par' dir='ltr' id='par_1_9' title="bbox 562 921 2155 994">
     <span class='ocr_line' id='line_1_9' title="bbox 562 921 2155 994; baseline 0.001 -15"><span class='ocrx_word' id='word_1_42' title='bbox 562 941 657 980; x_wconf 86' lang='lat' dir='ltr'><strong>sus</strong></span> <span class='ocrx_word' id='word_1_43' title='bbox 690 939 834 987; x_wconf 84' lang='lat' dir='ltr'><strong>sum,</strong></span> <span class='ocrx_word' id='word_1_44' title='bbox 854 932 910 979; x_wconf 88' lang='lat' dir='ltr'><strong>et</strong></span> <span class='ocrx_word' id='word_1_45' title='bbox 935 937 1025 978; x_wconf 88' lang='lat' dir='ltr'><strong>me</strong></span> <span class='ocrx_word' id='word_1_46' title='bbox 1061 921 1341 977; x_wconf 81' lang='lat' dir='ltr'><strong>meliorem</strong></span> <span class='ocrx_word' id='word_1_47' title='bbox 1367 922 1584 977; x_wconf 68' lang='lat' dir='ltr'><strong>ceteris</strong></span> <span class='ocrx_word' id='word_1_48' title='bbox 1625 923 1812 994; x_wconf 89' lang='lat' dir='ltr'><strong>putavi</strong></span> <span class='ocrx_word' id='word_1_49' title='bbox 1837 942 1850 977; x_wconf 90' lang='lat'>:</span> <span class='ocrx_word' id='word_1_50' title='bbox 1876 923 1946 979; x_wconf 88' lang='lat' dir='ltr'><strong>de</strong></span> <span class='ocrx_word' id='word_1_51' title='bbox 1971 923 2155 980; x_wconf 88' lang='lat' dir='ltr'><strong>multis</strong></span> 
     </span>
    </p>
   </div>
   <div class='ocr_carea' id='block_1_10' title="bbox 561 1010 2156 1085">
    <p class='ocr_par' dir='ltr' id='par_1_10' title="bbox 561 1010 2156 1085">
     <span class='ocr_line' id='line_1_10' title="bbox 561 1010 2156 1085; baseline -0.001 -15"><span class='ocrx_word' id='word_1_52' title='bbox 561 1016 726 1070; x_wconf 73' lang='lat' dir='ltr'><strong>rebus</strong></span> <span class='ocrx_word' id='word_1_53' title='bbox 763 1010 1076 1085; x_wconf 63' lang='lat' dir='ltr'><strong>voluptates</strong></span> <span class='ocrx_word' id='word_1_54' title='bbox 1099 1013 1370 1076; x_wconf 86' lang='lat' dir='ltr'><strong>carnales,</strong></span> <span class='ocrx_word' id='word_1_55' title='bbox 1396 1020 1454 1068; x_wconf 86' lang='lat' dir='ltr'><strong>et</strong></span> <span class='ocrx_word' id='word_1_56' title='bbox 1492 1012 1885 1079; x_wconf 84' lang='lat' dir='ltr'><strong>immunditias,</strong></span> <span class='ocrx_word' id='word_1_57' title='bbox 1911 1014 2156 1085; x_wconf 84' lang='lat' dir='ltr'><strong>pollutio-</strong></span> 
     </span>
    </p>
   </div>
   <div class='ocr_carea' id='block_1_11' title="bbox 562 1107 2152 1178">
    <p class='ocr_par' dir='ltr' id='par_1_11' title="bbox 562 1107 2152 1178">
     <span class='ocr_line' id='line_1_11' title="bbox 562 1107 2152 1178; baseline 0.001 -16"><span class='ocrx_word' id='word_1_58' title='bbox 562 1123 682 1172; x_wconf 79' lang='lat' dir='ltr'><strong>nes,</strong></span> <span class='ocrx_word' id='word_1_59' title='bbox 708 1108 1027 1171; x_wconf 79' lang='lat' dir='ltr'><strong>ebrietates,</strong></span> <span class='ocrx_word' id='word_1_60' title='bbox 1069 1107 1520 1172; x_wconf 74' lang='lat' dir='ltr'><strong>eoruessationcs,</strong></span> <span class='ocrx_word' id='word_1_61' title='bbox 1560 1107 1833 1172; x_wconf 77' lang='lat' dir='ltr'><strong>convivia,</strong></span> <span class='ocrx_word' id='word_1_62' title='bbox 1881 1107 2152 1178; x_wconf 87' lang='lat' dir='ltr'><strong>crapulas,</strong></span> 
     </span>
    </p>
   </div>
   <div class='ocr_carea' id='block_1_12' title="bbox 561 1195 2151 1270">
    <p class='ocr_par' dir='ltr' id='par_1_12' title="bbox 561 1195 2151 1270">
     <span class='ocr_line' id='line_1_12' title="bbox 561 1195 2151 1270; baseline -0.001 -17"><span class='ocrx_word' id='word_1_63' title='bbox 561 1197 849 1253; x_wconf 76' lang='lat' dir='ltr'><strong>manifeste</strong></span> <span class='ocrx_word' id='word_1_64' title='bbox 868 1205 926 1252; x_wconf 89' lang='lat' dir='ltr'><strong>et</strong></span> <span class='ocrx_word' id='word_1_65' title='bbox 940 1197 1172 1262; x_wconf 79' lang='lat' dir='ltr'><strong>occulte,</strong></span> <span class='ocrx_word' id='word_1_66' title='bbox 1200 1212 1488 1267; x_wconf 74' lang='lat' dir='ltr'><strong>perperam</strong></span> <span class='ocrx_word' id='word_1_67' title='bbox 1509 1195 1629 1270; x_wconf 79' lang='lat' dir='ltr'><strong>[F.,</strong></span> <span class='ocrx_word' id='word_1_68' title='bbox 1656 1197 1986 1270; x_wconf 74' lang='lat' dir='ltr'><strong>perpetrari]</strong></span> <span class='ocrx_word' id='word_1_69' title='bbox 2012 1205 2070 1255; x_wconf 89' lang='lat' dir='ltr'><strong>et</strong></span> <span class='ocrx_word' id='word_1_70' title='bbox 2095 1199 2151 1253; x_wconf 91' lang='lat' dir='ltr'><strong>in</strong></span> 
     </span>
    </p>
   </div>
   <div class='ocr_carea' id='block_1_13' title="bbox 563 1285 2154 1356">
    <p class='ocr_par' dir='ltr' id='par_1_13' title="bbox 563 1285 2154 1356">
     <span class='ocr_line' id='line_1_13' title="bbox 563 1285 2154 1356; baseline 0.004 -18"><span class='ocrx_word' id='word_1_71' title='bbox 563 1285 650 1341; x_wconf 76' lang='lat' dir='ltr'><strong>bis</strong></span> <span class='ocrx_word' id='word_1_72' title='bbox 695 1285 822 1340; x_wconf 88' lang='lat' dir='ltr'><strong>totis</strong></span> <span class='ocrx_word' id='word_1_73' title='bbox 867 1285 1125 1341; x_wconf 85' lang='lat' dir='ltr'><strong>sensibus</strong></span> <span class='ocrx_word' id='word_1_74' title='bbox 1171 1285 1332 1352; x_wconf 84' lang='lat' dir='ltr'><strong>meis,</strong></span> <span class='ocrx_word' id='word_1_75' title='bbox 1359 1293 1619 1356; x_wconf 69' lang='lat' dir='ltr'><strong>utiquam</strong></span> <span class='ocrx_word' id='word_1_76' title='bbox 1672 1287 1727 1340; x_wconf 93' lang='lat' dir='ltr'><strong>in</strong></span> <span class='ocrx_word' id='word_1_77' title='bbox 1773 1287 1985 1342; x_wconf 85' lang='lat' dir='ltr'><strong>deliciis</strong></span> <span class='ocrx_word' id='word_1_78' title='bbox 2011 1287 2154 1344; x_wconf 88' lang='lat' dir='ltr'><strong>delc-</strong></span> 
     </span>
    </p>
   </div>
   <div class='ocr_carea' id='block_1_14' title="bbox 560 1375 2148 1447">
    <p class='ocr_par' dir='ltr' id='par_1_14' title="bbox 560 1375 2148 1447">
     <span class='ocr_line' id='line_1_14' title="bbox 560 1375 2148 1447; baseline 0.003 -17"><span class='ocrx_word' id='word_1_79' title='bbox 560 1386 717 1430; x_wconf 83' lang='lat' dir='ltr'><strong>etaus</strong></span> <span class='ocrx_word' id='word_1_80' title='bbox 752 1376 895 1431; x_wconf 88' lang='lat' dir='ltr'><strong>male</strong></span> <span class='ocrx_word' id='word_1_81' title='bbox 909 1375 1259 1446; x_wconf 80' lang='lat' dir='ltr'><strong>suaviterquc</strong></span> <span class='ocrx_word' id='word_1_82' title='bbox 1278 1377 1543 1447; x_wconf 81' lang='lat' dir='ltr'><strong>requievi.</strong></span> <span class='ocrx_word' id='word_1_83' title='bbox 1576 1377 1981 1432; x_wconf 89' lang='lat' dir='ltr'><strong>Dominicorum</strong></span> <span class='ocrx_word' id='word_1_84' title='bbox 2010 1379 2148 1444; x_wconf 92' lang='lat' dir='ltr'><strong>dies,</strong></span> 
     </span>
    </p>
   </div>
   <div class='ocr_carea' id='block_1_15' title="bbox 560 1465 2154 1532">
    <p class='ocr_par' dir='ltr' id='par_1_15' title="bbox 560 1465 2154 1532">
     <span class='ocr_line' id='line_1_15' title="bbox 560 1465 2154 1532; baseline 0.001 -11"><span class='ocrx_word' id='word_1_85' title='bbox 560 1476 618 1521; x_wconf 85' lang='lat' dir='ltr'><strong>et</strong></span> <span class='ocrx_word' id='word_1_86' title='bbox 652 1475 873 1522; x_wconf 85' lang='lat' dir='ltr'><strong>sanctas</strong></span> <span class='ocrx_word' id='word_1_87' title='bbox 909 1465 1433 1532; x_wconf 84' lang='lat' dir='ltr'><strong>Dei-solemnitates,</strong></span> <span class='ocrx_word' id='word_1_88' title='bbox 1463 1475 1520 1523; x_wconf 91' lang='lat' dir='ltr'><strong>et</strong></span> <span class='ocrx_word' id='word_1_89' title='bbox 1547 1476 1860 1523; x_wconf 87' lang='lat' dir='ltr'><strong>sanctorum</strong></span> <span class='ocrx_word' id='word_1_90' title='bbox 1893 1466 2154 1524; x_wconf 74' lang='lat' dir='ltr'><strong>festivita-</strong></span> 
     </span>
    </p>
   </div>
   <div class='ocr_carea' id='block_1_16' title="bbox 564 1557 2152 1629">
    <p class='ocr_par' dir='ltr' id='par_1_16' title="bbox 564 1557 2152 1629">
     <span class='ocr_line' id='line_1_16' title="bbox 564 1557 2152 1629; baseline 0.001 -17"><span class='ocrx_word' id='word_1_91' title='bbox 564 1569 644 1613; x_wconf 80' lang='lat' dir='ltr'><strong>tes</strong></span> <span class='ocrx_word' id='word_1_92' title='bbox 675 1558 914 1628; x_wconf 77' lang='lat' dir='ltr'><strong>indigne,</strong></span> <span class='ocrx_word' id='word_1_93' title='bbox 944 1565 1002 1612; x_wconf 90' lang='lat' dir='ltr'><strong>et</strong></span> <span class='ocrx_word' id='word_1_94' title='bbox 1035 1557 1156 1613; x_wconf 87' lang='lat' dir='ltr'><strong>sine</strong></span> <span class='ocrx_word' id='word_1_95' title='bbox 1182 1557 1280 1613; x_wconf 92' lang='lat' dir='ltr'><strong>Dei</strong></span> <span class='ocrx_word' id='word_1_96' title='bbox 1311 1558 1504 1614; x_wconf 85' lang='lat' dir='ltr'><strong>timore</strong></span> <span class='ocrx_word' id='word_1_97' title='bbox 1539 1559 1770 1624; x_wconf 78' lang='lat' dir='ltr'><strong>deduxi,</strong></span> <span class='ocrx_word' id='word_1_98' title='bbox 1794 1568 1852 1614; x_wconf 89' lang='lat' dir='ltr'><strong>et</strong></span> <span class='ocrx_word' id='word_1_99' title='bbox 1878 1559 2013 1614; x_wconf 83' lang='lat' dir='ltr'><strong>nihil</strong></span> <span class='ocrx_word' id='word_1_100' title='bbox 2043 1561 2152 1629; x_wconf 84' lang='lat' dir='ltr'><strong>spi-</strong></span> 
     </span>
    </p>
   </div>
   <div class='ocr_carea' id='block_1_17' title="bbox 1419 167 2999 233">
    <p class='ocr_par' dir='ltr' id='par_1_17' title="bbox 1419 167 2999 233">
     <span class='ocr_line' id='line_1_17' title="bbox 1419 167 2999 233; baseline 0.006 -9"><span class='ocrx_word' id='word_1_101' title='bbox 1419 168 1480 226; x_wconf 75' lang='grc' dir='ltr'><strong>Β.</strong></span> <span class='ocrx_word' id='word_1_102' title='bbox 1521 170 1584 225; x_wconf 69' lang='grc' dir='ltr'>ι’.</span> <span class='ocrx_word' id='word_1_103' title='bbox 1625 170 1850 226; x_wconf 72' lang='lat' dir='ltr'><strong>ALBINI</strong></span> <span class='ocrx_word' id='word_1_104' title='bbox 1888 170 2023 228; x_wconf 81' lang='lat' dir='ltr'><strong>SEU</strong></span> <span class='ocrx_word' id='word_1_105' title='bbox 2061 167 2340 227; x_wconf 81' lang='lat' dir='ltr'><strong>ALCUlNI</strong></span> <span class='ocrx_word' id='word_1_106' title='bbox 2372 173 2658 231; x_wconf 77' lang='lat' dir='ltr'><strong>OPERUM</strong></span> <span class='ocrx_word' id='word_1_107' title='bbox 2695 175 2875 233; x_wconf 72' lang='lat' dir='ltr'><strong>PARS</strong></span> <span class='ocrx_word' id='word_1_108' title='bbox 2912 177 2999 233; x_wconf 73' lang='grc' dir='ltr'><strong>Ν.</strong></span> 
     </span>
    </p>
   </div>
   <div class='ocr_carea' id='block_1_18' title="bbox 3731 185 3839 241">
    <p class='ocr_par' dir='ltr' id='par_1_18' title="bbox 3731 185 3839 241">
     <span class='ocr_line' id='line_1_18' title="bbox 3731 185 3839 241; baseline 0 0"><span class='ocrx_word' id='word_1_109' title='bbox 3731 185 3839 241; x_wconf 80' lang='lat'><strong>500</strong></span> 
     </span>
    </p>
   </div>
   <div class='ocr_carea' id='block_1_19' title="bbox 2182 286 3846 372">
    <p class='ocr_par' dir='ltr' id='par_1_19' title="bbox 2182 286 3846 372">
     <span class='ocr_line' id='line_1_19' title="bbox 2182 286 3846 372; baseline 0.013 -37"><span class='ocrx_word' id='word_1_110' title='bbox 2182 287 2229 342; x_wconf 81' lang='grc' dir='ltr'><strong>Α</strong></span> <span class='ocrx_word' id='word_1_111' title='bbox 2258 297 2364 337; x_wconf 92' lang='lat' dir='ltr'><strong>non</strong></span> <span class='ocrx_word' id='word_1_112' title='bbox 2391 286 2628 352; x_wconf 79' lang='lat' dir='ltr'><strong>visitavi,</strong></span> <span class='ocrx_word' id='word_1_113' title='bbox 2661 289 2899 344; x_wconf 87' lang='lat' dir='ltr'><strong>nudosve</strong></span> <span class='ocrx_word' id='word_1_114' title='bbox 2925 293 3136 360; x_wconf 83' lang='lat' dir='ltr'><strong>operui,</strong></span> <span class='ocrx_word' id='word_1_115' title='bbox 3169 302 3229 349; x_wconf 93' lang='lat' dir='ltr'><strong>ut</strong></span> <span class='ocrx_word' id='word_1_116' title='bbox 3268 294 3548 352; x_wconf 79' lang='lat' dir='ltr'><strong>debebam.</strong></span> <span class='ocrx_word' id='word_1_117' title='bbox 3582 297 3846 372; x_wconf 33' lang='lat' dir='ltr'><strong>‘llospites</strong></span> 
     </span>
    </p>
   </div>
   <div class='ocr_carea' id='block_1_20' title="bbox 2267 377 3850 457">
    <p class='ocr_par' dir='ltr' id='par_1_20' title="bbox 2267 377 3850 457">
     <span class='ocr_line' id='line_1_20' title="bbox 2267 377 3850 457; baseline 0.014 -30"><span class='ocrx_word' id='word_1_118' title='bbox 2267 381 2314 428; x_wconf 65' lang='grc' dir='ltr'>ει</span> <span class='ocrx_word' id='word_1_119' title='bbox 2337 377 2652 454; x_wconf 87' lang='lat' dir='ltr'><strong>peregrinos</strong></span> <span class='ocrx_word' id='word_1_120' title='bbox 2687 388 2909 449; x_wconf 87' lang='lat' dir='ltr'><strong>propter</strong></span> <span class='ocrx_word' id='word_1_121' title='bbox 2931 381 3098 436; x_wconf 83' lang='lat' dir='ltr'><strong>Deum</strong></span> <span class='ocrx_word' id='word_1_122' title='bbox 3127 399 3234 438; x_wconf 90' lang='lat' dir='ltr'><strong>non</strong></span> <span class='ocrx_word' id='word_1_123' title='bbox 3273 388 3507 457; x_wconf 79' lang='lat' dir='ltr'><strong>suscepi.</strong></span> <span class='ocrx_word' id='word_1_124' title='bbox 3536 389 3850 454; x_wconf 68' lang='lat' dir='ltr'><strong>Esnrientes</strong></span> 
     </span>
    </p>
   </div>
   <div class='ocr_carea' id='block_1_21' title="bbox 2238 468 3846 542">
    <p class='ocr_par' dir='ltr' id='par_1_21' title="bbox 2238 468 3846 542">
     <span class='ocr_line' id='line_1_21' title="bbox 2238 468 3846 542; baseline 0.013 -20"><span class='ocrx_word' id='word_1_125' title='bbox 2238 474 2313 523; x_wconf 87' lang='lat' dir='ltr'><strong>&#39;et</strong></span> <span class='ocrx_word' id='word_1_126' title='bbox 2339 468 2588 525; x_wconf 85' lang='lat' dir='ltr'><strong>sitientes</strong></span> <span class='ocrx_word' id='word_1_127' title='bbox 2611 486 2718 525; x_wconf 90' lang='lat' dir='ltr'><strong>non</strong></span> <span class='ocrx_word' id='word_1_128' title='bbox 2749 471 2930 528; x_wconf 89' lang='lat' dir='ltr'><strong>refeci.</strong></span> <span class='ocrx_word' id='word_1_129' title='bbox 2977 474 3239 539; x_wconf 83' lang='lat' dir='ltr'><strong>Dolentes</strong></span> <span class='ocrx_word' id='word_1_130' title='bbox 3263 487 3320 533; x_wconf 92' lang='lat' dir='ltr'><strong>ct</strong></span> <span class='ocrx_word' id='word_1_131' title='bbox 3365 479 3557 537; x_wconf 75' lang='lat' dir='ltr'><strong>flentes</strong></span> <span class='ocrx_word' id='word_1_132' title='bbox 3579 499 3687 540; x_wconf 88' lang='lat' dir='ltr'><strong>non</strong></span> <span class='ocrx_word' id='word_1_133' title='bbox 3725 501 3846 542; x_wconf 85' lang='lat' dir='ltr'><strong>sum</strong></span> 
     </span>
    </p>
   </div>
   <div class='ocr_carea' id='block_1_22' title="bbox 2257 560 3846 646">
    <p class='ocr_par' dir='ltr' id='par_1_22' title="bbox 2257 560 3846 646">
     <span class='ocr_line' id='line_1_22' title="bbox 2257 560 3846 646; baseline 0.012 -31"><span class='ocrx_word' id='word_1_134' title='bbox 2257 560 2589 616; x_wconf 82' lang='lat' dir='ltr'><strong>consolatus.</strong></span> <span class='ocrx_word' id='word_1_135' title='bbox 2617 562 2998 621; x_wconf 72' lang='lat' dir='ltr'><strong>Discordantrs</strong></span> <span class='ocrx_word' id='word_1_136' title='bbox 3039 568 3181 623; x_wconf 88' lang='lat' dir='ltr'><strong>inter</strong></span> <span class='ocrx_word' id='word_1_137' title='bbox 3203 585 3263 625; x_wconf 90' lang='lat' dir='ltr'><strong>se</strong></span> <span class='ocrx_word' id='word_1_138' title='bbox 3286 571 3406 641; x_wconf 83' lang='lat' dir='ltr'><strong>plus</strong></span> <span class='ocrx_word' id='word_1_139' title='bbox 3433 573 3503 629; x_wconf 88' lang='lat' dir='ltr'><strong>ad</strong></span> <span class='ocrx_word' id='word_1_140' title='bbox 3526 575 3663 635; x_wconf 83' lang='lat' dir='ltr'><strong>iram</strong></span> <span class='ocrx_word' id='word_1_141' title='bbox 3683 593 3846 646; x_wconf 86' lang='lat' dir='ltr'><strong>quam</strong></span> 
     </span>
    </p>
   </div>
   <div class='ocr_carea' id='block_1_23' title="bbox 2257 649 3848 724">
    <p class='ocr_par' dir='ltr' id='par_1_23' title="bbox 2257 649 3848 724">
     <span class='ocr_line' id='line_1_23' title="bbox 2257 649 3848 724; baseline 0.013 -22"><span class='ocrx_word' id='word_1_142' title='bbox 2257 649 2324 704; x_wconf 92' lang='lat' dir='ltr'><strong>ad</strong></span> <span class='ocrx_word' id='word_1_143' title='bbox 2362 665 2553 719; x_wconf 88' lang='lat' dir='ltr'><strong>pacem</strong></span> <span class='ocrx_word' id='word_1_144' title='bbox 2593 656 2902 723; x_wconf 81' lang='lat' dir='ltr'><strong>provocavi.</strong></span> <span class='ocrx_word' id='word_1_145' title='bbox 2952 655 3149 713; x_wconf 72' lang='lat' dir='ltr'><strong>Malum</strong></span> <span class='ocrx_word' id='word_1_146' title='bbox 3185 668 3243 715; x_wconf 90' lang='lat' dir='ltr'><strong>et</strong></span> <span class='ocrx_word' id='word_1_147' title='bbox 3293 663 3518 720; x_wconf 71' lang='lat' dir='ltr'><strong>credere</strong></span> <span class='ocrx_word' id='word_1_148' title='bbox 3559 673 3614 720; x_wconf 90' lang='lat' dir='ltr'><strong>et</strong></span> <span class='ocrx_word' id='word_1_149' title='bbox 3658 669 3848 724; x_wconf 87' lang='lat' dir='ltr'><strong>audire</strong></span> 
     </span>
    </p>
   </div>
   <div class='ocr_carea' id='block_1_24' title="bbox 2257 740 3848 824">
    <p class='ocr_par' dir='ltr' id='par_1_24' title="bbox 2257 740 3848 824">
     <span class='ocr_line' id='line_1_24' title="bbox 2257 740 3848 824; baseline 0.013 -32"><span class='ocrx_word' id='word_1_150' title='bbox 2257 740 2420 794; x_wconf 88' lang='lat' dir='ltr'><strong>malui</strong></span> <span class='ocrx_word' id='word_1_151' title='bbox 2446 756 2609 811; x_wconf 89' lang='lat' dir='ltr'><strong>quam</strong></span> <span class='ocrx_word' id='word_1_152' title='bbox 2635 743 2865 810; x_wconf 89' lang='lat' dir='ltr'><strong>bonum;</strong></span> <span class='ocrx_word' id='word_1_153' title='bbox 2896 755 2953 800; x_wconf 90' lang='lat' dir='ltr'><strong>et</strong></span> <span class='ocrx_word' id='word_1_154' title='bbox 2979 748 3316 806; x_wconf 89' lang='lat' dir='ltr'><strong>mendacium</strong></span> <span class='ocrx_word' id='word_1_155' title='bbox 3356 753 3509 821; x_wconf 87' lang='lat' dir='ltr'><strong>prius</strong></span> <span class='ocrx_word' id='word_1_156' title='bbox 3551 770 3715 824; x_wconf 86' lang='lat' dir='ltr'><strong>quam</strong></span> <span class='ocrx_word' id='word_1_157' title='bbox 3755 771 3848 813; x_wconf 77' lang='lat' dir='ltr'><strong>ve—</strong></span> 
     </span>
    </p>
   </div>
   <div class='ocr_carea' id='block_1_25' title="bbox 2256 832 3848 911">
    <p class='ocr_par' dir='ltr' id='par_1_25' title="bbox 2256 832 3848 911">
     <span class='ocr_line' id='line_1_25' title="bbox 2256 832 3848 911; baseline 0.014 -27"><span class='ocrx_word' id='word_1_158' title='bbox 2256 832 2472 888; x_wconf 85' lang='lat' dir='ltr'><strong>ritatem</strong></span> <span class='ocrx_word' id='word_1_159' title='bbox 2504 847 2520 887; x_wconf 90' lang='lat'><strong>:</strong></span> <span class='ocrx_word' id='word_1_160' title='bbox 2549 843 2606 888; x_wconf 88' lang='lat' dir='ltr'><strong>et</strong></span> <span class='ocrx_word' id='word_1_161' title='bbox 2644 835 2788 904; x_wconf 90' lang='lat' dir='ltr'><strong>quod</strong></span> <span class='ocrx_word' id='word_1_162' title='bbox 2818 838 3053 895; x_wconf 77' lang='lat' dir='ltr'><strong>maxime</strong></span> <span class='ocrx_word' id='word_1_163' title='bbox 3086 843 3308 898; x_wconf 77' lang='lat' dir='ltr'><strong>credere</strong></span> <span class='ocrx_word' id='word_1_164' title='bbox 3354 844 3533 911; x_wconf 76' lang='lat' dir='ltr'><strong>debui,</strong></span> <span class='ocrx_word' id='word_1_165' title='bbox 3577 863 3682 903; x_wconf 90' lang='lat' dir='ltr'><strong>non</strong></span> <span class='ocrx_word' id='word_1_166' title='bbox 3725 865 3848 911; x_wconf 87' lang='lat' dir='ltr'><strong>cre-</strong></span> 
     </span>
    </p>
   </div>
   <div class='ocr_carea' id='block_1_26' title="bbox 2254 923 3901 1012">
    <p class='ocr_par' dir='ltr' id='par_1_26' title="bbox 2254 923 3901 1012">
     <span class='ocr_line' id='line_1_26' title="bbox 2254 923 3901 1012; baseline 0.012 -34"><span class='ocrx_word' id='word_1_167' title='bbox 2254 923 2389 988; x_wconf 82' lang='lat' dir='ltr'><strong>didi,</strong></span> <span class='ocrx_word' id='word_1_168' title='bbox 2432 932 2489 996; x_wconf 85' lang='lat' dir='ltr'><strong>et</strong></span> <span class='ocrx_word' id='word_1_169' title='bbox 2509 925 2654 994; x_wconf 85' lang='lat' dir='ltr'><strong>quod</strong></span> <span class='ocrx_word' id='word_1_170' title='bbox 2699 931 2810 997; x_wconf 66' lang='lat' dir='ltr'><strong>neq</strong></span> <span class='ocrx_word' id='word_1_171' title='bbox 2838 929 2998 985; x_wconf 81' lang='lat' dir='ltr'><strong>debui</strong></span> <span class='ocrx_word' id='word_1_172' title='bbox 3040 932 3286 998; x_wconf 82' lang='lat' dir='ltr'><strong>credere,</strong></span> <span class='ocrx_word' id='word_1_173' title='bbox 3334 937 3561 991; x_wconf 71' lang='lat' dir='ltr'><strong>credidi.</strong></span> <span class='ocrx_word' id='word_1_174' title='bbox 3595 936 3845 1012; x_wconf 64' lang='lat' dir='ltr'><strong>Scpead</strong></span> <span class='ocrx_word' id='word_1_175' title='bbox 3897 975 3901 979; x_wconf 68' lang='grc'><strong>›</strong></span> 
     </span>
    </p>
   </div>
   <div class='ocr_carea' id='block_1_27' title="bbox 2254 1013 3843 1089">
    <p class='ocr_par' dir='ltr' id='par_1_27' title="bbox 2254 1013 3843 1089">
     <span class='ocr_line' id='line_1_27' title="bbox 2254 1013 3843 1089; baseline 0.014 -22"><span class='ocrx_word' id='word_1_176' title='bbox 2254 1013 2453 1068; x_wconf 91' lang='lat' dir='ltr'><strong>malum</strong></span> <span class='ocrx_word' id='word_1_177' title='bbox 2499 1017 2770 1083; x_wconf 89' lang='lat' dir='ltr'><strong>consensi,</strong></span> <span class='ocrx_word' id='word_1_178' title='bbox 2813 1018 3161 1077; x_wconf 83' lang='lat' dir='ltr'><strong>detrahentes</strong></span> <span class='ocrx_word' id='word_1_179' title='bbox 3187 1023 3421 1081; x_wconf 90' lang='lat' dir='ltr'><strong>libenter</strong></span> <span class='ocrx_word' id='word_1_180' title='bbox 3448 1027 3632 1083; x_wconf 81' lang='lat' dir='ltr'><strong>audivi</strong></span> <span class='ocrx_word' id='word_1_181' title='bbox 3664 1049 3679 1084; x_wconf 88' lang='lat'><strong>:</strong></span> <span class='ocrx_word' id='word_1_182' title='bbox 3726 1047 3843 1089; x_wconf 85' lang='lat' dir='ltr'><strong>mc-</strong></span> 
     </span>
    </p>
   </div>
   <div class='ocr_carea' id='block_1_28' title="bbox 2255 1105 3844 1188">
    <p class='ocr_par' dir='ltr' id='par_1_28' title="bbox 2255 1105 3844 1188">
     <span class='ocr_line' id='line_1_28' title="bbox 2255 1105 3844 1188; baseline 0.012 -30"><span class='ocrx_word' id='word_1_183' title='bbox 2255 1105 2430 1174; x_wconf 90' lang='lat' dir='ltr'><strong>ipsum</strong></span> <span class='ocrx_word' id='word_1_184' title='bbox 2472 1121 2572 1177; x_wconf 90' lang='lat' dir='ltr'><strong>per</strong></span> <span class='ocrx_word' id='word_1_185' title='bbox 2614 1107 2850 1162; x_wconf 87' lang='lat' dir='ltr'><strong>carnalia</strong></span> <span class='ocrx_word' id='word_1_186' title='bbox 2882 1109 3168 1183; x_wconf 75' lang='lat' dir='ltr'><strong>desideria,</strong></span> <span class='ocrx_word' id='word_1_187' title='bbox 3201 1123 3256 1169; x_wconf 89' lang='lat' dir='ltr'><strong>et</strong></span> <span class='ocrx_word' id='word_1_188' title='bbox 3286 1116 3460 1172; x_wconf 89' lang='lat' dir='ltr'><strong>malas</strong></span> <span class='ocrx_word' id='word_1_189' title='bbox 3491 1121 3844 1188; x_wconf 78' lang='lat' dir='ltr'><strong>cogitationes</strong></span> 
     </span>
    </p>
   </div>
   <div class='ocr_carea' id='block_1_29' title="bbox 2251 1190 3841 1280">
    <p class='ocr_par' dir='ltr' id='par_1_29' title="bbox 2251 1190 3841 1280">
     <span class='ocr_line' id='line_1_29' title="bbox 2251 1190 3841 1280; baseline 0.012 -32"><span class='ocrx_word' id='word_1_190' title='bbox 2251 1208 2318 1248; x_wconf 92' lang='lat' dir='ltr'><strong>ac</strong></span> <span class='ocrx_word' id='word_1_191' title='bbox 2337 1194 2662 1264; x_wconf 79' lang='lat' dir='ltr'><strong>voluntates,</strong></span> <span class='ocrx_word' id='word_1_192' title='bbox 2691 1205 2748 1252; x_wconf 93' lang='lat' dir='ltr'><strong>et</strong></span> <span class='ocrx_word' id='word_1_193' title='bbox 2771 1197 2913 1254; x_wconf 84' lang='lat' dir='ltr'><strong>mala</strong></span> <span class='ocrx_word' id='word_1_194' title='bbox 2938 1215 3103 1271; x_wconf 88' lang='lat' dir='ltr'><strong>opera</strong></span> <span class='ocrx_word' id='word_1_195' title='bbox 3129 1190 3486 1263; x_wconf 79' lang='lat' dir='ltr'><strong>contaminavi</strong></span> <span class='ocrx_word' id='word_1_196' title='bbox 3517 1216 3572 1263; x_wconf 92' lang='lat' dir='ltr'><strong>ct</strong></span> <span class='ocrx_word' id='word_1_197' title='bbox 3611 1211 3841 1280; x_wconf 89' lang='lat' dir='ltr'><strong>perdidi,</strong></span> 
     </span>
    </p>
   </div>
   <div class='ocr_carea' id='block_1_30' title="bbox 2249 1286 3844 1368">
    <p class='ocr_par' dir='ltr' id='par_1_30' title="bbox 2249 1286 3844 1368">
     <span class='ocr_line' id='line_1_30' title="bbox 2249 1286 3844 1368; baseline 0.013 -28"><span class='ocrx_word' id='word_1_198' title='bbox 2249 1292 2307 1340; x_wconf 91' lang='lat' dir='ltr'><strong>et</strong></span> <span class='ocrx_word' id='word_1_199' title='bbox 2333 1286 2421 1341; x_wconf 92' lang='lat' dir='ltr'><strong>cui</strong></span> <span class='ocrx_word' id='word_1_200' title='bbox 2461 1302 2659 1345; x_wconf 85' lang='lat' dir='ltr'><strong>nocere</strong></span> <span class='ocrx_word' id='word_1_201' title='bbox 2695 1291 2864 1361; x_wconf 87' lang='lat' dir='ltr'><strong>potui,</strong></span> <span class='ocrx_word' id='word_1_202' title='bbox 2897 1295 3077 1360; x_wconf 88' lang='lat' dir='ltr'><strong>nocui,</strong></span> <span class='ocrx_word' id='word_1_203' title='bbox 3117 1305 3173 1355; x_wconf 86' lang='lat' dir='ltr'><strong>et</strong></span> <span class='ocrx_word' id='word_1_204' title='bbox 3214 1297 3428 1354; x_wconf 87' lang='lat' dir='ltr'><strong>diabolo</strong></span> <span class='ocrx_word' id='word_1_205' title='bbox 3470 1305 3742 1368; x_wconf 86' lang='lat' dir='ltr'><strong>consensi,</strong></span> <span class='ocrx_word' id='word_1_206' title='bbox 3787 1315 3844 1360; x_wconf 84' lang='lat' dir='ltr'><strong>et</strong></span> 
     </span>
    </p>
   </div>
   <div class='ocr_carea' id='block_1_31' title="bbox 2254 1376 3839 1464">
    <p class='ocr_par' dir='ltr' id='par_1_31' title="bbox 2254 1376 3839 1464">
     <span class='ocr_line' id='line_1_31' title="bbox 2254 1376 3839 1464; baseline 0.015 -37"><span class='ocrx_word' id='word_1_207' title='bbox 2254 1376 2511 1446; x_wconf 74' lang='lat' dir='ltr'><strong>voluptati</strong></span> <span class='ocrx_word' id='word_1_208' title='bbox 2538 1378 2683 1434; x_wconf 90' lang='lat' dir='ltr'><strong>illius</strong></span> <span class='ocrx_word' id='word_1_209' title='bbox 2707 1383 2982 1450; x_wconf 84' lang='lat' dir='ltr'><strong>peccando</strong></span> <span class='ocrx_word' id='word_1_210' title='bbox 3020 1399 3109 1438; x_wconf 90' lang='lat' dir='ltr'><strong>me</strong></span> <span class='ocrx_word' id='word_1_211' title='bbox 3129 1385 3362 1443; x_wconf 88' lang='lat' dir='ltr'><strong>subdidi.</strong></span> <span class='ocrx_word' id='word_1_212' title='bbox 3390 1388 3684 1459; x_wconf 80' lang='lat' dir='ltr'><strong>Confiteor,</strong></span> <span class='ocrx_word' id='word_1_213' title='bbox 3711 1394 3839 1464; x_wconf 87' lang='lat' dir='ltr'><strong>quia</strong></span> 
     </span>
    </p>
   </div>
   <div class='ocr_carea' id='block_1_32' title="bbox 2250 1467 3844 1548">
    <p class='ocr_par' dir='ltr' id='par_1_32' title="bbox 2250 1467 3844 1548">
     <span class='ocr_line' id='line_1_32' title="bbox 2250 1467 3844 1548; baseline 0.011 -27"><span class='ocrx_word' id='word_1_214' title='bbox 2250 1467 2478 1524; x_wconf 88' lang='lat' dir='ltr'><strong>multum</strong></span> <span class='ocrx_word' id='word_1_215' title='bbox 2518 1471 2739 1540; x_wconf 82' lang='lat' dir='ltr'><strong>peccavi</strong></span> <span class='ocrx_word' id='word_1_216' title='bbox 2771 1472 2827 1526; x_wconf 88' lang='lat' dir='ltr'><strong>in</strong></span> <span class='ocrx_word' id='word_1_217' title='bbox 2865 1473 3005 1540; x_wconf 80' lang='lat' dir='ltr'><strong>visu,</strong></span> <span class='ocrx_word' id='word_1_218' title='bbox 3036 1477 3244 1544; x_wconf 86' lang='lat' dir='ltr'><strong>auditu,</strong></span> <span class='ocrx_word' id='word_1_219' title='bbox 3289 1488 3472 1548; x_wconf 79' lang='lat' dir='ltr'><strong>gustu,</strong></span> <span class='ocrx_word' id='word_1_220' title='bbox 3499 1482 3747 1548; x_wconf 83' lang='lat' dir='ltr'><strong>odoratu,</strong></span> <span class='ocrx_word' id='word_1_221' title='bbox 3787 1494 3844 1539; x_wconf 86' lang='lat' dir='ltr'><strong>et</strong></span> 
     </span>
    </p>
   </div>
   <div class='ocr_carea' id='block_1_33' title="bbox 2253 1555 3841 1647">
    <p class='ocr_par' dir='ltr' id='par_1_33' title="bbox 2253 1555 3841 1647">
     <span class='ocr_line' id='line_1_33' title="bbox 2253 1555 3841 1647; baseline 0.012 -35"><span class='ocrx_word' id='word_1_222' title='bbox 2253 1566 2429 1625; x_wconf 90' lang='lat' dir='ltr'><strong>tactu;</strong></span> <span class='ocrx_word' id='word_1_223' title='bbox 2458 1559 2522 1614; x_wconf 74' lang='lat' dir='ltr'><strong>in‘</strong></span> <span class='ocrx_word' id='word_1_224' title='bbox 2540 1562 2770 1631; x_wconf 81' lang='lat' dir='ltr'><strong>pedibus</strong></span> <span class='ocrx_word' id='word_1_225' title='bbox 2796 1573 2852 1620; x_wconf 88' lang='lat' dir='ltr'><strong>et</strong></span> <span class='ocrx_word' id='word_1_226' title='bbox 2893 1565 2948 1621; x_wconf 89' lang='lat' dir='ltr'><strong>in</strong></span> <span class='ocrx_word' id='word_1_227' title='bbox 2975 1569 3223 1625; x_wconf 88' lang='lat' dir='ltr'><strong>manibus</strong></span> <span class='ocrx_word' id='word_1_228' title='bbox 3265 1555 3420 1635; x_wconf 80' lang='lat' dir='ltr'><strong>meis,</strong></span> <span class='ocrx_word' id='word_1_229' title='bbox 3466 1582 3523 1630; x_wconf 90' lang='lat' dir='ltr'><strong>et</strong></span> <span class='ocrx_word' id='word_1_230' title='bbox 3561 1575 3615 1629; x_wconf 92' lang='lat' dir='ltr'><strong>in</strong></span> <span class='ocrx_word' id='word_1_231' title='bbox 3661 1575 3841 1647; x_wconf 83' lang='lat' dir='ltr'><strong>lingua</strong></span> 
     </span>
    </p>
   </div>
   <div class='ocr_carea' id='block_1_34' title="bbox 563 1626 3840 1728">
    <p class='ocr_par' dir='ltr' id='par_1_34' title="bbox 563 1626 3840 1728">
     <span class='ocr_line' id='line_1_34' title="bbox 563 1626 3840 1728; baseline 0.007 -28"><span class='ocrx_word' id='word_1_232' title='bbox 563 1648 719 1703; x_wconf 75' lang='lat' dir='ltr'><strong>ritate</strong></span> <span class='ocrx_word' id='word_1_233' title='bbox 758 1626 810 1700; x_wconf 79' lang='lat' dir='ltr'><strong>iu</strong></span> <span class='ocrx_word' id='word_1_234' title='bbox 861 1647 948 1701; x_wconf 84' lang='lat' dir='ltr'><strong>his</strong></span> <span class='ocrx_word' id='word_1_235' title='bbox 989 1647 1284 1702; x_wconf 84' lang='lat' dir='ltr'><strong>meditatus</strong></span> <span class='ocrx_word' id='word_1_236' title='bbox 1328 1664 1470 1712; x_wconf 77' lang='lat' dir='ltr'><strong>suui,</strong></span> <span class='ocrx_word' id='word_1_237' title='bbox 1500 1649 1598 1703; x_wconf 86' lang='lat' dir='ltr'><strong>sed</strong></span> <span class='ocrx_word' id='word_1_238' title='bbox 1648 1657 1819 1702; x_wconf 89' lang='lat' dir='ltr'><strong>totum</strong></span> <span class='ocrx_word' id='word_1_239' title='bbox 1863 1626 2152 1705; x_wconf 65' lang='lat' dir='ltr'><strong>carnaliier</strong></span> <span class='ocrx_word' id='word_1_240' title='bbox 2183 1626 2226 1685; x_wconf 68' lang='grc' dir='ltr'><strong><em>Β</em></strong></span> <span class='ocrx_word' id='word_1_241' title='bbox 2254 1662 2393 1713; x_wconf 88' lang='lat' dir='ltr'><strong>mea,</strong></span> <span class='ocrx_word' id='word_1_242' title='bbox 2425 1626 2588 1720; x_wconf 74' lang='lat' dir='ltr'><strong>atque</strong></span> <span class='ocrx_word' id='word_1_243' title='bbox 2613 1651 2668 1706; x_wconf 92' lang='lat' dir='ltr'><strong>in</strong></span> <span class='ocrx_word' id='word_1_244' title='bbox 2694 1654 3019 1724; x_wconf 76' lang='lat' dir='ltr'><strong>genitalibus</strong></span> <span class='ocrx_word' id='word_1_245' title='bbox 3043 1659 3301 1715; x_wconf 86' lang='lat' dir='ltr'><strong>membris</strong></span> <span class='ocrx_word' id='word_1_246' title='bbox 3339 1626 3495 1728; x_wconf 81' lang='lat' dir='ltr'><strong>meis,</strong></span> <span class='ocrx_word' id='word_1_247' title='bbox 3536 1671 3593 1717; x_wconf 91' lang='lat' dir='ltr'><strong>et</strong></span> <span class='ocrx_word' id='word_1_248' title='bbox 3630 1665 3686 1720; x_wconf 89' lang='lat' dir='ltr'><strong>in</strong></span> <span class='ocrx_word' id='word_1_249' title='bbox 3725 1626 3840 1722; x_wconf 55' lang='lat' dir='ltr'><strong>gm-</strong></span> 
     </span>
    </p>
   </div>
   <div class='ocr_carea' id='block_1_35' title="bbox 560 1735 2153 1807">
    <p class='ocr_par' dir='ltr' id='par_1_35' title="bbox 560 1735 2153 1807">
     <span class='ocr_line' id='line_1_35' title="bbox 560 1735 2153 1807; baseline 0.001 -17"><span class='ocrx_word' id='word_1_250' title='bbox 560 1738 669 1807; x_wconf 74' lang='lat' dir='ltr'><strong>rgi,</strong></span> <span class='ocrx_word' id='word_1_251' title='bbox 701 1737 945 1791; x_wconf 84' lang='lat' dir='ltr'><strong>intentus</strong></span> <span class='ocrx_word' id='word_1_252' title='bbox 986 1735 1054 1792; x_wconf 88' lang='lat' dir='ltr'><strong>ad</strong></span> <span class='ocrx_word' id='word_1_253' title='bbox 1102 1743 1443 1803; x_wconf 78' lang='lat' dir='ltr'><strong>saturitatem</strong></span> <span class='ocrx_word' id='word_1_254' title='bbox 1473 1738 1708 1803; x_wconf 83' lang='lat' dir='ltr'><strong>ventris,</strong></span> <span class='ocrx_word' id='word_1_255' title='bbox 1739 1747 1796 1794; x_wconf 91' lang='lat' dir='ltr'><strong>et</strong></span> <span class='ocrx_word' id='word_1_256' title='bbox 1828 1739 1897 1793; x_wconf 88' lang='lat' dir='ltr'><strong>ad</strong></span> <span class='ocrx_word' id='word_1_257' title='bbox 1924 1739 2153 1795; x_wconf 87' lang='lat' dir='ltr'><strong>dissolu-</strong></span> 
     </span>
    </p>
   </div>
   <div class='ocr_carea' id='block_1_36' title="bbox 566 1827 2150 1902">
    <p class='ocr_par' dir='ltr' id='par_1_36' title="bbox 566 1827 2150 1902">
     <span class='ocr_line' id='line_1_36' title="bbox 566 1827 2150 1902; baseline 0.003 -21"><span class='ocrx_word' id='word_1_258' title='bbox 566 1829 772 1883; x_wconf 86' lang='lat' dir='ltr'><strong>tionem</strong></span> <span class='ocrx_word' id='word_1_259' title='bbox 812 1827 977 1892; x_wconf 84' lang='lat' dir='ltr'><strong>risus,</strong></span> <span class='ocrx_word' id='word_1_260' title='bbox 1027 1835 1084 1884; x_wconf 86' lang='lat' dir='ltr'><strong>et</strong></span> <span class='ocrx_word' id='word_1_261' title='bbox 1125 1827 1238 1898; x_wconf 87' lang='lat' dir='ltr'><strong>joci</strong></span> <span class='ocrx_word' id='word_1_262' title='bbox 1289 1828 1414 1882; x_wconf 78' lang='lat' dir='ltr'><strong>vani</strong></span> <span class='ocrx_word' id='word_1_263' title='bbox 1465 1829 1791 1886; x_wconf 85' lang='lat' dir='ltr'><strong>discursus:</strong></span> <span class='ocrx_word' id='word_1_264' title='bbox 1837 1830 2150 1902; x_wconf 87' lang='lat' dir='ltr'><strong>religiosum</strong></span> 
     </span>
    </p>
   </div>
   <div class='ocr_carea' id='block_1_37' title="bbox 561 1917 2149 1993">
    <p class='ocr_par' dir='ltr' id='par_1_37' title="bbox 561 1917 2149 1993">
     <span class='ocr_line' id='line_1_37' title="bbox 561 1917 2149 1993; baseline 0.001 -17"><span class='ocrx_word' id='word_1_265' title='bbox 561 1929 767 1976; x_wconf 87' lang='lat' dir='ltr'><strong>statum-</strong></span> <span class='ocrx_word' id='word_1_266' title='bbox 780 1935 907 1976; x_wconf 86' lang='lat' dir='ltr'><strong>cum</strong></span> <span class='ocrx_word' id='word_1_267' title='bbox 931 1921 1123 1976; x_wconf 88' lang='lat' dir='ltr'><strong>timore</strong></span> <span class='ocrx_word' id='word_1_268' title='bbox 1152 1919 1256 1976; x_wconf 91' lang='lat' dir='ltr'><strong>Dei.</strong></span> <span class='ocrx_word' id='word_1_269' title='bbox 1278 1931 1614 1988; x_wconf 85' lang='lat' dir='ltr'><strong>reverenter,</strong></span> <span class='ocrx_word' id='word_1_270' title='bbox 1641 1917 1803 1993; x_wconf 83' lang='lat' dir='ltr'><strong>prout</strong></span> <span class='ocrx_word' id='word_1_271' title='bbox 1829 1923 2010 1988; x_wconf 85' lang='lat' dir='ltr'><strong>debui,</strong></span> <span class='ocrx_word' id='word_1_272' title='bbox 2041 1939 2149 1979; x_wconf 90' lang='lat' dir='ltr'><strong>non</strong></span> 
     </span>
    </p>
   </div>
   <div class='ocr_carea' id='block_1_38' title="bbox 563 2009 2152 2083">
    <p class='ocr_par' dir='ltr' id='par_1_38' title="bbox 563 2009 2152 2083">
     <span class='ocr_line' id='line_1_38' title="bbox 563 2009 2152 2083; baseline 0.003 -20"><span class='ocrx_word' id='word_1_273' title='bbox 563 2010 852 2066; x_wconf 81' lang='lat' dir='ltr'><strong>custodivi.</strong></span> <span class='ocrx_word' id='word_1_274' title='bbox 884 2010 940 2064; x_wconf 65' lang='lat' dir='ltr'><strong>lt;</strong></span> <span class='ocrx_word' id='word_1_275' title='bbox 968 2017 1159 2065; x_wconf 83' lang='lat' dir='ltr'><strong>sancta</strong></span> <span class='ocrx_word' id='word_1_276' title='bbox 1187 2009 1443 2076; x_wconf 87' lang='lat' dir='ltr'><strong>ecclesia,</strong></span> <span class='ocrx_word' id='word_1_277' title='bbox 1475 2013 1604 2066; x_wconf 91' lang='lat' dir='ltr'><strong>dum</strong></span> <span class='ocrx_word' id='word_1_278' title='bbox 1645 2013 1712 2067; x_wconf 88' lang='lat' dir='ltr'><strong>ad</strong></span> <span class='ocrx_word' id='word_1_279' title='bbox 1757 2027 1892 2083; x_wconf 92' lang='lat' dir='ltr'><strong>opus</strong></span> <span class='ocrx_word' id='word_1_280' title='bbox 1920 2012 2015 2068; x_wconf 89' lang='lat' dir='ltr'><strong>Dei</strong></span> <span class='ocrx_word' id='word_1_281' title='bbox 2061 2028 2152 2068; x_wconf 87' lang='lat' dir='ltr'><strong>ac-</strong></span> 
     </span>
    </p>
   </div>
   <div class='ocr_carea' id='block_1_39' title="bbox 560 2100 2153 2179">
    <p class='ocr_par' dir='ltr' id='par_1_39' title="bbox 560 2100 2153 2179">
     <span class='ocr_line' id='line_1_39' title="bbox 560 2100 2153 2179; baseline 0.004 -24"><span class='ocrx_word' id='word_1_282' title='bbox 560 2102 710 2158; x_wconf 90' lang='lat' dir='ltr'><strong>cessi</strong></span> <span class='ocrx_word' id='word_1_283' title='bbox 733 2110 791 2156; x_wconf 89' lang='lat' dir='ltr'><strong>et</strong></span> <span class='ocrx_word' id='word_1_284' title='bbox 836 2100 1080 2168; x_wconf 79' lang='lat' dir='ltr'><strong>interfui,</strong></span> <span class='ocrx_word' id='word_1_285' title='bbox 1108 2103 1278 2157; x_wconf 85' lang='lat' dir='ltr'><strong>multa</strong></span> <span class='ocrx_word' id='word_1_286' title='bbox 1307 2119 1446 2158; x_wconf 90' lang='lat' dir='ltr'><strong>vana</strong></span> <span class='ocrx_word' id='word_1_287' title='bbox 1477 2113 1534 2158; x_wconf 91' lang='lat' dir='ltr'><strong>et</strong></span> <span class='ocrx_word' id='word_1_288' title='bbox 1559 2106 1700 2161; x_wconf 90' lang='lat' dir='ltr'><strong>mala</strong></span> <span class='ocrx_word' id='word_1_289' title='bbox 1746 2106 2001 2179; x_wconf 80' lang='lat' dir='ltr'><strong>cogitavi,</strong></span> <span class='ocrx_word' id='word_1_290' title='bbox 2028 2121 2153 2178; x_wconf 85' lang='lat' dir='ltr'><strong>per-</strong></span> 
     </span>
    </p>
   </div>
   <div class='ocr_carea' id='block_1_40' title="bbox 565 2187 2150 2271">
    <p class='ocr_par' dir='ltr' id='par_1_40' title="bbox 565 2187 2150 2271">
     <span class='ocr_line' id='line_1_40' title="bbox 565 2187 2150 2271; baseline 0.004 -23"><span class='ocrx_word' id='word_1_291' title='bbox 565 2195 767 2264; x_wconf 69' lang='lat' dir='ltr'><strong>petrari</strong></span> <span class='ocrx_word' id='word_1_292' title='bbox 799 2203 855 2250; x_wconf 88' lang='lat' dir='ltr'><strong>et</strong></span> <span class='ocrx_word' id='word_1_293' title='bbox 880 2187 1091 2250; x_wconf 85' lang='lat' dir='ltr'><strong>locutus</strong></span> <span class='ocrx_word' id='word_1_294' title='bbox 1115 2211 1264 2263; x_wconf 88' lang='lat' dir='ltr'><strong>sum;</strong></span> <span class='ocrx_word' id='word_1_295' title='bbox 1295 2206 1352 2253; x_wconf 89' lang='lat' dir='ltr'><strong>et</strong></span> <span class='ocrx_word' id='word_1_296' title='bbox 1375 2213 1520 2269; x_wconf 72' lang='lat' dir='ltr'><strong>smpe</strong></span> <span class='ocrx_word' id='word_1_297' title='bbox 1547 2199 1716 2254; x_wconf 90' lang='lat' dir='ltr'><strong>nimio</strong></span> <span class='ocrx_word' id='word_1_298' title='bbox 1737 2215 1929 2255; x_wconf 86' lang='lat' dir='ltr'><strong>somno</strong></span> <span class='ocrx_word' id='word_1_299' title='bbox 1957 2215 2150 2271; x_wconf 86' lang='lat' dir='ltr'><strong>grava-</strong></span> 
     </span>
    </p>
   </div>
   <div class='ocr_carea' id='block_1_41' title="bbox 565 2286 2151 2364">
    <p class='ocr_par' dir='ltr' id='par_1_41' title="bbox 565 2286 2151 2364">
     <span class='ocr_line' id='line_1_41' title="bbox 565 2286 2151 2364; baseline 0.006 -25"><span class='ocrx_word' id='word_1_300' title='bbox 565 2297 651 2342; x_wconf 87' lang='lat' dir='ltr'><strong>tus</strong></span> <span class='ocrx_word' id='word_1_301' title='bbox 673 2286 869 2343; x_wconf 88' lang='lat' dir='ltr'><strong>multas</strong></span> <span class='ocrx_word' id='word_1_302' title='bbox 898 2288 1104 2358; x_wconf 81' lang='lat' dir='ltr'><strong>perdidi</strong></span> <span class='ocrx_word' id='word_1_303' title='bbox 1131 2293 1430 2358; x_wconf 88' lang='lat' dir='ltr'><strong>orationes,</strong></span> <span class='ocrx_word' id='word_1_304' title='bbox 1458 2293 1718 2349; x_wconf 86' lang='lat' dir='ltr'><strong>lectiones</strong></span> <span class='ocrx_word' id='word_1_305' title='bbox 1740 2300 1796 2348; x_wconf 91' lang='lat' dir='ltr'><strong>et</strong></span> <span class='ocrx_word' id='word_1_306' title='bbox 1823 2293 2151 2364; x_wconf 85' lang='lat' dir='ltr'><strong>psalmodias</strong></span> 
     </span>
    </p>
   </div>
   <div class='ocr_carea' id='block_1_42' title="bbox 563 2376 2151 2454">
    <p class='ocr_par' dir='ltr' id='par_1_42' title="bbox 563 2376 2151 2454">
     <span class='ocr_line' id='line_1_42' title="bbox 563 2376 2151 2454; baseline 0.005 -22"><span class='ocrx_word' id='word_1_307' title='bbox 563 2393 687 2432; x_wconf 84' lang='lat' dir='ltr'><strong>cum</strong></span> <span class='ocrx_word' id='word_1_308' title='bbox 730 2376 937 2434; x_wconf 78' lang='lat' dir='ltr'><strong>ciliciis.</strong></span> <span class='ocrx_word' id='word_1_309' title='bbox 991 2379 1127 2435; x_wconf 83' lang='lat' dir='ltr'><strong>Nam</strong></span> <span class='ocrx_word' id='word_1_310' title='bbox 1171 2389 1228 2436; x_wconf 89' lang='lat' dir='ltr'><strong>et</strong></span> <span class='ocrx_word' id='word_1_311' title='bbox 1277 2384 1507 2452; x_wconf 78' lang='lat' dir='ltr'><strong>vigilans</strong></span> <span class='ocrx_word' id='word_1_312' title='bbox 1556 2383 1872 2454; x_wconf 77' lang='lat' dir='ltr'><strong>frequenter</strong></span> <span class='ocrx_word' id='word_1_313' title='bbox 1916 2385 2151 2440; x_wconf 85' lang='lat' dir='ltr'><strong>alienata</strong></span> 
     </span>
    </p>
   </div>
   <div class='ocr_carea' id='block_1_43' title="bbox 436 2470 2151 2547">
    <p class='ocr_par' dir='ltr' id='par_1_43' title="bbox 436 2470 2151 2547">
     <span class='ocr_line' id='line_1_43' title="bbox 436 2470 2151 2547; baseline 0.007 -24"><span class='ocrx_word' id='word_1_314' title='bbox 436 2491 455 2508; x_wconf 82' lang='grc' dir='ltr'><strong><em>ο</em></strong></span> <span class='ocrx_word' id='word_1_315' title='bbox 564 2470 826 2526; x_wconf 91' lang='lat' dir='ltr'><strong>memoria</strong></span> <span class='ocrx_word' id='word_1_316' title='bbox 882 2470 1137 2528; x_wconf 87' lang='lat' dir='ltr'><strong>discurrit</strong></span> <span class='ocrx_word' id='word_1_317' title='bbox 1165 2474 1315 2530; x_wconf 87' lang='lat' dir='ltr'><strong>visus</strong></span> <span class='ocrx_word' id='word_1_318' title='bbox 1349 2490 1504 2531; x_wconf 82' lang='lat' dir='ltr'><strong>meus</strong></span> <span class='ocrx_word' id='word_1_319' title='bbox 1546 2473 1777 2532; x_wconf 87' lang='lat' dir='ltr'><strong>interior</strong></span> <span class='ocrx_word' id='word_1_320' title='bbox 1808 2493 1906 2547; x_wconf 87' lang='lat' dir='ltr'><strong>per</strong></span> <span class='ocrx_word' id='word_1_321' title='bbox 1953 2478 2151 2535; x_wconf 89' lang='lat' dir='ltr'><strong>multas</strong></span> 
     </span>
    </p>
   </div>
   <div class='ocr_carea' id='block_1_44' title="bbox 564 2563 2152 2636">
    <p class='ocr_par' dir='ltr' id='par_1_44' title="bbox 564 2563 2152 2636">
     <span class='ocr_line' id='line_1_44' title="bbox 564 2563 2152 2636; baseline 0.007 -23"><span class='ocrx_word' id='word_1_322' title='bbox 564 2575 743 2613; x_wconf 84' lang='lat' dir='ltr'><strong>rerum</strong></span> <span class='ocrx_word' id='word_1_323' title='bbox 775 2568 1114 2616; x_wconf 81' lang='lat' dir='ltr'><strong>terrenarum</strong></span> <span class='ocrx_word' id='word_1_324' title='bbox 1145 2563 1553 2634; x_wconf 87' lang='lat' dir='ltr'><strong>dispositiones,</strong></span> <span class='ocrx_word' id='word_1_325' title='bbox 1577 2574 1634 2621; x_wconf 92' lang='lat' dir='ltr'><strong>et</strong></span> <span class='ocrx_word' id='word_1_326' title='bbox 1667 2581 1765 2636; x_wconf 90' lang='lat' dir='ltr'><strong>per</strong></span> <span class='ocrx_word' id='word_1_327' title='bbox 1811 2565 2026 2623; x_wconf 85' lang='lat' dir='ltr'><strong>illicitas</strong></span> <span class='ocrx_word' id='word_1_328' title='bbox 2055 2568 2152 2623; x_wconf 90' lang='lat' dir='ltr'><strong>ob—</strong></span> 
     </span>
    </p>
   </div>
   <div class='ocr_carea' id='block_1_45' title="bbox 564 2649 2150 2731">
    <p class='ocr_par' dir='ltr' id='par_1_45' title="bbox 564 2649 2150 2731">
     <span class='ocr_line' id='line_1_45' title="bbox 564 2649 2150 2731; baseline 0.009 -30"><span class='ocrx_word' id='word_1_329' title='bbox 564 2649 907 2715; x_wconf 81' lang='lat' dir='ltr'><strong>lectationes,</strong></span> <span class='ocrx_word' id='word_1_330' title='bbox 930 2667 1096 2708; x_wconf 80' lang='lat' dir='ltr'><strong>vanas</strong></span> <span class='ocrx_word' id='word_1_331' title='bbox 1122 2669 1186 2708; x_wconf 92' lang='lat' dir='ltr'><strong>ac</strong></span> <span class='ocrx_word' id='word_1_332' title='bbox 1215 2662 1400 2725; x_wconf 84' lang='lat' dir='ltr'><strong>turpes</strong></span> <span class='ocrx_word' id='word_1_333' title='bbox 1433 2658 1837 2724; x_wconf 85' lang='lat' dir='ltr'><strong>meditationes,</strong></span> <span class='ocrx_word' id='word_1_334' title='bbox 1861 2659 2150 2731; x_wconf 80' lang='lat' dir='ltr'><strong>variosque</strong></span> 
     </span>
    </p>
   </div>
   <div class='ocr_carea' id='block_1_46' title="bbox 566 2743 2148 2815">
    <p class='ocr_par' dir='ltr' id='par_1_46' title="bbox 566 2743 2148 2815">
     <span class='ocr_line' id='line_1_46' title="bbox 566 2743 2148 2815; baseline 0.007 -19"><span class='ocrx_word' id='word_1_335' title='bbox 566 2756 808 2806; x_wconf 83' lang='lat' dir='ltr'><strong>errores;</strong></span> <span class='ocrx_word' id='word_1_336' title='bbox 843 2743 986 2798; x_wconf 88' lang='lat' dir='ltr'><strong>unde</strong></span> <span class='ocrx_word' id='word_1_337' title='bbox 1033 2753 1325 2815; x_wconf 87' lang='lat' dir='ltr'><strong>occupatus</strong></span> <span class='ocrx_word' id='word_1_338' title='bbox 1375 2763 1571 2804; x_wconf 88' lang='lat' dir='ltr'><strong>sensus</strong></span> <span class='ocrx_word' id='word_1_339' title='bbox 1614 2765 1768 2805; x_wconf 88' lang='lat' dir='ltr'><strong>meus</strong></span> <span class='ocrx_word' id='word_1_340' title='bbox 1809 2751 1927 2808; x_wconf 87' lang='lat' dir='ltr'><strong>sine</strong></span> <span class='ocrx_word' id='word_1_341' title='bbox 1969 2751 2148 2809; x_wconf 89' lang='lat' dir='ltr'><strong>fructu</strong></span> 
     </span>
    </p>
   </div>
   <div class='ocr_carea' id='block_1_47' title="bbox 565 2833 1074 2902">
    <p class='ocr_par' dir='ltr' id='par_1_47' title="bbox 565 2833 1074 2902">
     <span class='ocr_line' id='line_1_47' title="bbox 565 2833 1074 2902; baseline 0.002 -16"><span class='ocrx_word' id='word_1_342' title='bbox 565 2833 794 2902; x_wconf 85' lang='lat' dir='ltr'><strong>spiritali</strong></span> <span class='ocrx_word' id='word_1_343' title='bbox 825 2833 1074 2892; x_wconf 72' lang='lat' dir='ltr'><strong>edicitur.</strong></span> 
     </span>
    </p>
   </div>
   <div class='ocr_carea' id='block_1_48' title="bbox 1143 2927 1568 3000">
    <p class='ocr_par' dir='ltr' id='par_1_48' title="bbox 1143 2927 1568 3000">
     <span class='ocr_line' id='line_1_48' title="bbox 1143 2927 1568 3000; baseline 0.005 -18"><span class='ocrx_word' id='word_1_344' title='bbox 1143 2927 1263 2982; x_wconf 77' lang='lat' dir='ltr'><strong>Alia</strong></span> <span class='ocrx_word' id='word_1_345' title='bbox 1292 2929 1568 3000; x_wconf 73' lang='lat' dir='ltr'><strong>confessio.</strong></span> 
     </span>
    </p>
   </div>
   <div class='ocr_carea' id='block_1_49' title="bbox 2175 2970 2225 3033">
    <p class='ocr_par' dir='ltr' id='par_1_49' title="bbox 2175 2970 2225 3033">
     <span class='ocr_line' id='line_1_49' title="bbox 2175 2970 2225 3033; baseline 0 0"><span class='ocrx_word' id='word_1_346' title='bbox 2175 2970 2225 3033; x_wconf 78' lang='grc' dir='ltr'>Ο</span> 
     </span>
    </p>
   </div>
   <div class='ocr_carea' id='block_1_50' title="bbox 2252 1736 3837 1824">
    <p class='ocr_par' dir='ltr' id='par_1_50' title="bbox 2252 1736 3837 1824">
     <span class='ocr_line' id='line_1_50' title="bbox 2252 1736 3837 1824; baseline 0.014 -35"><span class='ocrx_word' id='word_1_347' title='bbox 2252 1736 2411 1794; x_wconf 89' lang='lat' dir='ltr'><strong>nibus</strong></span> <span class='ocrx_word' id='word_1_348' title='bbox 2436 1738 2572 1794; x_wconf 88' lang='lat' dir='ltr'><strong>meis</strong></span> <span class='ocrx_word' id='word_1_349' title='bbox 2597 1742 2844 1799; x_wconf 87' lang='lat' dir='ltr'><strong>sensibus</strong></span> <span class='ocrx_word' id='word_1_350' title='bbox 2865 1743 3032 1799; x_wconf 82' lang='lat' dir='ltr'><strong>multa</strong></span> <span class='ocrx_word' id='word_1_351' title='bbox 3065 1747 3205 1803; x_wconf 87' lang='lat' dir='ltr'><strong>mala</strong></span> <span class='ocrx_word' id='word_1_352' title='bbox 3231 1752 3554 1819; x_wconf 82' lang='lat' dir='ltr'><strong>perpetravi.</strong></span> <span class='ocrx_word' id='word_1_353' title='bbox 3579 1752 3837 1824; x_wconf 80' lang='lat' dir='ltr'><strong>Repletus</strong></span> 
     </span>
    </p>
   </div>
   <div class='ocr_carea' id='block_1_51' title="bbox 2249 1827 3830 1916">
    <p class='ocr_par' dir='ltr' id='par_1_51' title="bbox 2249 1827 3830 1916">
     <span class='ocr_line' id='line_1_51' title="bbox 2249 1827 3830 1916; baseline 0.013 -36"><span class='ocrx_word' id='word_1_354' title='bbox 2249 1827 2399 1881; x_wconf 67' lang='grc' dir='ltr'><strong>οτιιηί</strong></span> <span class='ocrx_word' id='word_1_355' title='bbox 2421 1828 2727 1900; x_wconf 87' lang='lat' dir='ltr'><strong>iniquitate,</strong></span> <span class='ocrx_word' id='word_1_356' title='bbox 2751 1834 2955 1890; x_wconf 86' lang='lat' dir='ltr'><strong>malitia</strong></span> <span class='ocrx_word' id='word_1_357' title='bbox 2976 1843 3032 1891; x_wconf 89' lang='lat' dir='ltr'><strong>et</strong></span> <span class='ocrx_word' id='word_1_358' title='bbox 3055 1838 3319 1908; x_wconf 84' lang='lat' dir='ltr'><strong>nequitia,</strong></span> <span class='ocrx_word' id='word_1_359' title='bbox 3344 1839 3447 1896; x_wconf 90' lang='lat' dir='ltr'><strong>feci</strong></span> <span class='ocrx_word' id='word_1_360' title='bbox 3467 1843 3830 1916; x_wconf 68' lang='lat' dir='ltr'><strong>sacrilegium,</strong></span> 
     </span>
    </p>
   </div>
   <div class='ocr_carea' id='block_1_52' title="bbox 2250 1916 3835 2000">
    <p class='ocr_par' dir='ltr' id='par_1_52' title="bbox 2250 1916 3835 2000">
     <span class='ocr_line' id='line_1_52' title="bbox 2250 1916 3835 2000; baseline 0.011 -30"><span class='ocrx_word' id='word_1_361' title='bbox 2250 1916 2623 1987; x_wconf 88' lang='lat' dir='ltr'><strong>homicidium,</strong></span> <span class='ocrx_word' id='word_1_362' title='bbox 2665 1920 3008 1989; x_wconf 90' lang='lat' dir='ltr'><strong>adulterium,</strong></span> <span class='ocrx_word' id='word_1_363' title='bbox 3050 1923 3243 1982; x_wconf 85' lang='lat' dir='ltr'><strong>falsum</strong></span> <span class='ocrx_word' id='word_1_364' title='bbox 3289 1929 3679 2000; x_wconf 67' lang='lat' dir='ltr'><strong>tcStimonium,</strong></span> <span class='ocrx_word' id='word_1_365' title='bbox 3722 1933 3835 1988; x_wconf 92' lang='lat' dir='ltr'><strong>fur-</strong></span> 
     </span>
    </p>
   </div>
   <div class='ocr_carea' id='block_1_53' title="bbox 2251 2002 3836 2093">
    <p class='ocr_par' dir='ltr' id='par_1_53' title="bbox 2251 2002 3836 2093">
     <span class='ocr_line' id='line_1_53' title="bbox 2251 2002 3836 2093; baseline 0.01 -31"><span class='ocrx_word' id='word_1_366' title='bbox 2251 2015 2388 2075; x_wconf 87' lang='lat' dir='ltr'><strong>tum,</strong></span> <span class='ocrx_word' id='word_1_367' title='bbox 2419 2010 2686 2081; x_wconf 86' lang='lat' dir='ltr'><strong>rapinam,</strong></span> <span class='ocrx_word' id='word_1_368' title='bbox 2725 2011 3022 2082; x_wconf 76' lang='lat' dir='ltr'><strong>perjurium</strong></span> <span class='ocrx_word' id='word_1_369' title='bbox 3051 2034 3064 2069; x_wconf 88' lang='lat'><strong>:</strong></span> <span class='ocrx_word' id='word_1_370' title='bbox 3089 2002 3285 2076; x_wconf 71' lang='lat' dir='ltr'><strong>neuras</strong></span> <span class='ocrx_word' id='word_1_371' title='bbox 3330 2007 3476 2078; x_wconf 82' lang='lat' dir='ltr'><strong>tenui</strong></span> <span class='ocrx_word' id='word_1_372' title='bbox 3502 2021 3662 2093; x_wconf 89' lang='lat' dir='ltr'><strong>longo</strong></span> <span class='ocrx_word' id='word_1_373' title='bbox 3700 2030 3836 2078; x_wconf 88' lang='lat' dir='ltr'><strong>tem-</strong></span> 
     </span>
    </p>
   </div>
   <div class='ocr_carea' id='block_1_54' title="bbox 2249 2099 3835 2180">
    <p class='ocr_par' dir='ltr' id='par_1_54' title="bbox 2249 2099 3835 2180">
     <span class='ocr_line' id='line_1_54' title="bbox 2249 2099 3835 2180; baseline 0.009 -27"><span class='ocrx_word' id='word_1_374' title='bbox 2249 2113 2403 2169; x_wconf 88' lang='lat' dir='ltr'><strong>pore,</strong></span> <span class='ocrx_word' id='word_1_375' title='bbox 2430 2099 2638 2156; x_wconf 88' lang='lat' dir='ltr'><strong>reddidi</strong></span> <span class='ocrx_word' id='word_1_376' title='bbox 2663 2103 2864 2177; x_wconf 87' lang='lat' dir='ltr'><strong>malum</strong></span> <span class='ocrx_word' id='word_1_377' title='bbox 2907 2119 3008 2175; x_wconf 89' lang='lat' dir='ltr'><strong>pro</strong></span> <span class='ocrx_word' id='word_1_378' title='bbox 3031 2106 3216 2176; x_wconf 88' lang='lat' dir='ltr'><strong>bonis;</strong></span> <span class='ocrx_word' id='word_1_379' title='bbox 3255 2118 3312 2164; x_wconf 91' lang='lat' dir='ltr'><strong>et</strong></span> <span class='ocrx_word' id='word_1_380' title='bbox 3359 2103 3466 2167; x_wconf 82' lang='lat' dir='ltr'><strong>non</strong></span> <span class='ocrx_word' id='word_1_381' title='bbox 3506 2111 3678 2167; x_wconf 86' lang='lat' dir='ltr'><strong>solum</strong></span> <span class='ocrx_word' id='word_1_382' title='bbox 3709 2114 3835 2180; x_wconf 85' lang='lat' dir='ltr'><strong>ista,</strong></span> 
     </span>
    </p>
   </div>
   <div class='ocr_carea' id='block_1_55' title="bbox 2252 2191 3835 2264">
    <p class='ocr_par' dir='ltr' id='par_1_55' title="bbox 2252 2191 3835 2264">
     <span class='ocr_line' id='line_1_55' title="bbox 2252 2191 3835 2264; baseline 0.01 -20"><span class='ocrx_word' id='word_1_383' title='bbox 2252 2191 2347 2246; x_wconf 91' lang='lat' dir='ltr'><strong>sed</strong></span> <span class='ocrx_word' id='word_1_384' title='bbox 2370 2199 2426 2246; x_wconf 86' lang='lat' dir='ltr'><strong>et</strong></span> <span class='ocrx_word' id='word_1_385' title='bbox 2449 2191 2554 2245; x_wconf 89' lang='lat' dir='ltr'><strong>alia</strong></span> <span class='ocrx_word' id='word_1_386' title='bbox 2577 2194 2717 2248; x_wconf 88' lang='lat' dir='ltr'><strong>mala</strong></span> <span class='ocrx_word' id='word_1_387' title='bbox 2756 2193 2857 2251; x_wconf 89' lang='lat' dir='ltr'><strong>feci</strong></span> <span class='ocrx_word' id='word_1_388' title='bbox 2903 2197 3093 2264; x_wconf 88' lang='lat' dir='ltr'><strong>multa,</strong></span> <span class='ocrx_word' id='word_1_389' title='bbox 3133 2205 3190 2254; x_wconf 88' lang='lat' dir='ltr'><strong>et</strong></span> <span class='ocrx_word' id='word_1_390' title='bbox 3225 2197 3544 2259; x_wconf 87' lang='lat' dir='ltr'><strong>facientibus</strong></span> <span class='ocrx_word' id='word_1_391' title='bbox 3563 2205 3835 2260; x_wconf 88' lang='lat' dir='ltr'><strong>consensi.</strong></span> 
     </span>
    </p>
   </div>
   <div class='ocr_carea' id='block_1_56' title="bbox 2252 2280 3837 2366">
    <p class='ocr_par' dir='ltr' id='par_1_56' title="bbox 2252 2280 3837 2366">
     <span class='ocr_line' id='line_1_56' title="bbox 2252 2280 3837 2366; baseline 0.011 -32"><span class='ocrx_word' id='word_1_392' title='bbox 2252 2280 2365 2353; x_wconf 83' lang='lat' dir='ltr'><strong>Ego</strong></span> <span class='ocrx_word' id='word_1_393' title='bbox 2392 2282 2560 2338; x_wconf 88' lang='lat' dir='ltr'><strong>miser</strong></span> <span class='ocrx_word' id='word_1_394' title='bbox 2584 2287 2806 2360; x_wconf 85' lang='lat' dir='ltr'><strong>peccavi</strong></span> <span class='ocrx_word' id='word_1_395' title='bbox 2847 2287 3031 2351; x_wconf 90' lang='lat' dir='ltr'><strong>nimis,</strong></span> <span class='ocrx_word' id='word_1_396' title='bbox 3061 2289 3186 2360; x_wconf 88' lang='lat' dir='ltr'><strong>quia</strong></span> <span class='ocrx_word' id='word_1_397' title='bbox 3216 2292 3608 2364; x_wconf 86' lang='lat' dir='ltr'><strong>eleemo&#39;synas,</strong></span> <span class='ocrx_word' id='word_1_398' title='bbox 3638 2304 3694 2351; x_wconf 86' lang='lat' dir='ltr'><strong>et</strong></span> <span class='ocrx_word' id='word_1_399' title='bbox 3721 2296 3837 2366; x_wconf 87' lang='lat' dir='ltr'><strong>pri-</strong></span> 
     </span>
    </p>
   </div>
   <div class='ocr_carea' id='block_1_57' title="bbox 2250 2372 3838 2448">
    <p class='ocr_par' dir='ltr' id='par_1_57' title="bbox 2250 2372 3838 2448">
     <span class='ocr_line' id='line_1_57' title="bbox 2250 2372 3838 2448; baseline 0.009 -22"><span class='ocrx_word' id='word_1_400' title='bbox 2250 2372 2454 2440; x_wconf 87' lang='lat' dir='ltr'><strong>mitias,</strong></span> <span class='ocrx_word' id='word_1_401' title='bbox 2470 2381 2632 2444; x_wconf 82' lang='lat' dir='ltr'><strong>atque</strong></span> <span class='ocrx_word' id='word_1_402' title='bbox 2645 2376 2904 2444; x_wconf 88' lang='lat' dir='ltr'><strong>decimas,</strong></span> <span class='ocrx_word' id='word_1_403' title='bbox 2921 2393 3055 2448; x_wconf 86' lang='lat' dir='ltr'><strong>quas</strong></span> <span class='ocrx_word' id='word_1_404' title='bbox 3074 2378 3174 2434; x_wconf 86' lang='lat' dir='ltr'><strong>sub</strong></span> <span class='ocrx_word' id='word_1_405' title='bbox 3186 2379 3409 2435; x_wconf 79' lang='lat' dir='ltr'><strong>obtentu</strong></span> <span class='ocrx_word' id='word_1_406' title='bbox 3419 2386 3723 2443; x_wconf 81' lang='lat' dir='ltr'><strong>sacerdotii</strong></span> <span class='ocrx_word' id='word_1_407' title='bbox 3744 2402 3838 2441; x_wconf 86' lang='lat' dir='ltr'><strong>su-</strong></span> 
     </span>
    </p>
   </div>
   <div class='ocr_carea' id='block_1_58' title="bbox 2250 2464 3838 2542">
    <p class='ocr_par' dir='ltr' id='par_1_58' title="bbox 2250 2464 3838 2542">
     <span class='ocr_line' id='line_1_58' title="bbox 2250 2464 3838 2542; baseline 0.011 -25"><span class='ocrx_word' id='word_1_408' title='bbox 2250 2464 2416 2535; x_wconf 85' lang='lat' dir='ltr'><strong>scepi,</strong></span> <span class='ocrx_word' id='word_1_409' title='bbox 2456 2465 2597 2521; x_wconf 88' lang='lat' dir='ltr'><strong>male</strong></span> <span class='ocrx_word' id='word_1_410' title='bbox 2633 2468 2884 2541; x_wconf 81' lang='lat' dir='ltr'><strong>expendi,</strong></span> <span class='ocrx_word' id='word_1_411' title='bbox 2906 2477 2962 2523; x_wconf 88' lang='lat' dir='ltr'><strong>et</strong></span> <span class='ocrx_word' id='word_1_412' title='bbox 2997 2471 3052 2524; x_wconf 93' lang='lat' dir='ltr'><strong>in</strong></span> <span class='ocrx_word' id='word_1_413' title='bbox 3090 2471 3322 2542; x_wconf 82' lang='lat' dir='ltr'><strong>prepriis</strong></span> <span class='ocrx_word' id='word_1_414' title='bbox 3364 2475 3552 2532; x_wconf 88' lang='lat' dir='ltr'><strong>usibus</strong></span> <span class='ocrx_word' id='word_1_415' title='bbox 3579 2477 3728 2536; x_wconf 55' lang='lat' dir='ltr'><strong>,meis</strong></span> <span class='ocrx_word' id='word_1_416' title='bbox 3772 2493 3838 2534; x_wconf 90' lang='lat' dir='ltr'><strong>ea</strong></span> 
     </span>
    </p>
   </div>
   <div class='ocr_carea' id='block_1_59' title="bbox 2250 2556 3833 2631">
    <p class='ocr_par' dir='ltr' id='par_1_59' title="bbox 2250 2556 3833 2631">
     <span class='ocr_line' id='line_1_59' title="bbox 2250 2556 3833 2631; baseline 0.009 -21"><span class='ocrx_word' id='word_1_417' title='bbox 2250 2556 2582 2631; x_wconf 85' lang='lat' dir='ltr'><strong>consumpsi,</strong></span> <span class='ocrx_word' id='word_1_418' title='bbox 2612 2564 2670 2612; x_wconf 90' lang='lat' dir='ltr'><strong>et</strong></span> <span class='ocrx_word' id='word_1_419' title='bbox 2696 2557 2826 2613; x_wconf 91' lang='lat' dir='ltr'><strong>illud</strong></span> <span class='ocrx_word' id='word_1_420' title='bbox 2849 2558 2993 2629; x_wconf 89' lang='lat' dir='ltr'><strong>quod</strong></span> <span class='ocrx_word' id='word_1_421' title='bbox 3022 2560 3147 2615; x_wconf 92' lang='lat' dir='ltr'><strong>inde</strong></span> <span class='ocrx_word' id='word_1_422' title='bbox 3173 2561 3332 2617; x_wconf 87' lang='lat' dir='ltr'><strong>debui</strong></span> <span class='ocrx_word' id='word_1_423' title='bbox 3353 2561 3551 2630; x_wconf 86' lang='lat' dir='ltr'><strong>facere,</strong></span> <span class='ocrx_word' id='word_1_424' title='bbox 3575 2581 3681 2620; x_wconf 89' lang='lat' dir='ltr'><strong>non</strong></span> <span class='ocrx_word' id='word_1_425' title='bbox 3701 2565 3833 2624; x_wconf 88' lang='lat' dir='ltr'><strong>feci.</strong></span> 
     </span>
    </p>
   </div>
   <div class='ocr_carea' id='block_1_60' title="bbox 2251 2645 3837 2729">
    <p class='ocr_par' dir='ltr' id='par_1_60' title="bbox 2251 2645 3837 2729">
     <span class='ocr_line' id='line_1_60' title="bbox 2251 2645 3837 2729; baseline 0.007 -28"><span class='ocrx_word' id='word_1_426' title='bbox 2251 2645 2494 2711; x_wconf 84' lang='lat' dir='ltr'><strong>Peccavi,</strong></span> <span class='ocrx_word' id='word_1_427' title='bbox 2525 2647 2666 2716; x_wconf 89' lang='lat' dir='ltr'><strong>quod</strong></span> <span class='ocrx_word' id='word_1_428' title='bbox 2695 2647 2975 2720; x_wconf 79' lang='lat' dir='ltr'><strong>negligens</strong></span> <span class='ocrx_word' id='word_1_429' title='bbox 3001 2649 3075 2704; x_wconf 88' lang='lat' dir='ltr'><strong>fui</strong></span> <span class='ocrx_word' id='word_1_430' title='bbox 3107 2651 3174 2706; x_wconf 90' lang='lat' dir='ltr'><strong>de</strong></span> <span class='ocrx_word' id='word_1_431' title='bbox 3199 2668 3322 2708; x_wconf 90' lang='lat' dir='ltr'><strong>meo</strong></span> <span class='ocrx_word' id='word_1_432' title='bbox 3344 2669 3530 2722; x_wconf 88' lang='lat' dir='ltr'><strong>cursu,</strong></span> <span class='ocrx_word' id='word_1_433' title='bbox 3553 2671 3712 2726; x_wconf 87' lang='lat' dir='ltr'><strong>quem</strong></span> <span class='ocrx_word' id='word_1_434' title='bbox 3741 2671 3837 2729; x_wconf 85' lang='lat' dir='ltr'><strong>per</strong></span> 
     </span>
    </p>
   </div>
   <div class='ocr_carea' id='block_1_61' title="bbox 2250 2737 3839 2815">
    <p class='ocr_par' dir='ltr' id='par_1_61' title="bbox 2250 2737 3839 2815">
     <span class='ocr_line' id='line_1_61' title="bbox 2250 2737 3839 2815; baseline 0.006 -23"><span class='ocrx_word' id='word_1_435' title='bbox 2250 2737 2415 2792; x_wconf 88' lang='lat' dir='ltr'><strong>horas</strong></span> <span class='ocrx_word' id='word_1_436' title='bbox 2425 2737 2714 2792; x_wconf 89' lang='lat' dir='ltr'><strong>canonicas</strong></span> <span class='ocrx_word' id='word_1_437' title='bbox 2726 2738 3008 2795; x_wconf 82' lang='lat' dir='ltr'><strong>exsolvere</strong></span> <span class='ocrx_word' id='word_1_438' title='bbox 3021 2741 3181 2796; x_wconf 87' lang='lat' dir='ltr'><strong>debui</strong></span> <span class='ocrx_word' id='word_1_439' title='bbox 3200 2758 3215 2808; x_wconf 91' lang='lat'><strong>;</strong></span> <span class='ocrx_word' id='word_1_440' title='bbox 3238 2751 3295 2797; x_wconf 90' lang='lat' dir='ltr'><strong>et</strong></span> <span class='ocrx_word' id='word_1_441' title='bbox 3306 2743 3372 2797; x_wconf 89' lang='lat' dir='ltr'><strong>de</strong></span> <span class='ocrx_word' id='word_1_442' title='bbox 3392 2759 3509 2798; x_wconf 89' lang='lat' dir='ltr'><strong>mea</strong></span> <span class='ocrx_word' id='word_1_443' title='bbox 3521 2744 3839 2815; x_wconf 86' lang='lat' dir='ltr'><strong>psalmodia,</strong></span> 
     </span>
    </p>
   </div>
   <div class='ocr_carea' id='block_1_62' title="bbox 2251 2825 3840 2907">
    <p class='ocr_par' dir='ltr' id='par_1_62' title="bbox 2251 2825 3840 2907">
     <span class='ocr_line' id='line_1_62' title="bbox 2251 2825 3840 2907; baseline 0.007 -22"><span class='ocrx_word' id='word_1_444' title='bbox 2251 2838 2308 2886; x_wconf 87' lang='lat' dir='ltr'><strong>et</strong></span> <span class='ocrx_word' id='word_1_445' title='bbox 2325 2830 2393 2886; x_wconf 90' lang='lat' dir='ltr'><strong>de</strong></span> <span class='ocrx_word' id='word_1_446' title='bbox 2412 2831 2548 2886; x_wconf 87' lang='lat' dir='ltr'><strong>meis</strong></span> <span class='ocrx_word' id='word_1_447' title='bbox 2564 2832 2920 2898; x_wconf 87' lang='lat' dir='ltr'><strong>orationibus,</strong></span> <span class='ocrx_word' id='word_1_448' title='bbox 2937 2835 3070 2890; x_wconf 88' lang='lat' dir='ltr'><strong>etde</strong></span> <span class='ocrx_word' id='word_1_449' title='bbox 3087 2832 3210 2891; x_wconf 87' lang='lat' dir='ltr'><strong>meo</strong></span> <span class='ocrx_word' id='word_1_450' title='bbox 3226 2825 3552 2904; x_wconf 83' lang='lat' dir='ltr'><strong>ministerio,</strong></span> <span class='ocrx_word' id='word_1_451' title='bbox 3564 2840 3707 2907; x_wconf 86' lang='lat' dir='ltr'><strong>quod</strong></span> <span class='ocrx_word' id='word_1_452' title='bbox 3729 2856 3840 2896; x_wconf 88' lang='lat' dir='ltr'><strong>non</strong></span> 
     </span>
    </p>
   </div>
   <div class='ocr_carea' id='block_1_63' title="bbox 2252 2911 3839 2997">
    <p class='ocr_par' dir='ltr' id='par_1_63' title="bbox 2252 2911 3839 2997">
     <span class='ocr_line' id='line_1_63' title="bbox 2252 2911 3839 2997; baseline 0.006 -23"><span class='ocrx_word' id='word_1_453' title='bbox 2252 2919 2520 2975; x_wconf 86' lang='lat' dir='ltr'><strong>eustodivi</strong></span> <span class='ocrx_word' id='word_1_454' title='bbox 2549 2921 2846 2977; x_wconf 85' lang='lat' dir='ltr'><strong>secundum</strong></span> <span class='ocrx_word' id='word_1_455' title='bbox 2882 2913 3166 2978; x_wconf 67' lang='lat' dir='ltr'><strong>ordinem.~</strong></span> <span class='ocrx_word' id='word_1_456' title='bbox 3185 2923 3409 2979; x_wconf 84' lang='lat' dir='ltr'><strong>Peccavi</strong></span> <span class='ocrx_word' id='word_1_457' title='bbox 3429 2926 3497 2980; x_wconf 89' lang='lat' dir='ltr'><strong>de</strong></span> <span class='ocrx_word' id='word_1_458' title='bbox 3526 2927 3630 2982; x_wconf 89' lang='lat' dir='ltr'><strong>illis</strong></span> <span class='ocrx_word' id='word_1_459' title='bbox 3647 2911 3839 2997; x_wconf 72' lang='grc' dir='ltr'><strong>ἰ)ωηί-</strong></span> 
     </span>
    </p>
   </div>
   <div class='ocr_carea' id='block_1_64' title="bbox 638 3014 2156 3097">
    <p class='ocr_par' dir='ltr' id='par_1_64' title="bbox 638 3016 2152 3097">
     <span class='ocr_line' id='line_1_64' title="bbox 638 3016 2152 3097; baseline 0.007 -26"><span class='ocrx_word' id='word_1_460' title='bbox 638 3016 966 3074; x_wconf 82' lang='lat' dir='ltr'><strong>Consecrata</strong></span> <span class='ocrx_word' id='word_1_461' title='bbox 994 3019 1088 3074; x_wconf 89' lang='lat' dir='ltr'><strong>Dei</strong></span> <span class='ocrx_word' id='word_1_462' title='bbox 1121 3020 1442 3086; x_wconf 84' lang='lat' dir='ltr'><strong>ministeria,</strong></span> <span class='ocrx_word' id='word_1_463' title='bbox 1472 3032 1527 3078; x_wconf 90' lang='lat' dir='ltr'><strong>et</strong></span> <span class='ocrx_word' id='word_1_464' title='bbox 1551 3031 1768 3079; x_wconf 87' lang='lat' dir='ltr'><strong>sanctas</strong></span> <span class='ocrx_word' id='word_1_465' title='bbox 1794 3024 2068 3097; x_wconf 89' lang='lat' dir='ltr'><strong>reliquias,</strong></span> <span class='ocrx_word' id='word_1_466' title='bbox 2097 3035 2152 3083; x_wconf 87' lang='lat' dir='ltr'><strong>et</strong></span> 
     </span>
    </p>
   </div>
   <div class='ocr_carea' id='block_1_65' title="bbox 2240 3014 3832 3097">
    <p class='ocr_par' dir='ltr' id='par_1_65' title="bbox 2257 3014 3832 3090">
     <span class='ocr_line' id='line_1_65' title="bbox 2257 3014 3832 3090; baseline 0.004 -21"><span class='ocrx_word' id='word_1_467' title='bbox 2257 3014 2497 3070; x_wconf 86' lang='lat' dir='ltr'><strong>tentibus</strong></span> <span class='ocrx_word' id='word_1_468' title='bbox 2523 3015 2615 3085; x_wconf 91' lang='lat' dir='ltr'><strong>qui</strong></span> <span class='ocrx_word' id='word_1_469' title='bbox 2642 3014 2712 3070; x_wconf 89' lang='lat' dir='ltr'><strong>ad</strong></span> <span class='ocrx_word' id='word_1_470' title='bbox 2740 3029 2827 3072; x_wconf 87' lang='lat' dir='ltr'><strong>me</strong></span> <span class='ocrx_word' id='word_1_471' title='bbox 2854 3024 3074 3087; x_wconf 87' lang='lat' dir='ltr'><strong>propter</strong></span> <span class='ocrx_word' id='word_1_472' title='bbox 3097 3017 3208 3090; x_wconf 66' lang='grc' dir='ltr'><strong>ω</strong></span> <span class='ocrx_word' id='word_1_473' title='bbox 3235 3018 3626 3077; x_wconf 85' lang='lat' dir='ltr'><strong>confessionem</strong></span> <span class='ocrx_word' id='word_1_474' title='bbox 3665 3036 3832 3076; x_wconf 89' lang='lat' dir='ltr'><strong>vene-</strong></span> 
     </span>
    </p>
   </div>
   <div class='ocr_carea' id='block_1_66' title="bbox 570 3109 2154 3188">
    <p class='ocr_par' dir='ltr' id='par_1_66' title="bbox 570 3109 2154 3188">
     <span class='ocr_line' id='line_1_66' title="bbox 570 3109 2154 3188; baseline 0.008 -28"><span class='ocrx_word' id='word_1_475' title='bbox 570 3117 786 3164; x_wconf 81' lang='lat' dir='ltr'><strong>sanctos</strong></span> <span class='ocrx_word' id='word_1_476' title='bbox 812 3109 1046 3175; x_wconf 76' lang='lat' dir='ltr'><strong>codices,</strong></span> <span class='ocrx_word' id='word_1_477' title='bbox 1067 3119 1122 3166; x_wconf 90' lang='lat' dir='ltr'><strong>et</strong></span> <span class='ocrx_word' id='word_1_478' title='bbox 1148 3121 1334 3167; x_wconf 88' lang='lat' dir='ltr'><strong>sancta</strong></span> <span class='ocrx_word' id='word_1_479' title='bbox 1377 3128 1506 3169; x_wconf 83' lang='lat' dir='ltr'><strong>vasa</strong></span> <span class='ocrx_word' id='word_1_480' title='bbox 1541 3115 1792 3186; x_wconf 84' lang='lat' dir='ltr'><strong>indignus</strong></span> <span class='ocrx_word' id='word_1_481' title='bbox 1829 3125 1884 3172; x_wconf 90' lang='lat' dir='ltr'><strong>et</strong></span> <span class='ocrx_word' id='word_1_482' title='bbox 1919 3117 2154 3188; x_wconf 85' lang='lat' dir='ltr'><strong>pollutus</strong></span> 
     </span>
    </p>
   </div>
   <div class='ocr_carea' id='block_1_67' title="bbox 571 3200 2154 3275">
    <p class='ocr_par' dir='ltr' id='par_1_67' title="bbox 571 3200 2154 3275">
     <span class='ocr_line' id='line_1_67' title="bbox 571 3200 2154 3275; baseline 0.009 -22"><span class='ocrx_word' id='word_1_483' title='bbox 571 3200 746 3270; x_wconf 78' lang='lat' dir='ltr'><strong>tetigi,</strong></span> <span class='ocrx_word' id='word_1_484' title='bbox 777 3208 832 3254; x_wconf 89' lang='lat' dir='ltr'><strong>et</strong></span> <span class='ocrx_word' id='word_1_485' title='bbox 856 3200 1071 3257; x_wconf 86' lang='lat' dir='ltr'><strong>sordide</strong></span> <span class='ocrx_word' id='word_1_486' title='bbox 1095 3211 1256 3272; x_wconf 84' lang='lat' dir='ltr'><strong>atque</strong></span> <span class='ocrx_word' id='word_1_487' title='bbox 1278 3205 1612 3275; x_wconf 73' lang='lat' dir='ltr'><strong>negligenter</strong></span> <span class='ocrx_word' id='word_1_488' title='bbox 1645 3210 1995 3264; x_wconf 85' lang='lat' dir='ltr'><strong>eontrectavi.</strong></span> <span class='ocrx_word' id='word_1_489' title='bbox 2022 3210 2154 3267; x_wconf 92' lang='lat' dir='ltr'><strong>Cor-</strong></span> 
     </span>
    </p>
   </div>
   <div class='ocr_carea' id='block_1_68' title="bbox 569 3291 2151 3371">
    <p class='ocr_par' dir='ltr' id='par_1_68' title="bbox 569 3291 2151 3371">
     <span class='ocr_line' id='line_1_68' title="bbox 569 3291 2151 3371; baseline 0.011 -29"><span class='ocrx_word' id='word_1_490' title='bbox 569 3305 671 3359; x_wconf 92' lang='lat' dir='ltr'><strong>pus</strong></span> <span class='ocrx_word' id='word_1_491' title='bbox 697 3298 753 3344; x_wconf 86' lang='lat' dir='ltr'><strong>et</strong></span> <span class='ocrx_word' id='word_1_492' title='bbox 779 3291 1093 3361; x_wconf 82' lang='lat' dir='ltr'><strong>sanguinem</strong></span> <span class='ocrx_word' id='word_1_493' title='bbox 1127 3293 1338 3348; x_wconf 88' lang='lat' dir='ltr'><strong>Domini</strong></span> <span class='ocrx_word' id='word_1_494' title='bbox 1367 3294 1570 3363; x_wconf 86' lang='lat' dir='ltr'><strong>polluto</strong></span> <span class='ocrx_word' id='word_1_495' title='bbox 1607 3299 1770 3356; x_wconf 83' lang='lat' dir='ltr'><strong>corde</strong></span> <span class='ocrx_word' id='word_1_496' title='bbox 1805 3308 1862 3354; x_wconf 84' lang='lat' dir='ltr'><strong>et</strong></span> <span class='ocrx_word' id='word_1_497' title='bbox 1903 3317 2151 3371; x_wconf 85' lang='lat' dir='ltr'><strong>corpore,</strong></span> 
     </span>
    </p>
   </div>
   <div class='ocr_carea' id='block_1_69' title="bbox 569 3379 2154 3460">
    <p class='ocr_par' dir='ltr' id='par_1_69' title="bbox 569 3379 2154 3460">
     <span class='ocr_line' id='line_1_69' title="bbox 569 3379 2154 3460; baseline 0.006 -25"><span class='ocrx_word' id='word_1_498' title='bbox 569 3379 686 3436; x_wconf 86' lang='lat' dir='ltr'><strong>sine</strong></span> <span class='ocrx_word' id='word_1_499' title='bbox 711 3379 1051 3438; x_wconf 83' lang='lat' dir='ltr'><strong>confessione</strong></span> <span class='ocrx_word' id='word_1_500' title='bbox 1084 3390 1140 3438; x_wconf 89' lang='lat' dir='ltr'><strong>et</strong></span> <span class='ocrx_word' id='word_1_501' title='bbox 1177 3383 1514 3454; x_wconf 69' lang='lat' dir='ltr'><strong>pmnitentia,</strong></span> <span class='ocrx_word' id='word_1_502' title='bbox 1551 3387 1787 3443; x_wconf 81' lang='lat' dir='ltr'><strong>scienter</strong></span> <span class='ocrx_word' id='word_1_503' title='bbox 1819 3389 2036 3460; x_wconf 85' lang='lat' dir='ltr'><strong>indigne</strong></span> <span class='ocrx_word' id='word_1_504' title='bbox 2064 3406 2154 3445; x_wconf 90' lang='lat' dir='ltr'><strong>ae-</strong></span> 
     </span>
    </p>
   </div>
   <div class='ocr_carea' id='block_1_70' title="bbox 567 3472 2157 3548">
    <p class='ocr_par' dir='ltr' id='par_1_70' title="bbox 567 3472 2157 3548">
     <span class='ocr_line' id='line_1_70' title="bbox 567 3472 2157 3548; baseline 0.006 -23"><span class='ocrx_word' id='word_1_505' title='bbox 567 3472 706 3544; x_wconf 86' lang='lat' dir='ltr'><strong>ecpi,</strong></span> <span class='ocrx_word' id='word_1_506' title='bbox 735 3488 834 3528; x_wconf 87' lang='lat' dir='ltr'><strong>nec</strong></span> <span class='ocrx_word' id='word_1_507' title='bbox 862 3472 1126 3548; x_wconf 54' lang='lat' dir='ltr'><strong>judicium</strong></span> <span class='ocrx_word' id='word_1_508' title='bbox 1172 3474 1283 3531; x_wconf 84' lang='lat' dir='ltr'><strong>Dei&#39;</strong></span> <span class='ocrx_word' id='word_1_509' title='bbox 1313 3489 1476 3548; x_wconf 88' lang='lat' dir='ltr'><strong>super</strong></span> <span class='ocrx_word' id='word_1_510' title='bbox 1521 3493 1609 3534; x_wconf 87' lang='lat' dir='ltr'><strong>me</strong></span> <span class='ocrx_word' id='word_1_511' title='bbox 1651 3487 1935 3535; x_wconf 84' lang='lat' dir='ltr'><strong>ventrum</strong></span> <span class='ocrx_word' id='word_1_512' title='bbox 1974 3488 2157 3536; x_wconf 75' lang='lat' dir='ltr'><strong>exter-</strong></span> 
     </span>
    </p>
   </div>
   <div class='ocr_carea' id='block_1_71' title="bbox 571 3562 2155 3637">
    <p class='ocr_par' dir='ltr' id='par_1_71' title="bbox 571 3562 2155 3637">
     <span class='ocr_line' id='line_1_71' title="bbox 571 3562 2155 3637; baseline 0.008 -23"><span class='ocrx_word' id='word_1_513' title='bbox 571 3562 706 3616; x_wconf 82' lang='lat' dir='ltr'><strong>ritus</strong></span> <span class='ocrx_word' id='word_1_514' title='bbox 747 3564 924 3631; x_wconf 87' lang='lat' dir='ltr'><strong>timui,</strong></span> <span class='ocrx_word' id='word_1_515' title='bbox 975 3573 1038 3622; x_wconf 86' lang='lat' dir='ltr'><strong>ut</strong></span> <span class='ocrx_word' id='word_1_516' title='bbox 1082 3565 1275 3624; x_wconf 84' lang='lat' dir='ltr'><strong>timere</strong></span> <span class='ocrx_word' id='word_1_517' title='bbox 1321 3568 1499 3623; x_wconf 85' lang='lat' dir='ltr'><strong>debui.</strong></span> <span class='ocrx_word' id='word_1_518' title='bbox 1549 3567 1736 3626; x_wconf 73' lang='lat' dir='ltr'><strong>Cilicia</strong></span> <span class='ocrx_word' id='word_1_519' title='bbox 1779 3571 2058 3637; x_wconf 88' lang='lat' dir='ltr'><strong>canonica,</strong></span> <span class='ocrx_word' id='word_1_520' title='bbox 2101 3580 2155 3627; x_wconf 87' lang='lat' dir='ltr'><strong>et</strong></span> 
     </span>
    </p>
   </div>
   <div class='ocr_carea' id='block_1_72' title="bbox 570 3655 2154 3734">
    <p class='ocr_par' dir='ltr' id='par_1_72' title="bbox 570 3655 2154 3734">
     <span class='ocr_line' id='line_1_72' title="bbox 570 3655 2154 3734; baseline 0.006 -24"><span class='ocrx_word' id='word_1_521' title='bbox 570 3655 844 3710; x_wconf 84' lang='lat' dir='ltr'><strong>orationes</strong></span> <span class='ocrx_word' id='word_1_522' title='bbox 871 3665 1034 3728; x_wconf 82' lang='lat' dir='ltr'><strong>atque</strong></span> <span class='ocrx_word' id='word_1_523' title='bbox 1058 3659 1386 3728; x_wconf 87' lang='lat' dir='ltr'><strong>psalmodias</strong></span> <span class='ocrx_word' id='word_1_524' title='bbox 1420 3661 1508 3715; x_wconf 88' lang='lat' dir='ltr'><strong>vel</strong></span> <span class='ocrx_word' id='word_1_525' title='bbox 1536 3661 1797 3722; x_wconf 80' lang='lat' dir='ltr'><strong>lectiones</strong></span> <span class='ocrx_word' id='word_1_526' title='bbox 1821 3662 2154 3734; x_wconf 75' lang='lat' dir='ltr'><strong>negligenter</strong></span> 
     </span>
    </p>
   </div>
   <div class='ocr_carea' id='block_1_73' title="bbox 569 3745 2153 3817">
    <p class='ocr_par' dir='ltr' id='par_1_73' title="bbox 569 3745 2153 3817">
     <span class='ocr_line' id='line_1_73' title="bbox 569 3745 2153 3817; baseline 0.008 -20"><span class='ocrx_word' id='word_1_527' title='bbox 569 3755 733 3814; x_wconf 75' lang='lat' dir='ltr'><strong>atque</strong></span> <span class='ocrx_word' id='word_1_528' title='bbox 761 3745 1122 3805; x_wconf 88' lang='lat' dir='ltr'><strong>irreverenter</strong></span> <span class='ocrx_word' id='word_1_529' title='bbox 1150 3747 1202 3801; x_wconf 89' lang='lat' dir='ltr'><strong>in</strong></span> <span class='ocrx_word' id='word_1_530' title='bbox 1240 3758 1532 3817; x_wconf 84' lang='lat' dir='ltr'><strong>conspectu</strong></span> <span class='ocrx_word' id='word_1_531' title='bbox 1557 3750 1654 3805; x_wconf 89' lang='lat' dir='ltr'><strong>Dei</strong></span> <span class='ocrx_word' id='word_1_532' title='bbox 1690 3751 1874 3816; x_wconf 75' lang='lat' dir='ltr'><strong>elludi,</strong></span> <span class='ocrx_word' id='word_1_533' title='bbox 1903 3763 1960 3809; x_wconf 90' lang='lat' dir='ltr'><strong>et</strong></span> <span class='ocrx_word' id='word_1_534' title='bbox 1984 3754 2153 3809; x_wconf 91' lang='lat' dir='ltr'><strong>multa</strong></span> 
     </span>
    </p>
   </div>
   <div class='ocr_carea' id='block_1_74' title="bbox 570 3835 2166 3909">
    <p class='ocr_par' dir='ltr' id='par_1_74' title="bbox 570 3835 2166 3909">
     <span class='ocr_line' id='line_1_74' title="bbox 570 3835 2166 3909; baseline 0.007 -21"><span class='ocrx_word' id='word_1_535' title='bbox 570 3835 772 3900; x_wconf 85' lang='lat' dir='ltr'><strong>dimisi,</strong></span> <span class='ocrx_word' id='word_1_536' title='bbox 818 3850 940 3905; x_wconf 68' lang='lat' dir='ltr'><strong>qum</strong></span> <span class='ocrx_word' id='word_1_537' title='bbox 981 3851 1087 3890; x_wconf 88' lang='lat' dir='ltr'><strong>non</strong></span> <span class='ocrx_word' id='word_1_538' title='bbox 1131 3836 1284 3893; x_wconf 91' lang='lat' dir='ltr'><strong>solvi.</strong></span> <span class='ocrx_word' id='word_1_539' title='bbox 1328 3837 1547 3895; x_wconf 74' lang='lat' dir='ltr'><strong>Patrem</strong></span> <span class='ocrx_word' id='word_1_540' title='bbox 1591 3855 1770 3895; x_wconf 87' lang='lat' dir='ltr'><strong>meum</strong></span> <span class='ocrx_word' id='word_1_541' title='bbox 1812 3851 1869 3895; x_wconf 90' lang='lat' dir='ltr'><strong>et</strong></span> <span class='ocrx_word' id='word_1_542' title='bbox 1900 3852 2166 3909; x_wconf 83' lang='lat' dir='ltr'><strong>matrem,</strong></span> 
     </span>
    </p>
   </div>
   <div class='ocr_carea' id='block_1_75' title="bbox 521 3927 2160 4001">
    <p class='ocr_par' dir='ltr' id='par_1_75' title="bbox 521 3927 2160 4001">
     <span class='ocr_line' id='line_1_75' title="bbox 521 3927 2160 4001; baseline 0.004 -21"><span class='ocrx_word' id='word_1_543' title='bbox 521 3929 525 3933; x_wconf 80' lang='grc'><strong>’</strong></span> <span class='ocrx_word' id='word_1_544' title='bbox 570 3927 767 3981; x_wconf 84' lang='lat' dir='ltr'><strong>fratres</strong></span> <span class='ocrx_word' id='word_1_545' title='bbox 797 3943 945 3982; x_wconf 87' lang='lat' dir='ltr'><strong>meos</strong></span> <span class='ocrx_word' id='word_1_546' title='bbox 973 3937 1030 3983; x_wconf 91' lang='lat' dir='ltr'><strong>et</strong></span> <span class='ocrx_word' id='word_1_547' title='bbox 1055 3942 1290 3993; x_wconf 88' lang='lat' dir='ltr'><strong>sorores,</strong></span> <span class='ocrx_word' id='word_1_548' title='bbox 1333 3936 1388 3983; x_wconf 89' lang='lat' dir='ltr'><strong>et</strong></span> <span class='ocrx_word' id='word_1_549' title='bbox 1413 3944 1603 3984; x_wconf 89' lang='lat' dir='ltr'><strong>omnes</strong></span> <span class='ocrx_word' id='word_1_550' title='bbox 1640 3930 1969 4001; x_wconf 82' lang='lat' dir='ltr'><strong>propinquos</strong></span> <span class='ocrx_word' id='word_1_551' title='bbox 2005 3948 2160 3992; x_wconf 83' lang='lat' dir='ltr'><strong>meos.</strong></span> 
     </span>
    </p>
   </div>
   <div class='ocr_carea' id='block_1_76' title="bbox 568 4016 2151 4093">
    <p class='ocr_par' dir='ltr' id='par_1_76' title="bbox 568 4016 2151 4093">
     <span class='ocr_line' id='line_1_76' title="bbox 568 4016 2151 4093; baseline 0.003 -21"><span class='ocrx_word' id='word_1_552' title='bbox 568 4029 626 4072; x_wconf 88' lang='lat' dir='ltr'><strong>et</strong></span> <span class='ocrx_word' id='word_1_553' title='bbox 647 4016 1001 4082; x_wconf 81' lang='lat' dir='ltr'><strong>Christianos,</strong></span> <span class='ocrx_word' id='word_1_554' title='bbox 1036 4033 1164 4082; x_wconf 84' lang='lat' dir='ltr'><strong>non,</strong></span> <span class='ocrx_word' id='word_1_555' title='bbox 1191 4019 1332 4072; x_wconf 88' lang='lat' dir='ltr'><strong>sicut</strong></span> <span class='ocrx_word' id='word_1_556' title='bbox 1357 4021 1614 4090; x_wconf 69' lang='lat' dir='ltr'><strong>praecepit</strong></span> <span class='ocrx_word' id='word_1_557' title='bbox 1647 4020 1809 4086; x_wconf 90' lang='lat' dir='ltr'><strong>Deus,</strong></span> <span class='ocrx_word' id='word_1_558' title='bbox 1835 4021 1995 4076; x_wconf 81' lang='lat' dir='ltr'><strong>dilexi</strong></span> <span class='ocrx_word' id='word_1_559' title='bbox 2022 4038 2151 4093; x_wconf 88' lang='lat' dir='ltr'><strong>pro-</strong></span> 
     </span>
    </p>
   </div>
   <div class='ocr_carea' id='block_1_77' title="bbox 568 4107 2147 4179">
    <p class='ocr_par' dir='ltr' id='par_1_77' title="bbox 568 4107 2147 4179">
     <span class='ocr_line' id='line_1_77' title="bbox 568 4107 2147 4179; baseline 0.005 -20"><span class='ocrx_word' id='word_1_560' title='bbox 568 4115 690 4174; x_wconf 89' lang='lat' dir='ltr'><strong>pter</strong></span> <span class='ocrx_word' id='word_1_561' title='bbox 719 4107 911 4172; x_wconf 83' lang='lat' dir='ltr'><strong>Deum,</strong></span> <span class='ocrx_word' id='word_1_562' title='bbox 955 4114 1013 4161; x_wconf 87' lang='lat' dir='ltr'><strong>et</strong></span> <span class='ocrx_word' id='word_1_563' title='bbox 1049 4122 1152 4161; x_wconf 87' lang='lat' dir='ltr'><strong>nec</strong></span> <span class='ocrx_word' id='word_1_564' title='bbox 1190 4108 1271 4162; x_wconf 87' lang='lat' dir='ltr'><strong>eis</strong></span> <span class='ocrx_word' id='word_1_565' title='bbox 1298 4108 1521 4165; x_wconf 77' lang='lat' dir='ltr'><strong>honoris</strong></span> <span class='ocrx_word' id='word_1_566' title='bbox 1547 4110 1866 4179; x_wconf 78' lang='lat' dir='ltr'><strong>obsequium</strong></span> <span class='ocrx_word' id='word_1_567' title='bbox 1893 4112 2147 4176; x_wconf 81' lang='lat' dir='ltr'><strong>exhibui;</strong></span> 
     </span>
    </p>
   </div>
   <div class='ocr_carea' id='block_1_78' title="bbox 571 4195 2151 4270">
    <p class='ocr_par' dir='ltr' id='par_1_78' title="bbox 571 4195 2151 4270">
     <span class='ocr_line' id='line_1_78' title="bbox 571 4195 2151 4270; baseline 0.004 -19"><span class='ocrx_word' id='word_1_568' title='bbox 571 4196 671 4251; x_wconf 83' lang='lat' dir='ltr'><strong>sed</strong></span> <span class='ocrx_word' id='word_1_569' title='bbox 693 4211 906 4266; x_wconf 79' lang='lat' dir='ltr'><strong>semper</strong></span> <span class='ocrx_word' id='word_1_570' title='bbox 940 4195 1193 4251; x_wconf 75' lang='lat' dir='ltr'><strong>omnibus</strong></span> <span class='ocrx_word' id='word_1_571' title='bbox 1231 4197 1524 4252; x_wconf 80' lang='lat' dir='ltr'><strong>carnaliter</strong></span> <span class='ocrx_word' id='word_1_572' title='bbox 1559 4198 1774 4267; x_wconf 84' lang='lat' dir='ltr'><strong>placere</strong></span> <span class='ocrx_word' id='word_1_573' title='bbox 1813 4200 1979 4265; x_wconf 87' lang='lat' dir='ltr'><strong>volui,</strong></span> <span class='ocrx_word' id='word_1_574' title='bbox 2025 4203 2151 4270; x_wconf 88' lang='lat' dir='ltr'><strong>quia</strong></span> 
     </span>
    </p>
   </div>
   <div class='ocr_carea' id='block_1_79' title="bbox 2255 3108 3958 3182">
    <p class='ocr_par' dir='ltr' id='par_1_79' title="bbox 2255 3108 3958 3182">
     <span class='ocr_line' id='line_1_79' title="bbox 2255 3108 3958 3182; baseline 0.005 -23"><span class='ocrx_word' id='word_1_575' title='bbox 2255 3112 2404 3171; x_wconf 90' lang='lat' dir='ltr'><strong>runt,</strong></span> <span class='ocrx_word' id='word_1_576' title='bbox 2444 3120 2581 3176; x_wconf 90' lang='lat' dir='ltr'><strong>quos</strong></span> <span class='ocrx_word' id='word_1_577' title='bbox 2613 3120 2712 3176; x_wconf 82' lang='lat' dir='ltr'><strong>ego</strong></span> <span class='ocrx_word' id='word_1_578' title='bbox 2739 3121 2839 3162; x_wconf 87' lang='lat' dir='ltr'><strong>nec</strong></span> <span class='ocrx_word' id='word_1_579' title='bbox 2885 3108 3180 3164; x_wconf 88' lang='lat' dir='ltr'><strong>secundum</strong></span> <span class='ocrx_word' id='word_1_580' title='bbox 3223 3110 3542 3166; x_wconf 87' lang='lat' dir='ltr'><strong>canonicum</strong></span> <span class='ocrx_word' id='word_1_581' title='bbox 3577 3110 3840 3182; x_wconf 84' lang='lat' dir='ltr'><strong>judicium</strong></span> <span class='ocrx_word' id='word_1_582' title='bbox 3955 3157 3958 3160; x_wconf 45' lang='grc' dir='ltr'><strong>ι</strong></span> 
     </span>
    </p>
   </div>
   <div class='ocr_carea' id='block_1_80' title="bbox 2248 3193 3845 3266">
    <p class='ocr_par' dir='ltr' id='par_1_80' title="bbox 2248 3193 3845 3266">
     <span class='ocr_line' id='line_1_80' title="bbox 2248 3193 3845 3266; baseline 0.005 -16"><span class='ocrx_word' id='word_1_583' title='bbox 2248 3193 2508 3265; x_wconf 75' lang='lat' dir='ltr'><strong>iudicavi,</strong></span> <span class='ocrx_word' id='word_1_584' title='bbox 2538 3209 2642 3251; x_wconf 89' lang='lat' dir='ltr'><strong>nec</strong></span> <span class='ocrx_word' id='word_1_585' title='bbox 2665 3195 2926 3252; x_wconf 88' lang='lat' dir='ltr'><strong>sollicitus</strong></span> <span class='ocrx_word' id='word_1_586' title='bbox 2957 3195 3033 3252; x_wconf 84' lang='lat' dir='ltr'><strong>fui</strong></span> <span class='ocrx_word' id='word_1_587' title='bbox 3063 3198 3130 3254; x_wconf 92' lang='lat' dir='ltr'><strong>de</strong></span> <span class='ocrx_word' id='word_1_588' title='bbox 3157 3199 3282 3266; x_wconf 86' lang='lat' dir='ltr'><strong>illis,</strong></span> <span class='ocrx_word' id='word_1_589' title='bbox 3330 3200 3472 3256; x_wconf 91' lang='lat' dir='ltr'><strong>sicut</strong></span> <span class='ocrx_word' id='word_1_590' title='bbox 3500 3200 3676 3257; x_wconf 90' lang='lat' dir='ltr'><strong>debui.</strong></span> <span class='ocrx_word' id='word_1_591' title='bbox 3709 3201 3845 3259; x_wconf 82' lang='lat' dir='ltr'><strong>Pec-</strong></span> 
     </span>
    </p>
   </div>
   <div class='ocr_carea' id='block_1_81' title="bbox 2253 3286 3840 3366">
    <p class='ocr_par' dir='ltr' id='par_1_81' title="bbox 2253 3286 3840 3366">
     <span class='ocr_line' id='line_1_81' title="bbox 2253 3286 3840 3366; baseline 0.004 -25"><span class='ocrx_word' id='word_1_592' title='bbox 2253 3286 2372 3342; x_wconf 89' lang='lat' dir='ltr'><strong>cavi</strong></span> <span class='ocrx_word' id='word_1_593' title='bbox 2396 3301 2522 3358; x_wconf 88' lang='lat' dir='ltr'><strong>erga</strong></span> <span class='ocrx_word' id='word_1_594' title='bbox 2543 3287 2786 3344; x_wconf 85' lang='lat' dir='ltr'><strong>subditos</strong></span> <span class='ocrx_word' id='word_1_595' title='bbox 2806 3290 2960 3356; x_wconf 90' lang='lat' dir='ltr'><strong>mihi,</strong></span> <span class='ocrx_word' id='word_1_596' title='bbox 2986 3291 3113 3360; x_wconf 90' lang='lat' dir='ltr'><strong>quia</strong></span> <span class='ocrx_word' id='word_1_597' title='bbox 3135 3291 3279 3347; x_wconf 88' lang='lat' dir='ltr'><strong>circa</strong></span> <span class='ocrx_word' id='word_1_598' title='bbox 3304 3292 3638 3366; x_wconf 88' lang='lat' dir='ltr'><strong>negligentes</strong></span> <span class='ocrx_word' id='word_1_599' title='bbox 3664 3289 3840 3349; x_wconf 84' lang='lat' dir='ltr'><strong>zelum</strong></span> 
     </span>
    </p>
   </div>
   <div class='ocr_carea' id='block_1_82' title="bbox 2255 3379 3837 3450">
    <p class='ocr_par' dir='ltr' id='par_1_82' title="bbox 2255 3379 3837 3450">
     <span class='ocr_line' id='line_1_82' title="bbox 2255 3379 3837 3450; baseline 0.003 -17"><span class='ocrx_word' id='word_1_600' title='bbox 2255 3380 2596 3435; x_wconf 81' lang='lat' dir='ltr'><strong>rectitudinis</strong></span> <span class='ocrx_word' id='word_1_601' title='bbox 2614 3379 2764 3449; x_wconf 86' lang='lat' dir='ltr'><strong>justo</strong></span> <span class='ocrx_word' id='word_1_602' title='bbox 2793 3382 3162 3438; x_wconf 86' lang='lat' dir='ltr'><strong>moderamine</strong></span> <span class='ocrx_word' id='word_1_603' title='bbox 3201 3396 3310 3438; x_wconf 86' lang='lat' dir='ltr'><strong>non</strong></span> <span class='ocrx_word' id='word_1_604' title='bbox 3357 3384 3527 3450; x_wconf 88' lang='lat' dir='ltr'><strong>tenui,</strong></span> <span class='ocrx_word' id='word_1_605' title='bbox 3557 3392 3617 3438; x_wconf 91' lang='lat' dir='ltr'><strong>ut</strong></span> <span class='ocrx_word' id='word_1_606' title='bbox 3642 3379 3837 3449; x_wconf 82' lang='lat' dir='ltr'><strong>debui;</strong></span> 
     </span>
    </p>
   </div>
   <div class='ocr_carea' id='block_1_83' title="bbox 2253 3468 3838 3544">
    <p class='ocr_par' dir='ltr' id='par_1_83' title="bbox 2253 3468 3838 3544">
     <span class='ocr_line' id='line_1_83' title="bbox 2253 3468 3838 3544; baseline 0.004 -24"><span class='ocrx_word' id='word_1_607' title='bbox 2253 3475 2311 3520; x_wconf 85' lang='lat' dir='ltr'><strong>et</strong></span> <span class='ocrx_word' id='word_1_608' title='bbox 2331 3482 2474 3536; x_wconf 57' lang='lat' dir='ltr'><strong>saepe</strong></span> <span class='ocrx_word' id='word_1_609' title='bbox 2503 3483 2598 3537; x_wconf 88' lang='lat' dir='ltr'><strong>per</strong></span> <span class='ocrx_word' id='word_1_610' title='bbox 2621 3468 2867 3524; x_wconf 85' lang='lat' dir='ltr'><strong>inutilem</strong></span> <span class='ocrx_word' id='word_1_611' title='bbox 2908 3470 3283 3525; x_wconf 75' lang='lat' dir='ltr'><strong>remissionem</strong></span> <span class='ocrx_word' id='word_1_612' title='bbox 3327 3471 3409 3525; x_wconf 91' lang='lat' dir='ltr'><strong>eis</strong></span> <span class='ocrx_word' id='word_1_613' title='bbox 3452 3471 3838 3544; x_wconf 80' lang='lat' dir='ltr'><strong>condescendi,</strong></span> 
     </span>
    </p>
   </div>
   <div class='ocr_carea' id='block_1_84' title="bbox 2254 3555 3838 3629">
    <p class='ocr_par' dir='ltr' id='par_1_84' title="bbox 2254 3555 3838 3629">
     <span class='ocr_line' id='line_1_84' title="bbox 2254 3555 3838 3629; baseline 0.004 -20"><span class='ocrx_word' id='word_1_614' title='bbox 2254 3555 2471 3626; x_wconf 84' lang='lat' dir='ltr'><strong>quando</strong></span> <span class='ocrx_word' id='word_1_615' title='bbox 2488 3572 2598 3610; x_wconf 90' lang='lat' dir='ltr'><strong>non</strong></span> <span class='ocrx_word' id='word_1_616' title='bbox 2627 3556 2805 3611; x_wconf 89' lang='lat' dir='ltr'><strong>debui.</strong></span> <span class='ocrx_word' id='word_1_617' title='bbox 2847 3555 3077 3612; x_wconf 80' lang='lat' dir='ltr'><strong>Peccavi</strong></span> <span class='ocrx_word' id='word_1_618' title='bbox 3124 3567 3412 3629; x_wconf 83' lang='lat' dir='ltr'><strong>postquam</strong></span> <span class='ocrx_word' id='word_1_619' title='bbox 3447 3558 3728 3616; x_wconf 80' lang='lat' dir='ltr'><strong>confessus</strong></span> <span class='ocrx_word' id='word_1_620' title='bbox 3754 3560 3838 3615; x_wconf 82' lang='lat' dir='ltr'><strong>fui</strong></span> 
     </span>
    </p>
   </div>
   <div class='ocr_carea' id='block_1_85' title="bbox 2254 3635 3841 3719">
    <p class='ocr_par' dir='ltr' id='par_1_85' title="bbox 2254 3635 3841 3719">
     <span class='ocr_line' id='line_1_85' title="bbox 2254 3635 3841 3719; baseline 0.004 -18"><span class='ocrx_word' id='word_1_621' title='bbox 2254 3647 2480 3702; x_wconf 85' lang='lat' dir='ltr'><strong>crimina</strong></span> <span class='ocrx_word' id='word_1_622' title='bbox 2511 3662 2630 3703; x_wconf 85' lang='lat' dir='ltr'><strong>mea</strong></span> <span class='ocrx_word' id='word_1_623' title='bbox 2673 3663 2794 3719; x_wconf 68' lang='lat' dir='ltr'><strong>quae</strong></span> <span class='ocrx_word' id='word_1_624' title='bbox 2823 3635 3147 3719; x_wconf 71' lang='lat' dir='ltr'><strong>perpetra&#39;vi.</strong></span> <span class='ocrx_word' id='word_1_625' title='bbox 3197 3649 3424 3705; x_wconf 82' lang='lat' dir='ltr'><strong>Peccavi</strong></span> <span class='ocrx_word' id='word_1_626' title='bbox 3470 3651 3525 3705; x_wconf 92' lang='lat' dir='ltr'><strong>in</strong></span> <span class='ocrx_word' id='word_1_627' title='bbox 3569 3650 3841 3707; x_wconf 89' lang='lat' dir='ltr'><strong>desiderio</strong></span> 
     </span>
    </p>
   </div>
   <div class='ocr_carea' id='block_1_86' title="bbox 2254 3737 3839 3807">
    <p class='ocr_par' dir='ltr' id='par_1_86' title="bbox 2254 3737 3839 3807">
     <span class='ocr_line' id='line_1_86' title="bbox 2254 3737 3839 3807; baseline 0.001 -14"><span class='ocrx_word' id='word_1_628' title='bbox 2254 3737 2553 3793; x_wconf 84' lang='lat' dir='ltr'><strong>alienarum</strong></span> <span class='ocrx_word' id='word_1_629' title='bbox 2600 3752 2806 3803; x_wconf 89' lang='lat' dir='ltr'><strong>rerum,</strong></span> <span class='ocrx_word' id='word_1_630' title='bbox 2860 3746 2916 3792; x_wconf 86' lang='lat' dir='ltr'><strong>et</strong></span> <span class='ocrx_word' id='word_1_631' title='bbox 2957 3753 3058 3807; x_wconf 90' lang='lat' dir='ltr'><strong>per</strong></span> <span class='ocrx_word' id='word_1_632' title='bbox 3105 3738 3479 3794; x_wconf 84' lang='lat' dir='ltr'><strong>curiositatem</strong></span> <span class='ocrx_word' id='word_1_633' title='bbox 3524 3738 3692 3794; x_wconf 88' lang='lat' dir='ltr'><strong>multa</strong></span> <span class='ocrx_word' id='word_1_634' title='bbox 3729 3740 3839 3795; x_wconf 90' lang='lat' dir='ltr'><strong>vidi</strong></span> 
     </span>
    </p>
   </div>
   <div class='ocr_carea' id='block_1_87' title="bbox 2251 3829 3840 3900">
    <p class='ocr_par' dir='ltr' id='par_1_87' title="bbox 2251 3829 3840 3900">
     <span class='ocr_line' id='line_1_87' title="bbox 2251 3829 3840 3900; baseline 0 -16"><span class='ocrx_word' id='word_1_635' title='bbox 2251 3829 2422 3885; x_wconf 83' lang='lat' dir='ltr'><strong>oculis</strong></span> <span class='ocrx_word' id='word_1_636' title='bbox 2452 3829 2608 3894; x_wconf 88' lang='lat' dir='ltr'><strong>meis,</strong></span> <span class='ocrx_word' id='word_1_637' title='bbox 2637 3836 2695 3884; x_wconf 90' lang='lat' dir='ltr'><strong>et</strong></span> <span class='ocrx_word' id='word_1_638' title='bbox 2720 3829 2885 3884; x_wconf 85' lang='lat' dir='ltr'><strong>multa</strong></span> <span class='ocrx_word' id='word_1_639' title='bbox 2913 3829 3094 3885; x_wconf 89' lang='lat' dir='ltr'><strong>audivi</strong></span> <span class='ocrx_word' id='word_1_640' title='bbox 3129 3831 3350 3886; x_wconf 83' lang='lat' dir='ltr'><strong>auribus</strong></span> <span class='ocrx_word' id='word_1_641' title='bbox 3385 3831 3543 3897; x_wconf 88' lang='lat' dir='ltr'><strong>meis,</strong></span> <span class='ocrx_word' id='word_1_642' title='bbox 3583 3845 3706 3900; x_wconf 74' lang='lat' dir='ltr'><strong>quze</strong></span> <span class='ocrx_word' id='word_1_643' title='bbox 3740 3844 3840 3884; x_wconf 89' lang='lat' dir='ltr'><strong>nee</strong></span> 
     </span>
    </p>
   </div>
   <div class='ocr_carea' id='block_1_88' title="bbox 2254 3919 3838 3991">
    <p class='ocr_par' dir='ltr' id='par_1_88' title="bbox 2254 3919 3838 3991">
     <span class='ocr_line' id='line_1_88' title="bbox 2254 3919 3838 3991; baseline 0 -17"><span class='ocrx_word' id='word_1_644' title='bbox 2254 3921 2437 3975; x_wconf 86' lang='lat' dir='ltr'><strong>videre</strong></span> <span class='ocrx_word' id='word_1_645' title='bbox 2470 3935 2573 3976; x_wconf 89' lang='lat' dir='ltr'><strong>nec</strong></span> <span class='ocrx_word' id='word_1_646' title='bbox 2621 3920 2809 3976; x_wconf 88' lang='lat' dir='ltr'><strong>audire</strong></span> <span class='ocrx_word' id='word_1_647' title='bbox 2853 3929 3183 3991; x_wconf 86' lang='lat' dir='ltr'><strong>oportuerat.</strong></span> <span class='ocrx_word' id='word_1_648' title='bbox 3230 3919 3386 3991; x_wconf 68' lang='lat' dir='ltr'><strong>Saepe</strong></span> <span class='ocrx_word' id='word_1_649' title='bbox 3428 3921 3574 3976; x_wconf 89' lang='lat' dir='ltr'><strong>volui</strong></span> <span class='ocrx_word' id='word_1_650' title='bbox 3625 3919 3838 3990; x_wconf 86' lang='lat' dir='ltr'><strong>publica</strong></span> 
     </span>
    </p>
   </div>
   <div class='ocr_carea' id='block_1_89' title="bbox 2253 4011 3836 4083">
    <p class='ocr_par' dir='ltr' id='par_1_89' title="bbox 2253 4011 3836 4083">
     <span class='ocr_line' id='line_1_89' title="bbox 2253 4011 3836 4083; baseline -0.001 -17"><span class='ocrx_word' id='word_1_651' title='bbox 2253 4011 2625 4082; x_wconf 87' lang='lat' dir='ltr'><strong>increpatione</strong></span> <span class='ocrx_word' id='word_1_652' title='bbox 2651 4026 2776 4067; x_wconf 90' lang='lat' dir='ltr'><strong>eum</strong></span> <span class='ocrx_word' id='word_1_653' title='bbox 2801 4012 2894 4082; x_wconf 90' lang='lat' dir='ltr'><strong>qui</strong></span> <span class='ocrx_word' id='word_1_654' title='bbox 2920 4012 3052 4067; x_wconf 90' lang='lat' dir='ltr'><strong>mibi</strong></span> <span class='ocrx_word' id='word_1_655' title='bbox 3081 4027 3188 4067; x_wconf 89' lang='lat' dir='ltr'><strong>non</strong></span> <span class='ocrx_word' id='word_1_656' title='bbox 3211 4012 3435 4083; x_wconf 79' lang='lat' dir='ltr'><strong>placuit,</strong></span> <span class='ocrx_word' id='word_1_657' title='bbox 3482 4011 3836 4074; x_wconf 84' lang='lat' dir='ltr'><strong>confundere,</strong></span> 
     </span>
    </p>
   </div>
   <div class='ocr_carea' id='block_1_90' title="bbox 2252 4085 3840 4176">
    <p class='ocr_par' dir='ltr' id='par_1_90' title="bbox 2252 4085 3840 4176">
     <span class='ocr_line' id='line_1_90' title="bbox 2252 4085 3840 4176; baseline -0.004 -16"><span class='ocrx_word' id='word_1_658' title='bbox 2252 4113 2308 4160; x_wconf 85' lang='lat' dir='ltr'><strong>et</strong></span> <span class='ocrx_word' id='word_1_659' title='bbox 2330 4085 2564 4176; x_wconf 78' lang='lat' dir='ltr'><strong>proximi</strong></span> <span class='ocrx_word' id='word_1_660' title='bbox 2597 4104 2794 4159; x_wconf 83' lang='lat' dir='ltr'><strong>fatuam</strong></span> <span class='ocrx_word' id='word_1_661' title='bbox 2819 4100 3149 4159; x_wconf 80' lang='lat' dir='ltr'><strong>mordaciter</strong></span> <span class='ocrx_word' id='word_1_662' title='bbox 3175 4117 3422 4172; x_wconf 86' lang='lat' dir='ltr'><strong>carpere,</strong></span> <span class='ocrx_word' id='word_1_663' title='bbox 3450 4109 3507 4156; x_wconf 91' lang='lat' dir='ltr'><strong>et</strong></span> <span class='ocrx_word' id='word_1_664' title='bbox 3528 4100 3731 4168; x_wconf 88' lang='lat' dir='ltr'><strong>passim</strong></span> <span class='ocrx_word' id='word_1_665' title='bbox 3756 4099 3840 4154; x_wconf 91' lang='lat' dir='ltr'><strong>vi-</strong></span> 
     </span>
    </p>
   </div>
   <div class='ocr_carea' id='block_1_91' title="bbox 2252 4184 3834 4264">
    <p class='ocr_par' dir='ltr' id='par_1_91' title="bbox 2252 4184 3834 4264">
     <span class='ocr_line' id='line_1_91' title="bbox 2252 4184 3834 4264; baseline -0.003 -16"><span class='ocrx_word' id='word_1_666' title='bbox 2252 4203 2524 4264; x_wconf 84' lang='lat' dir='ltr'><strong>tuperare.</strong></span> <span class='ocrx_word' id='word_1_667' title='bbox 2549 4193 2703 4262; x_wconf 56' lang='lat' dir='ltr'><strong>Saepe</strong></span> <span class='ocrx_word' id='word_1_668' title='bbox 2730 4193 2943 4248; x_wconf 89' lang='lat' dir='ltr'><strong>occulta</strong></span> <span class='ocrx_word' id='word_1_669' title='bbox 2979 4191 3159 4245; x_wconf 83' lang='lat' dir='ltr'><strong>cordis</strong></span> <span class='ocrx_word' id='word_1_670' title='bbox 3181 4184 3344 4244; x_wconf 85' lang='lat' dir='ltr'><strong>alieni</strong></span> <span class='ocrx_word' id='word_1_671' title='bbox 3366 4188 3506 4243; x_wconf 85' lang='lat' dir='ltr'><strong>male</strong></span> <span class='ocrx_word' id='word_1_672' title='bbox 3524 4187 3834 4258; x_wconf 77' lang='lat' dir='ltr'><strong>diiudicari.</strong></span> 
     </span>
    </p>
   </div>
   <div class='ocr_carea' id='block_1_92' title="bbox 569 4278 3836 4386">
    <p class='ocr_par' dir='ltr' id='par_1_92' title="bbox 569 4278 3836 4386">
     <span class='ocr_line' id='line_1_92' title="bbox 569 4278 3836 4386; baseline -0.002 -48"><span class='ocrx_word' id='word_1_673' title='bbox 569 4299 692 4353; x_wconf 65' lang='lat' dir='ltr'><strong>quae</strong></span> <span class='ocrx_word' id='word_1_674' title='bbox 729 4298 847 4338; x_wconf 89' lang='lat' dir='ltr'><strong>mea</strong></span> <span class='ocrx_word' id='word_1_675' title='bbox 875 4291 1024 4348; x_wconf 83' lang='lat' dir='ltr'><strong>sunt,</strong></span> <span class='ocrx_word' id='word_1_676' title='bbox 1053 4283 1277 4353; x_wconf 71' lang='grc' dir='ltr'><strong>φωείνὶ</strong></span> <span class='ocrx_word' id='word_1_677' title='bbox 1315 4284 1517 4354; x_wconf 81' lang='lat' dir='ltr'><strong>potius,</strong></span> <span class='ocrx_word' id='word_1_678' title='bbox 1546 4300 1712 4355; x_wconf 79' lang='lat' dir='ltr'><strong>quam</strong></span> <span class='ocrx_word' id='word_1_679' title='bbox 1738 4302 1859 4356; x_wconf 70' lang='lat' dir='ltr'><strong>qua:</strong></span> <span class='ocrx_word' id='word_1_680' title='bbox 1898 4288 2013 4343; x_wconf 81' lang='lat' dir='ltr'><strong>Dei.</strong></span> <span class='ocrx_word' id='word_1_681' title='bbox 2043 4290 2150 4346; x_wconf 74' lang='lat' dir='ltr'><strong>Ad.</strong></span> <span class='ocrx_word' id='word_1_682' title='bbox 2177 4325 2234 4386; x_wconf 60' lang='grc' dir='ltr'><strong><em>Β</em></strong></span> <span class='ocrx_word' id='word_1_683' title='bbox 2251 4281 2500 4346; x_wconf 83' lang='lat' dir='ltr'><strong>Peccavi,</strong></span> <span class='ocrx_word' id='word_1_684' title='bbox 2521 4281 2650 4350; x_wconf 83' lang='lat' dir='ltr'><strong>quia</strong></span> <span class='ocrx_word' id='word_1_685' title='bbox 2678 4279 2906 4382; x_wconf 66' lang='lat' dir='ltr'><strong>injurias</strong></span> <span class='ocrx_word' id='word_1_686' title='bbox 2934 4279 3066 4333; x_wconf 87' lang='lat' dir='ltr'><strong>mihi</strong></span> <span class='ocrx_word' id='word_1_687' title='bbox 3091 4278 3264 4386; x_wconf 73' lang='lat' dir='ltr'><strong>factas</strong></span> <span class='ocrx_word' id='word_1_688' title='bbox 3307 4278 3364 4381; x_wconf 75' lang='lat' dir='ltr'><strong>in</strong></span> <span class='ocrx_word' id='word_1_689' title='bbox 3402 4287 3584 4386; x_wconf 66' lang='lat' dir='ltr'><strong>mente</strong></span> <span class='ocrx_word' id='word_1_690' title='bbox 3611 4278 3836 4386; x_wconf 45' lang='lat' dir='ltr'><strong>retinuji,</strong></span> 
     </span>
    </p>
   </div>
   <div class='ocr_carea' id='block_1_93' title="bbox 571 4367 3839 4448">
    <p class='ocr_par' dir='ltr' id='par_1_93' title="bbox 571 4367 3839 4448">
     <span class='ocr_line' id='line_1_93' title="bbox 571 4367 3839 4448; baseline -0.002 -18"><span class='ocrx_word' id='word_1_691' title='bbox 571 4381 850 4430; x_wconf 77' lang='lat' dir='ltr'><strong>versantes</strong></span> <span class='ocrx_word' id='word_1_692' title='bbox 896 4382 951 4428; x_wconf 87' lang='lat' dir='ltr'><strong>et</strong></span> <span class='ocrx_word' id='word_1_693' title='bbox 980 4371 1385 4448; x_wconf 78' lang='lat' dir='ltr'><strong>calumniantes</strong></span> <span class='ocrx_word' id='word_1_694' title='bbox 1410 4389 1498 4430; x_wconf 86' lang='lat' dir='ltr'><strong>me</strong></span> <span class='ocrx_word' id='word_1_695' title='bbox 1525 4377 1632 4430; x_wconf 78' lang='lat' dir='ltr'><strong>non</strong></span> <span class='ocrx_word' id='word_1_696' title='bbox 1653 4377 1828 4431; x_wconf 84' lang='lat' dir='ltr'><strong>solum</strong></span> <span class='ocrx_word' id='word_1_697' title='bbox 1855 4377 2149 4433; x_wconf 85' lang='lat' dir='ltr'><strong>secundum</strong></span> <span class='ocrx_word' id='word_1_698' title='bbox 2177 4367 2231 4386; x_wconf 75' lang='lat'><em>&quot;</em></span> <span class='ocrx_word' id='word_1_699' title='bbox 2252 4380 2308 4425; x_wconf 73' lang='lat' dir='ltr'><strong>et</strong></span> <span class='ocrx_word' id='word_1_700' title='bbox 2325 4368 2676 4439; x_wconf 75' lang='lat' dir='ltr'><strong>peccantibus</strong></span> <span class='ocrx_word' id='word_1_701' title='bbox 2689 4368 2746 4423; x_wconf 92' lang='lat' dir='ltr'><strong>in</strong></span> <span class='ocrx_word' id='word_1_702' title='bbox 2765 4384 2853 4424; x_wconf 82' lang='lat' dir='ltr'><strong>me</strong></span> <span class='ocrx_word' id='word_1_703' title='bbox 2875 4384 3012 4439; x_wconf 88' lang='lat' dir='ltr'><strong>puro</strong></span> <span class='ocrx_word' id='word_1_704' title='bbox 3037 4369 3197 4425; x_wconf 84' lang='lat' dir='ltr'><strong>corde</strong></span> <span class='ocrx_word' id='word_1_705' title='bbox 3217 4383 3326 4425; x_wconf 85' lang='lat' dir='ltr'><strong>non</strong></span> <span class='ocrx_word' id='word_1_706' title='bbox 3349 4368 3571 4435; x_wconf 80' lang='lat' dir='ltr'><strong>indulsi,</strong></span> <span class='ocrx_word' id='word_1_707' title='bbox 3597 4376 3655 4423; x_wconf 89' lang='lat' dir='ltr'><strong>et</strong></span> <span class='ocrx_word' id='word_1_708' title='bbox 3678 4367 3839 4424; x_wconf 88' lang='lat' dir='ltr'><strong>modo</strong></span> 
     </span>
    </p>
   </div>
   <div class='ocr_carea' id='block_1_94' title="bbox 571 4464 2146 4539">
    <p class='ocr_par' dir='ltr' id='par_1_94' title="bbox 571 4464 2146 4539">
     <span class='ocr_line' id='line_1_94' title="bbox 571 4464 2146 4539; baseline 0.008 -27"><span class='ocrx_word' id='word_1_709' title='bbox 571 4465 668 4522; x_wconf 72' lang='lat' dir='ltr'><strong>Dei</strong></span> <span class='ocrx_word' id='word_1_710' title='bbox 706 4472 1032 4535; x_wconf 69' lang='lat' dir='ltr'><strong>prmeptum</strong></span> <span class='ocrx_word' id='word_1_711' title='bbox 1082 4479 1190 4520; x_wconf 77' lang='lat' dir='ltr'><strong>non</strong></span> <span class='ocrx_word' id='word_1_712' title='bbox 1229 4464 1411 4531; x_wconf 75' lang='lat' dir='ltr'><strong>dilexi,</strong></span> <span class='ocrx_word' id='word_1_713' title='bbox 1449 4482 1553 4523; x_wconf 74' lang='lat' dir='ltr'><strong>nec</strong></span> <span class='ocrx_word' id='word_1_714' title='bbox 1585 4467 1858 4539; x_wconf 85' lang='lat' dir='ltr'><strong>patienter</strong></span> <span class='ocrx_word' id='word_1_715' title='bbox 1879 4470 2146 4537; x_wconf 86' lang='lat' dir='ltr'><strong>sustinui;</strong></span> 
     </span>
    </p>
   </div>
   <div class='ocr_carea' id='block_1_95' title="bbox 571 4548 2149 4630">
    <p class='ocr_par' dir='ltr' id='par_1_95' title="bbox 571 4548 2149 4630">
     <span class='ocr_line' id='line_1_95' title="bbox 571 4548 2149 4630; baseline 0.002 -16"><span class='ocrx_word' id='word_1_716' title='bbox 571 4559 667 4614; x_wconf 86' lang='lat' dir='ltr'><strong>sed</strong></span> <span class='ocrx_word' id='word_1_717' title='bbox 699 4558 921 4628; x_wconf 84' lang='lat' dir='ltr'><strong>insuper</strong></span> <span class='ocrx_word' id='word_1_718' title='bbox 937 4548 1141 4618; x_wconf 76' lang='lat' dir='ltr'><strong>malum</strong></span> <span class='ocrx_word' id='word_1_719' title='bbox 1168 4571 1268 4625; x_wconf 78' lang='lat' dir='ltr'><strong>pro</strong></span> <span class='ocrx_word' id='word_1_720' title='bbox 1297 4557 1442 4612; x_wconf 84' lang='lat' dir='ltr'><strong>malo</strong></span> <span class='ocrx_word' id='word_1_721' title='bbox 1465 4559 1782 4630; x_wconf 85' lang='lat' dir='ltr'><strong>ampliatum</strong></span> <span class='ocrx_word' id='word_1_722' title='bbox 1812 4561 1892 4616; x_wconf 89' lang='lat' dir='ltr'><strong>eis</strong></span> <span class='ocrx_word' id='word_1_723' title='bbox 1920 4562 2149 4628; x_wconf 86' lang='lat' dir='ltr'><strong>reddidi,</strong></span> 
     </span>
    </p>
   </div>
   <div class='ocr_carea' id='block_1_96' title="bbox 571 4648 2151 4724">
    <p class='ocr_par' dir='ltr' id='par_1_96' title="bbox 571 4648 2151 4724">
     <span class='ocr_line' id='line_1_96' title="bbox 571 4648 2151 4724; baseline 0.005 -22"><span class='ocrx_word' id='word_1_724' title='bbox 571 4657 787 4718; x_wconf 66' lang='lat' dir='ltr'><strong>etsazpe</strong></span> <span class='ocrx_word' id='word_1_725' title='bbox 817 4648 1018 4705; x_wconf 84' lang='lat' dir='ltr'><strong>malum</strong></span> <span class='ocrx_word' id='word_1_726' title='bbox 1048 4664 1150 4719; x_wconf 91' lang='lat' dir='ltr'><strong>pro</strong></span> <span class='ocrx_word' id='word_1_727' title='bbox 1173 4649 1320 4703; x_wconf 81' lang='lat' dir='ltr'><strong>bene</strong></span> <span class='ocrx_word' id='word_1_728' title='bbox 1343 4648 1568 4705; x_wconf 79' lang='lat' dir='ltr'><strong>reddere</strong></span> <span class='ocrx_word' id='word_1_729' title='bbox 1609 4651 1901 4706; x_wconf 76' lang='lat' dir='ltr'><strong>decertavi.</strong></span> <span class='ocrx_word' id='word_1_730' title='bbox 1933 4654 2151 4724; x_wconf 79' lang='lat' dir='ltr'><strong>Episco-</strong></span> 
     </span>
    </p>
   </div>
   <div class='ocr_carea' id='block_1_97' title="bbox 571 4742 2153 4813">
    <p class='ocr_par' dir='ltr' id='par_1_97' title="bbox 571 4742 2153 4813">
     <span class='ocr_line' id='line_1_97' title="bbox 571 4742 2153 4813; baseline 0.004 -19"><span class='ocrx_word' id='word_1_731' title='bbox 571 4755 699 4810; x_wconf 80' lang='lat' dir='ltr'><strong>pas,</strong></span> <span class='ocrx_word' id='word_1_732' title='bbox 743 4742 1108 4813; x_wconf 75' lang='lat' dir='ltr'><strong>presbyteros,</strong></span> <span class='ocrx_word' id='word_1_733' title='bbox 1151 4742 1392 4805; x_wconf 76' lang='lat' dir='ltr'><strong>abbates,</strong></span> <span class='ocrx_word' id='word_1_734' title='bbox 1423 4742 1748 4805; x_wconf 81' lang='lat' dir='ltr'><strong>&#39;monacbos,</strong></span> <span class='ocrx_word' id='word_1_735' title='bbox 1782 4746 2071 4800; x_wconf 86' lang='lat' dir='ltr'><strong>canonicos</strong></span> <span class='ocrx_word' id='word_1_736' title='bbox 2097 4755 2153 4801; x_wconf 89' lang='lat' dir='ltr'><strong>et</strong></span> 
     </span>
    </p>
   </div>
   <div class='ocr_carea' id='block_1_98' title="bbox 571 4832 2153 4906">
    <p class='ocr_par' dir='ltr' id='par_1_98' title="bbox 571 4832 2153 4906">
     <span class='ocr_line' id='line_1_98' title="bbox 571 4832 2153 4906; baseline 0.006 -21"><span class='ocrx_word' id='word_1_737' title='bbox 571 4845 788 4888; x_wconf 82' lang='lat' dir='ltr'><strong>omnem</strong></span> <span class='ocrx_word' id='word_1_738' title='bbox 802 4832 1008 4890; x_wconf 73' lang='lat' dir='ltr'><strong>elerum</strong></span> <span class='ocrx_word' id='word_1_739' title='bbox 1027 4835 1282 4891; x_wconf 61' lang='lat' dir='ltr'><strong>Ecclesia</strong></span> <span class='ocrx_word' id='word_1_740' title='bbox 1301 4835 1418 4900; x_wconf 83' lang='lat' dir='ltr'><strong>Dei,</strong></span> <span class='ocrx_word' id='word_1_741' title='bbox 1444 4849 1662 4890; x_wconf 85' lang='lat' dir='ltr'><strong>necnon</strong></span> <span class='ocrx_word' id='word_1_742' title='bbox 1686 4843 1741 4890; x_wconf 90' lang='lat' dir='ltr'><strong>et</strong></span> <span class='ocrx_word' id='word_1_743' title='bbox 1751 4836 1960 4906; x_wconf 85' lang='lat' dir='ltr'><strong>priores</strong></span> <span class='ocrx_word' id='word_1_744' title='bbox 1979 4834 2153 4904; x_wconf 73' lang='lat' dir='ltr'><strong>meos,</strong></span> 
     </span>
    </p>
   </div>
   <div class='ocr_carea' id='block_1_99' title="bbox 573 4922 2150 4998">
    <p class='ocr_par' dir='ltr' id='par_1_99' title="bbox 573 4922 2150 4998">
     <span class='ocr_line' id='line_1_99' title="bbox 573 4922 2150 4998; baseline 0.006 -22"><span class='ocrx_word' id='word_1_745' title='bbox 573 4936 667 4978; x_wconf 86' lang='lat' dir='ltr'><strong>seu</strong></span> <span class='ocrx_word' id='word_1_746' title='bbox 713 4922 769 4977; x_wconf 91' lang='lat' dir='ltr'><strong>in</strong></span> <span class='ocrx_word' id='word_1_747' title='bbox 803 4923 1131 4981; x_wconf 68' lang='lat' dir='ltr'><strong>summitate</strong></span> <span class='ocrx_word' id='word_1_748' title='bbox 1173 4929 1380 4998; x_wconf 86' lang='lat' dir='ltr'><strong>positos</strong></span> <span class='ocrx_word' id='word_1_749' title='bbox 1417 4941 1526 4983; x_wconf 82' lang='lat' dir='ltr'><strong>non</strong></span> <span class='ocrx_word' id='word_1_750' title='bbox 1565 4929 1771 4994; x_wconf 84' lang='lat' dir='ltr'><strong>amavi,</strong></span> <span class='ocrx_word' id='word_1_751' title='bbox 1819 4943 1918 4985; x_wconf 90' lang='lat' dir='ltr'><strong>nec</strong></span> <span class='ocrx_word' id='word_1_752' title='bbox 1963 4929 2150 4996; x_wconf 73' lang='lat' dir='ltr'><strong>dilexi,</strong></span> 
     </span>
    </p>
   </div>
   <div class='ocr_carea' id='block_1_100' title="bbox 575 5015 2156 5093">
    <p class='ocr_par' dir='ltr' id='par_1_100' title="bbox 575 5015 2156 5093">
     <span class='ocr_line' id='line_1_100' title="bbox 575 5015 2156 5093; baseline 0.005 -23"><span class='ocrx_word' id='word_1_753' title='bbox 575 5029 751 5086; x_wconf 82' lang='lat' dir='ltr'><strong>neque</strong></span> <span class='ocrx_word' id='word_1_754' title='bbox 789 5015 1018 5073; x_wconf 77' lang='lat' dir='ltr'><strong>honoris</strong></span> <span class='ocrx_word' id='word_1_755' title='bbox 1066 5018 1385 5090; x_wconf 78' lang='lat' dir='ltr'><strong>obsequium</strong></span> <span class='ocrx_word' id='word_1_756' title='bbox 1429 5022 1636 5093; x_wconf 66' lang='grc' dir='ltr'><strong>βπεδυί</strong></span> <span class='ocrx_word' id='word_1_757' title='bbox 1682 5021 1784 5089; x_wconf 80' lang='lat' dir='ltr'><strong>eis,</strong></span> <span class='ocrx_word' id='word_1_758' title='bbox 1828 5023 1971 5080; x_wconf 84' lang='lat' dir='ltr'><strong>sicut</strong></span> <span class='ocrx_word' id='word_1_759' title='bbox 2011 5023 2156 5078; x_wconf 88' lang='lat' dir='ltr'><strong>Deus</strong></span> 
     </span>
    </p>
   </div>
   <div class='ocr_carea' id='block_1_101' title="bbox 573 5109 2154 5182">
    <p class='ocr_par' dir='ltr' id='par_1_101' title="bbox 573 5109 2154 5182">
     <span class='ocr_line' id='line_1_101' title="bbox 573 5109 2154 5182; baseline -0.006 -2"><span class='ocrx_word' id='word_1_760' title='bbox 573 5109 848 5180; x_wconf 62' lang='lat' dir='ltr'><strong>merit.</strong></span> <span class='ocrx_word' id='word_1_761' title='bbox 879 5109 974 5165; x_wconf 81' lang='lat' dir='ltr'><strong>sed</strong></span> <span class='ocrx_word' id='word_1_762' title='bbox 1006 5109 1227 5180; x_wconf 76' lang='lat' dir='ltr'><strong>insuper</strong></span> <span class='ocrx_word' id='word_1_763' title='bbox 1252 5112 1556 5182; x_wconf 78' lang='lat' dir='ltr'><strong>vituperavi</strong></span> <span class='ocrx_word' id='word_1_764' title='bbox 1594 5129 1713 5180; x_wconf 76' lang='lat' dir='ltr'><strong>eos,</strong></span> <span class='ocrx_word' id='word_1_765' title='bbox 1740 5123 1797 5171; x_wconf 87' lang='lat' dir='ltr'><strong>et</strong></span> <span class='ocrx_word' id='word_1_766' title='bbox 1827 5115 2038 5171; x_wconf 72' lang='lat' dir='ltr'><strong>detraxi</strong></span> <span class='ocrx_word' id='word_1_767' title='bbox 2072 5125 2154 5170; x_wconf 83' lang='lat' dir='ltr'><strong>at-</strong></span> 
     </span>
    </p>
   </div>
   <div class='ocr_carea' id='block_1_102' title="bbox 571 5199 2152 5272">
    <p class='ocr_par' dir='ltr' id='par_1_102' title="bbox 571 5199 2152 5272">
     <span class='ocr_line' id='line_1_102' title="bbox 571 5199 2152 5272; baseline 0.004 -16"><span class='ocrx_word' id='word_1_768' title='bbox 571 5214 678 5269; x_wconf 87' lang='lat' dir='ltr'><strong>que</strong></span> <span class='ocrx_word' id='word_1_769' title='bbox 707 5199 1013 5272; x_wconf 76' lang='lat' dir='ltr'><strong>dijudieavi.</strong></span> <span class='ocrx_word' id='word_1_770' title='bbox 1035 5199 1286 5256; x_wconf 70' lang='lat' dir='ltr'><strong>Desinas</strong></span> <span class='ocrx_word' id='word_1_771' title='bbox 1311 5201 1400 5256; x_wconf 88' lang='lat' dir='ltr'><strong>vel</strong></span> <span class='ocrx_word' id='word_1_772' title='bbox 1421 5202 1690 5270; x_wconf 80' lang='lat' dir='ltr'><strong>primitias</strong></span> <span class='ocrx_word' id='word_1_773' title='bbox 1712 5201 1975 5262; x_wconf 78' lang='lat' dir='ltr'><strong>bonorum</strong></span> <span class='ocrx_word' id='word_1_774' title='bbox 2003 5220 2152 5261; x_wconf 72' lang='grc' dir='ltr'><strong>ωοο-</strong></span> 
     </span>
    </p>
   </div>
   <div class='ocr_carea' id='block_1_103' title="bbox 574 5294 2154 5366">
    <p class='ocr_par' dir='ltr' id='par_1_103' title="bbox 574 5294 2154 5366">
     <span class='ocr_line' id='line_1_103' title="bbox 574 5294 2154 5366; baseline 0.004 -18"><span class='ocrx_word' id='word_1_775' title='bbox 574 5307 692 5348; x_wconf 80' lang='lat' dir='ltr'><strong>rum</strong></span> <span class='ocrx_word' id='word_1_776' title='bbox 713 5311 822 5351; x_wconf 81' lang='lat' dir='ltr'><strong>non</strong></span> <span class='ocrx_word' id='word_1_777' title='bbox 834 5294 1064 5360; x_wconf 82' lang='lat' dir='ltr'><strong>reddidi,</strong></span> <span class='ocrx_word' id='word_1_778' title='bbox 1080 5294 1502 5366; x_wconf 78' lang='lat' dir='ltr'><strong>hospitalitatem</strong></span> <span class='ocrx_word' id='word_1_779' title='bbox 1524 5309 1630 5350; x_wconf 64' lang='lat' dir='ltr'><strong>nim</strong></span> <span class='ocrx_word' id='word_1_780' title='bbox 1649 5296 2028 5364; x_wconf 79' lang='lat' dir='ltr'><strong>dilexi,veram</strong></span> <span class='ocrx_word' id='word_1_781' title='bbox 2048 5296 2154 5364; x_wconf 65' lang='lat' dir='ltr'><strong>fra-</strong></span> 
     </span>
    </p>
   </div>
   <div class='ocr_carea' id='block_1_104' title="bbox 575 5383 2155 5459">
    <p class='ocr_par' dir='ltr' id='par_1_104' title="bbox 575 5383 2155 5459">
     <span class='ocr_line' id='line_1_104' title="bbox 575 5383 2155 5459; baseline 0.001 -20"><span class='ocrx_word' id='word_1_782' title='bbox 575 5385 882 5447; x_wconf 67' lang='lat' dir='ltr'><strong>ternitauam</strong></span> <span class='ocrx_word' id='word_1_783' title='bbox 919 5400 1057 5459; x_wconf 82' lang='lat' dir='ltr'><strong>puro</strong></span> <span class='ocrx_word' id='word_1_784' title='bbox 1093 5383 1258 5444; x_wconf 76' lang='lat' dir='ltr'><strong>corde</strong></span> <span class='ocrx_word' id='word_1_785' title='bbox 1282 5399 1389 5440; x_wconf 84' lang='lat' dir='ltr'><strong>non</strong></span> <span class='ocrx_word' id='word_1_786' title='bbox 1422 5386 1709 5452; x_wconf 83' lang='lat' dir='ltr'><strong>custodivi,</strong></span> <span class='ocrx_word' id='word_1_787' title='bbox 1741 5387 2082 5453; x_wconf 72' lang='lat' dir='ltr'><strong>latrocinium</strong></span> <span class='ocrx_word' id='word_1_788' title='bbox 2101 5396 2155 5441; x_wconf 90' lang='lat' dir='ltr'><strong>et</strong></span> 
     </span>
    </p>
   </div>
   <div class='ocr_carea' id='block_1_105' title="bbox 480 5475 2154 5550">
    <p class='ocr_par' dir='ltr' id='par_1_105' title="bbox 480 5475 2154 5550">
     <span class='ocr_line' id='line_1_105' title="bbox 480 5475 2154 5550; baseline 0.003 -22"><span class='ocrx_word' id='word_1_789' title='bbox 480 5511 488 5521; x_wconf 83' lang='lat'><strong>.</strong></span> <span class='ocrx_word' id='word_1_790' title='bbox 574 5475 777 5530; x_wconf 85' lang='lat' dir='ltr'><strong>furtum</strong></span> <span class='ocrx_word' id='word_1_791' title='bbox 823 5476 1079 5534; x_wconf 86' lang='lat' dir='ltr'><strong>abscondi</strong></span> <span class='ocrx_word' id='word_1_792' title='bbox 1123 5487 1180 5538; x_wconf 81' lang='lat' dir='ltr'><strong>et</strong></span> <span class='ocrx_word' id='word_1_793' title='bbox 1221 5479 1459 5545; x_wconf 86' lang='lat' dir='ltr'><strong>comedi,</strong></span> <span class='ocrx_word' id='word_1_794' title='bbox 1507 5480 2058 5550; x_wconf 87' lang='lat' dir='ltr'><strong>latrocinantibusque</strong></span> <span class='ocrx_word' id='word_1_795' title='bbox 2099 5488 2154 5534; x_wconf 91' lang='lat' dir='ltr'><strong>et</strong></span> 
     </span>
    </p>
   </div>
   <div class='ocr_carea' id='block_1_106' title="bbox 573 5565 2152 5636">
    <p class='ocr_par' dir='ltr' id='par_1_106' title="bbox 573 5565 2152 5636">
     <span class='ocr_line' id='line_1_106' title="bbox 573 5565 2152 5636; baseline 0.002 -17"><span class='ocrx_word' id='word_1_796' title='bbox 573 5565 1027 5623; x_wconf 88' lang='lat' dir='ltr'><strong>abscondentibus</strong></span> <span class='ocrx_word' id='word_1_797' title='bbox 1379 5568 1630 5626; x_wconf 77' lang='lat' dir='ltr'><strong>Inﬁrmus</strong></span> <span class='ocrx_word' id='word_1_798' title='bbox 1683 5579 1739 5624; x_wconf 91' lang='lat' dir='ltr'><strong>et</strong></span> <span class='ocrx_word' id='word_1_799' title='bbox 1792 5570 2152 5624; x_wconf 84' lang='lat' dir='ltr'><strong>incarccratos</strong></span> 
     </span>
    </p>
   </div>
   <div class='ocr_carea' id='block_1_107' title="bbox 2250 4459 3837 4531">
    <p class='ocr_par' dir='ltr' id='par_1_107' title="bbox 2250 4459 3837 4531">
     <span class='ocr_line' id='line_1_107' title="bbox 2250 4459 3837 4531; baseline -0.003 -14"><span class='ocrx_word' id='word_1_800' title='bbox 2250 4461 2464 4517; x_wconf 82' lang='lat' dir='ltr'><strong>dimitto</strong></span> <span class='ocrx_word' id='word_1_801' title='bbox 2485 4475 2553 4515; x_wconf 76' lang='lat' dir='ltr'><strong>ex</strong></span> <span class='ocrx_word' id='word_1_802' title='bbox 2582 4467 2696 4516; x_wconf 86' lang='lat' dir='ltr'><strong>toto</strong></span> <span class='ocrx_word' id='word_1_803' title='bbox 2718 4459 2880 4516; x_wconf 70' lang='lat' dir='ltr'><strong>corde</strong></span> <span class='ocrx_word' id='word_1_804' title='bbox 2921 4459 3196 4527; x_wconf 84' lang='lat' dir='ltr'><strong>omnibus,</strong></span> <span class='ocrx_word' id='word_1_805' title='bbox 3241 4461 3332 4531; x_wconf 91' lang='lat' dir='ltr'><strong>qui</strong></span> <span class='ocrx_word' id='word_1_806' title='bbox 3380 4461 3436 4515; x_wconf 89' lang='lat' dir='ltr'><strong>in</strong></span> <span class='ocrx_word' id='word_1_807' title='bbox 3466 4474 3553 4516; x_wconf 83' lang='lat' dir='ltr'><strong>me</strong></span> <span class='ocrx_word' id='word_1_808' title='bbox 3579 4474 3837 4530; x_wconf 87' lang='lat' dir='ltr'><strong>peccave-</strong></span> 
     </span>
    </p>
   </div>
   <div class='ocr_carea' id='block_1_108' title="bbox 2250 4548 3836 4624">
    <p class='ocr_par' dir='ltr' id='par_1_108' title="bbox 2250 4548 3836 4624">
     <span class='ocr_line' id='line_1_108' title="bbox 2250 4548 3836 4624; baseline -0.004 -15"><span class='ocrx_word' id='word_1_809' title='bbox 2250 4561 2397 4609; x_wconf 85' lang='lat' dir='ltr'><strong>runt.</strong></span> <span class='ocrx_word' id='word_1_810' title='bbox 2432 4553 2680 4620; x_wconf 68' lang='lat' dir='ltr'><strong>Puceavi,</strong></span> <span class='ocrx_word' id='word_1_811' title='bbox 2725 4553 2870 4624; x_wconf 81' lang='lat' dir='ltr'><strong>quia</strong></span> <span class='ocrx_word' id='word_1_812' title='bbox 2900 4551 3046 4623; x_wconf 87' lang='lat' dir='ltr'><strong>ipsas</strong></span> <span class='ocrx_word' id='word_1_813' title='bbox 3093 4552 3592 4622; x_wconf 84' lang='lat' dir='ltr'><strong>iniquitates,quas</strong></span> <span class='ocrx_word' id='word_1_814' title='bbox 3631 4549 3734 4604; x_wconf 89' lang='lat' dir='ltr'><strong>feci</strong></span> <span class='ocrx_word' id='word_1_815' title='bbox 3780 4548 3836 4603; x_wconf 89' lang='lat' dir='ltr'><strong>in</strong></span> 
     </span>
    </p>
   </div>
   <div class='ocr_carea' id='block_1_109' title="bbox 2249 4640 3832 4724">
    <p class='ocr_par' dir='ltr' id='par_1_109' title="bbox 2249 4640 3832 4724">
     <span class='ocr_line' id='line_1_109' title="bbox 2249 4640 3832 4724; baseline -0.006 -21"><span class='ocrx_word' id='word_1_816' title='bbox 2249 4649 2407 4715; x_wconf 81' lang='lat' dir='ltr'><strong>alios,</strong></span> <span class='ocrx_word' id='word_1_817' title='bbox 2429 4647 2558 4719; x_wconf 79' lang='lat' dir='ltr'><strong>jure</strong></span> <span class='ocrx_word' id='word_1_818' title='bbox 2587 4646 2878 4716; x_wconf 68' lang='lat' dir='ltr'><strong>diiudicavi</strong></span> <span class='ocrx_word' id='word_1_819' title='bbox 2903 4643 3372 4708; x_wconf 82' lang='lat' dir='ltr'><strong>eteondemnavi;</strong></span> <span class='ocrx_word' id='word_1_820' title='bbox 3413 4651 3471 4724; x_wconf 86' lang='lat' dir='ltr'><strong>et</strong></span> <span class='ocrx_word' id='word_1_821' title='bbox 3516 4640 3677 4696; x_wconf 88' lang='lat' dir='ltr'><strong>aliter</strong></span> <span class='ocrx_word' id='word_1_822' title='bbox 3719 4651 3832 4707; x_wconf 83' lang='lat' dir='ltr'><strong>me,</strong></span> 
     </span>
    </p>
   </div>
   <div class='ocr_carea' id='block_1_110' title="bbox 2249 4728 3858 4806">
    <p class='ocr_par' dir='ltr' id='par_1_110' title="bbox 2249 4728 3858 4806">
     <span class='ocr_line' id='line_1_110' title="bbox 2249 4728 3858 4806; baseline -0.004 -13"><span class='ocrx_word' id='word_1_823' title='bbox 2249 4736 2410 4793; x_wconf 86' lang='lat' dir='ltr'><strong>aliter</strong></span> <span class='ocrx_word' id='word_1_824' title='bbox 2428 4737 2565 4791; x_wconf 72' lang='lat' dir='ltr'><strong>alios</strong></span> <span class='ocrx_word' id='word_1_825' title='bbox 2583 4735 2842 4806; x_wconf 70' lang='lat' dir='ltr'><strong>iudicavi.</strong></span> <span class='ocrx_word' id='word_1_826' title='bbox 2870 4734 3035 4789; x_wconf 71' lang='lat' dir='ltr'><strong>Inita</strong></span> <span class='ocrx_word' id='word_1_827' title='bbox 3062 4733 3198 4797; x_wconf 81' lang='lat' dir='ltr'><strong>dixi,</strong></span> <span class='ocrx_word' id='word_1_828' title='bbox 3223 4745 3346 4801; x_wconf 61' lang='lat' dir='ltr'><strong>qua</strong></span> <span class='ocrx_word' id='word_1_829' title='bbox 3381 4729 3568 4785; x_wconf 83' lang='lat' dir='ltr'><strong>dicere</strong></span> <span class='ocrx_word' id='word_1_830' title='bbox 3601 4742 3711 4784; x_wconf 85' lang='lat' dir='ltr'><strong>non</strong></span> <span class='ocrx_word' id='word_1_831' title='bbox 3739 4728 3858 4786; x_wconf 85' lang='lat' dir='ltr'><strong>de-&#39;</strong></span> 
     </span>
    </p>
   </div>
   <div class='ocr_carea' id='block_1_111' title="bbox 2248 4820 3836 4898">
    <p class='ocr_par' dir='ltr' id='par_1_111' title="bbox 2248 4820 3836 4898">
     <span class='ocr_line' id='line_1_111' title="bbox 2248 4820 3836 4898; baseline -0.004 -16"><span class='ocrx_word' id='word_1_832' title='bbox 2248 4827 2360 4882; x_wconf 62' lang='grc' dir='ltr'>ιλιι,</span> <span class='ocrx_word' id='word_1_833' title='bbox 2378 4824 2542 4883; x_wconf 74' lang='lat' dir='ltr'><strong>Inita</strong></span> <span class='ocrx_word' id='word_1_834' title='bbox 2561 4825 2794 4898; x_wconf 82' lang='lat' dir='ltr'><strong>cogitavi</strong></span> <span class='ocrx_word' id='word_1_835' title='bbox 2818 4839 2939 4896; x_wconf 71' lang='lat' dir='ltr'><strong>quae</strong></span> <span class='ocrx_word' id='word_1_836' title='bbox 2962 4837 3072 4878; x_wconf 85' lang='lat' dir='ltr'><strong>non</strong></span> <span class='ocrx_word' id='word_1_837' title='bbox 3095 4822 3281 4887; x_wconf 87' lang='lat' dir='ltr'><strong>debui,</strong></span> <span class='ocrx_word' id='word_1_838' title='bbox 3305 4829 3358 4875; x_wconf 86' lang='lat' dir='ltr'><strong>et</strong></span> <span class='ocrx_word' id='word_1_839' title='bbox 3379 4820 3570 4887; x_wconf 87' lang='lat' dir='ltr'><strong>multa,</strong></span> <span class='ocrx_word' id='word_1_840' title='bbox 3594 4836 3716 4892; x_wconf 70' lang='lat' dir='ltr'><strong>que</strong></span> <span class='ocrx_word' id='word_1_841' title='bbox 3737 4834 3836 4876; x_wconf 88' lang='lat' dir='ltr'><strong>co—</strong></span> 
     </span>
    </p>
   </div>
   <div class='ocr_carea' id='block_1_112' title="bbox 2251 4904 3837 4990">
    <p class='ocr_par' dir='ltr' id='par_1_112' title="bbox 2251 4904 3837 4990">
     <span class='ocr_line' id='line_1_112' title="bbox 2251 4904 3837 4990; baseline -0.005 -18"><span class='ocrx_word' id='word_1_842' title='bbox 2251 4919 2427 4990; x_wconf 88' lang='lat' dir='ltr'><strong>gitare</strong></span> <span class='ocrx_word' id='word_1_843' title='bbox 2459 4917 2619 4973; x_wconf 75' lang='lat' dir='ltr'><strong>debui</strong></span> <span class='ocrx_word' id='word_1_844' title='bbox 2655 4916 2795 4971; x_wconf 83' lang='lat' dir='ltr'><strong>bona</strong></span> <span class='ocrx_word' id='word_1_845' title='bbox 2823 4954 2838 4979; x_wconf 92' lang='lat'><strong>,</strong></span> <span class='ocrx_word' id='word_1_846' title='bbox 2877 4904 2985 4968; x_wconf 87' lang='lat' dir='ltr'><strong>non</strong></span> <span class='ocrx_word' id='word_1_847' title='bbox 3017 4912 3267 4982; x_wconf 79' lang='lat' dir='ltr'><strong>cogitavi.</strong></span> <span class='ocrx_word' id='word_1_848' title='bbox 3314 4909 3511 4968; x_wconf 87' lang='lat' dir='ltr'><strong>Oscula</strong></span> <span class='ocrx_word' id='word_1_849' title='bbox 3551 4909 3740 4966; x_wconf 87' lang='lat' dir='ltr'><strong>illicita</strong></span> <span class='ocrx_word' id='word_1_850' title='bbox 3777 4915 3837 4966; x_wconf 85' lang='lat' dir='ltr'><strong>et</strong></span> 
     </span>
    </p>
   </div>
   <div class='ocr_carea' id='block_1_113' title="bbox 2252 5001 3832 5078">
    <p class='ocr_par' dir='ltr' id='par_1_113' title="bbox 2252 5001 3832 5078">
     <span class='ocr_line' id='line_1_113' title="bbox 2252 5001 3832 5078; baseline -0.002 -16"><span class='ocrx_word' id='word_1_851' title='bbox 2252 5009 2534 5078; x_wconf 76' lang='lat' dir='ltr'><strong>amplexus</strong></span> <span class='ocrx_word' id='word_1_852' title='bbox 2546 5005 2808 5062; x_wconf 67' lang='lat' dir='ltr'><strong>nelhndos</strong></span> <span class='ocrx_word' id='word_1_853' title='bbox 2827 5001 2950 5057; x_wconf 82' lang='lat' dir='ltr'><strong>feci.</strong></span> <span class='ocrx_word' id='word_1_854' title='bbox 2969 5001 3122 5073; x_wconf 51' lang='lat' dir='ltr'><strong>Saepe</strong></span> <span class='ocrx_word' id='word_1_855' title='bbox 3139 5003 3347 5073; x_wconf 80' lang='lat' dir='ltr'><strong>palpavi</strong></span> <span class='ocrx_word' id='word_1_856' title='bbox 3370 5019 3491 5075; x_wconf 73' lang='lat' dir='ltr'><strong>qum</strong></span> <span class='ocrx_word' id='word_1_857' title='bbox 3523 5020 3632 5060; x_wconf 87' lang='lat' dir='ltr'><strong>non</strong></span> <span class='ocrx_word' id='word_1_858' title='bbox 3649 5001 3832 5067; x_wconf 84' lang='lat' dir='ltr'><strong>debui,</strong></span> 
     </span>
    </p>
   </div>
   <div class='ocr_carea' id='block_1_114' title="bbox 2253 5092 3834 5169">
    <p class='ocr_par' dir='ltr' id='par_1_114' title="bbox 2253 5092 3834 5169">
     <span class='ocr_line' id='line_1_114' title="bbox 2253 5092 3834 5169; baseline -0.004 -15"><span class='ocrx_word' id='word_1_859' title='bbox 2253 5113 2396 5169; x_wconf 69' lang='lat' dir='ltr'><strong>sape</strong></span> <span class='ocrx_word' id='word_1_860' title='bbox 2419 5095 2669 5154; x_wconf 81' lang='lat' dir='ltr'><strong>consensi</strong></span> <span class='ocrx_word' id='word_1_861' title='bbox 2697 5107 2818 5163; x_wconf 70' lang='lat' dir='ltr'><strong>qua:</strong></span> <span class='ocrx_word' id='word_1_862' title='bbox 2842 5107 2952 5147; x_wconf 85' lang='lat' dir='ltr'><strong>non</strong></span> <span class='ocrx_word' id='word_1_863' title='bbox 2982 5095 3249 5163; x_wconf 80' lang='lat' dir='ltr'><strong>oportuit;</strong></span> <span class='ocrx_word' id='word_1_864' title='bbox 3292 5095 3473 5151; x_wconf 83' lang='lat' dir='ltr'><strong>dimisi</strong></span> <span class='ocrx_word' id='word_1_865' title='bbox 3499 5108 3666 5164; x_wconf 83' lang='lat' dir='ltr'><strong>opera</strong></span> <span class='ocrx_word' id='word_1_866' title='bbox 3690 5092 3834 5148; x_wconf 86' lang='lat' dir='ltr'><strong>bona</strong></span> 
     </span>
    </p>
   </div>
   <div class='ocr_carea' id='block_1_115' title="bbox 2254 5179 3836 5260">
    <p class='ocr_par' dir='ltr' id='par_1_115' title="bbox 2254 5179 3836 5260">
     <span class='ocr_line' id='line_1_115' title="bbox 2254 5179 3836 5260; baseline -0.003 -19"><span class='ocrx_word' id='word_1_867' title='bbox 2254 5202 2373 5256; x_wconf 67' lang='lat' dir='ltr'><strong>qum</strong></span> <span class='ocrx_word' id='word_1_868' title='bbox 2397 5201 2504 5241; x_wconf 87' lang='lat' dir='ltr'><strong>non</strong></span> <span class='ocrx_word' id='word_1_869' title='bbox 2531 5182 2711 5260; x_wconf 76' lang='lat' dir='ltr'><strong>debui,</strong></span> <span class='ocrx_word' id='word_1_870' title='bbox 2739 5190 2796 5236; x_wconf 91' lang='lat' dir='ltr'><strong>et</strong></span> <span class='ocrx_word' id='word_1_871' title='bbox 2819 5179 2924 5236; x_wconf 84' lang='lat' dir='ltr'><strong>feci</strong></span> <span class='ocrx_word' id='word_1_872' title='bbox 2955 5181 3092 5236; x_wconf 85' lang='lat' dir='ltr'><strong>mala</strong></span> <span class='ocrx_word' id='word_1_873' title='bbox 3133 5198 3251 5253; x_wconf 70' lang='lat' dir='ltr'><strong>quae</strong></span> <span class='ocrx_word' id='word_1_874' title='bbox 3282 5200 3388 5239; x_wconf 90' lang='lat' dir='ltr'><strong>non</strong></span> <span class='ocrx_word' id='word_1_875' title='bbox 3419 5185 3576 5240; x_wconf 84' lang='lat' dir='ltr'><strong>debui</strong></span> <span class='ocrx_word' id='word_1_876' title='bbox 3610 5179 3836 5238; x_wconf 84' lang='lat' dir='ltr'><strong>:borrui</strong></span> 
     </span>
    </p>
   </div>
   <div class='ocr_carea' id='block_1_116' title="bbox 2253 5265 3837 5345">
    <p class='ocr_par' dir='ltr' id='par_1_116' title="bbox 2253 5265 3837 5345">
     <span class='ocr_line' id='line_1_116' title="bbox 2253 5265 3837 5345; baseline -0.001 -16"><span class='ocrx_word' id='word_1_877' title='bbox 2253 5275 2396 5345; x_wconf 89' lang='lat' dir='ltr'><strong>quod</strong></span> <span class='ocrx_word' id='word_1_878' title='bbox 2432 5274 2657 5345; x_wconf 87' lang='lat' dir='ltr'><strong>diligere</strong></span> <span class='ocrx_word' id='word_1_879' title='bbox 2671 5265 2860 5335; x_wconf 85' lang='lat' dir='ltr'><strong>debui,</strong></span> <span class='ocrx_word' id='word_1_880' title='bbox 2889 5278 2943 5326; x_wconf 89' lang='lat' dir='ltr'><strong>et</strong></span> <span class='ocrx_word' id='word_1_881' title='bbox 2968 5271 3131 5328; x_wconf 77' lang='lat' dir='ltr'><strong>dilexi</strong></span> <span class='ocrx_word' id='word_1_882' title='bbox 3172 5275 3314 5343; x_wconf 89' lang='lat' dir='ltr'><strong>quod</strong></span> <span class='ocrx_word' id='word_1_883' title='bbox 3353 5289 3463 5329; x_wconf 81' lang='lat' dir='ltr'><strong>non</strong></span> <span class='ocrx_word' id='word_1_884' title='bbox 3505 5273 3684 5329; x_wconf 81' lang='lat' dir='ltr'><strong>debui.</strong></span> <span class='ocrx_word' id='word_1_885' title='bbox 3725 5269 3837 5328; x_wconf 84' lang='lat' dir='ltr'><strong>Pro</strong></span> 
     </span>
    </p>
   </div>
   <div class='ocr_carea' id='block_1_117' title="bbox 2255 5360 3833 5434">
    <p class='ocr_par' dir='ltr' id='par_1_117' title="bbox 2255 5360 3833 5434">
     <span class='ocr_line' id='line_1_117' title="bbox 2255 5360 3833 5434; baseline -0.001 -16"><span class='ocrx_word' id='word_1_886' title='bbox 2255 5365 2448 5434; x_wconf 80' lang='lat' dir='ltr'><strong>quibus</strong></span> <span class='ocrx_word' id='word_1_887' title='bbox 2461 5361 2714 5418; x_wconf 89' lang='lat' dir='ltr'><strong>omnibus</strong></span> <span class='ocrx_word' id='word_1_888' title='bbox 2733 5368 2895 5429; x_wconf 89' lang='lat' dir='ltr'><strong>atque</strong></span> <span class='ocrx_word' id='word_1_889' title='bbox 2909 5360 3030 5416; x_wconf 85' lang='lat' dir='ltr'><strong>aliis</strong></span> <span class='ocrx_word' id='word_1_890' title='bbox 3048 5362 3346 5418; x_wconf 73' lang='lat' dir='ltr'><strong>innumeris</strong></span> <span class='ocrx_word' id='word_1_891' title='bbox 3364 5363 3660 5419; x_wconf 83' lang='lat' dir='ltr'><strong>sceleribus</strong></span> <span class='ocrx_word' id='word_1_892' title='bbox 3671 5360 3833 5425; x_wconf 81' lang='lat' dir='ltr'><strong>meis,</strong></span> 
     </span>
    </p>
   </div>
   <div class='ocr_carea' id='block_1_118' title="bbox 2255 5447 3834 5524">
    <p class='ocr_par' dir='ltr' id='par_1_118' title="bbox 2255 5447 3834 5524">
     <span class='ocr_line' id='line_1_118' title="bbox 2255 5447 3834 5524; baseline -0.005 -15"><span class='ocrx_word' id='word_1_893' title='bbox 2255 5471 2374 5524; x_wconf 74' lang='lat' dir='ltr'><strong>qua:</strong></span> <span class='ocrx_word' id='word_1_894' title='bbox 2416 5459 2604 5506; x_wconf 86' lang='lat' dir='ltr'><strong>contra</strong></span> <span class='ocrx_word' id='word_1_895' title='bbox 2652 5448 2824 5518; x_wconf 88' lang='lat' dir='ltr'><strong>legem</strong></span> <span class='ocrx_word' id='word_1_896' title='bbox 2875 5450 2968 5505; x_wconf 90' lang='lat' dir='ltr'><strong>Dei</strong></span> <span class='ocrx_word' id='word_1_897' title='bbox 3023 5452 3288 5517; x_wconf 87' lang='lat' dir='ltr'><strong>commisi,</strong></span> <span class='ocrx_word' id='word_1_898' title='bbox 3328 5459 3388 5506; x_wconf 90' lang='lat' dir='ltr'><strong>ut</strong></span> <span class='ocrx_word' id='word_1_899' title='bbox 3424 5464 3644 5522; x_wconf 84' lang='lat' dir='ltr'><strong>possem</strong></span> <span class='ocrx_word' id='word_1_900' title='bbox 3691 5447 3834 5517; x_wconf 90' lang='lat' dir='ltr'><strong>apud</strong></span> 
     </span>
    </p>
   </div>
   <div class='ocr_carea' id='block_1_119' title="bbox 2255 5537 3833 5612">
    <p class='ocr_par' dir='ltr' id='par_1_119' title="bbox 2255 5537 3833 5612">
     <span class='ocr_line' id='line_1_119' title="bbox 2255 5537 3833 5612; baseline -0.004 -13"><span class='ocrx_word' id='word_1_901' title='bbox 2255 5545 2423 5599; x_wconf 86' lang='lat' dir='ltr'><strong>Deum</strong></span> <span class='ocrx_word' id='word_1_902' title='bbox 2448 5539 2693 5596; x_wconf 84' lang='lat' dir='ltr'><strong>invenire</strong></span> <span class='ocrx_word' id='word_1_903' title='bbox 2716 5539 3120 5612; x_wconf 85' lang='lat' dir='ltr'><strong>indulgentiam,</strong></span> <span class='ocrx_word' id='word_1_904' title='bbox 3153 5541 3456 5596; x_wconf 67' lang='lat' dir='ltr'><strong>coenobium</strong></span> <span class='ocrx_word' id='word_1_905' title='bbox 3487 5539 3637 5610; x_wconf 84' lang='lat' dir='ltr'><strong>petii,</strong></span> <span class='ocrx_word' id='word_1_906' title='bbox 3667 5537 3833 5592; x_wconf 85' lang='lat' dir='ltr'><strong>vitam</strong></span> 
     </span>
    </p>
   </div>
  </div>
