4246 6260
1848 28 2095 47 m

1306 28 1859 55 Μ

519 170 615 227 50!

2110 28 2393 41 A'MM‘
2412 28 2589 35 'V‘F‘u“
2606 28 2653 31 7"
2672 28 2679 29 ί

2160 54 2267 61 -_.7
2352 52 2525 61 ,ινννρ

1361 170 1749 229 ιιτυιιῦιω.
1785 204 1855 214 -
1893 173 1982 228 DE
2018 172 2267 228 PSALM.
2314 174 2481 230 lTSU-
2509 204 2579 215 -—
2613 175 2792 230 PARS
2832 174 2894 229 ll.

2710 64 2719 67 ν.
2738 60 2761 67 η.
2776 50 3025 67 Ρ-ιιιέ-οῑντῑ-έιέν.
3040 46 3269 71 *ττέθτίὲκῗα
3310 46 3583 71 ζ’ἶ-;.ῖῖ“ἲ⁴“έζῗῗ-ι

3310 56 3341 71 qr
3362 56 3765 73 :.-..:’::‘:4L—..4Th.,.'-...,
3780 74 3787 75 ί

3671 174 3774 229 5οἳ

485 286 870 358 _monasticam
907 285 1151 357 suscepi;
1199 288 1296 343 sed
1322 287 1489 344 miser
1524 302 1626 369 ego
1666 302 1809 359 saepe
1845 286 2088 343 involvor
2114 291 2160 351 Α
2195 285 2298 357 ιι).
2346 285 2415 341 Ει
2455 287 2651 345 iterum
2695 311 2709 344 ;
2751 286 3145 344 Caudiumerit
3174 306 3329 358 super
3371 306 3472 342 imo
3505 301 3773 357 peccatore

519 378 683 434 variis
707 378 881 433 modis
904 378 959 432 in
988 377 1320 444 levitatibus,
1338 379 1599 445 vanitate,
1629 378 1974 451 negligentia,
2005 379 2090 432 in-

2189 376 2553 445 paenitentiam.
2586 386 2787 447 agente,
2843 394 3001 449 quam
3051 395 3209 448 super
3264 380 3550 447 nonaginta
3595 394 3771 433 novem

515 467 832 539 quietndine
853 467 1038 533 animi,
1066 468 1121 523 in
1161 467 1543 533 amaritudine,
1584 476 1637 523 et
1666 468 1894 523 stimulis
1920 468 2090 522 mala-
2182 464 2343 535 justis
2371 467 2461 537 qui
2486 484 2589 521 non
2619 468 2851 538 indigent
2875 469 3175 538 pertinentia
3204 468 3356 539 (Luc.
3384 482 3475 534 xv,
3503 468 3580 540 7).

513 573 638 621 rom
666 560 1073 631 cogitationum,
1100 558 1155 615 in
1181 560 1490 615 contumaci
1515 560 1818 624 eversione,
1846 560 1901 615 in
1926 559 2093 631 negli-

512 651 700 721 gentia
726 651 851 707 boni
878 650 1083 722 operis,
1126 651 1183 706 in
1226 650 1664 722 pravaricatione
1698 651 1995 723 religionis,
2037 652 2092 705 in

514 742 864 812 loquacitate,
894 740 1465 807 scurrilitate,'dnritia
1508 742 1729 808 mentis,
1779 742 1830 796 in
1865 742 2092 803 accidia.

518 830 575 887 in
599 828 985 901 indignatione.
1011 829 1400 897 inobcdientia,
1427 828 1829 899 diiudicatione,
1852 845 2095 885 murmu-

517 921 729 977 ratione
771 932 829 977 et
864 920 1221 987 detractione,
1260 921 1509 993 superbia
1548 929 1605 977 et
1635 934 1870 1000 rancore
1902 919 2088 974 animi.

517 1011 649 1082 ρωε
668 1013 851 1077 omnia
878 1011 1019 1068 mala
1045 1026 1231 1071 coram
1258 1012 1371 1067 Deo
1404 1012 1795 1081 omnipotente,
1821 1016 1878 1066 et
1900 1008 2093 1066 sancto

516 1105 623 1162 hoc
646 1104 825 1171 altari,
851 1113 908 1161 et
930 1104 1136 1161 sanctis
1162 1088 1402 1174 reliquiis
1423 1117 1543 1173 quae
1579 1101 1636 1156 in
1665 1101 1770 1156 hoc
1795 1101 1917 1157 loco
1940 1108 2090 1166 sunt,

514 1197 778 1253 conﬁteor
803 1210 935 1268 pura
957 1202 1015 1252 et
1034 1210 1163 1251 vera
1181 1192 1557 1265 confessione;
1584 1200 1641 1247 et
1654 1190 1797 1248 bona
1815 1189 2097 1246 voinntate

2926 600 3037 660 XL

2619 697 2844 760 Oratio
2880 701 3343 763 monachorum.

2260 816 2507 884 Domine,
2547 818 2813 890 quidquid
2850 835 3063 890 errans,
3105 822 3284 883 sciens
3322 823 3487 896 atque
3523 820 3771 881 eontem-

2190 923 2356 975 nens;
2394 909 2655 981 quidquid
2687 911 2979 977 voluntate,
3017 911 3100 968 vel
3137 912 3485 982 inﬁrmitate,
3524 932 3620 972 seu
3654 927 3771 972 stu-

2190 996 2311 1060 dio;
2343 998 2603 1068 quidquid
2625 1000 2973 1072 subreptione
2999 1002 3084 1057 vel
3108 1003 3479 1073 meditatione,
3510 1007 3770 1079 cogitatu,

2189 1085 2337 1143 dicto
2361 1088 2447 1144 vel
2476 1087 2641 1155 facto,
2665 1091 2877 1148 occulte
2904 1108 3000 1148 seu
3026 1093 3313 1152 manifeste
3337 1098 3587 1166 peccavi;
3619 1100 3773 1171 quid-

2191 1178 2324 1249 quid
2350 1180 2514 1235 etiam
2544 1181 2738 1237 horum
2780 1190 2874 1237 aut
2915 1181 3046 1239 latet
3082 1186 3285 1253 animo,
3330 1197 3424 1243 aut
3460 1200 3641 1260 patet,
3680 1202 3772 1245 aut

2190 1270 2402 1326 mordet
2428 1287 2683 1340 sensum,
2711 1284 2806 1329 aut
2834 1274 3136 1332 deludendo
3161 1280 3577 1353 quibuscunque
3604 1286 3775 1339 modis

2188 1378 2288 1433 per
2314 1367 2665 1424 securitatem
2684 1367 2905 1448 decipit,
2928 1372 3163 1441 gratuita
3193 1373 3395 1444 pietate
3416 1388 3506 1431 tua
3532 1376 3775 1448 placatus

513 1468 659 1526 Dens
696 1468 1064 1539 omnipotens,
1102 1466 1197 1537 qui
1243 1463 1382 1521 dixit
1421 1465 1520 1536 per
1556 1463 1875 1535 prophetam
1898 1476 1923 1515 :
1949 1459 2090 1516 Nolo
2188 1455 2490 1513 clementer
2512 1457 2756 1532 indulge;
2780 1447 3020 1518 nee'sinc
3040 1479 3137 1535 spe
3158 1466 3327 1521 venia:
3346 1447 3580 1524 animam
3603 1486 3775 1527 meum

512 1570 726 1616 monent
748 1559 1057 1632 peccatoris,
1081 1558 1173 1613 sed
1201 1566 1260 1612 ut
1288 1565 1618 1612 convertatur
1637 1566 1686 1610 et
1706 1555 1847 1609 vivat
1867 1553 2084 1627 (Eucti.
2120 1623 2161 1632 ᾗ
2190 1542 2433 1613 deseras,
2454 1562 2617 1618 quam
2644 1557 2768 1620 post
2795 1560 3101 1620 perpetrata
3124 1554 3351 1610 crimina
3382 1556 3547 1611 mqu
3576 1568 3633 1615 ει
3654 1575 3776 1630 8m-

513 1670 709 1720 xxxiii,
740 1623 860 1725 il),
887 1623 1194 1709 etiterum:
1228 1649 1297 1705 In
1315 1665 1623 1722 quacunque
1642 1647 1728 1702 die
1750 1623 2084 1718 ingemuerit,
2120 1623 2167 1684 Β
2191 1637 2301 1704 via,
2332 1654 2396 1693 ac
2422 1634 2690 1708 mortalia,
2723 1643 2789 1697 ad
2817 1642 3137 1699 immensam
3167 1654 3272 1702 tua:
3300 1648 3517 1718 pietatis
3545 1623 3777 1707 clemen-

515 1745 689 1806 cali-ur
716 1745 821 1801 eris
844 1744 1034 1815 (Ibid.,
1062 1759 1118 1798 ν.
1143 1741 1258 1815 12),
1295 1750 1352 1798 et
1377 1742 1468 1811 qui
1519 1755 1607 1796 me
1638 1740 1888 1811 dignatus
1908 1746 1994 1794 est
2021 1739 2090 1794 ad

2192 1731 2321 1786 tiam
2369 1729 2627 1788 festinare
2669 1734 2958 1792 miseratus
2998 1736 3265 1809 inapiras;
3312 1748 3368 1794 et
3408 1755 3532 1796 eum
3561 1757 3680 1798 eam
3711 1747 3776 1800 de

511 1835 906 1893 ..θηςεεείοηαη
970 1843 1320 1906 murum
1372 1848 1617 1890 meorum
1669 1832 2092 1888 misericorjilcr
2139 1834 2143 1838 λ
2190 1817 2390 1874 futuris
2423 1834 2711 1890 pomorum
2739 1824 3025 1880 tormentis
3058 1834 3368 1896 suspectam
3394 1843 3515 1885 esse
3552 1834 3774 1900 pateris.

512 1929 750 1994 trahere,
795 1936 855 1982 et
898 1926 1031 1982 mihi
1076 1925 1331 1981 virtutem
1368 1922 1687 1981 continendi
1733 1939 1822 1978 me
1860 1938 1893 1978 a
1932 1922 2089 1977 malis

2189 1911 2257 1967 de
2299 1912 2571 1967 mansuris
2610 1928 2826 1984 quoque
2857 1915 2984 1971 vitae
3024 1924 3241 1972 aeterna:
3285 1920 3528 1990 gaudiis,
3570 1922 3772 1978 indulta

510 2019 763 2090 operibus
794 2016 1011 2092 [ειρριε
1038 2016 1258 2082 tribuat,
1286 2014 1366 2072 vel
1404 2012 1618 2088 simile],
1669 2023 1724 2070 ct
1768 2016 2092 2071 misereatur
2190 2001 2346 2057 venia
2375 2011 2765 2092 peccatorum.
2809 2018 3029 2073 semper
3061 2006 3347 2092 respirare
3378 2011 3673 2077 concedas;
3722 2024 3778 2066 vi

510 2111 704 2165 anim
730 2090 887 2176 πιέειν
937 2116 995 2164 ει
1037 2118 1227 2181 nam;
1259 2118 1315 2164 ει
1343 2107 1585 2163 mnium
1611 2122 1677 2163 ac
1705 2107 1881 2163 dolea.
1908 2108 2100 2163 omnia.
2189 2090 2534 2152 emundatam
2576 2091 2741 2147 animi
2776 2090 3162 2149 conscientiam
3198 2111 3226 2149 a
3264 2098 3773 2167 prievarieationum

511 2210 727 2271 peccata
756 2217 877 2258 mea
913 2200 1211 2274 praeterita,
1255 2200 1543 2274 praesentia
1573 2208 1628 2256 et
1654 2199 1855 2265 futura,
1884 2195 1940 2254 et
1962 2183 2102 2269 per:

2094 2183 2102 2193 '
2190 2195 2283 2238 seu
2311 2186 2552 2239 omnium
2591 2185 2847 2240 vitiorum
2882 2184 3210 2256 cogitatione
3245 2187 3440 2243 iterum
3478 2193 3771 2262 apostatari

510 2292 671 2348 ιιηαη
694 2308 782 2349 ,ηε
806 2301 863 2348 οι
881 2292 1192 2350 introduc“
1217 2293 1272 2350 in
1298 2293 1464 2348 vitam
1487 2301 1763 2349 mmmam.
1779 2291 1980 2355 Amen.
2189 2290 2308 2332 eam
2334 2290 2364 2330 a
2395 2285 2464 2339 te,
2490 2276 2573 2331 vel
2597 2274 3096 2347 irrecuperabiliter
3119 2278 3391 2347 inquinari
3417 2295 3523 2334 non
3553 2282 3773 2350 permit-

1084 2401 1206 2458 Μία
1253 2402 1531 2474 tantm“.
2191 2374 2292 2420 tas.
2325 2364 2585 2430 Domine,
2617 2379 2833 2421 onmem
2874 2356 3159 2422 stultitiam
3195 2368 3379 2424 cordis
3417 2368 3523 2426 mei
3564 2370 3773 2426 miseri-

719 2515 731 2527 .
929 2512 953 2528 .
1038 2516 1050 2528 .
1088 2456 1099 2457 κ
1488 2456 1536 2528 ες
1634 2514 1648 2526 ι
1742 2516 1779 2528 “
2004 2516 2017 2528 ⁸
2188 2456 2427 2512 cordum-
2454 2458 2753 2523 munda,et
2782 2471 2903 2527 qua:
2931 2456 2986 2512 in
3015 2471 3101 2513 me
3129 2468 3255 2514 sunt
3283 2459 3537 2515 Vitiorum
3563 2470 3772 2518 εοεΐοῑδ

448 2604 460 2617 .
579 2512 1214 2620 ρθΐωίσῗθφ
1251 2529 1461 2620 animi".
1496 2514 1721 2620 pomi“
1742 2516 1908 2620 Ζ
1926 2516 2087 2620 “nisa
2188 2546 2437 2619 puriﬁca,
2479 2555 2535 2602 et
2573 2512 2675 2604 cor
2698 2512 2903 2615 meum,
2943 2547 3011 2603 ad
3048 2550 3437 2620 expugnandus
3470 2551 3771 2620 passiones,

508 2621 633 2678 spes
675 2606 865 2663 salutis
891 2620 1043 2662 meae.
1079 2605 1251 2689 .Gnla,
1294 2605 1579 2673 ebrietate,
1620 2604 1996 2673 fornicatione,
2025 2606 2089 2662 li-

2189 2647 2280 2693 tua
2310 2647 2499 2694 sancta
2525 2638 2781 2694 unctione
2807 2636 2995 2702 dilata,
3028 2653 3328 2709 sensusque
3369 2654 3518 2694 meos
3561 2642 3629 2696 ad
3673 2642 3770 2696 im-

510 2697 713 2763 bidine,
764 2698 1007 2766 tristitia,
1056 2698 1267 2764 acedia,
1320 2699 1697 2765 somnolentia,
1740 2697 2083 2771 negligentia,
2186 2748 2187 2751 η

2186 2728 2575 2801 pugnationum
2603 2727 2905 2783 certamina
2940 2697 3255 2799 superanda
3281 2728 3561 2796 conforta;
3600 2740 3657 2786 et
3688 2732 3772 2787 fac

508 2789 609 2851 ira,
640 2786 956 2860 cupiditate,
986 2788 1208 2856 invidia,
1247 2788 1394 2855 odio,
1432 2790 1784 2855 detractione,
1826 2787 2082 2860 periurio,

614 2817 956 2892 ,ξιιξιιιυιιδκῖν
988 2817 1208 2892 ’τιυυιειι
1247 2817 1407 2892 νει-ων,
1432 2817 1784 2892 “'f“""f"_"""’
1827 2817 2082 2892 νεηυξξυν
2187 2832 2274 2873 me
2301 2817 2462 2889 digne
2487 2817 2636 2873 vitiis
2662 2818 2803 2874 meis
2828 2817 3020 2883 irasci,
3057 2826 3119 2873 ut
3155 2820 3397 2877 omnium
3420 2832 3769 2892 peccatorum

508 2877 761 2962 falsitate,
786 2878 1088 2945 mendacio,
1112 2893 1250 2934 vana
1274 2879 1464 2951 gloria,
1487 2879 1703 2935 levitate
1726 2895 1790 2935 ac
1810 2879 2084 2951 superbia,

2116 2979 2153 2989 _
2188 2924 2433 2966 meorum
2480 2906 2871 2982 indulgentiam
2899 2906 3220 2982 eonsequar.
3269 2912 3515 2989 Domine,
3548 2914 3633 2970 iac
3675 2932 3776 2974 nos

508 2970 745 3041 perditus
788 2984 908 3026 sum
955 2969 1196 3027 omnino.
1249 2969 1603 3043 Cogitatione,
1657 2970 1947 3038 locutione,
1990 2986 2080 3027 ae-
2107 2979 2185 3057 cl

2107 2979 2155 3047 ο
2183 3002 2519 3058 incessanter
2574 3009 2704 3057 ante
2758 3002 2957 3057 mentis
3013 3002 3199 3058 oculos
3253 2980 3458 3060 habere
3521 3006 3770 3074 timorem

510 3062 656 3163 ιῖοξκξ
678 3060 1117 3163 διειιιεβξωιξξιζυε
1144 3060 1393 3163 δίξυθίιξυδ
1437 3060 1571 3163 "fcis.
1595 3068 1884 3163 ﬁmum
1929 3075 2080 3163 Fu”;
2185 3100 2336 3150 tuum
2357 3135 2372 3160 ,
2411 3102 2473 3149 ut
2506 3094 2561 3149 in
2597 3092 2744 3149 omni
2779 3093 2903 3148 loco
2938 3101 3160 3163 peccata
3200 3102 3409 3161 nostra,
3444 3105 3499 3152 et
3533 3072 3771 3154 futurum

506 3153 723 3260 ⁶ῗ⁴¹θξ¹¹ν
764 3151 855 3260 φῇ
888 3150 1386 3260 δυξυξίθξῗῇηξῳφῗ
2181 3200 2283 3258 pro
2311 3187 2391 3241 eis
2419 3183 2685 3253 judicium
2722 3183 2965 3256 cogitare
2995 3199 3062 3239 ac
3098 3183 3309 3246 timere.
3342 3186 3615 3258 simulque
3637 3205 3772 3260 prata

509 3243 718 3300 vivitiea
767 3258 873 3311 me,
928 3252 986 3300 ct
1022 3243 1261 3314 justiﬁes
1301 3257 1411 3308 me,
1463 3242 1688 3297 Domine
1725 3241 1868 3297 Deus
1907 3256 2079 3299 meus.
2181 3245 2186 3325 λ

2181 3241 2339 3346 cepta
2366 3241 2479 3340 tua,
2506 3283 2562 3329 et
2585 3241 2821 3345 gloriati:
2841 3273 3118 3330 emlestem
3146 3290 3176 3329 a
3206 3284 3259 3333 te
3283 3277 3463 3333 datam
3489 3241 3575 3335 his
3595 3241 3687 3351 qui
3710 3296 3771 3336 ea

506 3334 698 3389 Amen.
1258 3382 1312 3439 έν
1602 3350 1635 3408 ﬁ
2182 3376 2434 3434 servant,
2473 3366 2838 3431 considerare,
2872 3373 2930 3422 et
2969 3382 3183 3439 semper
3206 3364 3260 3423 in
3296 3379 3484 3427 mente.
3505 3334 3805 3436 retinere-ﬁ

2183 3459 2307 3531 quia
2346 3460 2685 3516 incessanter
2711 3467 2767 3514 tu
2796 3453 2958 3526 Deus,
2986 3462 3079 3530 qui
3108 3476 3207 3515 nos
3225 3459 3570 3531 iudicaturus
3596 3477 3672 3525 es,
3706 3465 3772 3519 de

2182 3551 2321 3607 coelo
2344 3550 2569 3621 respicis
2593 3564 2782 3605 omnes
2806 3557 2959 3605 actus
2987 3558 3044 3605 et
3066 3550 3422 3620 cogitationes
3448 3561 3684 3615 nostras,
3716 3563 3772 3606 et

2182 3639 2483 3695 locutiones
2512 3647 2751 3702 nostras,
2780 3636 3004 3708 etquod
3031 3638 3176 3692 omni
3205 3638 3338 3692 liora
3369 3638 3587 3710 angelus
3616 3641 3773 3698 nobis

505 3738 1060 3809 incircumscriptum,
1104 3737 1287 3793 omnia
1336 3744 1611 3809 regentem
1632 3777 1649 3801 ,
1687 3736 1869 3792 omnia
1903 3736 2079 3790 conti-
2180 3729 2469 3800 deputatus
2497 3727 2551 3782 in
2583 3726 2723 3783 cado
2747 3726 3033 3783 annuntiat
3055 3725 3196 3783 facta
3227 3736 3445 3793 nostra;
3487 3738 3543 3784 et
3571 3730 3777 3789 idcirco

505 3813 743 3891 rientem,
774 3826 1016 3883 omnium
1042 3833 1368 3894 creatorem,
1399 3827 1742 3891 Trinitatem,
1783 3825 2077 3882 Unitatem.
2181 3821 2433 3876 timentes
2455 3831 2732 3890 nunquam
2759 3817 3075 3895 recedamus
3103 3832 3134 3872 a
3154 3816 3313 3875 bonis
3337 3820 3775 3879 meditationibus

502 3915 677 3970 Credo
702 3923 757 3970 te
793 3915 1010 3971 misisse
1053 3916 1249 3971 Filium
1277 3924 1426 3971 tuum
1458 3915 1643 3971 Jesum
1671 3914 1946 3972 Christum
1971 3912 2080 3970 Do-
2177 3918 2234 3966 et
2262 3908 2495 3975 actibus,
2526 3909 2620 3965 sed
2641 3923 2857 3980 semper
2876 3908 2933 3965 in
2952 3908 3208 3965 cordibus
3226 3911 3427 3967 nostris
3456 3913 3548 3969 tibi
3574 3914 3770 3983 placita

503 4004 708 4059 mimum
723 4008 970 4057 nostrum
985 4003 1039 4057 in
1070 4011 1269 4059 terram
1289 4019 1387 4075 pro
1406 4003 1579 4059 salute
1604 4002 1818 4075 generis
1834 4002 2076 4059 humani.
2176 4003 2477 4075 cogitemus
2511 4009 2568 4056 et
2593 4001 2960 4071 disponamus.
2997 4000 3241 4068 Domine,
3279 4002 3456 4058 tribue
3494 4006 3667 4071 nobis,
3706 4015 3768 4061 ut

504 4090 630 4149 llaec
648 4099 733 4147 est
755 4090 914 4157 ﬁdes,
939 4106 1046 4163 qua
1074 4092 1130 4148 in
1153 4100 1207 4149 te
1229 4092 1410 4149 credo.
1438 4092 1498 4149 Si
1527 4102 1677 4151 recte
1696 4095 1883 4161 credo,
1907 4092 2078 4162 bene;
2178 4092 2325 4151 nullo
2353 4102 2478 4150 actu
2510 4093 2843 4150 delectemns
2868 4101 3114 4149 nostram
3141 4094 3471 4151 voluntatem
3498 4100 3770 4168 propriam

501 4190 585 4245 sin
638 4172 821 4246 autem
872 4188 1054 4244 minus
1106 4202 1268 4261 quam
1314 4194 1549 4260 oportet,
1589 4186 1817 4243 obsecro
1865 4194 1927 4241 ut
1967 4201 2076 4242 non
2178 4184 2433 4258 implere;
2479 4185 2575 4241 sed
2609 4184 2791 4241 omnia
2829 4184 3125 4242 secundum
3166 4187 3440 4243 tramitem
3479 4201 3770 4262 praeceptu-

501 4279 737 4350 aspicias
779 4278 848 4335 ad
892 4276 1057 4335 verba
1095 4292 1217 4349 qua:
1248 4277 1379 4346 dixi,
1408 4277 1505 4334 sed
1543 4276 1612 4333 ad
1641 4276 1696 4332 id
1741 4276 1885 4347 quod
1908 4275 2073 4332 volui.
2109 4331 2156 4350 n
2177 4289 2299 4332 rum
2329 4283 2543 4333 tuorum
2581 4274 2713 4342 tibi,
2742 4282 2797 4331 et
2833 4274 3105 4347 prioribus
3141 4276 3344 4333 nostris
3368 4276 3663 4336 obcdiendo
3692 4280 3769 4335 fa-

503 4362 729 4425 Dotnine
760 4366 886 4424 Jesn
915 4368 1151 4435 Christe,
1181 4369 1346 4426 credo
1389 4376 1445 4424 te
1484 4383 1582 4440 per
1622 4366 1868 4441 angelum
1899 4365 2081 4425 Maria:
2110 4362 2159 4396 υ
2183 4370 2408 4427 ciamus.
2452 4367 2695 4435 Domine,
2738 4366 2939 4440 largire
2983 4366 3163 4433 nobis,
3202 4378 3264 4424 ut
3308 4369 3425 4425 sine
3466 4386 3771 4427 murmura-

502 4457 695 4529 virgini
745 4458 1146 4524 annuntiatum,
1197 4460 1363 4514 credo
1407 4467 1461 4514 te
1512 4461 1813 4517 secundum
1858 4475 2078 4516 carnem
2181 4461 2329 4516 tione
2356 4460 2471 4516 oris
2500 4467 2557 4514 et
2583 4458 2787 4525 cordis,
2815 4456 3069 4513 omnibus
3098 4457 3287 4513 diebus
3315 4459 3439 4515 vita:
3467 4469 3665 4537 nostrae
3698 4465 3770 4519 si-

502 4555 714 4613 natum,
741 4544 1046 4618 pastoribus
1073 4546 1520 4601 demonstratum.
1562 4547 1737 4604 Credo
1788 4556 1841 4603 te
1887 4557 2081 4603 octavo
2182 4566 2303 4606 mus
2326 4547 2596 4609 veraciter
2624 4546 2851 4618 subjecti
2879 4554 2934 4601 et
2960 4545 3277 4603 obedientes
3300 4547 3433 4612 tibi,
3461 4557 3517 4603 et
3542 4550 3771 4607 seniori-

503 4640 591 4698 die
640 4637 1041 4704 circumcisum,
1087 4637 1251 4705 eredq
1301 4644 1356 4692 te
1406 4653 1439 4692 a
1493 4636 1661 4709 Magis
1700 4639 2002 4705 adoratum,
2047 4654 2077 4694 a
2179 4641 2281 4695 bus
2305 4636 2523 4693 nostris.
2556 4636 2585 4676 ι»
2616 4635 2859 4700 Domine,
2893 4635 3067 4689 tribue
3110 4636 3293 4702 nobis,
3327 4647 3388 4691 ut
3416 4638 3597 4693 omnia
3633 4640 3767 4697 dura

500 4726 713 4787 Joanne
728 4730 1057 4803 baptizatum
1082 4729 1135 4785 in
1161 4727 1414 4795 Jordane,
1445 4737 1829 4801 przesentatnm
1854 4730 1911 4785 in
1942 4738 2080 4787 tem-
2179 4736 2235 4784 ct
2262 4742 2474 4801 aspera,
2508 4736 2563 4781 et
2591 4731 2788 4781 nostra:
2806 4723 3071 4780 voluntati
3096 4726 3389 4792 contraria,
3413 4727 3576 4784 etiam
3603 4744 3768 4801 super

501 4819 608 4877 nlo.
637 4819 815 4876 Credo
841 4828 896 4877 te
915 4835 947 4875 a
966 4818 1101 4877 inda
1132 4818 1387 4877 traditore
1412 4819 1690 4884 traditum,
1728 4826 2077 4891 consputum,
2178 4821 2325 4877 vires
2351 4827 2403 4875 ct
2433 4818 2712 4885 scientiam
2740 4824 2988 4895 nostrain
3010 4818 3167 4874 nobis
3194 4816 3451 4887 iniuncta,
3483 4820 3565 4876 vel
3603 4825 3766 4880 etiam

502 4906 848 4980 ﬂagellatam,
870 4910 1042 4980 spinis
1062 4918 1401 4977 coronatum,
1421 4907 1759 4975 crucifixum,
1786 4910 2078 4981 sepultum,
2180 4912 2296 4967 lucc
2326 4910 2442 4982 ipsa
2470 4924 2593 4965 eum
2624 4908 2837 4981 injuriis
2862 4916 2918 4964 et
2945 4909 3282 4991 contumeliis
3310 4910 3570 4981 imperata
3589 4955 3606 4981 ,
3636 4916 3767 4973 sim-

499 4998 662 5054 tertia
690 4998 778 5054 die
804 5002 1191 5069 resnrrexisse,
1232 5010 1290 5058 et
1322 4999 1675 5074 quadraginta
1724 4998 1915 5055 diebus
1955 5010 2080 5056 eum
2179 5002 2402 5075 pliciter
2418 5011 2473 5060 et
2499 5002 2775 5060 humiliter
2804 5004 2858 5059 in
2885 5018 2981 5074 spe
3005 5002 3388 5063 misericordiae
3413 5015 3538 5075 tuae,
3563 5010 3768 5081 absque

500 5088 779 5159 discipulis
821 5088 1180 5147 manducasse
1220 5100 1277 5148 et
1307 5090 1509 5149 bibisse
1533 5110 1547 5147 :
1577 5089 1684 5165 47
1710 5090 1904 5147 deinde
1949 5107 2085 5162 qua-
2180 5092 2287 5150 ulla
2322 5082 2664 5150 simulatione
2688 5093 2958 5164 patienter
2984 5102 3040 5148 et
3063 5094 3359 5166 gaudentes
3387 5100 3762 5171 suscipiamus,

504 5178 808 5252 dragesimo
834 5179 923 5234 die
950 5179 1004 5234 in
1034 5180 1204 5236 celos
1232 5182 1536 5240 astantibus
1580 5181 1857 5253 discipulis
1884 5195 2079 5238 aseen-
2178 5192 2235 5239 et
2263 5200 2386 5239 cum
2411 5196 2606 5253 magno
2630 5179 2899 5238 desiderio
2926 5183 3264 5255 impleamus,
3290 5188 3393 5243 etsi
3416 5189 3764 5258 impossibilia

506 5267 669 5330 disse-
693 5268 820 5324 ίυάθ
844 5268 1006 5325 Cm
1025 5277 1079 5325 ιθ
1098 5276 1385 5325 “murum
1399 5270 1644 5340 indicare
1681 5273 1829 5327 "iVOS
1857 5278 1912 5326 οι
1937 5286 2082 5327 m0!"
2182 5282 2383 5339 fuerint
2405 5281 2582 5343 nobis,
2613 5279 2890 5336 humiliter
2913 5290 2967 5336 et
2996 5282 3264 5353 patienter
3287 5298 3635 5353 suggeramus
3663 5284 3759 5339 iiii-

510 5368 647 5415 tuos.
667 5359 863 5417 Certus
883 5377 1022 5427 sum,
1044 5353 1295 5427 Domine,
1329 5371 1383 5421 te
1417 5366 1621 5423 dixisse
1651 5385 1664 5422 :
1700 5366 1838 5421 Nolo
1864 5377 2081 5422 mortem
2180 5369 2390 5444 peranti
2436 5362 2921 5439 impossiliilitatem
2964 5381 3204 5427 nostram
3233 5386 3247 5425 :
3293 5379 3346 5426 ct
3389 5372 3432 5425 si
3478 5371 3566 5426 ille
3608 5388 3760 5429 suam

458 5529 468 5538 .
510 5454 810 5524 peccatoris,
839 5453 929 5507 sed
956 5462 1010 5508 ut
1032 5447 1362 5509 convertatur
1400 5468 1447 5511 et
1474 5460 1609 5515 vivat
1644 5460 1857 5533 (Ezccli.
1886 5476 2080 5528 χχχιιι,
2123 5518 2128 5522 .
2181 5461 2502 5519 sententiam
2533 5459 2841 5515 nullatenus
2867 5470 3076 5517 mutare
3102 5462 3348 5528 voluerit,
3374 5472 3428 5518 tu
3457 5477 3681 5534 operare
3706 5465 3761 5521 in

516 1286 802 1342 emendare
846 1282 1063 1358 [Supple
1084 1272 1448 1356 pmpono,"ret
1473 1281 1684 1355 simile],
1725 1281 1780 1337 in
1826 1288 2093 1351 quantum

516 1377 612 1433 Dei
640 1374 1006 1432 misericordia
1043 1375 1299 1446 dignatur
1344 1388 1432 1428 me
1482 1370 1757 1440 adjuvare.
1789 1369 1909 1440 ipse
1943 1369 2094 1424 enim

1258 3423 1341 3484 Χ.

1013 3523 1161 3585 Alia
1191 3524 1493 3604 confessio
1525 3536 1577 3583 ⁸.

573 3647 801 3705 Domine
837 3645 1203 3712 Deus,-eredo
1249 3645 1694 3716 omnipotentem,
1735 3642 2081 3710 invisibilem,

580 5595 604 5624 ⁸
628 5589 776 5647 Fidei
801 5604 1019 5661 nempe,
1047 5605 1155 5648 non
1180 5598 1545 5660 peccatorum.
2255 5593 2281 5634 ι’
2322 5592 2397 5646 Ex
2426 5589 2626 5661 Regula
2660 5592 2831 5646 sancti
2863 5592 3150 5648 Benedicti.
