4248 6250
563 336 566 343 ,
587 251 728 340 ,βίης
754 285 759 289 ·
817 252 821 256 ’

1435 280 1496 334 Β.
1539 280 1595 334 F.
1641 279 1866 333 ΑιΒιΝι
1907 279 2037 364 ειευ
2078 256 2351 336 AUIUNI
2388 277 2671 336 OPERUM
2708 281 2884 336 PARS
2921 280 3008 336 IV.

3825 63 4028 176 τί
4067 69 4076 78 ί

3759 284 3864 340 5(ςᾶ

601 391 854 459 cordibus
890 390 1109 460 nostris,
1139 400 1221 458 ‘ut.
1245 406 1360 450 nos,
1381 391 1711 446 conﬁdentes
1753 393 1805 445 in
1833 373 2039 446 auxilio,
2073 401 2184 455 tuo,
2218 398 2259 450 Α
2293 398 2398 443 tem
2430 390 2662 446 diserete
2690 393 2930 456 tacendi,
2959 401 3015 446 et
3041 394 3268 449 disert-te
3298 386 3577 466 loquendi,
3616 408 3673 453 ut
3703 397 3864 456 inter-

601 482 742 536 datis
783 483 934 546 nobis
975 483 1230 536 divinitus
1267 471 1437 536 animi
1481 484 1684 538 viribus
1731 494 1781 539 et
1830 484 2078 548 scientia,
2121 500 2184 538 ex

598 575 865 630 cltaritate
896 574 1209 629 obediamus
1241 575 1452 639 devote,
1485 578 1610 644 quia
1645 578 1761 632 sine
1799 588 1848 632 te
1890 577 2020 632 nihil
2061 580 2184 633 boni

599 679 902 732 possumus.
949 666 1021 719 Da
1063 666 1235 725 nobis.
1283 667 1526 727 Domine,
1565 677 1623 722 ut
1662 670 1804 722 nulla
1846 671 2186 738 correptione

559 749 906 816 --.cont.eftden
957 767 1397 824 .thcsuutamus,
1427 775 1625 830 [neque
1671 762 1798 818 .ullis
1843 762 2186 818 sermonibus

588 847 898 916 iustos-nos
912 863 1184 911 monemur
1211 851 1497 905 ostendere
1514 883 1543 913 ,ι
1563 867 1678 906 nec
1697 851 2073 906 erubescendo
2095 852 2184 906 dc—

578 937 804 1013 dormias.
824 939 944 998 aliis
959 950 1249 1023 apparere,
1283 941 1516 1011 aliquem
1552 944 1769 1012 culpare
1797 944 2056 1008 velimus;
2089 945 2182 998 sed

2291 487 2460 556 rogati
2491 502 2611 542 cum
2643 487 2951 552 humilitate
2987 498 3038 542 et
3079 491 3375 544 reverentia
3408 494 3858 562 respondeamus;

2288 587 2340 630 ct
2377 593 2497 631 cum
2536 572 2950 649 interrogamus,
2989 596 3110 654 cum
3150 581 3294 636 omni
3329 581 3658 651 suljcctione
3696 594 3750 638 et
3779 602 3864 639 rc-

2262 671 2525 746 _verentia
2568 659 2978 744 interrogemus,
3019 682 3287 737 caventes,
3323 691 3390 730 ne
3425 677 3546 745 plus
3576 686 3666 730 aut
3708 679 3863 733 aliter

2285 762 2565 838 videamur
2607 762 2750 832 loqui
2795 779 2959 835 quam
2995 764 3212 833 expedit
3250 774 3449 821 nostra:
3493 768 3733 838 religioni
3778 769 3858 822 vel

2285 835 2493 916 causam
2540 868 2632 906 seu
2677 854 3020 918 necessitati,
3071 855 3209 910 unde
3257 855 3556 926 loquimur;
3607 866 3661 911 et
3711 858 3857 910 muni

2252 998 2255 999 ν
2283 942 2444 994 corda
2475 949 2654 994 nostra
2674 983 2688 1005 ,
2731 932 2789 995 ut
2824 958 3096 1011 nunquam
3124 943 3450 1023 delectemur
3480 961 3614 999 vana
3651 933 3730 997 vel
3771 962 3859 999 su-

2282 1030 2482 1101 perflua
2513 1031 2712 1102 gloria,
2753 1048 2937 1106 neque
2964 1033 3171 1088 inutilia
3207 1033 3524 1106 cogitemus,
3555 1037 3854 1101 audiamus,

2282 1123 2584 1192 loquamur,
2630 1139 2724 1178 seu
2751 1103 3047 1180 videamus.
3094 1127 3340 1190 Domine,
3378 1127 3644 1184 miserere
3680 1128 3855 1193 nobis,

2280 1222 2334 1266 et
2359 1212 2443 1266 fac
2475 1221 2531 1265 ut
2561 1229 2664 1266 non
2695 1215 2865 1268 simus
2892 1213 3075 1269 faciles
3097 1230 3160 1268 ac
3180 1211 3414 1285 prompti
3449 1209 3506 1269 in
3527 1211 3657 1279 risu,
3689 1218 3780 1271 sed
3805 1225 3857 1270 te

2281 1304 2582 1366 tribuente,
2623 1304 2693 1356 sit
2726 1304 2778 1358 in
2819 1304 2972 1379 nobis
3010 1305 3262 1358 salutaris
3295 1305 3548 1359 contritio
3587 1314 3641 1360 et
3678 1307 3855 1360 cordis

2280 1395 2610 1464 bumiliatio,
2628 1403 2678 1448 et
2702 1384 3061 1464 compunctio,
3089 1404 3141 1449 et
3167 1384 3450 1450 afﬂuentia“
3472 1396 3852 1451 laervmarum.

2276 1494 2330 1541 et
2359 1487 2507 1540 utilis
2539 1485 2676 1539 tristi
2707 1486 2774 1538 ia.
2810 1485 2969 1558 nisus
2994 1486 3220 1548 otiosus,
3245 1476 3485 1559 carnalis
3509 1485 3713 1549 hetitia,
3745 1487 3854 1541 dis—

549 1039 740 1098 -qura
767 1031 1096 1090 Consternati
1118 1032 1346 1091 tamdiu
1374 1047 1473 1087 nos
1503 1034 1796 1103 culpabiles
1822 1043 1877 1088 et
1906 1047 2026 1089 reos
2053 1048 2183 1089 e‘on-
2215 1047 2228 1054 '

551 1121 863 1198 “tum;
895 1136 1178 1190 quousque
1191 1122 1488 1179 commotio
1515 1123 1682 1177 animi
1703 1123 2181 1192 'nosleorripientis

543 1213 1112 1291 uitiostrnnl‘nunilitate
1139 1221 1380 1273 sanetur.
1410 1215 1652 1278 Domine,
1675 1216 1746 1270 .da
1779 1216 1954 1277 nobis,
1983 1223 2040 1268 ut
2058 1231 2180 1270 om-

544 1304 1124 1382 ,..neanstgrasgmalas
1166 1304 1539 1380 cogitationes,
1567 1314 1626 1364 et
1653 1304 1792 1366 mala
1820 1320 1985 1374 opera
2011 1320 2040 1358 a
2085 1319 2183 1376 uo—g

543 1380 961 1461 μτνιλὶῇίτῴξςοῃβίι
992 1380 1266 1460 humiliter
1295 1402 1479 1448 nostro
1506 1394 1862 1462 conﬁteantur
1889 1395 2094 1459 abbati,
2117 1403 2179 1450 ,et

551 1483 698 1560 ,λψς
721 1483 944 1546 cuilibet
970 1485 1205 1552 spiritali
1234 1484 1444 1550 fratri;
1485 1494 1543 1538 ut
1572 1501 1669 1554 per
1697 1487 2178 1556 correptionem-et

585 1573 1004 1640 admonitionem
1041 1588 1227 1638 eorum
1251 1615 1265 1639 ,
1300 1575 1499 1639 diaboli
1531 1575 1758 1644 laqueos
1795 1583 1846 1629 te
1881 1575 2176 1646 auxiliante
2229 1604 2234 1609 -
2277 1577 2471 1634 solutio
2516 1577 2920 1642 ctoblectatio,
2966 1566 3055 1632 tua
3095 1577 3292 1632 virtute
3330 1577 3515 1648 procul
3557 1577 3785 1648 pellatur
3820 1593 3851 1631 a

554 1663 905 1728 ,..c':a~_lamu5.
948 1662 1124 1740 scil__ct
1156 1677 1252 1716 cor
1289 1670 1530 1737 nostrum
1563 1677 1777 1734 semper
1805 1663 1874 1720 sit
1911 1662 2173 1715 confitens
2208 1655 2450 1741 guobis.
2489 1668 2744 1732 Domine,
2778 1668 2843 1724 da
2885 1670 3038 1725 nobis
3065 1672 3126 1726 ut
3155 1687 3276 1725 cum
3314 1671 3597 1741 loquimur,
3639 1671 3850 1737 leviter,

537 1817 546 1823 _
582 1754 792 1819 mantia;
835 1755 920 1820 cui
965 1737 1096 1818 nihil
1143 1763 1225 1808 cst
1263 1754 1654 1810 absconditum.
1701 1754 1954 1814 Domine,
1995 1752 2174 1806 tribue
2205 1737 2251 1796 Β
2277 1742 2396 1813 cum
2425 1760 2709 1827 gravitate,
2738 1757 2907 1830 pauca
2936 1758 3108 1833 verba
3123 1762 3398 1824 salutaria,
3431 1762 3546 1817 sine
3570 1762 3715 1819 vocis
3739 1763 3849 1819 ela-

575 1847 756 1909 nobis,
789 1855 1101 1916 utrsemper
1141 1847 1309 1901 simus
1344 1847 1579 1904 contenti
1618 1847 1762 1900 omni
1796 1846 2002 1901 vilitate
2042 1845 2168 1908 cibi,

577 1946 630 1988 et
663 1945 838 2004 potus,
870 1953 934 1992 ac
963 1938 1221 2004 vestium;
1268 1946 1325 1991 ut
1365 1953 1699 2008 quaecunque
1739 1939 1849 1995 sint
1879 1937 2003 1992 vilia
2042 1937 2168 2000 ista,

580 2025 634 2087 in,
664 2035 871 2084 tantum
892 2065 914 2089 ,-
948 2035 1006 2081 ut
1028 2035 1139 2095 per
1172 2043 1235 2082 ea
1275 2030 1448 2098 possit
1480 2044 1677 2098 corpus
1711 2036 1956 2096 nostrum
1994 2027 2169 2082 subsi-

575 2125 718 2170 stere
763 2118 829 2176 ad
874 2119 1216 2174 serviendum
1266 2121 1398 2180 tibi.
1450 2136 1554 2174 nou
1603 2120 1759 2174 nobis
1807 2121 1880 2174 sit
1924 2134 2055 2186 cura
2099 2117 2168 2172 de

572 2205 686 2276 48
732 2208 1071 2275 melioribus,
1101 2208 1215 2265 sed
1259 2212 1344 2266 his
1385 2212 1555 2265 simus
1597 2209 1924 2265 sufﬁcientes
1963 2210 2165 2278 absque

571 2297 696 2352 dolo
726 2309 780 2354 et
807 2301 1098 2371 hypocrisi.
1136 2299 1384 2369 Domine,
1405 2305 1476 2358 da
1511 2305 1666 2359 nobis
1696 2312 1754 2357 ut
1781 2302 1958 2357 omnis
1987 2311 2165 2358 extre-

572 2391 731 2446 mitas
758 2394 966 2463 placeat
992 2396 1167 2454 nobis.
1193 2408 1608 2467 quantocunque
1639 2395 1898 2455 fuerimus
1928 2394 2160 2458 minimi,

571 2491 624 2533 et
673 2485 1003 2550 posteriores
1043 2487 1293 2541 omnibus
1339 2488 1392 2541 in
1439 2487 1697 2550 sedendo,
1746 2487 1797 2540 in
1847 2487 2062 2550 stando,
2107 2495 2162 2539 ct

569 2575 926 2637 ascendendo,
970 2585 1037 2638 et,
1068 2577 1356 2646 loquendo,
1403 2588 1456 2633 et
1498 2579 1551 2632 in
1594 2579 1846 2632 omnibus
1887 2593 2007 2648 qua:
2052 2576 2157 2633 diei

569 2673 826 2732 possunt,
873 2668 1201 2736 gaudeamus
1234 2667 1300 2722 de
1341 2671 1442 2724 hoc
1475 2687 1487 2722 :
1523 2677 1577 2724 et
1607 2677 1731 2725 hinc
1762 2685 1858 2724 nos
1888 2684 2014 2723 vere
2047 2685 2074 2721 a
2108 2677 2159 2722 te

570 2755 990 2810 misericorditer
1033 2770 1304 2829 respectus
1339 2762 1690 2827 Instituemus,
1723 2773 1777 2815 et
1815 2763 1865 2816 in
1903 2762 2157 2817 cordibus

568 2845 766 2899 nostris
799 2847 1001 2917 gratias
1032 2849 1123 2903 tibi
1163 2867 1402 2920 agamus.
1437 2853 1682 2918 Domine,
1711 2855 1776 2907 da
1808 2853 1962 2908 nobis
1990 2863 2050 2907 ut
2088 2853 2155 2908 ad

565 2933 745 2988 omnia
796 2953 916 3006 qum
959 2938 1114 2993 nobis
1161 2939 1531 3011 injunguntur,
1580 2953 1999 3012 quantocunque
2045 2943 2155 2997 sint

565 3028 689 3081 \ilia
720 3037 775 3083 et
803 3028 1034 3097 ahjecta,
1074 3042 1128 3087 et
1161 3034 1401 3088 omnium
1443 3033 1870 3089 ministeriorum
1905 3036 2149 3098 minima,
2178 3074 2221 3128 Ο

567 3121 811 3188 indignos
852 3139 950 3177 nos
989 3125 1056 3179 ad
1096 3135 1202 3179 tam
1249 3127 1474 3185 honesta
1519 3124 1852 3189 faciendum,
1899 3133 1952 3179 et
1991 3128 2152 3180 corde
2179 3111 2222 3133 ’³

563 3209 848 3266 credamus
886 3228 949 3268 ac
986 3215 1303 3281 sentiamus,
1335 3232 1396 3270 ae
1421 3215 1768 3288 perﬁciamus
1797 3232 1857 3272 ea
1887 3232 2008 3271 cum
2041 3232 2153 3270 ma-

563 3312 662 3363 gna
697 3298 998 3356 devotione.
1039 3304 1285 3370 Domine,
1317 3306 1382 3361 da
1413 3307 1567 3362 nobis
1603 3305 1839 3363 fructum
1868 3308 2152 3363 eharitatis

561 3397 619 3441 et
647 3389 982 3456 humilitatis,
1012 3402 1067 3447 et
1093 3393 1430 3462 obedientiae,
1459 3407 1514 3451 et
1545 3399 1839 3467 patientiae,
1867 3413 1991 3452 cum
2021 3413 2150 3452 vero

561 3493 746 3533 amore
787 3479 1163 3537 fraternitatis.
1215 3481 1474 3550 Domine,
1521 3487 1699 3541 tribue
1746 3488 1901 3541 nobis
1945 3496 2004 3541 ut
2052 3504 2150 3541 nos

558 3588 772 3645 semper
809 3591 875 3632 ex
912 3577 1101 3634 intimo
1139 3579 1301 3634 corde
1335 3580 1620 3637 credamus
1651 3582 1869 3636 viliores
1897 3584 2150 3637 omnibus

558 3673 719 3733 atque
746 3665 1054 3735 inferiores,
1085 3678 1139 3725 et
1169 3670 1247 3725 sic
1279 3672 1464 3727 haberi
1493 3688 1591 3728 nos
1619 3674 1687 3728 ab
1715 3673 1834 3727 aliis
1864 3682 1917 3727 et
1949 3676 2148 3728 consti-

559 3753 634 3803 tui
672 3755 971 3822 cupiamus,
1012 3767 1173 3828 atque
1211 3760 1279 3816 ab
1318 3762 1572 3817 omnibus
1598 3762 1724 3828 dici,
1768 3765 2015 3834 quamvis
2055 3764 2143 3818 alii

559 3859 656 3898 nos
682 3846 760 3899 sic
784 3862 887 3900 non
917 3851 1201 3915 :estiment,
1230 3868 1330 3906 nec
1351 3855 1624 3918 ordinent,
1654 3848 1827 3926 neque
1849 3835 2074 3923 dicant;
2093 3865 2147 3911 et

559 3949 657 3987 nos
693 3951 794 3988 non
834 3936 980 3992 sinas
1007 3954 1127 3993 esse
1165 3940 1498 4011 hypocritas,
1525 3953 1584 3998 ut
1617 3947 1770 4013 quasi
1801 3963 2019 4004 nosore
2049 3965 2144 4002 no-

557 4034 669 4077 stro
696 4025 960 4082 fateamur
987 4046 1087 4084 nos
1109 4045 1230 4086 esse
1257 4033 1521 4104 indignos.
1551 4044 1604 4089 et
1631 4037 1848 4092 viliores
1876 4041 2144 4108 atquein-

557 4114 779 4170 feriorcs
809 4120 1060 4173 omnibus
1084 4135 1203 4175 esse
1225 4123 1436 4186 debere,
1465 4134 1522 4180 et
1551 4126 1650 4179 sub
1682 4127 1783 4180 hac
1809 4127 2142 4196 professione

557 4211 740 4264 humili
782 4214 1005 4269 velimus
1047 4216 1245 4283 videri,
1286 4226 1342 4273 et
1383 4219 1572 4277 haberi
1612 4223 1679 4275 ab
1718 4222 1838 4278 aliis
1883 4232 2140 4293 tanquam

551 4299 678 4367 justi
700 4312 754 4356 et
783 4293 1040 4375 religiosi,
1072 4306 1486 4379 interiushujas
1513 4313 1692 4365 saeculi
1721 4313 2054 4378 altitudines,
2085 4323 2140 4368 et

2275 1866 2423 1906 more
2451 1860 2505 1906 et
2532 1852 2735 1922 absque
2764 1852 3124 1908 concitatione
3148 1853 3448 1922 loquamur.
3481 1855 3724 1920 Domine,
3757 1857 3851 1910 tri—

2271 1943 2376 1998 bue
2405 1943 2561 1997 nobis
2592 1944 2804 2000 miseris
2832 1951 2888 2000 et
2916 1943 3150 2017 indignis
3178 1955 3238 2001 ut
3272 1945 3325 2001 in
3354 1947 3500 2014 omni
3535 1946 3651 2003 loco
3669 1943 3852 2003 omni-

2270 2026 2670 2106 que'tempore,
2703 2045 2757 2092 et
2784 2039 2931 2094 omni
2970 2053 3135 2109 opere
3169 2040 3434 2104 sedentes,
3470 2049 3695 2106 stantes,
3736 2057 3850 2094 am-

2268 2126 2545 2193 bulantes,
2589 2139 2877 2199 operantes
2915 2131 3228 2188 inclinatum
3267 2142 3323 2189 et
3366 2134 3702 2190 humiliatum
3748 2134 3847 2188 ha-

2268 2220 2490 2276 beamus
2519 2220 2658 2295 [cor]
2689 2238 2872 2278 coram
2897 2211 2974 2290 te,
3005 2234 3061 2281 et
3108 2241 3229 2283 reos
3271 2243 3370 2282 nos
3418 2229 3559 2283 omni
3609 2229 3738 2282 hora
3781 2229 3848 2282 de

2266 2311 2466 2366 nostris
2497 2313 2704 2368 actibus
2731 2315 3078 2380 mstimemus,
3107 2324 3162 2372 et
3192 2317 3380 2388 repleti
3416 2317 3604 2387 spiritu
3638 2318 3848 2372 timoris

2263 2410 2317 2456 ct
2365 2402 2567 2457 amoris
2618 2403 2730 2470 tui,
2783 2404 3026 2461 dicamus
3073 2407 3267 2476 singuli
3316 2407 3370 2461 in
3415 2413 3623 2461 secreto
3669 2407 3847 2462 cordis

2261 2495 2432 2551 nostri
2467 2513 2487 2568 :_
2512 2494 2767 2562 Domine,
2810 2514 2918 2552 non
2953 2513 3074 2554 sum
3110 2499 3302 2569 dignus
3339 2514 3440 2569 ego
3478 2507 3731 2568 peccator
3765 2498 3844 2552 lc-

2263 2601 2389 2640 vare
2409 2586 2599 2641 'oculos
2622 2603 2772 2642 meos
2799 2587 2851 2641 in
2868 2587 3096 2643 caelum.
3122 2587 3288 2652 Deus,
3312 2587 3563 2663 propitius
3583 2596 3693 2641 esto
3716 2587 3844 2640 mihi

2259 2680 2532 2746 percntari.
2551 2678 2703 2748 (Luc.
2731 2694 2882 2741 xviu,
2913 2677 3000 2750 l3)
3027 2692 3257 2748 semper,
3287 2679 3378 2733 hic
3399 2685 3453 2734 et
3479 2678 3532 2732 in
3558 2686 3841 2742 :etermnn,

2260 2771 2350 2840 qui
2378 2770 2519 2824 .vivis
2547 2778 2600 2823 et
2631 2784 2824 2840 regnas
2853 2771 2904 2824 in
2932 2770 3125 2825 stecula
3151 2767 3489 2825 Steculorum.
3522 2768 3711 2823 Amen.

2983 2884 3130 2946 XII.

2851 2994 2994 3054 Alia
3027 2980 3293 3056 oratio:

2329 3115 2550 3186 Magnus
2590 3131 2670 3178 es,
2714 3115 2960 3178 Domine,
3006 3123 3061 3170 et
3099 3113 3380 3169 laudabilis
3424 3113 3600 3177 valde,
3646 3126 3836 3184 magna

2255 3205 2429 3258 virtus
2472 3213 2589 3270 tua,
2623 3213 2679 3260 ct
2712 3205 2988 3276 sapientiae
3027 3213 3130 3260 tua:
3170 3221 3274 3261 non
3312 3212 3397 3259 est
3437 3218 3716 3258 numerus.
3757 3200 3837 3259 Tu

2253 3295 2461 3350 excitus
2485 3311 2581 3351 cor
2606 3303 2875 3362 nostrum,
2905 3303 2966 3349 ut
2999 3294 3272 3349 telaudet
3304 3302 3359 3349 et
3385 3292 3680 3365 gloriﬂeet,
3711 3291 3834 3362 quia

2252 3388 2426 3442 fecisti
2473 3403 2571 3441 nos
2612 3387 2679 3441 ad
2722 3386 3044 3441 laudandum
3077 3395 3164 3451 te,
3195 3394 3249 3441 et
3286 3384 3582 3454 inquietum
3619 3392 3702 3438 est
3741 3395 3836 3437 cor

2227 3488 2515 3541 nostrum,
2559 3479 2728 3533 donec
2768 3478 3069 3548 requiescat
3113 3478 3166 3532 in
3203 3486 3273 3532 te.
3320 3477 3567 3545 Quaeram
3614 3484 3684 3539 te,
3731 3473 3833 3528 Do-

2251 3571 2429 3632 mine,
2467 3570 2722 3624 invocans
2766 3576 2852 3634 te,
2892 3577 2946 3623 et
2996 3569 3238 3624 invocem
3286 3578 3338 3624 te
3369 3568 3594 3622 credens
3636 3565 3690 3618 in
3728 3571 3782 3618 te
3816 3583 3828 3617 :

2249 3673 2497 3728 quaerens
2527 3660 2669 3713 enim
2697 3667 2778 3722 te,
2809 3660 3076 3714 inveniam
3110 3667 3192 3724 te,
3225 3669 3280 3712 et
3317 3655 3593 3712 inveniens
3621 3655 3830 3710 laudem

2251 3759 2322 3802 te.
2374 3750 2590 3804 invocat
2634 3759 2706 3814 te,
2757 3749 2999 3811 Domine,
3056 3749 3187 3804 fides
3234 3764 3372 3814 mea,
3423 3763 3585 3818 quam
3636 3745 3828 3800 dedisti
3911 3752 3918 3760 '

2248 3840 2401 3904 mihi,
2444 3855 2603 3910 quam
2645 3839 2918 3910 inspirasti
2958 3840 3089 3894 mihi
3137 3855 3236 3910 per
3274 3838 3662 3894 humanitatem
3705 3835 3826 3891 Filii

2247 3932 2355 3997 tui,
2392 3944 2495 4002 per
2516 3931 2872 3987 ministerium
2903 3917 3273 4002 praedicaturis
3300 3929 3376 3985 tui
3406 3949 3418 3984 :
3450 3936 3503 3984 et
3525 3930 3647 4000 quis
3677 3921 3828 3985 locus

2245 4036 2326 4080 est
2368 4027 2419 4080 in
2457 4043 2562 4091 me,
2607 4042 2713 4096 quo
2747 4027 2931 4081 venias
2971 4027 3024 4080 in
3064 4042 3168 4091 me,
3213 4026 3437 4081 Domine
3475 4025 3614 4079 Deus
3650 4036 3823 4084 meus,

2243 4133 2350 4187 quo
2375 4119 2597 4172 veniens
2626 4118 2867 4172 invenias
2899 4118 2952 4172 in
2984 4133 3067 4172 me
3107 4118 3269 4182 Deus,
3300 4118 3389 4189 qui
3428 4115 3601 4171 fecisti
3628 4113 3823 4170 coelum

2241 4218 2295 4264 et
2322 4218 2542 4263 terram.
2573 4209 2653 4262 An
2678 4223 2804 4262 vero
2830 4208 3022 4263 coelum
3045 4217 3100 4262 et
3129 4215 3294 4271 terra,
3325 4221 3443 4275 quae
3471 4203 3662 4268 fecisti,
3692 4209 3745 4256 et
3766 4198 3822 4254 in

2240 4303 2436 4368 quibus
2465 4317 2552 4356 me
2579 4300 2784 4365 fecisti,
2814 4299 3032 4370 capiunt
3068 4300 3152 4353 te?
3188 4298 3298 4370 ω
3335 4298 3417 4351 An
3453 4297 3574 4367 quia
3615 4295 3731 4350 sine
3769 4301 3822 4348 tc

555 4388 737 4444 laudes
765 4372 925 4462 atque
955 4395 1188 4449 honores
1214 4372 1547 4465 appetentes.
1582 4398 1765 4467 Neque
1805 4401 1869 4454 de
1905 4401 2010 4456 iliis
2041 4372 2139 4457 nos
2170 4419 2181 4476 ι

2248 4408 2348 4446 non
2376 4401 2459 4448 est
2492 4393 2752 4462 quidquid
2779 4401 2891 4456 est,
2922 4389 3010 4454 fit,
3045 4400 3102 4443 ut
3128 4389 3386 4459 quidquid
3408 4372 3496 4444 est
3522 4387 3696 4457 capiat
3735 4386 3822 4440 te?

504 4517 507 4520 ι
553 4483 832 4547 permittas
860 4498 980 4537 esse
1008 4484 1204 4552 quibus
1226 4486 1269 4538 si
1299 4485 1435 4539 alter
1463 4488 1542 4540 eis
1564 4488 1758 4542 dixerit
1779 4493 1924 4558 quod
1951 4491 2049 4560 ipsi
2075 4492 2140 4546 de

553 4584 610 4625 se
637 4570 871 4626 fatentur
895 4587 990 4627 ore
1015 4573 1257 4642 proprio,
1287 4574 1370 4629 vel
1394 4576 1440 4630 si
1471 4577 1542 4630 ita
1572 4593 1666 4632 eos
1690 4579 1821 4634 viles
1847 4590 1940 4634 aut
1967 4591 2142 4636 extre-

552 4676 667 4716 mos
703 4665 942 4734 posuerit
981 4672 1041 4718 ut
1075 4664 1179 4719 illis
1213 4681 1333 4721 esse
1362 4666 1560 4724 debere
1587 4671 1792 4734 dicunt,
1834 4683 1926 4726 aut
1955 4675 2137 4728 statim

554 4752 603 4804 in
633 4756 1007 4822 contumelias,
1045 4764 1137 4811 aut
1170 4757 1392 4814 nimiam
1427 4758 1561 4813 iram
1604 4760 1938 4832 irrumpunt,
1980 4772 2038 4817 ut
2072 4766 2138 4819 ad

553 4843 652 4895 hoe
697 4860 864 4915 usque
910 4847 1227 4919 perveniant
1273 4847 1445 4918 quod,
1491 4848 1782 4920 instigante
1827 4851 2062 4917 diabolo,
2107 4870 2136 4907 a

550 4938 965 5005 cengregatione
990 4940 1077 4996 cui
1106 4957 1164 4996 se
1190 4935 1533 4996 sociaverant
1555 4941 1842 5007 recedant;
1877 4931 1968 4996 aut
1992 4957 2138 5000 certe

550 5023 732 5078 dolum
775 5025 827 5078 in
872 5029 1034 5085 corde
1069 5032 1333 5097 celantes,
1379 5033 1676 5101 iracundia:
1712 5033 1922 5104 tempus
1963 5051 2154 5095 reser—.

551 5121 674 5166 vent
702 5132 713 5166 :
753 5115 836 5169 vel
861 5130 954 5170 eos
982 5120 1073 5187 qui
1105 5115 1252 5177 recte
1281 5124 1486 5179 vivere
1506 5125 1818 5189 decertant,
1850 5125 2137 5180 detrahere

548 5213 603 5258 et
630 5204 929 5260 dilacerare
960 5208 1170 5277 injuriis
1208 5221 1370 5282 atque
1403 5215 1667 5285 impedire
1705 5233 1812 5270 non
1850 5216 2130 5274 desistant.

549 5298 630 5354 Ab
660 5299 761 5363 his,
796 5300 1037 5360 Domine.
1073 5311 1128 5356 et
1156 5303 1462 5370 huiusmodi
1493 5308 1660 5361 nzevis
1690 5307 1977 5380 [Quercel.,
2012 5323 2137 5362 ner-

550 5389 651 5462 vis]
680 5393 841 5448 corda
883 5403 1066 5449 nostra
1096 5395 1314 5449 munda.
1355 5397 1600 5461 Domine,
1628 5398 1819 5467 adjuva
1848 5415 1966 5464 nos,
1995 5408 2048 5453 et
2075 5400 2135 5452 li-

550 5476 677 5532 bera
725 5497 841 5544 nos,
884 5492 938 5538 et
983 5485 1191 5540 custodi
1234 5501 1360 5547 nos;
1407 5495 1466 5540 ut
1510 5487 1640 5541 nihil
1688 5503 1911 5558 agamus
1953 5496 2132 5541 nostra

550 5575 986 5640 pimsumptionc,
1035 5578 1140 5632 nisi
1191 5579 1333 5648 quod
1387 5578 1655 5649 agendum
1685 5579 1759 5632 "in
1805 5577 2134 5633 monasterio

550 5671 732 5715 salicta
769 5667 1012 5736 pnecipit
1043 5670 1246 5740 regula.
1295 5669 1541 5734 Domine.
1576 5672 1751 5728 tribue
1783 5672 1936 5728 nobis
1966 5670 2131 5724 virtu-

2241 4483 2505 4551 Quoniam
2536 4484 2714 4552 itaque
2741 4491 2796 4537 et
2819 4497 2916 4552 ego
2955 4497 3071 4535 sum
3092 4523 3104 4547 ,
3143 4481 3270 4552 quid
3307 4491 3431 4551 peto
3461 4489 3519 4534 ut
3551 4481 3736 4536 venias
3763 4479 3816 4532 in

2240 4592 2358 4642 me,
2402 4576 2492 4646 qui
2537 4592 2644 4630 non
2691 4591 2864 4630 essem
2916 4576 3017 4629 nisi
3065 4591 3211 4630 esses
3257 4576 3308 4630 in
3356 4577 3475 4631 me?
3523 4574 3640 4631 Non
3687 4562 3816 4639 ergo

2238 4685 2436 4733 essem,
2468 4669 2608 4724 Deus
2648 4686 2714 4722 nu
2735 4685 2817 4735 us,
2851 4684 2956 4723 non
2987 4670 3206 4724 omnino
3233 4685 3426 4733 essem,
3454 4668 3556 4722 nisi
3583 4680 3728 4724 esses
3761 4664 3814 4717 in

2237 4779 2343 4817 me.
2372 4763 2614 4826 Summe,
2646 4761 2866 4830 optimc,
2891 4761 3286 4831 potentissime,
3314 4749 3815 4812 misericordissime

2236 4861 2289 4906 et
2309 4850 2631 4920 iustissime,
2663 4849 3046 4922 sacratissime,
3075 4846 3388 4908 fortissime,
3419 4841 3627 4898 stabilis
3654 4850 3706 4897 et
3732 4843 3814 4898 in-

2236 4942 2753 5014 comprehensibilis,
2795 4938 3143 4994 immutabilis
3183 4946 3396 4990 mutans
3433 4936 3637 5002 omnia,
3677 4951 3811 4990 nun-

2235 5049 2395 5103 quam
2425 5048 2616 5095 novus,
2647 5045 2920 5099 nunquam
2948 5034 3121 5090 vetus,
3152 5027 3410 5082 innovans
3441 5027 3640 5094 omnia,
3673 5035 3726 5081 et
3754 5025 3810 5082 in

2235 5129 2556 5175 vetustatem
2598 5117 2898 5189 perducens
2948 5116 3234 5184 superbos,
3277 5117 3438 5173 etiam
3485 5118 3806 5181 nescientes.

2237 5209 2462 5280 Semper
2504 5224 2698 5278 agens,
2751 5222 2966 5278 semper
3015 5208 3252 5277 quietus;
3306 5210 3559 5282 colligens
3603 5218 3658 5266 et
3698 5224 3807 5266 non

2234 5317 2417 5372 egens,
2463 5309 2680 5371 portans
2714 5308 2769 5352 et
2811 5298 3055 5368 implens,
3099 5308 3153 5354 et
3192 5310 3494 5372 protegens,
3539 5318 3729 5357 creans
3753 5310 3809 5357 et

2236 5395 2512 5458 mitriens,
2553 5399 2609 5447 et
2635 5389 2922 5460 perficiens
2957 5401 3013 5447 et
3040 5402 3317 5461 quan-ens,
3354 5409 3473 5447 cum
3507 5392 3640 5448 nihil
3669 5393 3808 5447 desit

2235 5485 2351 5538 tibi.
2402 5473 2588 5547 Amas,
2637 5497 2734 5536 nec
2773 5485 2985 5547 :estuas,
3042 5494 3095 5538 et
3138 5479 3300 5549 zelas,
3350 5493 3405 5538 et
3453 5499 3677 5539 securus
3723 5497 3803 5535 es.

2233 5575 2464 5630 l‘mnitet
2509 5584 2582 5639 te,
2625 5584 2680 5627 et
2723 5591 2828 5629 non
2863 5574 3046 5630 dolet:
3085 5576 3354 5639 irasceris,
3395 5585 3447 5630 et
3485 5573 3807 5644 tranquillus

2233 5682 2316 5732 es;
2351 5681 2510 5735 opera
2545 5673 2742 5730 mutas,
2770 5680 2867 5722 nec
2898 5673 3074 5722 mutas
3102 5665 3412 5730 consilium;
3447 5665 3640 5736 reeip's
3663 5659 3805 5732 quod
