4246 6246
267 220 337 278 S'J-i

25 335 137 401 cudi,
166 346 207 391 ut
227 335 340 395 ium-

23 432 307 502 espondeamut
318 452 330 500 ;

29 523 192 579 'ectione
217 534 256 580 et
274 512 333 580 rc-

25 620 97 673 ilus
120 628 187 673 aut
216 620 325 676 aliter

54 711 237 782 religioni
268 711 325 766 vel

23 820 94 869 'lt‘;
131 812 174 858 et
210 802 315 856 muni

35 909 138 948 van:
166 879 226 945 vel
254 907 317 945 su—

23 1006 55 1051 s,
79 986 305 1048 audiamus,

31 1097 150 1137 vrere
176 1078 306 1143 uoltis,

44 1169 145 1234 risu,
169 1168 244 1224 sed
258 1175 297 1221 te

34 1281 60 1320 ο
91 1271 133 1318 et
162 1258 295 1315 cordis

23 1368 280 1413 crt'mamm.

30 1447 175 1508 :etitia,
200 1443 283 1496 ἀίει

30 1540 224 1615 pellatur
243 1548 272 1588 .1

30 1657 65 1702 r,
99 1633 266 1693 leviter.

26 1728 150 1787 vocis
166 1724 256 1783 cb—

28 1826 152 1888 nine,
178 1819 253 1875 tri-

19 1938 77 1980 m
98 1912 246 1974 0mm"

25 2028 111 2079 tes,
143 2024 238 2065 ωηο

18 2127 102 2168 um
138 2105 200 2161 Ita
211 2130 226 2141 -

21 2213 127 2263 ‘mra
164 2199 219 2253 de

19 2290 213 2356 (intortis

43 2381 200 2445 cordis

14 2496 91 2540 lar
114 2476 191 2531 lt"

19 2594 40 2630 ο
62 2564 179 2627 mihi

1013 236 1116 293 505
1557 239 1563 245 ’
1841 241 2227 300 ιιτυῐιοιειι.
2264 275 2332 284 -
2372 244 2457 300 DE
2493 234 2690 302 PSAL.‘

2556 234 2735 302 SALM.
2779 243 2931 301 L'SU.
2970 274 3038 286 -——
3074 243 3253 300 PARS
3285 244 3347 300 ll.
3942 263 3950 271 '
4129 242 4233 306 506

1015 349 1242 413 iuvenis,
1280 358 1335 425 et
1375 365 1649 420 nunquam
1690 352 1947 422 amisisti;
1992 370 2274 427 nunquam
2305 360 2479 429 inops,
2517 370 2570 414 et
2600 367 2644 421 Α
2672 360 2947 416 ductiones
2996 375 3130 429 quas
3175 369 3389 415 secutus
3432 375 3569 423 sum,
3612 368 3666 413 et
3709 358 3968 428 amplexor
4022 372 4234 421 manum

1015 438 1214 507 gaudes
1256 436 1449 504 lucris;
1496 455 1767 510 nunquam
1810 458 2019 508 avarus,
2065 455 2120 499 et
2147 462 2340 502 usuras
2375 449 2575 519 exigis;

1014 535 1429 598 supererogatur
1469 528 1593 589 tibi.
1638 539 1697 584 ut
1733 532 1951 598 debeas,
1984 535 2192 603 et-quis
2230 536 2391 591 habet
2424 538 2577 606 quial-
2613 518 2639 537 ⁴

1015 615 1214 684 quam?
1257 617 1440 674 Nonne
1470 626 1524 673 tu
1562 620 1741 675 reddis
1768 621 1945 679 debita
1986 623 2118 695 nulli
2146 625 2375 690 debeas,
2410 626 2578 683 donas

1015 704 1194 760 debita
1236 706 1369 761 nihil
1410 710 1673 776 perticas?
1718 711 1784 765 Et
1819 712 1944 780 quid
1984 714 2091 770 dixi
2124 712 2256 785 [‘AL,
2282 716 2372 784 qui
2397 715 2573 788 dixit],

954 844 959 853 ,
1014 791 1155 847 Deus
1181 809 1355 859 meus,
1387 796 1497 850 vita
1522 813 1663 863 mea,
1688 800 1911 855 dulcedo
1928 817 2054 856 mea
2079 804 2298 858 sancta?
2321 802 2426 857 Aut
2452 803 2579 874 quid

1016 883 1143 943 dicit
1169 884 1381 953 aliquis,
1414 901 1537 940 cum
1566 886 1632 940 de
1662 896 1715 942 te
1741 888 1905 947 dicit?
1944 889 2010 944 Et
2050 888 2137 962 vis
2174 893 2473 947 tacentibus
2513 892 2579 947 de

1015 982 1086 1037 te,
1115 975 1367 1044 quoniam
1390 975 1642 1046 loquaces
1670 964 1801 1033 muti
1829 986 1973 1034 sunt.
2004 979 2137 1047 Quis
2164 981 2294 1035 mihi
2322 982 2469 1037 dabit
2491 999 2581 1037 ac-

1013 1066 1290 1142 quiescere
1331 1066 1383 1121 in
1427 1067 1513 1122 te?
1552 1068 1683 1137 Quis
1709 1069 1856 1125 dabit
1895 1071 2055 1136 mibi,
2086 1058 2146 1125 ut
2166 1064 2359 1126 venias
2398 1073 2451 1127 in
2485 1088 2580 1127 eor

1016 1164 1216 1222 nicum,
1245 1164 1300 1211 et
1320 1157 1564 1235 {inebries
1594 1158 1744 1237 illud,
1770 1160 2158 1237 ut_obliviscar
2183 1160 2321 1218 mala
2362 1178 2499 1228 mea,
2525 1171 2584 1227 et

1015 1260 1178 1299 unum
1224 1234 1419 1301 bonum
1467 1261 1647 1311 meum
1682 1232 1975 1319 amplectar
2017 1251 2102 1306 te?
2143 1249 2278 1321 Quid
2320 1252 2449 1306 milii
2488 1251 2583 1307 es?

1019 1332 1272 1390 Miserere
1299 1343 1361 1390 ut
1388 1335 1593 1407 loquar.
1630 1332 1768 1406 Quid
1799 1340 1893 1394 tibi
1920 1355 2039 1395 sum
2068 1341 2209 1411 ipse,
2250 1349 2307 1396 ut
2332 1341 2501 1396 amari
2529 1349 2581 1395 te

1009 1420 1203 1490 iubeas
1224 1437 1254 1476 a
1279 1439 1386 1491 me,
1413 1434 1470 1480 et
1498 1426 1602 1507 nisi
1630 1425 1842 1493 faciam,
1885 1429 2136 1486 irasceris
2157 1431 2311 1495 mibi,
2337 1439 2393 1486 et
2412 1430 2583 1485 mina-

1016 1512 1091 1566 ris
1122 1513 1683 1584 ingentesmiserias?
1712 1516 1953 1595 Parvane
1989 1518 2103 1588 ipsa
2137 1527 2222 1575 est
2258 1520 2503 1584 miseria,
2535 1520 2580 1576 si

1014 1600 1119 1658 non
1149 1618 1321 1662 amem
1349 1604 1434 1660 te?
1462 1604 1559 1660 Hei
1589 1604 1752 1662 mibi!
1780 1608 1889 1679 Dic
1924 1609 2054 1665 mibi
2081 1626 2179 1681 per
2211 1596 2582 1669 miserationes

2676 462 2821 508 tuam
2863 454 2988 508 totis
3025 452 3333 523 pmcordiis
3373 452 3527 516 meis,
3559 460 3617 506 ut
3640 467 3818 506 eruas
3859 466 3942 505 me
3982 452 4055 503 ab,
4090 449 4235 502 omni

2674 545 2966 600 tentatiuue
2994 545 3242 613 usquoiu
3271 543 3447 603 ﬁnem,
3471 550 3525 596 et
3554 542 3728 596 omnia
3764 549 3980 611 peccata
4007 539 4235 594 delecta-

2675 634 2878 688 tionum
2914 647 3152 689 mearum
3189 633 3449 691 malarum
3486 632 3722 693 dimittas
3753 631 3903 685 mihi.
3942 628 4082 683 Erue
4115 642 4233 690 me,

2675 722 2915 785 Domine,
2965 723 3031 777 de
3082 723 3468 777 immanissima
3516 720 3773 792 profunda
3834 720 4234 775 delectationum

2676 813 2998 881 iniquarum,
3029 822 3084 867 et
3113 812 3277 867 libera
3329 826 3414 866 me
3446 818 3774 880 quzcrentem
3807 819 3858 863 te
3890 817 3944 863 et
3969 804 4237 864 sitientem

2676 902 3054 958 delectationes
3081 909 3200 957 tuas
3225 919 3238 954 :
3267 909 3322 955 et
3347 901 3487 955 dicat
3515 900 3608 954 tibi
3633 915 3728 953 cor
3759 914 3934 954 meum
3965 917 3977 952 :
4013 896 4239 962 Qua’siri

2676 988 2872 1043 vultum
2902 998 3069 1053 tuum,
3096 988 3290 1044 uultum
3321 997 3487 1052 tuum,
3512 987 3749 1050 Domine,
3778 987 4034 1057 requiram
4067 984 4235 1054 (Ptol.

2677 1065 2822 1145 xxvr,
2848 1080 2923 1151 8).
2956 1079 3088 1134 Nam
3111 1074 3266 1150 longe
3290 1096 3321 1134 a
3345 1078 3614 1133 vultu’tuo
3639 1079 3688 1132 in
3717 1074 3908 1133 alie-ctu
3935 1075 4237 1139 (enclimso,

2678 1185 2781 1225 non
2810 1170 3035 1239 pedibus
3057 1175 3147 1223 aut
3171 1168 3359 1236 spatiis
3386 1168 3620 1223 locorum
3653 1170 3766 1223 itur.
3791 1169 3886 1223 abs
3922 1175 3995 1229 te,
4029 1175 4122 1221 aut
4155 1180 4239 1221 re-

2678 1258 2821 1321 ditu;
2858 1257 2925 1311 ad
2955 1265 3045 1327 te;
3091 1264 3183 1312 aut
3211 1272 3336 1312 vero
3369 1257 3539 1312 Filius
3569 1266 3690 1311 tuus
3714 1256 3821 1310 ille
3852 1257 4028 1309 minor
4049 1269 4237 1323 equos,

2677 1348 2763 1403 vel
2790 1363 2998 1413 currus,
3037 1348 3118 1402 vv-l
3155 1336 3316 1402 naves
3356 1347 3620 1417 qumsivit,
3664 1355 3758 1400 aut
3796 1344 4024 1399 avolavit
4066 1358 4237 1412 penna

2662 1436 2896 1501 'visibili,
2939 1444 3031 1491 ant
3070 1446 3214 1491 moto
3244 1436 3443 1505 poplite
3467 1436 3571 1490 iter
3604 1435 3730 1504 egit,
3770 1443 3828 1488 ut
3865 1434 3918 1487 in
3948 1432 4238 1501 longinqua

2680 1527 2895 1597 regione
2926 1527 3112 1581 vivens
3145 1524 3249 1595 50
3281 1525 3501 1596 prodige
3535 1523 3818 1593 dissiparet
3848 1522 3990 1592 quod
4018 1522 4241 1576 dederas

2680 1615 3056 1686 proﬁciscenti,
3095 1614 3262 1671 dulcis
3292 1614 3468 1678 Pater,
3506 1620 3561 1666 et
3587 1626 3752 1682 regno
3777 1609 3907 1683 [.-il.,
3935 1607 4124 1681 egeno]
4153 1625 4242 1667 ων

1017 1702 1153 1782 ¹ξ¹³ἓν
1186 1693 1407 1752 omni”
1436 1695 1597 1760 θευει
1628 1696 1756 1767 (ΙιιίίΙ
1785 1698 1861 1754 δίε
1888 1699 2041 1754 mihi
2071 1699 2166 1754 Dic
2185 1702 2382 1755 anima!
2406 1717 2534 1756 mea!
2559 1715 2577 1753 ε
2611 1695 2656 1769 Β
2684 1706 2865 1761 deunti
2896 1705 3118 1761 dulcior.
3165 1704 3223 1759 lu
3264 1702 3456 1759 aﬁ‘ectu
3500 1717 3628 1782 ergo
3673 1700 3954 1756 libidinoso
3970 1707 4047 1753 -et
4090 1707 4242 1752 tene-

974 1838 986 1845 _
1018 1775 1176 1846 Saba
1203 1793 1295 1837 tuo
1337 1798 1429 1856 ego
1460 1802 1576 1841 sum
1603 1784 1772 1858 (Psal.
1821 1803 2005 1855 xxxiv,
2042 1788 2135 1861 5);
2166 1790 2258 1845 sed
2292 1790 2379 1845 dic
2403 1798 2464 1845 ut
2489 1806 2583 1844 au-

934 1950 939 1959 ,
1014 1872 1179 1928 diam.
1209 1872 1348 1929 Ecce
1377 1890 1536 1932 aures
1563 1877 1741 1934 cordis
1764 1879 1868 1933 mei
1905 1887 2031 1934 ante
2060 1879 2404 1946 te,‘Domine,
2434 1880 2582 1952 aperi
2636 1870 2641 1876 ’

1014 1977 1128 2021 eas.
1159 1963 1327 2019 etdic
1350 1965 1543 2021 animae
1567 1982 1700 2047 mea:
1725 1985 1738 2022 :
1769 1966 1928 2024 Salus
1954 1977 2045 2022 tua
2073 1984 2166 2039 ego
2192 1985 2327 2023 sum.
2355 1969 2582 2025 Curram

1013 2063 1137 2127 post
1162 2070 1344 2113 vocem
1374 2057 1534 2124 hanc,
1580 2066 1635 2114 et
1659 2059 2053 2132 apprehendam
2081 2068 2151 2116 te.
2198 2060 2314 2115 Noli
2356 2061 2584 2118 abscon-

1012 2145 1141 2200 dere
1172 2160 1205 2199 ιι
1234 2157 1321 2200 me
1361 2143 1553 2202 faciem
1594 2155 1742 2203 tuam
1774 2164 1843 2204 ne
1876 2150 2098 2216 moriar,
2140 2151 2234 2206 sed
2262 2149 2345 2206 fac
2377 2160 2436 2206 ut
2462 2166 2582 2207 eam

1017 2237 1246 2293 videam.
1280 2236 1521 2310 Angusta
1545 2247 1633 2296 est
1649 2242 1839 2297 domus
1863 2242 2054 2298 anima:
2091 2259 2245 2310 mete,
2269 2259 2375 2314 quo
2402 2245 2585 2300 venias

1015 2325 1081 2379 ad
1115 2340 1258 2390 eam,
1286 2326 1537 2383 dilatetur
1560 2343 1590 2382 a
1617 2337 1670 2384 te
1699 2346 1712 2384 :
1745 2332 1960 2387 ruinosa
1981 2315 2087 2398 est,
2114 2332 2274 2389 reﬁce
2296 2349 2436 2401 eam.
2476 2334 2585 2389 Ba-

1017 2414 1107 2469 bet
1144 2414 1510 2472 immunditias
1545 2428 1884 2493 peccatorum
1920 2415 2133 2488 multas,
2162 2438 2283 2493 quae
2315 2424 2586 2480 oﬂ’endant

1013 2507 1198 2597 oculos
1230 2516 1352 2564 tuos
1381 2527 1394 2564 :
1428 2509 1602 2567 fateor
1623 2520 1681 2567 et
1705 2514 1836 2568 scio.
1864 2513 1970 2569 Sed
1996 2516 2115 2584 quis
2143 2514 2281 2570 alius
2309 2516 2591 2570 mundahit

1013 2610 1155 2661 eam,
1182 2605 1274 2651 aut
1298 2599 1385 2653 cni
1410 2598 1498 2654 alii
1523 2608 1719 2670 praeter
1738 2610 1791 2656 te
1816 2603 2119 2659 acclamans
2143 2605 2320 2659 dicam
2344 2621 2358 2658 :
2393 2603 2469 2658 Ab
2500 2620 2581 2658 oc-

1012 2683 1167 2740 cultis
1208 2690 1338 2742 mei:
1374 2690 1576 2744 munda
1610 2708 1708 2757 me,
1753 2691 1994 2758 Domine,
2037 2705 2084 2749 et
2110 2696 2173 2750 ab
2216 2696 2399 2751 alienis
2431 2676 2587 2766 parce

1011 2792 1156 2831 servo
1195 2786 1286 2832 tuo
1326 2774 1498 2849 (Paul.
1540 2795 1696 2845 xvm,
1740 2782 1875 2853 ιδῃ
1914 2783 2099 2838 Nonne
2140 2785 2235 2839 tibi
2276 2774 2588 2854 prolocutus

1013 2880 1131 2920 sum
1172 2866 1454 2922 adversum
1498 2884 1583 2924 me
1621 2870 1813 2925 delicta
1855 2887 1991 2935 mea,
2034 2871 2175 2929 Deus
2209 2875 2394 2929 meus?
2424 2874 2492 2929 Et
2527 2882 2584 2931 tu

1013 2955 1243 3023 dimitte,
1270 2958 1517 3023 obsecro,
1545 2960 1873 3034 impietatem
1890 2964 2073 3019 cordis
2099 2965 2223 3019 mei.
2251 2964 2364 3019 Non
2380 2966 2584 3037 judicio

2680 1796 2862 1862 broso,
2900 1806 2957 1850 ut
2997 1793 3112 1868 [F.,
3141 1793 3268 1865 itur]
3298 1793 3452 1865 longe
3491 1809 3521 1848 a
3552 1790 3698 1846 vultu
3728 1800 3838 1845 tuo.
3885 1790 4062 1845 Bonus
4099 1787 4241 1843 enim

2680 1902 2760 1952 es,
2808 1885 3060 1947 Domine,
3105 1884 3228 1954 quia
3272 1892 3332 1961 tu
3377 1899 3437 1939 es
3478 1884 3676 1938 bonum
3718 1888 3979 1936 nostrum.
4023 1876 4241 1932 Peccavi

2681 1980 2824 2051 quod
2848 1993 2953 2033 non
2979 1978 3031 2032 in
3062 1986 3135 2040 te,
3163 1977 3256 2032 sed
3279 1976 3331 2029 in
3359 1975 3620 2030 creaturis
3644 1974 3749 2028 tuis
3771 1972 4070 2041 voluptates
4096 1983 4243 2037 meas

2682 2068 2922 2133 diiatavi,
2946 2055 3003 2122 et
3022 2066 3141 2121 ideo
3170 2065 3301 2120 irrui
3324 2065 3379 2118 in
3404 2064 3633 2129 dolores,
3662 2060 4001 2118 confusiones
4018 2065 4075 2113 et
4094 2072 4246 2112 erro-

2682 2175 2789 2216 res.
2814 2160 2895 2215 Tu
2923 2168 3121 2223 autem,
3149 2156 3392 2222 Domine,
3428 2155 3517 2226 qui
3551 2168 3761 2225 semper
3784 2169 3862 2218 es,
3897 2162 3951 2208 et
3993 2164 4099 2206 non
4127 2165 4246 2205 mus

2685 2250 2836 2315 taris,
2861 2250 2954 2320 qui
2997 2264 3211 2318 semper
3237 2246 3390 2310 vivis,
3432 2255 3488 2301 et
3518 2244 3651 2300 nibil
3677 2243 3902 2299 moritur
3935 2241 3988 2296 in
4025 2250 4079 2296 te
4110 2256 4127 2307 :_
4159 2238 4246 2301 die

2683 2340 2814 2395 mibi
2846 2339 3042 2394 misero
3067 2350 3225 2392 servo
3259 2343 3351 2391 tuo
3383 2353 3396 2389 :
3431 2333 3589 2390 Salus
3622 2344 3713 2388 tua
3737 2349 3829 2403 ego
3863 2348 3998 2386 sum.
4031 2329 4246 2385 Gratias

2685 2432 2799 2497 tibi,
2842 2429 3064 2486 dulcedo
3104 2441 3244 2492 mea,
3284 2432 3339 2480 et
3367 2426 3541 2479 bonor
3573 2437 3745 2487 meus,
3776 2430 3832 2476 et
3874 2420 4066 2475 ﬁducia
4102 2434 4243 2483 mea,

2684 2523 2825 2577 Deus
2850 2534 3000 2575 meus
3028 2537 3041 2574 :
3073 2517 3273 2589 gratias
3297 2515 3393 2570 tibi
3421 2515 3487 2569 de
3520 2498 3787 2568 universis
3817 2510 3971 2567 donis
4000 2509 4105 2565 tuis
4127 2523 4246 2579 qua:

2682 2611 2924 2680 largitus
2949 2625 3009 2666 es
3054 2608 3219 2674 mibi;
3265 2607 3358 2664 sed
3388 2614 3444 2661 tu
3480 2605 3609 2660 mihi
3642 2619 3707 2660 ea
3752 2618 3905 2658 serva
3932 2620 3956 2656 -:
3995 2600 4069 2656 ita
4103 2599 4246 2656 enim

2684 2702 2924 2758 servabis
2955 2715 3062 2767 me,
3090 2709 3143 2755 et
3170 2684 3504 2767 augebantur
3533 2701 3589 2748 et
3625 2692 3969 2764 perﬁcicntur
3997 2704 4116 2761 quxe
4156 2690 4246 2745 de-

2684 2793 2808 2848 disti
2836 2791 2986 2855 mibi,
3011 2797 3065 2846 et
3089 2803 3182 2844 ero
3212 2788 3326 2861 ipse
3349 2795 3548 2850 tecum,
3572 2784 3620 2839 si
3652 2790 3708 2838 tu
3736 2780 4034 2837 servaveris
4060 2795 4167 2845 me,
4192 2786 4246 2833 et

2685 2884 2822 2938 dona
2859 2893 2947 2937 tua
2992 2895 3112 2950 qua:
3136 2877 3327 2935 dedisti
3362 2875 3523 2940 mihi,
3556 2873 3680 2946 quia
3712 2870 3811 2946 [et]
3848 2880 3906 2926 ut
3939 2870 4041 2926 sim
4071 2878 4127 2925 tu
4151 2870 4246 2925 dc-

2684 2977 2811 3032 disti
2841 2977 2991 3041 mibi,
3022 2976 3113 3047 qui
3142 2964 3280 3047 vivis
3309 2980 3364 3028 et
3383 2986 3575 3043 regnas
3605 2969 3657 3024 in
3684 2968 3877 3024 saecula
3911 2965 4246 3023 sazculorum.

1013 3049 1278 3105 contendo
1312 3058 1508 3116 tecum,
1539 3052 1664 3122 quia
1688 3054 1893 3140 veritas
1909 3070 1996 3122 es;
2034 3064 2089 3112 et
2122 3071 2222 3129 ego
2243 3032 2582 3116 ‘nolovfallere
2684 3066 2873 3121 Amen.

1013 3142 1274 3214 meipsum
1317 3158 1384 3211 ne
1408 3146 1698 3201 mentiatur
1722 3148 1976 3217 iniquitas
2021 3165 2144 3204 mea.
2179 3151 2300 3205 sibi.
2346 3149 2457 3204 Non
2484 3166 2583 3221 ego

994 3227 1208 3297 judicio
1236 3234 1501 3289 contendo
1533 3244 1744 3303 tecum,
1781 3238 1906 3309 quia
1939 3242 1984 3294 si
2019 3232 2314 3311 init/uitales
2348 3242 2585 3294 observa-

975 3350 979 3353 τ
1010 3322 1160 3382 ceris,
1186 3320 1426 3389 Domine,
1468 3326 1712 3391 Domine,
1746 3330 1867 3398 guis
1890 3329 2161 3382 sustinebit
2188 3327 2358 3399 (Paul.
2395 3346 2578 3394 cxxxx,

1011 3412 1105 3481 '5)?
1128 3411 1222 3468 Dic
1252 3413 1382 3469 mihi
1416 3416 1659 3486 supplici,
1693 3417 1834 3472 Dens
1876 3418 2202 3482 misericors,
2233 3419 2315 3473 die
2341 3420 2538 3474 misero
2567 3439 2579 3472 :

1015 3498 1172 3555 Salus
1198 3511 1408 3575 tuaego
1437 3521 1577 3559 sum.
1603 3505 1848 3573 Peccavi,
1879 3509 2101 3564 Domine
2128 3509 2269 3563 Deus
2297 3525 2465 3574 meus,
2496 3526 2585 3565 or-

1012 3592 1228 3650 diuator
1250 3606 1305 3651 et
1342 3606 1554 3667 creator
1584 3614 1762 3653 rerum
1789 3600 2027 3655 omnium
2065 3602 2424 3665 naturalium;
2463 3618 2584 3673 pec-

1014 3688 1260 3740 catorum
1314 3692 1521 3742 tantum
1579 3705 1685 3744 non
1730 3691 2005 3747 ordinator
2054 3708 2308 3762 unquam.
2363 3692 2584 3749 Domine

1016 3771 1155 3828 Deus
1201 3792 1369 3841 meus,
1407 3781 1623 3847 peccavi
1660 3781 1904 3837 faciendo
1940 3790 2127 3838 contra
2160 3792 2424 3852 prmcepta
2466 3791 2578 3836 tua.

1014 3859 1129 3915 Non
1178 3866 1321 3918 enim
1367 3868 1586 3933 meliora
1629 3871 1834 3940 eligens
1877 3869 2185 3926 iuobediens
2227 3873 2434 3937 exstiti;
2489 3871 2584 3926 sed

1015 3966 1196 4006 amore
1223 3951 1451 4010 faciendi
1489 3958 1814 4014 voluntatem
1849 3961 2142 4031 propriam,
2176 3971 2229 4017 et
2260 3962 2580 4031 adimplemli

1015 4043 1271 4113 soporbas
1296 4045 1570 4103 victorias.
1619 4047 1809 4105 Libera
1842 4065 1947 4114 me,
1994 4051 2235 4118 Domine,
2276 4052 2390 4121 jam
2435 4054 2584 4109 invo-

1016 4142 1223 4190 cantem
1251 4132 1320 4192 te.
1347 4136 1535 4193 Libera
1557 4139 1719 4195 etiam
1741 4156 1833 4196 eos
1854 4142 1944 4212 qui
1973 4144 2206 4197 nondum
2232 4154 2282 4198 te
2314 4134 2577 4207 invocant,

1016 4233 1073 4280 ut
1103 4225 1351 4281 invocent
1386 4236 1437 4282 te
1470 4237 1525 4283 et
1571 4230 1765 4286 liberes
1803 4247 1916 4285 eos.
1956 4230 2192 4287 Obsecro
2226 4240 2310 4295 te,
2359 4231 2581 4287 Domine

1014 4313 1154 4370 Deus
1192 4331 1362 4382 meus,
1398 4327 1456 4373 ut
1482 4318 1627 4374 intus
1653 4320 1705 4374 in
1733 4322 1906 4375 anima
1943 4334 2059 4376 mea
2091 4322 2305 4381 clames,
2345 4321 2472 4390 quid
2511 4322 2580 4375 sit

3339 3188 3346 3201 ς
3394 3151 3560 3213 xm.
3860 3228 3861 3231 γ

3144 3250 3362 3315 Oratio
3400 3248 3481 3310 ad
3515 3266 3775 3310 crucem.

2704 3422 2705 3429 η
2755 3385 2998 3448 Christe,
3030 3380 3120 3451 qui
3152 3396 3248 3452 pro
3275 3378 3431 3433 nobis
3448 3375 3625 3433 crucis
3653 3383 3708 3429 et
3736 3367 4246 3441 mortispatibulum

2685 3476 2918 3537 subiisti,
2947 3485 3005 3528 ut
3035 3473 3222 3527 mortis
3258 3487 3288 3525 a
3318 3470 3472 3549 nobis
3500 3466 3793 3537 expelleres
3826 3468 4246 3534 potestatem,'et

2684 3567 2958 3639 sanguinis
2996 3565 3073 3620 tui
3116 3578 3213 3619 nos
3244 3561 3418 3631 pretio
3458 3559 3751 3622 liberares,
3794 3557 4049 3609 miserere
4105 3551 4244 3615 mei,

2684 3660 2775 3730 qui
2810 3675 2926 3713 sum
2965 3655 3291 3712 humillimus
3327 3665 3513 3704 servus
3558 3656 3712 3711 tuus,
3768 3652 3822 3699 et
3867 3642 4075 3697 veniam
4112 3640 4246 3696 mihi

2683 3750 2923 3805 omnium
2958 3758 3195 3800 meorum
3236 3741 3411 3795 tribue
3447 3745 3808 3809 peccatorum,
3844 3748 4034 3803 meque
4064 3745 4246 3786 coram

2682 3838 2950 3896 adoranda
2995 3849 3154 3889 cruce
3199 3840 3289 3886 tua
3332 3838 3655 3908 prostratum
3698 3828 3766 3882 ab
3805 3824 4052 3896 omnibus
4095 3821 4246 3877 malis

2682 3931 2849 4000 eripe,
2879 3929 3034 3984 bonis
3064 3926 3170 3980 tuis
3199 3917 3617 3979 misericorditer
3645 3919 3821 3989 reﬁce.

3298 4035 3416 4090 Alia
3449 4036 3633 4090 oratio.

2751 4160 2975 4215 Domine
3008 4156 3131 4211 Jesu
3163 4154 3394 4217 Christe,
3423 4152 3512 4221 qui
3543 4167 3621 4213 es,
3650 4158 3704 4204 et
3728 4150 3817 4217 qui
3848 4163 3969 4203 eras
3993 4161 4113 4201 cum
4139 4144 4243 4199 Pa-

2681 4260 2762 4307 tre
2797 4259 2922 4305 ante
2953 4246 3143 4302 saecula
3178 4243 3412 4314 genitus,
3449 4241 3589 4296 Deus
3617 4255 3684 4295 ex
3719 4238 3829 4292 Deo
3864 4244 4017 4300 vero,
4051 4249 4246 4301 conce-

2682 4349 2801 4409 ptus
2825 4354 2890 4393 ex
2928 4336 3129 4414 Spiritu
3160 4341 3365 4396 sancto,
3397 4339 3451 4385 et
3478 4337 3635 4384 natus
3663 4329 3823 4383 homo
3857 4328 3911 4382 in
3941 4326 4043 4381 line
4073 4341 4246 4383 sarcu-

1013 4421 1196 4496 amare
1220 4415 1291 4469 te,
1318 4417 1376 4462 et
1399 4424 1498 4479 ego
1522 4412 1749 4477 audiam,
1788 4423 1843 4469 et
1878 4414 2075 4470 veritas
2113 4423 2200 4470 tua
2227 4415 2369 4469 dicat
2399 4413 2527 4468 mihi
2558 4432 2570 4466 :
2611 4388 2657 4448 Β
2680 4388 2852 4487 [orum
2879 4405 2945 4481 δέ
2972 4388 3138 4480 λίπω
3176 4388 3380 4496 virgini,
3413 4435 3654 4490 semper;
3692 4419 3782 4489 qui
3811 4418 4064 4474 οιησίρηε
4095 4416 4246 4479 pam

1016 4493 1172 4551 Salus
1200 4508 1290 4549 tua
1321 4514 1413 4567 ego
1447 4516 1595 4563 sum;
1641 4511 1698 4557 et
1739 4506 2129 4569 consolationes
2171 4515 2272 4560 tum
2307 4506 2575 4561 lzetiﬁcent

1017 4588 1244 4642 animam
1276 4603 1468 4643 meam.
1508 4588 1620 4644 Non
1645 4584 1878 4664 clament
1900 4596 2153 4651 adversus
2180 4611 2265 4650 me
2297 4596 2460 4667 iniqui
2485 4612 2577 4666 ap-

1017 4681 1211 4748 petitus
1232 4680 1369 4744 ‘mei,
1413 4696 1512 4736 nec
1547 4681 1769 4737 timeant
1799 4683 1938 4752 quod
1977 4684 2264 4739 timendum
2305 4702 2409 4740 non
2444 4694 2527 4741 est
2561 4704 2573 4739 :

1017 4770 1108 4823 sed
1137 4769 1397 4825 conﬁtear
1427 4771 1542 4836 tibi,
1580 4771 1720 4826 Deus
1754 4786 1925 4836 meus,
1954 4780 2007 4826 et
2040 4773 2373 4841 acquiescam
2412 4775 2463 4828 in
2498 4790 2580 4829 re-

1017 4858 1421 4925 prehensionem
1458 4860 1717 4915 malarum
1747 4861 2242 4924 viarum‘mearum,
2275 4871 2333 4915 ut
2364 4864 2578 4935 diligam

1019 4948 1182 5001 bonas
1217 4949 1333 5003 vias
1367 4959 1485 5006 tuas
1525 4970 1537 5006 :
1586 4953 1787 5008 ﬂuxum
1833 4954 2138 5009 vitiositatis
2186 4967 2317 5007 meae
2359 4956 2582 5008 restrin-

1019 5042 1155 5105 gant‘
1191 5038 1333 5107 leges
1372 5049 1426 5092 et
1461 5043 1831 5099 miserationes
1868 5054 1989 5110 tuae,
2022 5044 2261 5100 Domine.
2298 5044 2457 5100 Misce
2493 5064 2580 5100 sa-

1021 5123 1196 5182 lubres
1224 5120 1628 5196 amaritudines,
1667 5145 1978 5190 revocantes
2012 5152 2108 5190 nos
2139 5136 2205 5188 ad
2242 5142 2293 5188 te
2327 5149 2359 5188 a
2387 5134 2580 5202 jucmi-

1020 5215 1180 5271 ditate
1213 5216 1494 5287 pestifera,
1535 5234 1642 5289 qua
1672 5226 2058 5281 rceessimus‘a
2096 5234 2168 5281 te.
2208 5224 2439 5295 Exaudi,
2477 5224 2581 5279 Do-

1022 5302 1182 5365 mine.
1223 5305 1651 5375 deprecationem
1687 5325 1882 5376 meam,
1912 5330 1978 5368 ne
2002 5315 2215 5371 deﬁciat
2250 5313 2424 5368 anima
2460 5328 2578 5368 mea

1022 5394 1117 5471 sub
1139 5395 1418 5465 disciplina
1447 5407 1533 5453 tua
1561 5418 1574 5453 :
1610 5416 1783 5470 neque
1804 5404 2046 5460 deliciam
2079 5407 2128 5461 in
2157 5405 2453 5461 confitendo
2481 5406 2589 5477 mis

1022 5486 1313 5542 scrationes
1348 5496 1485 5553 tuas,
1517 5492 1711 5561 quibus
1746 5509 1904 5549 emas
1939 5514 2022 5552 mc
2063 5500 2129 5553 ab
2162 5497 2407 5553 omnibus
2438 5497 2582 5551 vitiis

930 5650 937 5655 ι
1027 5577 1153 5633 meis
1194 5579 1461 5649 pessimis,
1509 5592 1565 5639 ut
1605 5585 1880 5641 dulccscas
1922 5591 2048 5645 mihi
2087 5607 2247 5661 super
2280 5603 2463 5646 onincs
2498 5604 2579 5645 se—

2679 4536 2846 4590 usque
2886 4518 2952 4574 ad
2994 4524 3247 4577 mortem,
3280 4521 3507 4568 mortem
3536 4521 3715 4566 autem
3752 4510 3957 4574 crucis,
4002 4509 4242 4580 liberast;

2680 4619 2777 4665 nos
2800 4619 2891 4663 tuo
2912 4616 3098 4668 sancto
3117 4616 3171 4660 et
3201 4604 3435 4675 pretioso
3460 4602 3739 4671 sanguine,
3762 4601 4030 4655 destructo
4057 4599 4246 4653 mortis

2681 4700 2926 4770 imperio,
2964 4697 3212 4752 omnibus
3246 4695 3298 4748 iu
3336 4701 3387 4746 te
3420 4690 3757 4747 credentibus
3798 4687 4028 4743 caelestis
4064 4687 4244 4757 gloria:

2682 4792 2885 4845 mlitum
2911 4785 3158 4842 reserasti
3188 4804 3199 4837 :
3234 4792 3285 4837 te
3315 4782 3481 4836 Deum
3506 4795 3689 4834 verum
3711 4819 3726 4844 ,
3753 4788 3809 4833 et
3836 4778 4118 4835 Dominum
4148 4796 4246 4837 no-

2683 4890 2850 4934 strum
2888 4876 3197 4947 suppliciter
3227 4885 3409 4933 exoro,
3448 4870 3718 4924 sedentem
3750 4868 4117 4943 ad‘dexteram
4146 4870 4242 4947 Dei

2683 4970 2861 5024 Patris
2886 4944 3295 5033 omnipotentis;
3324 4958 3657 5029 deprecando
3686 4958 3948 5013 inﬁnitam
3978 4967 4032 5014 et
4057 4944 4240 5014 inetia-

2684 5063 2839 5116 bilem
2866 5057 3280 5114 misericordiam
3306 5064 3471 5118 tuam,
3499 5061 3560 5107 ut
3582 5069 3681 5123 per
3701 5054 3949 5111 virtutem
3976 5055 4130 5123 huius
4154 5070 4242 5110 sa-

2682 5151 2867 5205 lu:aris
2895 5149 3028 5218 signi
3056 5147 3233 5203 crucis
3256 5154 3311 5200 et
3335 5145 3715 5214 redemptionis
3746 5154 3870 5210 tute,
3894 5146 4124 5199 redimas
4155 5160 4239 5200 me

2682 5240 2954 5303 miserum,
2982 5247 3036 5292 et
3068 5238 3283 5306 dignum
3319 5244 3489 5291 morte
3521 5246 3855 5306 peccatorem
3890 5237 3957 5289 ab
3992 5235 4241 5292 omnibus

2678 5330 2987 5386 criminibus
3012 5336 3067 5383 et
3103 5326 3426 5382 facinoribus
3448 5328 3603 5393 meis,
3636 5338 3690 5382 et
3717 5326 3883 5380 libera
3909 5339 3994 5380 me
4020 5325 4088 5378 ab
4121 5340 4237 5381 om-

2679 5422 2834 5476 nibus
2879 5419 3029 5473 malis
3073 5416 3376 5489 praeteritis.
3425 5416 3775 5487 praesentibus
3820 5423 3875 5468 et
3920 5414 4134 5478 futuris,
4182 5423 4241 5472 et

2680 5510 2937 5566 mortifica
2972 5509 3022 5563 iu
3050 5506 3134 5563 me
3156 5508 3335 5563 Omnia
3368 5509 3492 5563 vitia
3520 5506 3832 5576 spiritalium
3862 5514 3914 5560 et
3944 5506 4235 5561 carnalium

2679 5603 3055 5674 nequitiarum,
3098 5611 3150 5659 et
3192 5601 3274 5658 fac
3321 5616 3404 5657 me
3439 5616 3710 5670 resurgere
3743 5609 3916 5656 tecum
3952 5602 4001 5656 in
4041 5610 4239 5654 virtute
