4246 6182
539 170 645 227 507
696 224 699 225 ν

1378 160 1439 215 Β.
1471 159 1537 215 F.
1576 154 1804 212 ALBINI
1841 147 1976 207 εει]
2009 142 2289 203 Αωυιδι
2325 139 2608 201 OPERUM
2642 136 2823 219 PARS
2857 139 2947 195 IV.

3686 129 3795 190 508

540 283 724 358 gloria!
751 293 875 345 mae.
904 291 960 336 et
981 294 1100 349 qua:
1119 291 1334 334 sursum
1362 281 1509 338 sunt,
1539 270 1783 329 coalestia
1814 244 2127 322 desiderare
2155 263 2200 317 Α
2229 254 2515 325 caliginem
2548 261 2643 356 tua
2677 267 2776 308 nos
2808 258 3054 358 protegat
3076 249 3299 358 dexter:
3322 288 3337 313 ,
3366 254 3426 358 ut
3455 244 3671 349 ill-lueis
3698 260 3795 302 an-

538 386 590 431 et
618 370 884 445 quierere,
909 381 965 428 et
990 372 1056 426 ad
1081 380 1299 427 mter-nae,
1327 364 1675 428 beatitudinis
1696 362 1922 434 gloriam
1944 359 2119 415 felici-

541 476 625 521 ter
668 464 982 534 pervenire,
1035 467 1325 531 [instante
1370 465 1462 513 tua
1508 457 1768 511 immensa
1813 451 2119 512 clementia.

538 552 769 613 Domine
800 552 926 609 Iesu
954 552 1173 608 Christe
1202 549 1368 615 Deus,
1400 555 1457 603 et
1492 545 1753 602 Dominus
1784 550 1991 608 noster,
2030 540 2123 611 qui

514 634 517 635 ⁷
541 659 667 698 cum
696 643 807 698 Deo
837 642 996 697 Patre
1018 651 1075 697 et
1098 639 1303 711 Spiritu
1332 646 1525 694 sancto
1557 637 1611 693 in
1646 636 1851 691 unitate
1877 632 2126 689 essentia:

540 734 763 790 deitatis
792 734 974 789 oonIia
1006 730 1243 787 creando
1266 730 1433 800 regis,
1455 726 1716 790 viviﬁeas,
1748 733 1804 780 et
1834 725 2122 796 gubernas,
2181 767 2191 780 .

540 838 640 901 per
663 824 988 880 immortalia
1017 822 1211 879 sacula
1236 820 1578 877 seculorum.
1605 816 1799 873 Amen.

1265 933 1440 995 XIV.

665 1035 879 1097 Prima
905 1035 1065 1100 hora
1094 1035 1209 1096 hac
1245 1033 1529 1095 oratione
1562 1028 1868 1093 orandum
1893 1037 2004 1091 est.
2101 1094 2107 1099 ,

616 1176 642 1203 ι·
684 1162 907 1217 Domine
945 1161 1109 1226 Deus,
1142 1160 1236 1230 qui
1264 1160 1333 1215 ad
1361 1157 1684 1230 principium
1714 1153 1876 1222 huius
1896 1152 2002 1208 diei
2030 1166 2131 1208 nos

542 1256 827 1325 intrvcnirc
855 1253 1052 1319 fecisti,
1080 1261 1169 1307 tua
1196 1267 1296 1306 nos
1318 1266 1475 1305 serva
1504 1249 1725 1311 virtute,
1749 1253 1808 1301 ut
1832 1244 1887 1301 in
1911 1244 1999 1300 die
2028 1244 2132 1299 hac

542 1345 611 1402 ad
660 1345 864 1399 nullum
904 1344 1237 1398 declinemus
1279 1347 1560 1411 peccauim
1603 1355 1618 1391 :
1664 1336 1761 1393 sed
1803 1351 2019 1406 semper
2061 1332 2132 1387 ad

545 1441 693 1489 tuam
708 1435 974 1505 justitiam
1005 1435 1309 1490 faciendam
1350 1442 1536 1491 nostra
1570 1429 1868 1501 procedant
1892 1427 2128 1498 eloquia.

547 1525 651 1583 Per
675 1527 960 1584 Dominum
985 1534 1232 1582 nostrum
1251 1524 1438 1581 Iesum
1460 1517 1759 1580 Christum.

925 1639 1110 1695 Oratio
1138 1640 1210 1694 ad
1241 1637 1527 1694 “caudam
1554 1632 1761 1690 librant.

618 1732 844 1789 Domine
871 1731 1015 1787 Deus
1033 1731 1397 1801 omnipotens,
1427 1730 1517 1800 qui
1553 1744 1654 1785 nos
1678 1727 1733 1782 in
1767 1727 1907 1782 hanc
1939 1724 2131 1779 horam

430 1872 436 1883 .
545 1823 838 1880 secundam
872 1832 996 1892 post
1028 1832 1321 1877 nocturnas
1344 1821 1605 1899 caligines
1628 1818 1912 1892 pervenire
1935 1815 2130 1881 fecisti,

446 1974 449 1979 ,
545 1932 803 1972 conserva
844 1930 943 1970 nos
978 1915 1139 1969 hodie
1172 1929 1268 1984 per
1295 1914 1538 1970 omnium
1576 1914 1835 1969 horarum
1877 1910 2051 1981 spatia
2079 1916 2134 1964 et
2170 1916 2181 1924 '

546 2016 817 2065 momenta
847 2007 1125 2078 temporis,
1155 2014 1213 2061 et
1246 2014 1504 2077 perpetua
1536 2021 1637 2061 nos
1667 2019 1881 2075 semper
1913 2002 1999 2057 fac
2026 2002 2132 2056 mi-

544 2104 840 2158 sericordia
880 2100 1015 2172 HL,
1049 2117 1147 2173 per
1182 2109 1397 2154 tuam...
1438 2093 1888 2166 misericordiam]
1916 2108 2132 2164 perma-

544 2208 675 2248 nere
702 2194 915 2255 ilhesos,
937 2209 1034 2263 per
1054 2193 1339 2247 Dominum
1362 2199 1608 2247 nostrum
1629 2186 1811 2245 Iesum
1834 2186 2130 2245 Christum.

1050 2304 1235 2362 Oratio
1266 2305 1337 2360 ad
1368 2304 1615 2360 Tertiam.

621 2415 842 2471 Domine
863 2415 1026 2483 Dens;
1052 2416 1178 2471 Iesu
1202 2417 1441 2482 Christe,
1469 2417 1561 2485 qui
1588 2416 1723 2470 hora
1753 2414 1912 2470 tertia
1935 2413 2040 2469 diei
2065 2414 2134 2469 ad

546 2506 726 2564 crucis
746 2521 962 2576 pinnam
991 2522 1092 2577 pro
1117 2507 1300 2562 mundi
1332 2506 1505 2561 salute
1526 2506 1721 2561 ductus
1746 2519 1826 2571 es,
1851 2512 1905 2559 te
1930 2503 2133 2575 suppli-

545 2600 684 2654 citer
706 2599 1065 2667 deprecamur
1094 2607 1153 2652 ut
1178 2607 1363 2653 nostra
1388 2597 1569 2653 deleas
1604 2604 1828 2668 peccata
1857 2603 1963 2657 :.ut
1984 2603 2041 2651 et
2068 2595 2135 2650 de

547 2690 835 2759 praeteritis
871 2689 1026 2744 malis
1052 2689 1257 2744 nostris
1290 2703 1505 2759 semper
1530 2688 1670 2759 apud
1711 2696 1767 2743 te
1801 2686 2135 2741 inveniamus

549 2779 790 2843 veniam,
836 2785 891 2833 et
929 2779 996 2833 de
1035 2777 1231 2833 futuris
1262 2775 1463 2847 iugiter
1490 2778 1784 2834 habeamus
1811 2774 2129 2829 custodiam.

547 2868 650 2935 Qui
697 2870 834 2925 vivis
876 2877 930 2925 et
974 2882 1167 2940 regnas
1206 2881 1306 2937 per
1333 2866 1513 2923 omnia
1559 2865 1754 2922 sazcula
1793 2863 2129 2920 saeculorum.

552 2959 744 3015 Amen.

1070 3050 1253 3107 Oratio
1288 3050 1359 3105 ad
1391 3048 1629 3107 Sextum.

621 3142 847 3219 Domine
878 3142 1005 3199 Iesu
1034 3142 1268 3209 Christe,
1295 3143 1388 3214 qui
1414 3144 1539 3199 dum
1569 3143 1703 3198 hora
1734 3152 1887 3198 sexta
1918 3158 2017 3213 pro
2049 3156 2139 3196 rc—

548 3232 858 3301 demptfonc
898 3234 1083 3289 mundi
1129 3235 1181 3289 in
1208 3223 1711 3289 crucis‘ascendisti
1754 3232 1984 3301 lignum,
2022 3230 2142 3285 uni-

549 3334 740 3374 versus
765 3316 997 3375 mun‘dus
1026 3321 1081 3376 in
1106 3322 1346 3377 tenebris
1380 3320 1513 3393 [ΑΙ.,
1541 3321 1594 3375 in
1618 3318 1891 3393 tenebras]
1918 3333 2141 3374 conver-

550 3427 647 3470 sus
678 3397 783 3474 est,
813 3410 958 3466 illam
993 3410 1096 3483 ει
1136 3412 1293 3469 nobis
1325 3412 1499 3468 lucem
1539 3412 1593 3466 in
1624 3411 1802 3467 anima
1833 3420 1888 3467 et
1912 3421 2140 3484 corpore

549 3512 739 3561 nostro
772 3520 985 3573 semper
1021 3502 1225 3570 tribue,
1259 3517 1357 3574 per
1394 3517 1554 3574 quam
1593 3502 1660 3557 ad
1693 3511 1947 3557 aeternam
1974 3504 2139 3557 vitam

549 3598 837 3668 pervenire
870 3611 1198 3651 mereamur.
1234 3595 1336 3664 Qui
1362 3610 1484 3651 cum
1511 3593 1671 3648 Patre
1703 3600 1759 3648 et
1785 3590 1987 3663 Spiritu
2017 3608 2140 3647 san-

513 3721 516 3724 η
548 3698 641 3744 cto
671 3706 864 3761 regnas
893 3690 946 3745 in
976 3699 1178 3746 aeterna
1207 3689 1423 3744 smcula.

974 3866 983 3874 ,
1056 3800 1241 3855 Oratio
1285 3800 1355 3854 ad
1404 3800 1634 3855 Nonum.

628 3888 858 3943 Domine
893 3886 1020 3945 Iesu
1036 3888 1274 3954 Christe,
1304 3890 1396 3959 qui
1424 3904 1567 3944 nona
1590 3890 1725 3946 hora
1754 3890 1808 3944 in
1837 3889 2015 3945 crucis
2039 3902 2137 3957 pa-

552 3982 728 4039 tibulo
760 3980 1110 4036 conﬁtentem
1146 3980 1414 4035 latronem
1461 3979 1605 4034 intra
1652 3980 1853 4035 muenia
1899 3977 2136 4049 paradisi

555 4079 795 4134 transire
816 4076 1062 4148 iussisti,
1096 4060 1150 4130 te
1180 4070 1495 4146 suppliciter
1525 4071 1866 4147 [conﬁtentes
1893 4068 2136 4145 peccata]

554 4172 915 4241 deprecamur
936 4209 952 4236 ,
982 4177 1045 4225 ut
1082 4177 1204 4241 post
1233 4168 1440 4225 obitum
1475 4174 1723 4224 nostrum
1760 4165 1999 4239 paradisi
2035 4179 2137 4221 nos

554 4260 752 4329 gaudia
783 4260 1011 4316 introire
1038 4261 1336 4331 gaudentes
1362 4260 1648 4316 concedas.
1677 4257 1779 4327 Qui
1810 4257 1948 4314 vivis
1972 4265 2028 4313 et
2052 4270 2137 4318 rc-

560 4365 698 4421 gnas
727 4365 826 4421 per
850 4350 1033 4404 omnia
1059 4350 1257 4405 saecula
1286 4351 1627 4409 smeulorum.
1654 4349 1850 4414 Amen.

1049 4460 1233 4519 Oratio
1266 4462 1335 4517 ad
1377 4460 1645 4534 Vespera.

633 4554 853 4612 Gratias
887 4554 986 4610 tibi
1023 4554 1263 4633 agimus,
1299 4553 1527 4610 Domine
1569 4552 1715 4609 Deus
1759 4552 2137 4623 omnipotens,

558 4648 651 4717 qui
691 4663 790 4703 nos
818 4662 915 4718 per
946 4644 1105 4716 huius
1142 4646 1250 4702 diei
1284 4660 1506 4701 cursum
1551 4645 1607 4699 in
1657 4643 1806 4705 hanc.
1828 4642 2020 4697 horam
2051 4656 2143 4697 ve-

562 4741 858 4811 spertinam
884 4740 1174 4811 pervenire
1202 4737 1471 4804 tribuisti,
1506 4744 1560 4792 te
1586 4733 1856 4805 supplices
1885 4734 2144 4803 depreca~

564 4849 711 4899 mur,
757 4843 821 4888 ut
863 4835 932 4889 ad
977 4842 1030 4889 te
1070 4834 1307 4890 elevatio
1338 4846 1597 4888 manuum
1633 4836 1944 4885 nostrarum
1979 4825 2051 4879 sit
2087 4824 2140 4879 in

566 4931 858 4995 conspectu
895 4930 989 4979 tuo
1022 4924 1356 4994 aceeptabilc
1393 4921 1719 4978 sacriﬁcium
1754 4917 2140 4990 vespertinum.

568 5014 673 5078 Per
701 5014 989 5069 Dominum
1016 5011 1262 5071 nostrum
1288 5014 1477 5070 Iesum
1508 5014 1808 5070 Christum.

951 5124 1137 5181 Oratio
1172 5127 1317 5181 liora
1348 5128 1671 5183 duodecima:
1708 5127 1759 5180 δ.

638 5237 870 5297 Domine
910 5236 1082 5302 Deus,
1122 5234 1428 5292 dominator
1466 5239 1708 5293 omnium
1751 5245 1807 5292 et
1848 5246 2143 5308 protector,

568 5329 661 5401 qui
700 5330 964 5399 separasti
1001 5328 1176 5383 lucem
1210 5326 1279 5382 de
1310 5328 1579 5394 tenebris,
1622 5338 1672 5385 te
1706 5329 1935 5384 subnixe
1971 5327 2147 5398 preci-

572 5421 673 5475 bus
718 5434 1040 5487 exoramus,
1088 5427 1149 5475 ut
1196 5432 1293 5490 per
1338 5418 1479 5473 hanc
1522 5428 1927 5489 superventune
1973 5419 2149 5474 noctis

649 5587 675 5615 ι
718 5572 1006 5645 Sequentia
1034 5574 1302 5633 habentur
1321 5574 1481 5631 etiam
1506 5572 1559 5627 in
1588 5570 1765 5626 libello
1783 5569 1956 5625 Caroli
1980 5567 2146 5625 Calvi.

2224 358 2351 397 rora
2380 344 2563 398 cuncti
2593 356 2879 413 surgamus
2903 341 3216 412 gaudentes.
3246 338 3351 394 Per
3377 337 3661 393 Dominum
3699 351 3797 394 no-
3898 390 3907 395 -

2224 442 2395 488 stmm
2423 430 2606 487 Iesum
2634 431 2924 487 Christum.

2637 545 2821 599 Oratio
2860 544 2931 598 ad
2965 540 3391 613 Contpletoriam.

2297 636 2495 691 Pacem
2526 643 2671 690 tuam
2695 675 2711 701 ,
2742 634 2968 690 Domine
2986 674 3001 698 ,
3032 634 3099 690 da
3128 635 3285 689 nobis
3310 634 3379 690 de
3407 632 3544 689 cu-lo
3566 672 3582 697 ,
3610 641 3666 687 et
3694 647 3797 702 pax

2227 735 2320 781 tua
2338 766 2355 792 ,
2382 725 2628 791 Christo,
2655 740 2868 795 semper
2901 734 3119 781 maneat
3142 726 3195 780 in
3221 725 3522 781 visceribus
3561 725 3795 788 nostris,

2227 826 2290 871 ut
2312 831 2420 873 non
2450 817 2739 872 timeamus
2764 831 2797 871 a
2826 815 3022 874 timore
3046 822 3331 871 nocturno.

2943 927 3080 985 Alia.

2300 1018 2496 1075 Pacem
2527 1027 2673 1075 tuam
2694 1060 2711 1087 ,
2738 1010 2963 1079 Domine
2981 1061 2997 1088 ,
3028 1020 3096 1076 da
3125 1019 3282 1077 nobis
3306 1020 3374 1077 de
3402 1020 3541 1078 cmlo
3559 1062 3575 1088 ,
3604 1030 3659 1078 et
3695 1038 3796 1094 pas

2231 1121 2324 1165 tua
2342 1153 2358 1176 .
2389 1110 2638 1178 Christe,
2669 1127 2885 1182 semper
2910 1121 3130 1168 maneat
3153 1114 3207 1168 in
3234 1114 3533 1170 visceribus
3562 1117 3801 1183 nostris,

2230 1210 2292 1258 ut
2318 1204 2653 1258 dormiamus
2679 1219 2803 1258 cum
2814 1214 2958 1273 pace
2977 1244 2992 1269 ,
3018 1213 3072 1259 et
3098 1205 3379 1276 vigilemus
3404 1221 3527 1261 cum
3552 1207 3800 1272 Christo,

2230 1291 2333 1359 Qui
2369 1308 2495 1348 cum
2532 1292 2694 1349 Patre
2728 1301 2785 1349 et
2822 1293 3023 1366 Spiritu
3062 1303 3251 1375 sancto
3288 1307 3477 1369 regnat
3510 1298 3563 1353 in
3597 1307 3800 1355 aeterna

2231 1386 2447 1443 saecula.

2938 1458 3079 1521 XV.

2540 1555 2760 1619 Oratio
2797 1565 2940 1619 ante
2973 1562 3479 1623 communionem.

2304 1666 2532 1730 Domine
2569 1672 2698 1730 Iesu
2734 1673 2983 1745 Christe,
3013 1677 3114 1735 Fili
3152 1679 3249 1736 Dei
3280 1680 3586 1749 unigenite,
3616 1681 3709 1752 qui
3739 1698 3801 1738 es

2230 1772 2289 1821 ct
2313 1765 2407 1835 qui
2434 1779 2556 1820 eras
2583 1780 2706 1822 cum
2732 1765 2892 1824 Patre
2918 1777 2974 1823 et
2999 1768 3201 1841 Spiritu
3228 1779 3413 1827 sancto
3436 1773 3597 1829 unius
3619 1788 3806 1830 essen-

2233 1855 2322 1909 tia:
2352 1854 2535 1922 Deus;
2569 1856 2622 1911 in
2652 1872 2761 1928 quo
2788 1857 2901 1914 solo
2927 1867 3013 1915 est
3038 1874 3165 1915 vera
3193 1862 3433 1939 omnium
3457 1872 3804 1933 peccatorum

2233 1948 2481 2017 remissio
2499 1990 2515 2017 ,
2542 1959 2599 2005 et
2634 1965 2731 2021 per
2758 1967 2920 2024 quem
2949 1953 3058 2009 vita
3087 1962 3142 2009 et
3168 1954 3314 2010 salus
3337 1963 3627 2026 prmstatur
3650 1962 3807 2011 :eter—

2236 2056 2305 2096 na
2330 2056 2345 2095 :
2375 2042 2470 2110 qui
2498 2043 2846 2114 publicanum
2877 2036 3221 2101 conﬁtentem
3241 2056 3461 2120 peccata
3491 2061 3587 2102 sua
3604 2045 3804 2117 iustiﬁ-

2235 2130 2371 2187 ca‘sti
2392 2172 2407 2196 ,
2437 2140 2493 2191 et
2518 2132 2880 2188 Chananmam
2908 2134 3168 2191 humilem
3195 2145 3247 2192 te
3275 2136 3613 2191 invocantem
3642 2151 3808 2192 exau-

2234 2222 2395 2290 disti,
2425 2230 2479 2277 et
2515 2223 2735 2283 Petrum
2772 2233 3057 2297 negantem
3095 2225 3409 2297 respexisti,
3436 2224 3653 2281 ﬂentem
3679 2241 3811 2297 quo-

2235 2331 2344 2385 que
2369 2331 2555 2372 amare
2581 2316 2867 2388 recepisti,
2893 2326 2949 2373 et
2971 2317 3166 2373 latroni
3192 2318 3244 2372 in
3271 2332 3432 2373 cruce
3458 2326 3511 2373 te
3535 2317 3811 2374 conﬁtenti
3856 2298 3865 2308 ’

2236 2406 2601 2487 veniamcum
2629 2406 2798 2479 gloria
2826 2408 3063 2478 paradisi
3094 2407 3327 2463 donasti.
3360 2407 3438 2462 Da
3466 2408 3597 2463 mihi
3624 2410 3813 2465 miser-

2234 2500 2375 2555 rimo
2409 2508 2467 2555 et
2502 2498 2871 2556 infelicissimo
2898 2495 3169 2570 peccaturi
3189 2540 3205 2566 ,
3239 2515 3361 2556 cum
3390 2500 3585 2556 timore
3610 2509 3668 2557 et
3695 2510 3807 2556 tre-

2235 2602 2390 2645 more
2424 2588 2707 2645 conﬁtenti
2740 2600 2963 2661 peccata
2998 2604 3151 2657 mea,
3194 2592 3403 2647 veniam
3437 2600 3492 2647 et
3529 2590 3809 2663 indulgen-

2235 2680 2369 2736 tiam
2405 2679 2671 2735 seelerum
2706 2695 2983 2747 meorum,
3023 2689 3085 2736 ut
3122 2684 3454 2739 sacrosancti
3481 2681 3815 2738 communio-

2236 2788 2361 2829 nem
2391 2772 2639 2844 corporis
2661 2780 2717 2829 et
2737 2773 3015 2844 sanguinis
3043 2778 3119 2831 tui
3146 2790 3254 2832 non
3283 2775 3351 2833 ad
3368 2775 3628 2845 iudicium
3657 2775 3809 2832 dam-

2239 2864 2475 2921 nationis
2493 2906 2508 2931 ,
2541 2865 2636 2921 sed
2664 2866 2732 2922 ad
2761 2866 3058 2921 remedium
3087 2876 3364 2940 perpetua:
3389 2864 3526 2923 mihi
3549 2867 3814 2925 concedas

2160 2950 2206 3012 C
2239 2971 2359 3013 esse
2406 2956 2615 3013 salutis.
2666 2956 2773 3013 Per
2817 2957 3111 3029 Dominum,
3146 2968 3389 3015 nostrum
3435 2957 3618 3018 Iesum
3658 2960 3813 3018 Chri-

2239 3055 2405 3102 stum.
2437 3045 2631 3101 Amen.

2842 3136 2975 3205 Alia
3008 3140 3200 3194 oratio.

2308 3228 2534 3284 Domine
2558 3227 2686 3285 Iesu
2711 3228 2959 3296 Christe,
2988 3228 3091 3285 Fili
3121 3230 3215 3286 Dei
3246 3231 3384 3297 vivi,
3412 3230 3504 3303 qui
3530 3248 3596 3287 ex
3625 3231 3814 3288 volun-

2239 3329 2351 3377 tate
2377 3320 2590 3389 Patris,
2622 3329 2944 3392 cooperante
2971 3322 3176 3394 Spiritu
3204 3317 3425 3391 sancto,
3455 3340 3554 3396 per
3584 3333 3812 3380 mortem

2239 3421 2388 3469 tuam
2412 3413 2670 3469 mundum
2694 3412 2979 3470 viviﬁcasti
2994 3455 3009 3480 ,
3039 3415 3210 3471 libera
3235 3431 3321 3473 me
3344 3430 3445 3487 per
3472 3416 3577 3470 hoc
3598 3426 3816 3469 sacrum

2237 3521 2435 3577 corpus
2471 3514 2528 3561 et
2559 3507 2875 3577 sanguinem
2915 3515 3133 3561 tuuma
3170 3508 3380 3561 cunctis
3409 3504 3813 3575 iniquitatibus,

2237 3607 2294 3653 et
2316 3596 2499 3668 pravis
2524 3611 2588 3651 ac
2611 3596 2832 3669 perﬁdis
2856 3597 3265 3667 cogitationibus
3280 3636 3295 3661 ,
3325 3604 3381 3651 et
3405 3595 3674 3652 universis
3698 3611 3818 3652 ma-
3894 3635 3898 3644 .

2238 3688 2342 3755 lis;
2381 3694 2438 3743 et
2467 3686 2552 3743 fac
2589 3701 2677 3743 me
2713 3686 2825 3741 tuis
2858 3687 3077 3742 obedire
3108 3687 3427 3757 praeceptis,
3462 3693 3520 3741 et
3565 3680 3818 3757 permitte

2238 3795 2325 3835 me
2357 3795 2389 3835 a
2427 3787 2479 3835 te
2508 3793 2784 3850 nunquam
2821 3778 2878 3835 in
2914 3785 3235 3850 perpetuum
3272 3778 3534 3850 separari.
3567 3775 3673 3835 Per
3706 3776 3814 3834 Do-

2237 3870 2464 3927 minnm.

2628 3936 2815 3995 Oratio
2843 3949 2957 4012 post
2989 3940 3424 3995 communionem.

2308 4031 2533 4088 Domine
2576 4031 2703 4087 Iesu
2750 4031 2998 4099 Christe,
3043 4030 3145 4088 Fili
3190 4031 3285 4087 Dei
3333 4031 3475 4095 vivi,
3508 4038 3722 4086 creator
3759 4035 3819 4084 ct

2239 4126 2575 4181 restaurator
2600 4124 2813 4197 generis
2833 4123 3089 4188 humani,
3115 4123 3208 4194 qui
3234 4137 3300 4177 ex
3328 4120 3602 4176 voluntate
3624 4118 3813 4175 κιθτηί

2237 4215 2438 4281 Patris,
2457 4224 2781 4286 cooperante
2802 4222 2994 4271 saneto
3014 4211 3239 4282 Spiritu,
3258 4218 3315 4264 et
3332 4224 3553 4264 carnem
3574 4218 3813 4266 nostram

2163 4301 2214 4362 Ι)
2238 4307 2515 4379 suscipere
2534 4347 2551 4371 ,
2580 4295 2891 4359 et‘mortem
2917 4316 3017 4372 pro
3046 4300 3201 4357 nobis
3230 4300 3413 4357 subire
3438 4299 3689 4395 dignatus
3710 4313 3773 4377 es
3795 4316 3812 4366 ;

2242 4398 2334 4470 qui
2361 4395 2562 4466 iugiter
2591 4408 2692 4463 pro
2727 4400 2911 4448 nostra
2946 4390 3120 4449 salute
3162 4391 3462 4449 immolaris
3507 4390 3565 4448 et
3607 4396 3817 4465 integer

2242 4501 2529 4559 permanes
2557 4502 2569 4538 :
2602 4493 2656 4538 te
2685 4483 2926 4554 gloriﬁco
2958 4493 3014 4539 et
3052 4485 3423 4557 superesalto,
3459 4483 3817 4541 clementissi—

2240 4594 2362 4644 mc,
2394 4578 2651 4648 hymnum
2680 4576 2862 4648 gloria:
2891 4577 3144 4642 concino,
3175 4577 3267 4647 qui
3296 4591 3383 4632 me
3412 4576 3667 4630 miserum
3696 4580 3818 4627 tan-

2244 4670 2313 4727 tis
2338 4670 2657 4728 criminibus
2696 4670 2995 4737 irretitum,
3028 4670 3081 4723 in
3110 4682 3336 4723 onmem
3375 4679 3655 4721 servorum
3695 4671 3816 4720 tuo-

2244 4779 2364 4818 rum
2390 4754 2653 4819 adv‘ocare
2682 4763 2931 4834 dignatus
2957 4776 3017 4815 es
3034 4800 3049 4826 ,
3076 4768 3132 4813 et
3156 4758 3298 4813 sacri
3327 4758 3571 4827 corporis
3598 4773 3663 4813 ac
3686 4774 3816 4814 san-

2241 4857 2422 4927 guinis
2457 4856 2530 4910 tui
2568 4854 2884 4926 participem
2923 4849 3042 4905 ﬁeri
3085 4847 3359 4913 tribuisti,
3401 4863 3531 4921 rogo
3557 4856 3816 4907 :eternam

2243 4946 2668 5003 misericordiam
2715 4952 2901 5007 tuam,
2944 4938 3171 4994 Domine
3213 4937 3355 4995 Deus
3395 4954 3580 5006 meus,
3621 4948 3683 4995 ut
3717 4955 3818 5011 per

2246 5042 2387 5097 hanc
2412 5042 2867 5096 sacramentorum
2895 5039 3107 5087 tuorum
3133 5030 3531 5102 perceptionem
3557 5038 3614 5087 et
3635 5046 3665 5085 a
3691 5045 3819 5101 pec-

2246 5142 2493 5189 catorum
2524 5128 2771 5184 sordibus
2809 5138 2897 5178 me
2924 5114 3150 5177 mundes
3167 5164 3183 5189 ,
3210 5130 3265 5177 et
3292 5139 3323 5176 (ι
3354 5123 3499 5179 vitiis
3526 5122 3737 5178 cunctis
3761 5127 3820 5177 et

2247 5228 2456 5285 insidiis
2486 5220 2690 5278 inimici
2716 5216 3018 5284 Custodias,
3051 5225 3105 5273 et
3130 5224 3281 5273 tuam
3310 5233 3397 5273 me
3426 5215 3608 5272 facere
3631 5214 3820 5271 volun-

2207 5318 2213 5325 ’
2246 5327 2413 5374 tatem
2442 5315 2663 5373 doceas,
2698 5316 2754 5363 et
2781 5307 2849 5363 ad
2876 5322 3123 5378 superna:
3160 5307 3352 5380 patriae
3390 5305 3587 5380 gaudia
3613 5304 3819 5380 perdu-

2206 5442 2226 5462 .
2249 5424 2361 5466 cas.
2394 5407 2505 5460 Deo
2532 5402 2752 5475 gratias.
2781 5398 2971 5457 Amen.

2274 5578 2275 5581 ‘
2324 5561 2350 5599 λ
2388 5560 2587 5632 Nempe
2616 5558 2717 5615 diei
2745 5520 3025 5614 naturalis.
