4246 6234
258 114 338 177 ϐω

0 232 43 278 ιιι
67 224 110 281 in
134 226 240 285 lucis
260 248 331 290 au-

2 316 231 378 Deminum
259 340 331 384 no-

14 622 157 689 ce-le,
180 635 223 681 et
244 643 321 697 put

0 717 108 774 ibus
141 720 318 785 nostris,

3030 16 3057 23 -ν-
3068 16 3095 27 γε
3120 16 3141 29 .3
3154 16 3169 27 -ν
3194 28 3197 29 ν
3214 26 3243 31 μ,
3256 14 4153 45 HW;1£E'r_mL’-'

4168 20 4246 47 Ἀ.ζὲ

967 153 1071 212 509
1391 238 1400 247 ί
1944 156 2333 217 LITURGICA.
2368 186 2442 198 -
2476 155 2563 211 OF
2568 156 2577 211 |

2584 155 2743 227 FlClA
2775 128 2917 212 Pen
2950 155 3219 214 πως.
4092 150 4201 224 s‘te

971 292 4198 329 mw

1518 547 1523 551 ,
1643 389 1796 537 ,⁵³
1848 413 2691 529 OPUSCULUM
2774 364 3461 530 TERTIUM.

1583 626 2311 798 ornem
2384 633 2760 747 pan
2832 631 3505 747 metu
3525 702 3580 780 _,

2093 840 2100 847 '
2378 852 2383 858 ι
2511 820 2645 880 SEU

959 950 1251 1015 PSALI!
1292 950 1715 1033 SECUNDUM
1765 952 1946 1016 DIES
1985 954 2516 1017 HEBDOMADE
2559 924 2943 1017 smeums
2980 953 3267 1044 enisus
3306 954 3391 1019 IN
3429 954 3804 1020 ECCLESIA
3851 958 4202 1024 CANTAN-

1039 1046 1221 1127 TUB,
1262 1052 1677 1130 DlSPOSlTl,
1924 1054 2481 1129 ORATIONIBUS,
2524 1054 2859 1157 HYMNlS,
2901 1052 3565 1121 CONFESSIONIBUS
3602 1057 3707 1118 ET
3748 1057 4118 1120 LITANllS.

2331 1199 2807 1217 —————-

1376 1322 1439 1367 111
1480 1320 1727 1370 IGITUR
1768 1324 1877 1369 DEI
1916 1323 2122 1370 sum

1151 1401 1389 1446 INCIPIT
1427 1401 1739 1448 SCIIPTUI
1786 1404 1993 1448 Αιιηκι
2038 1405 2337 1449 κλαίει-ιιι

1240 1482 1324 1524 ΔΙ)
1360 1480 1659 1527 αιιιοιυιι
1694 1482 2150 1530 IIPBIATOIEI
2187 1487 2236 1525 ⁸.

1456 1611 1628 1669 David
1655 1626 1750 1667 rex
1781 1626 2006 1685 magnus
2030 1623 2086 1669 et
2108 1628 2299 1671 servus
2323 1615 2419 1670 Dei
2443 1615 2524 1670 al-
2554 1644 2558 1649 -

959 1703 1151 1781 tissimi
1192 1703 1350 1760 nobis
1389 1702 1651 1775 psallendi
1694 1702 1932 1776 regulam
1958 1704 2133 1772 dedit,
2161 1705 2394 1776 qualiter
2429 1720 2522 1777 per
2557 1788 2560 1791 Δ

955 1780 1326 1850 dinumeratas
1363 1794 1529 1851 horas
1546 1794 1832 1867 quaslibet
1853 1797 2013 1852 home
2041 1798 2109 1853 ad
2136 1797 2307 1854 Deum
2334 1812 2526 1870 preces

957 1884 1183 1940 fundere
1226 1885 1451 1951 debeat,
1494 1886 1569 1940 ita
1613 1886 1799 1942 dicens
1826 1903 1840 1916 '
1885 1885 2081 1957 Septies
2119 1889 2174 1943 in
2203 1889 2289 1944 die
2314 1886 2525 1943 laudem
2620 1916 2623 1919 π

954 1979 1129 2034 dicunt
1156 1978 1252 2032 tibi
1280 1976 1465 2051 (Psal.
1490 1991 1691 2044 cxvnt,
1720 1975 1875 2050 164).
1905 1976 2019 2033 Hoc
2044 1986 2130 2033 est
2154 1980 2328 2050 prima
2356 1979 2488 2037 hera
2507 2019 2523 2046 ,
2564 2012 2576 2019 -

955 2068 1191 2125 secunda
1215 2108 1232 2133 ,
1248 2131 1254 2137 .
1273 2068 1462 2134 tertia,
1492 2074 1643 2145 sexta
1662 2106 1678 2133 ,
1709 2082 1849 2123 nona
1869 2107 1885 2133 ,
1909 2064 2218 2137 vespertina
2246 2076 2303 2124 et
2326 2068 2526 2124 duode-

953 2160 1116 2215 cima.
1134 2158 1239 2213 Per
1257 2158 1358 2214 bas
1378 2158 1562 2231 itaque
1588 2168 1801 2231 septem
1822 2159 1986 2215 horas
2003 2158 2173 2215 David
2193 2175 2289 2215 rex
2314 2155 2523 2214 laudem

954 2248 1169 2304 dicebat
1202 2247 1349 2314 Deo,
1387 2249 1483 2305 sed
1514 2258 1571 2304 et
1607 2258 1824 2306 sanctus
1856 2249 2043 2306 Daniel
2077 2252 2339 2322 propheta
2367 2251 2524 2306 tertia

955 2348 1007 2393 et
1044 2346 1198 2394 serta
1238 2346 1295 2393 et
1339 2354 1482 2395 nona
1510 2338 1646 2395 hora
1673 2339 1778 2395 diei
1809 2340 1879 2396 ad
1915 2340 2310 2411 deprecandum
2336 2340 2521 2397 Domi-

956 2419 1095 2489 num.
1111 2430 1411 2487 ascendens
1451 2418 1508 2486 in
1531 2429 1787 2493 aetatium
1813 2446 1969 2487 suum
1994 2432 2249 2503 expansis
2274 2432 2524 2488 manibus

954 2522 1023 2577 ad
1050 2522 1246 2579 ctelum
1276 2521 1668 2595 deprecabatur
1700 2522 1868 2579 Deum
1902 2538 2000 2595 pro
2029 2539 2096 2585 se
2116 2533 2172 2581 et
2192 2539 2292 2596 pro
2326 2524 2524 2596 populo

954 2615 1138 2672 Israel.
1169 2615 1277 2672 Sed
1304 2626 1358 2671 et
1383 2602 1524 2672 idem
1556 2632 1650 2707 rex
1674 2614 1846 2707 David
1869 2614 2047 2707 adhuc
2071 2616 2209 2673 dixit
2237 2634 2251 2671 ε
2284 2616 2354 2672 Et
2382 2616 2523 2687 adji-
2554 2647 2595 2707 Β

954 2709 1092 2761 ciant
1129 2723 1287 2777 super
1324 2722 1529 2782 omnem
1553 2705 1762 2762 laudent
1786 2715 1929 2763 tuam
1960 2702 2154 2780 ('Psal.
2203 2724 2339 2775 ιιι,
2387 2707 2518 2775 14).

953 2798 1185 2855 Proinde
1214 2814 1399 2854 rursus
1424 2799 1540 2853 ait:
1570 2795 1747 2853 Media
1776 2806 1924 2867 nocte
1963 2798 2237 2871 surgebam
2264 2798 2335 2854 ad
2360 2800 2524 2870 conﬁ-

952 2892 1165 2948 tendum
1194 2892 1285 2946 tibi
1317 2888 1502 2965 (Paul.
1526 2906 1691 2947 cxvm
1710 2932 1727 2958 ,
1752 2889 1821 2946 62
1840 2892 1879 2955 ).
1908 2888 1967 2945 Id
1994 2898 2107 2957 est,
2137 2897 2399 2946 nocturna
2426 2891 2523 2946 bo-

954 3002 1037 3047 ra.
1076 2985 1149 3041 Et
1191 2985 1387 3041 iterum
1417 2969 1495 3040 ait
1522 3002 1536 3039 :
1570 2983 1774 3040 Memor
1795 2983 1876 3056 fui
1901 2984 1955 3038 in
1984 2992 2130 3038 nocte
2157 2984 2381 3040 nominis
2408 2984 2520 3049 tui,

954 3077 1177 3133 Domine
1218 3078 1238 3148 (
1258 3076 1423 3155 Ibid”
1447 3091 1501 3132 v.
1526 3074 1658 3147 55),
1700 3075 1844 3147 quod
1879 3081 1964 3129 est
1999 3070 2260 3146 gallorum
2286 3080 2519 3156 .cantus.

954 3166 1049 3224 Sic
1083 3184 1284 3221 memor
1308 3166 1389 3237 fui
1414 3168 1491 3221 tui
1517 3166 1676 3237 super
1696 3173 1917 3222 stratum
1942 3180 2113 3219 meum
2129 3204 2146 3231 ,
2170 3165 2225 3221 in

954 3257 1249 3315 meditabor
1274 3259 1331 3310 in
1359 3266 1409 3310 te
1439 3254 1628 3327 (Psul.
1655 3271 1803 3321 un,
1825 3252 1916 3325 7).
1944 3253 2011 3308 lli
2040 3261 2167 3309 sunt
2194 3263 2302 3325 per
2337 3260 2522 3308 nectes

952 3357 1065 3404 tres
1089 3347 1251 3402 el'ticii
1277 3360 1496 3413 cursus,
1522 3352 1581 3402 et
1594 3331 1699 3416 per
1720 3344 1861 3401 diem
1891 3351 2095 3415 septem
2122 3362 2137 3398 :
2163 3343 2358 3414 quibus
2382 3343 2521 3414 aptis

954 3436 1095 3514 [Ρη
1113 3436 1353 3511 junctis]
1383 3435 1543 3493 simul
1567 3422 1869 3497 eﬂiciuntur
1892 3435 2075 3491 decem
2096 3474 2110 3501 ,
2141 3445 2278 3505 quos
2304 3447 2405 3489 nos
2427 3446 2515 3488 se-

915 3543 931 3554 ’
952 3533 1188 3590 cundum
1223 3532 1412 3588 decem
1450 3531 1615 3589 verba
1650 3528 1790 3617 legis.
1820 3528 1989 3603 Moysi
2013 3538 2299 3597 sectantes
2330 3537 2520 3585 canta-

950 3640 1074 3681 mus
1100 3624 1152 3678 δε
1185 3623 1295 3682 Sed
1319 3624 1448 3696 quia
1473 3638 1575 3680 vos
1601 3622 1835 3695 regastis
1851 3664 1866 3689 ,
1898 3618 2345 3691 ut'scriberemus
2367 3620 2521 3701 vobis

951 3716 1281 3772 breviarium
1294 3704 1633 3773 commatico
1660 3727 1910 3779 sermone
1926 3753 1942 3779 ,
1971 3711 2204 3783 qualiter
2227 3710 2390 3775 homo
2415 3710 2519 3764 lai-

950 3821 1048 3863 cus
1072 3805 1167 3875 qui
1196 3804 1374 3860 adhuc
1402 3805 1457 3858 in
1484 3802 1661 3859 activa
1686 3800 1799 3856 vita
1827 3801 2107 3868 consistit,
2135 3792 2236 3873 per
2262 3799 2517 3856 dinume-

952 3904 1103 3952 ratas
1131 3896 1295 3951 horas
1323 3894 1422 3950 bas
1446 3893 1559 3957 Deo
1587 3890 1888 3965 supplicare
1910 3890 2140 3953 debeat:
2172 3898 2229 3946 et
2248 3890 2377 3947 licet
2395 3905 2516 3958 vos,

2554 1284 2896 1357 Asequitur.
2952 1283 3204 1358 mser-ere
3252 1284 3402 1367 mei,
3453 1282 3617 1340 Deus.
3672 1282 3924 1341 Deinde:
3987 1236 4215 1348 Venite,

2627 1375 2945 1433 exsultent“
2992 1376 3241 1431 Domino.
3296 1376 3499 1433 Deinde
3544 1375 3778 1447 psalmos
3827 1383 4062 1447 quantos
4108 1392 4204 1431 vo.

2629 1467 2810 1523 luerit.
3534 1516 3537 1517 ν
3558 1524 3561 1527 ,
3742 1532 3743 1535 η

3248 1578 3544 1676 FEBIA
3598 1578 3661 1654 ι.
3738 1656 3741 1659 ,
3788 1613 3793 1617 ε

3034 1731 3264 1807 (Decus
3296 1733 3504 1787 videtur
3530 1730 3794 1804 aliquid.)

3236 1817 3583 1921 esstuus.

2696 1977 2878 2051 (Pen.
2905 1977 3038 2052 civ.)
3063 1988 3085 2017 ο
3117 1975 3463 2035 Cenﬁtemini
3483 1975 3734 2044 Domino,
3754 1984 3811 2033 et
3836 1970 4083 2034 invocate
4104 1994 4204 2035 ne-

2624 2084 2750 2125 men
2774 2066 2893 2138 q’us
2917 2086 2931 2122 :
2961 2069 3279 2124 annuntiate
3316 2069 3461 2141 inter
3486 2075 3677 2140 gentes
3700 2082 3866 2139 epera
3893 2065 4031 2137 ejus.
4058 2068 4203 2125 Can-

2625 2167 2737 2214 tate
2763 2160 2847 2225 ei,
2875 2166 2932 2213 et
2954 2158 3165 2228 psallite
3188 2163 3242 2213 ei
3270 2178 3284 2213 :
3314 2167 3533 2214 narrate
3556 2158 3739 2213 omnia
3765 2157 4034 2216 mirabilia
4062 2158 4200 2229 ejus.

2623 2247 2943 2305 Laudamini
2971 2248 3277 2317 innomine
3300 2257 3489 2306 sancto
3515 2247 3671 2319 ejus:
3700 2249 3911 2305 laetetur
3933 2264 4029 2305 cer
4056 2266 4204 2320 quae-

2624 2340 3194 2408 rentiumDetuinum.
3223 2340 3459 2410 Quaerite
3486 2342 3771 2398 Dominum
3814 2326 3889 2398 et.
3910 2342 4203 2399 conﬁrma-

2622 2434 2755 2489 mini
2778 2452 2792 2488 :
2824 2436 3048 2505 quaerite
3072 2434 3268 2491 faciem
3290 2434 3409 2504 ejus
3431 2450 3665 2506 semper.
3686 2435 4008 2493 Mementote
4039 2437 4204 2492 mira-

2622 2525 2810 2583 bilium
2852 2525 2970 2598 ejus
3009 2541 3130 2596 qua:
3170 2525 3298 2582 fecit
3327 2538 3366 2580 τ’
3390 2526 3634 2599 prodigia
3672 2527 3793 2595 ejus
3813 2515 3845 2592 ,’
3864 2528 4062 2596 judicia
4089 2529 4202 2582 eris

2622 2614 2755 2684 ejus.
2790 2614 2985 2671 Semen
3011 2615 3315 2682 Abraham,
3345 2610 3485 2671 scrvi
3509 2614 3665 2685 ejus;
3695 2615 3789 2671 lilii
3816 2614 4013 2684 Jaceb,
4041 2617 4199 2691 electi

2624 2704 2762 2773 ejus.
2802 2704 2921 2774 Ipse
2961 2703 3221 2760 Dominus
3262 2704 3405 2760 Deus
3445 2714 3650 2771 noster,
3683 2706 3736 2760 in
3775 2704 4024 2764 universa
4054 2716 4201 2762 terra

2614 2784 2819 2865 judicia
2848 2794 2985 2867 ejus.
3015 2780 3220 2869 Memor
3242 2794 3346 2851 fuit
3373 2795 3427 2851 in
3453 2796 3707 2873 steculum
3738 2799 4041 2854 testamenti
4070 2799 4153 2869 sui
4182 2817 4198 2852 :

2621 2885 2771 2943 verbi
2811 2888 2958 2958 quod
2996 2885 3275 2965 mandavit
3315 2890 3371 2944 in
3414 2889 3559 2946 mille
3602 2891 3996 2962 generationes.
4038 2891 4195 2961 Quod

2621 2979 2885 3051 disposuit
2920 2980 2989 3036 ad
3022 2978 3296 3035 Abraham
3325 2998 3339 3035 :
3370 2989 3425 3036 et
3457 2980 3752 3050 juramenti
3794 2981 3876 3037 sui
3916 2982 3985 3037 ad
4022 2982 4196 3040 lsaac.

2621 3070 2691 3125 Et
2717 3071 2908 3127 statuit
2931 3070 3060 3126 illud
3085 3060 3334 3149 Jacobiin
3362 3079 3690 3142 praeceptum
3719 3093 3731 3126 :
3762 3080 3818 3129 et
3842 3071 4008 3148 Israel
4035 3074 4089 3130 in
4120 3084 4201 3131 te-

2620 3169 2944 3218 stamentum
2971 3168 3253 3218 aeternum.
3286 3152 3474 3227 Dicent
3500 3179 3515 3217 :
3541 3161 3660 3219 Tibi
3689 3163 3829 3220 dabo
3861 3173 4061 3221 terram
4092 3164 4205 3236 53.

2619 3251 2879 3330 Chanaan
2904 3270 2918 3306 :
2943 3250 3239 3308 funiculum
3265 3242 3596 3315 haereditatis
3618 3263 3832 3312 vestrae.
3859 3254 3992 3312 Cum
4015 3265 4203 3312 essent

2618 3357 2843 3399 numero
2880 3341 3037 3398 brevi
3068 3360 3081 3396 :
3111 3343 3424 3415 paucissimi
3456 3353 3523 3403 et
3563 3344 3753 3402 incola:
3796 3346 3934 3416 ejus.
3954 3346 4035 3407 .Et
4072 3340 4205 3418 per—

2619 3433 2951 3515 transierunt
2972 3434 3039 3490 de
3065 3441 3226 3507 gente
3253 3436 3308 3490 in
3334 3443 3547 3507 gentem
3574 3455 3587 3491 :
3619 3444 3675 3493 et
3699 3424 3768 3493 de
3794 3451 3957 3511 regno
3991 3430 4063 3494 ad

2616 3527 2805 3599 pulum
2842 3523 3094 3585 alterum.
3134 3528 3251 3586 Non
3295 3530 3513 3602 reliquit
3547 3531 3816 3587 hominem
3856 3546 4049 3588 nocere
4075 3533 4188 3601 eis,

2617 3627 2675 3674 et
2712 3620 2973 3690 corripuit
3012 3636 3112 3691 pro
3149 3621 3229 3676 eis
3272 3635 3446 3692 reges.
3486 3619 3660 3680 Nolite
3700 3630 3921 3694 tangere
3957 3624 4205 3682 Chl-istos.

2594 3724 2767 3765 .mees
2791 3728 2805 3765 :
2838 3717 2893 3763 et
2929 3710 2986 3764 in
3010 3711 3300 3783 prophetis
3318 3702 3453 3768 meis
3479 3712 3644 3769 nolite
3671 3714 3972 3788 malignari.
4002 3716 4073 3773 Et
4097 3733 4203 3775 vo-

2615 3800 2757 3857 cavit
2795 3798 2993 3855 famem
3032 3816 3196 3872 super
3231 3809 3433 3858 terram
3464 3819 3479 3858 :
3510 3811 3568 3860 et
3603 3820 3762 3862 omne
3793 3806 4201 3865 ﬁrmamentum

2614 3892 2770 3963 panis
2807 3892 3080 3948 contrivit.
3128 3892 3271 3949 Misit
3309 3903 3432 3951 ante
3472 3910 3568 3952 eos
3603 3897 3776 3953 virum
3807 3916 3821 3953 :
3874 3900 3926 3953 in
3975 3912 4203 3955 servum.

949 3986 1045 4060 qui
1083 3965 1395 4044 Christiano
1429 3983 1622 4044 ordine
1648 3980 1825 4038 vivitis
1841 4022 1861 4051 ι
1887 3970 2194 4040 Christiana
2238 3988 2404 4052 opera
2431 3978 2514 4035 fa-
2539 4003 2587 4065 c
2616 3984 2957 4040 venundatus
2976 3992 3061 4039 est
3080 3982 3298 4055 Ioseph.
3324 3984 3752 4041 ﬂumiliaverunt
3773 3987 3827 4042 in
3846 3990 4205 4061 compedibus

950 4092 1078 4135 cere
1097 4064 1417 4133 desideratis
1431 4114 1446 4140 ,
1475 4087 1585 4129 non
1607 4070 1868 4145 ignoratis
1891 4070 2120 4142 qualiter
2142 4071 2370 4127 Domine
2391 4086 2518 4143 sup-

947 4168 1182 4243 plicetur
1208 4186 1222 4223 :
1262 4167 1359 4224 sed
1399 4165 1525 4243 quia
1556 4163 1786 4238 regestis
1801 4204 1817 4229 ,
1846 4161 2085 4218 dicemus
2107 4161 2347 4217 breviter
2373 4162 2517 4231 quod

950 4263 1233 4321 ultimus.
1252 4243 1397 4318 cum
1424 4261 1569 4317 enim
1612 4259 1679 4315 de
1704 4255 1900 4313 lectulo
1938 4263 2140 4313 stratus
2179 4253 2347 4310 vestri
2393 4268 2517 4309 sur-

950 4353 1169 4427 rexistis
1186 4394 1202 4419 ,
1231 4340 1518 4435 dicendum
1545 4353 1702 4426 vobis
1723 4359 1809 4409 est
1832 4370 1846 4406 :
1874 4350 1962 4409 die
1984 4349 2217 4423 primum
2249 4368 2263 4403 :
2293 4347 2519 4429 Domine

944 4446 1078 4505 less
1101 4438 1332 4509 Christe,
1366 4437 1479 4509 Fili
1505 4440 1605 4517 Dei
1622 4440 1758 4517 tiri,
1783 4444 1840 4511 in
1868 4442 2074 4497 nomine
2088 4442 2185 4496 tuo
2209 4441 2385 4497 levabo
2405 4457 2519 4496 sna-

948 4555 1048 4596 tuts
1076 4548 1251 4594 meas;
1270 4534 1480 4595 Dicitur
1503 4530 1528 4610 [
1548 4519 1848 4605 Falleris]
1869 4522 1925 4586 in
1949 4525 2278 4602 uitiatarum
2303 4533 2476 4589 meum
2498 4571 2520 4595 ,

947 4638 1062 4685 tres
1105 4627 1221 4702 [ita
1246 4624 1391 4701 ius.)
1431 4613 1637 4681 vieibus
1668 4610 1809 4679 “cum
1859 4612 2315 4704 psalmefl’erbtt
2358 4637 2474 4676 mea
2496 4662 2514 4686 ,

949 4736 1164 4794 usque:
1206 4718 1366 4797 Hane
1394 4717 1574 4785 astabo
1763 4711 2004 4797 Deinde,
2045 4706 2206 4766 Pater
2237 4718 2432 4773 noster,
2459 4717 2516 4764 et

945 4801 1177 4890 preces:
1206 4794 1751 4889 pta-amomum,
1780 4804 1866 4861 die
1890 4794 1990 4858 isto
2015 4818 2035 4856 :
2078 4798 2270 4873 perﬁce
2309 4816 2514 4872 gressus

948 4920 1090 4959 meos
1106 4894 1133 4958 ἐ
1162 4902 1477 4959 Benedictus
1498 4894 1769 4959 Dominus
1804 4894 1888 4952 die
1921 4893 2147 4968 quotidie
2167 4908 2188 4946 :
2215 4891 2439 4962 dirigere
2464 4900 2513 4946 et

948 4993 1279 5063 sautilicare
1300 4992 1567 5068 digneris:
1594 4990 1720 5047 Fiat
1744 4983 2100 5051 misericordia
2124 4991 2215 5039 tua
2231 5022 2247 5046 ,
2272 4980 2511 5047 Domine,

948 5100 1105 5157 super
1131 5080 1249 5139 nos.
1277 5082 1349 5138 Et
1373 5068 1599 5154 serietas
1621 5080 1846 5155 incipiat
1868 5091 2083 5136 versum
2109 5093 2123 5128 :
2150 5071 2371 5129 Domine
2386 5113 2401 5137 ,
2434 5073 2515 5128 la-

951 5173 1037 5230 bia
1074 5190 1193 5231 mea
1234 5172 1455 5247 aperies.
1501 5170 1624 5242 Ipse
1662 5160 1874 5243 expleto
1915 5183 2039 5225 cum
2080 5164 2249 5238 gloria
2292 5163 2517 5234 incipiat

950 5261 1263 5322 Palmum:
1304 5253 1557 5327 Dauniae,
1597 5258 1724 5332 quid
1758 5256 2091 5332 multiplicati
2110 5264 2269 5312 sunt.
2308 5252 2513 5309 Deinde

978 5378 981 5381 ‘
1024 5364 1050 5436 ἦ
1086 5377 1165 5449 si
1187 5393 1373 5449 codice
1396 5392 1541 5462 regio
1561 5387 1849 5461 Parisiensi
1873 5399 1929 5447 et
1948 5388 2127 5445 libelle
2147 5365 2591 5460 precationum'D

954 5465 1127 5523 Caroli
1154 5463 1325 5519 Calvi.

1030 5542 1057 5581 ι·
1095 5534 1380 5604 [lucusque
1406 5533 1459 5589 in
1488 5532 1626 5592 libro
1653 5530 1953 5600 prccaterio
1979 5529 2156 5585 Caroli
2186 5528 2354 5587 Calvi.

426 6054 431 6065 ι
586 6060 599 6067 Ar
770 6058 797 6067 ³
892 6054 899 6057 ⁷

428 6072 433 6093 ι
496 6058 773 6115 -ρίε-εει
830 6068 1021 6109 cn.-
1102 6076 1111 6083 -

294 6176 395 6199 ,4)-

2616 4074 2781 4146 pedes
2803 4075 2938 4144 ejus,
2968 4072 3172 4129 ferrum
3197 4074 3546 4151 pertransivit
3570 4077 3807 4132 animam
3832 4076 3950 4146 ejus
3976 4095 3989 4131 :
4018 4073 4199 4137 donec

2616 4166 2824 4229 venient
2850 4165 3073 4220 verbum
3102 4166 3237 4237 ejus.
3272 4166 3797 4239 ElequiumDomini
3836 4170 4195 4232 inﬂammavit

2613 4273 2766 4323 eum,
2797 4257 2945 4313 misit
2972 4264 3079 4313 rex’
3095 4266 3152 4314 et
3176 4257 3336 4314 solvit
3361 4274 3484 4316 eum
3510 4274 3526 4315 :
3557 4262 3805 4333 princeps
3832 4263 4149 4335 populorum
4169 4305 4195 4332 ,

2606 4346 2670 4406 et
2714 4350 2920 4408 dimisit
2962 4367 3108 4407 eum.
3152 4350 3443 4412 Consﬁtuit
3486 4368 3613 4409 eum
3660 4354 3947 4411 Dominum
3993 4357 4199 4415 domus

2615 4458 2762 4511 sum,
2792 4450 2849 4500 et
2873 4442 3173 4519 principem
3199 4444 3380 4499 omnis
3407 4445 3764 4514 possessionis
3793 4462 3924 4503 suae.
3958 4447 4028 4505 Ut
4062 4463 4193 4504 eru—

2614 4527 2757 4589 diret
2774 4534 3053 4606 principes
3076 4529 3195 4600 ejus
3224 4532 3370 4587 sicut
3391 4535 3741 4605 semetipsum
3761 4577 3777 4598 .
3805 4533 3862 4593 et
3887 4553 4045 4593 senes
4070 4537 4201 4608 ejus.

2611 4622 2956 4692 prudentiam
2983 4622 3223 4682 doceret.
3246 4619 3315 4675 Et
3343 4621 3566 4695 intravit
3587 4621 3751 4679 Israel
3777 4626 3832 4679 in
3856 4625 4148 4698 Egyptum
4167 4647 4191 4684 τ

2611 4719 2667 4766 et
2685 4709 2852 4767 Iacob
2872 4708 3051 4765 accola
3074 4707 3178 4764 fuit
3202 4708 3255 4764 in
3284 4716 3427 4764 terra
3452 4707 3643 4766 Cham.
3670 4711 3738 4768 Et
3760 4715 3911 4769 auxit
3932 4717 4188 4787 populum

2611 4816 2769 4869 suum
2804 4799 3153 4856 vehementer
3182 4817 3197 4855 :
3239 4808 3298 4857 et
3333 4802 3568 4858 urmavit
3595 4819 3718 4860 eum
3750 4820 3914 4876 super
3941 4808 4189 4867 inimicos

2611 4890 2748 4961 ejus.
2806 4890 3082 4949 Convertit
3136 4906 3231 4948 cor
3278 4907 3501 4961 eorum,
3553 4904 3617 4952 ut
3667 4898 3883 4954 adirent
3928 4901 4185 4971 populum

2610 4974 2767 5059 ejus:
2798 4992 2855 5040 et
2877 4984 3057 5042 dolum
3082 4983 3325 5043 facerent
3349 4987 3403 5043 in
3429 5002 3614 5045 servos
3636 4987 3771 5059 ejus.
3798 4990 3945 5047 Misit
3966 4991 4189 5065 Moysen

2612 5092 2830 5134 servum
2858 5092 3015 5132 suum
3046 5095 3062 5131 :
3091 5076 3272 5132 Aaron
3303 5092 3465 5146 quem
3493 5077 3656 5153 elegit
3682 5080 3877 5151 ipsum.
3915 5080 4104 5138 Posuit
4131 5081 4192 5139 in

2605 5169 2691 5224 eis
2724 5170 2891 5235 verba
2918 5168 3191 5240 signorum
3216 5181 3435 5237 suorum
3481 5176 3537 5222 et
3570 5167 3935 5243 prodigiorum
3960 5172 4015 5226 in
4039 5183 4192 5229 terra

2611 5258 2803 5337 Qham.
2836 5260 2982 5315 Misit
3006 5257 3254 5314 tenebras
3277 5265 3331 5312 et
3352 5256 3703 5316 obscuravit:
3735 5270 3791 5317 et
3818 5277 3927 5317 non
3952 5276 4187 5320 exacer-

2619 5371 2722 5515 ‘6;
2754 5389 2831 5447 De
2875 5391 2986 5449 Usu
3028 5388 3377 5460 psalmorum.
3418 5390 3524 5448 Pro
3565 5407 3677 5448 use.
3706 5392 3864 5448 tertio
3888 5406 4049 5464 supra
4079 5394 4183 5450 ceL
