4246 6214
632 212 726 266 SH
1440 214 1498 268 Β.
1542 214 1599 268 l".
1641 213 1860 268 ALBlNl
1902 212 2030 269 SEU
2069 209 2340 266 ALCL'INI
2379 208 2657 264 OPERUM
2696 208 2872 264 PARS
2909 210 2996 264 iV.
3758 211 3864 267 518

634 324 777 377 havit
807 337 1082 377 sermones
1110 338 1252 377 suos.
1285 322 1562 378 Convertit
1587 340 1756 394 aquas
1784 340 1970 379 eorum
2000 325 2051 377 in
2082 339 2202 376 san-
2233 331 2277 386 Λ
2305 321 2513 389 operuit
2566 338 2725 391 super
2771 324 3232 399 congregationem
3281 324 3501 378 Abiron.
3550 326 3616 380 Et
3662 336 3865 388 exarsit

634 415 851 485 guinem
877 432 889 465 :
919 424 973 467 et
998 415 1192 469 occidit
1214 416 1388 484 pisces
1406 430 1614 470 eorum.
1642 416 1819 472 Edidit
1843 426 1985 471 terra
2013 404 2200 470 eorum
2304 412 2438 480 ignis
2476 414 2529 466 in
2566 428 2889 485 synagogam
2915 429 3098 496 eorum
3126 433 3137 468 :
3171 415 3379 471 ﬂamma
3422 422 3712 476 combussit
3740 438 3863 493 pec-

635 523 830 579 ranas:
858 509 911 562 in
938 496 1301 577 penetralibus
1332 524 1515 579 regum
1546 510 1800 577 ipsorum.
1830 508 2006 573 Dixit,
2034 518 2087 563 et
2116 519 2202 560 ve-
2302 516 2529 558 calores.
2559 504 2623 573 Et
2654 502 2897 560 fecerunt
2923 506 3145 562 vitulum
3184 509 3236 562 in
3266 509 3443 565 Horeb
3471 529 3484 564 :
3514 520 3571 567 et
3609 514 3863 589 admove-

631 602 709 652 nit
731 599 1002 669 cynomia,
1021 607 1077 654 et
1096 599 1364 668 sciniphes
1386 599 1439 653 in
1459 594 1707 654 omnibus
1729 596 1924 653 ﬁnibus
1946 600 2199 669 ipsorum.

633 691 817 745 Posuit
843 690 1051 759 pluvias
1079 706 1263 747 eorum
1289 691 1602 762 grandinem
1632 711 1645 746 :
1678 693 1856 763 ignem
1887 680 2203 747 comburen-

630 793 738 836 tem
771 782 822 837 in
854 790 997 837 terra
1030 784 1287 852 ipsorum.
1330 783 1397 837 Et
1433 785 1699 854 percussit
1725 784 1910 837 vineas
1936 793 2204 859 eorum'et

632 873 889 928 ﬁculneas
916 888 1102 928 eorum
1132 891 1144 926 :
1176 882 1235 927 et
1259 874 1513 927 contrivit
1540 872 1742 943 lignum
1770 873 1955 927 finium
1992 887 2199 927 eorum.

631 964 807 1031 Dixit,
839 973 894 1019 et
920 950 1066 1019 venit
1092 964 1326 1028 locusta,
1358 972 1412 1029 et
1440 965 1672 1019 bruchus
1701 984 1713 1017 :
1748 963 1900 1034 cujus
1941 979 2047 1017 non
2085 972 2205 1017 erat

630 1034 900 1109 numerus.
928 1054 993 1108 Et
1015 1054 1247 1109 comedit
1266 1070 1425 1109 omne
1449 1054 1629 1109 fenum
1654 1056 1706 1109 in
1733 1065 1876 1111 terra
1898 1070 2119 1111 eorum:
2147 1065 2202 1110 et

627 1145 861 1199 comedit
887 1161 1100 1199 onmem
1134 1144 1365 1199 fructum
1397 1153 1552 1199 terra:
1579 1133 1785 1200 eorum.
1830 1145 1897 1199 Et
1935 1136 2202 1215 percussit

625 1251 784 1291 omne
810 1238 1219 1308 primogenitum
1252 1238 1303 1291 in
1337 1247 1478 1292 terra
1516 1252 1703 1292 eorum
1732 1256 1742 1289 :
1774 1238 2041 1307 primitias
2078 1252 2196 1291 om-

624 1327 711 1380 nis
741 1326 941 1381 lahoris
967 1342 1175 1380 eorum.
1206 1326 1273 1387 Et
1297 1327 1481 1381 eduxit
1510 1342 1604 1382 eos
1629 1342 1750 1382 cum
1778 1335 2002 1396 argento
2022 1335 2078 1381 et
2104 1342 2198 1383 att-

628 1429 689 1469 ro
715 1432 727 1467 :
762 1425 814 1469 et
844 1431 948 1468 non
978 1425 1096 1469 erat
1124 1416 1177 1468 in
1213 1416 1457 1470 tribubus
1483 1431 1667 1470 eorum
1700 1416 1964 1470 inﬁrmus.
1994 1415 2195 1471 Lunata

624 1513 709 1558 est
748 1502 1012 1574 Aigyptus
1056 1505 1109 1558 in
1156 1504 1486 1573 profectione
1525 1520 1745 1560 eorum:
1791 1508 1915 1575 quia
1958 1507 2199 1561 incubuit

584 1601 589 1604 ’
627 1596 788 1649 timor
815 1610 1001 1649 eorum
1030 1611 1191 1664 super
1219 1611 1332 1651 eos.
1376 1596 1645 1666 Expandit
1681 1597 1877 1651 nubem
1917 1598 1970 1650 in
2011 1605 2193 1668 prote-

2302 603 2426 647 runt
2454 594 2723 663 sculptile.
2741 595 2806 651 Et
2836 606 3176 651 mutaverunt
3200 598 3423 671 gloriam
3451 618 3601 658 suam
3628 605 3682 660 in
3712 607 3862 663 simi-

2302 680 2791 742 litudinem‘vituli
2851 680 3210 746 comede-olis“
3254 691 3455 748 fenum.
3517 696 3675 752 Obliti
3737 710 3861 756 sunt

2301 770 2489 837 Deum,
2521 775 2611 843 qui
2640 774 2867 831 salvavit
2901 793 3012 843 eos,
3043 780 3132 849 qui
3167 780 3294 835 fecit
3322 785 3582 854 magnalia
3612 788 3665 841 in
3698 786 3861 859 Λεω-

2298 873 2413 933 pto,
2439 865 2701 921 mirabilia
2732 869 2784 920 in
2811 876 2950 922 terra
2978 870 3144 925 Cham
3172 889 3184 925 :
3219 872 3478 928 terribilia
3508 876 3560 929 in
3591 879 3725 932 mari
3753 877 3861 933 liu-

2300 954 2417 1009 bro.
2448 954 2514 1009 Et
2540 956 2676 1011 dixit
2706 968 2765 1012 ut
2789 958 3127 1030 disperderet
3147 978 3277 1019 eos:
3309 968 3352 1019 si
3386 982 3491 1021 non
3522 968 3727 1041 Moyses
3754 972 3860 1027 clo-

2300 1054 2418 1100 ctus
2439 1046 2554 1118 ejus
2579 1048 2892 1131 stctissctlin
2922 1050 3286 1109 confractione
3309 1058 3375 1111 in
3397 1071 3687 1131 conspectu
3720 1063 3857 1134 ejus.

2302 1135 2372 1191 Ut
2398 1147 2665 1194 averteret
2701 1141 2837 1195 iram
2868 1141 3004 1211 ejus,
3036 1159 3105 1198 ne
3144 1144 3475 1214 disperderet
3508 1164 3640 1206 eos:
3672 1161 3727 1208 et
3762 1169 3863 1224 pro

2298 1228 2465 1283 nihilo
2494 1230 2795 1285 habuerunt
2838 1239 3036 1321 terram
3066 1233 3505 1294 desiderabilem.
3543 1239 3658 1296 Non
3689 1244 3864 1300 credi-
3968 1318 3969 1321 η

2298 1318 2489 1374 derunt
2516 1321 2683 1391 verbo
2709 1322 2849 1391 ejus;
2875 1314 2929 1378 'et
2957 1326 3426 1382 murmuraverunt
3458 1330 3512 1384 in
3546 1333 3861 1389 tabernacu-

2298 1406 2365 1462 lis
2389 1408 2501 1463 suis
2526 1425 2539 1462 :
2564 1424 2671 1464 non
2694 1410 3049 1468 exaudierunt
3072 1422 3258 1471 vocem
3283 1416 3510 1474 Domini.
3542 1420 3606 1475 Et
3630 1422 3861 1489 elevavit

2298 1513 2515 1553 manum
2540 1515 2694 1555 suam
2734 1518 2897 1573 super
2919 1519 3013 1560 eos
3037 1520 3052 1558 :
3080 1513 3139 1560 ut
3172 1517 3537 1578 prosterneret
3561 1527 3657 1569 eos
3685 1515 3737 1570 in
3764 1516 3857 1574 de—

2297 1599 2459 1647 serto.
2487 1593 2553 1647 Et
2578 1602 2636 1648 ut
2665 1594 2921 1664 dejiceret
2947 1613 3129 1654 semen
3155 1616 3339 1655 eorum
3371 1603 3423 1657 in
3451 1605 3775 1674 nationibus,
3803 1619 3860 1665 et

624 1685 857 1738 ctioncm
885 1692 1072 1737 eorum
1101 1702 1113 1736 :
1146 1691 1202 1739 et
1228 1686 1403 1755 ignem
1428 1665 1487 1739 ut
1510 1684 1816 1739 lucereteis
1843 1700 1938 1754 per
1963 1665 2190 1740 noctem.
2226 1665 2271 1726 Β
2296 1682 2624 1753 disperderet
2650 1699 2741 1740 eos
2779 1685 2831 1739 in
2862 1687 3184 1758 regionibus.
3216 1689 3282 1745 Et
3323 1690 3516 1748 initiati
3547 1706 3675 1751 sunt

626 1774 933 1839 Petierunt,
964 1784 1021 1831 et
1048 1778 1194 1831 venit
1221 1778 1470 1832 coturnis
1497 1796 1509 1832 :
1543 1786 1598 1833 et
1621 1793 1758 1849 pane
1788 1779 1905 1834 cmli
1934 1780 2197 1835 saturavit

627 1879 740 1918 eos.
789 1864 1026 1935 Disrnpit
1066 1876 1306 1935 petram,
1341 1876 1393 1922 et
1432 1867 1702 1923 ﬂuxerunt
1728 1884 1881 1938 aquae
1906 1887 1919 1923 :
1948 1870 2196 1925 abierunt

627 1955 678 2008 in
708 1956 850 2011 sicco
882 1954 1119 2011 ﬂumina.
1162 1956 1423 2025 Quoniam
1465 1974 1671 2013 memor
1708 1960 1809 2014 fuit
1836 1962 1984 2015 verbi
2023 1962 2191 2017 sancti

622 2048 743 2111 sui,
793 2049 955 2119 quod'
982 2047 1165 2125 habuit
1211 2049 1276 2103 ad
1324 2049 1595 2104 Abraham
1640 2065 1865 2119 puerum
1906 2066 2082 2105 suum.
2127 2051 2195 2105 Et

619 2139 808 2195 eduxit
856 2138 1107 2211 populum
1150 2155 1306 2196 suum
1350 2141 1403 2195 in
1449 2139 1851 2197 exsultatione:
1896 2150 1953 2196 et
1992 2142 2192 2199 electos

626 2246 752 2285 suos
780 2232 834 2286 in
862 2232 1067 2287 laetitia.
1109 2232 1175 2287 Et
1212 2233 1359 2289 dedit
1401 2233 1506 2289 illis
1545 2234 1790 2305 regiones
1830 2236 2106 2307 gentium:
2137 2246 2193 2292 et

619 2320 829 2380 labores
857 2314 1169 2394 populorum
1201 2326 1571 2395 possederunt.
1606 2325 1675 2382 Ut
1702 2327 2010 2382 custodiant
2031 2329 2191 2398 justi-

618 2413 895 2471 ﬁcationes
922 2416 1037 2484 ejus
1061 2435 1072 2468 :
1100 2424 1156 2471 et
1183 2416 1352 2487 legem
1379 2414 1494 2485 eju‘s
1523 2417 1818 2487 requirant.

688 2504 757 2560 Ut
784 2522 961 2578 supra.
1012 2506 1257 2571 Domine,
1300 2508 1353 2561 in
1384 2506 1521 2573 cxx-lo
1560 2509 1930 2565 misericordia
1978 2520 2089 2576 tua,
2134 2523 2189 2568 et

618 2597 816 2653 veritas
840 2606 926 2651 tua
952 2609 1120 2666 usque
1142 2597 1208 2651 ad
1236 2594 1425 2652 nubes.
1450 2596 1765 2654 [invocantes
1784 2612 1980 2655 nomen
2003 2607 2177 2668 tuum,

618 2686 862 2752 Domine,
890 2687 1145 2742 exaudire
1168 2687 1423 2759 digneris.

687 2766 1227 2832 Oratianvocantes
1270 2792 1462 2833 nomen
1502 2784 1674 2841 tuum,
1716 2776 1963 2849 Domine,
1994 2779 2186 2852 depre-

615 2882 824 2931 camur,
854 2874 913 2921 ut
949 2865 1041 2936 qui
1083 2873 1265 2936 patres
1307 2873 1541 2932 nostros,
1582 2866 1781 2921 virtute
1828 2869 1926 2923 tui‘
1951 2871 2183 2925 nominis

610 2965 904 3027 prateunte,
944 2954 1199 3026 angelicis
1247 2954 1488 3025 pastibus
1532 2953 1801 3020 refecisti,
1827 2962 1932 3012 ‘nos
1970 2974 2182 3028 quoque

615 3048 855 3119 mysticis
878 3047 1104 3118 dapibus
1133 3045 1313 3102 foveas
1335 3061 1398 3101 ac
1425 3044 1704 3107 reformes.
1728 3044 1853 3101 Per.

1223 3203 1541 3261 PSA‘LMUS
1552 3243 1566 3257 .

684 3340 863 3411 (PSAL.
897 3338 1005 3411 ον.)
1029 3337 1369 3395 Contitemini
1414 3336 1641 3393 Domino
1681 3337 1935 3408 quoniam
1967 3338 2175 3393 bonus:

614 3430 871 3503 quoniam
893 3430 946 3484 in
971 3428 1221 3484 saeculum
1242 3414 1612 3484 misericordia
1632 3426 1766 3497 ejus.
1787 3422 1919 3495 quis
1932 3428 2181 3498 loquetur

610 3516 878 3595 potentias
906 3517 1116 3577 Domini
1141 3535 1156 3587 ;
1183 3518 1395 3574 auditas
1419 3517 1582 3573 faciet
1605 3532 1792 3573 omnes
1818 3518 2005 3573 laudes
2032 3518 2180 3587 ejus?

612 3610 761 3669 Beati
798 3609 888 3681 qui
932 3608 1240 3666 custodiunt
1270 3605 1532 3678 judicium
1557 3625 1571 3661 :
1600 3615 1656 3661 et
1687 3606 1886 3662 faciunt
1912 3606 2178 3677 justitiam

610 3706 663 3757 in
691 3702 838 3761 omni
863 3708 1123 3772 tempore.
1150 3700 1413 3756 Memento
1430 3700 1624 3766 nostri,
1648 3700 1890 3764 Domine,
1928 3700 1979 3754 in
2010 3700 2176 3755 bene-

608 3793 803 3863 placito
828 3789 1006 3863 populi
1033 3793 1111 3846 tui
1138 3810 1152 3844 :
1182 3793 1337 3848 visita
1369 3807 1466 3846 nos
1500 3793 1554 3846 in
1587 3792 1806 3847 salutari
1844 3802 1953 3847 tuo.
1978 3792 2060 3848 Ad
2094 3793 2177 3847 vi-

608 3883 838 3941 dendum
867 3882 921 3937 in
947 3882 1187 3937 bonitate
1210 3881 1502 3937 electorum
1528 3890 1763 3947 tuorum,
1788 3884 1854 3937 ad
1888 3883 2193 3939 laetandum

608 3981 659 4031 in
704 3976 888 4032 Iustitia
928 3975 1100 4046 gentis
1141 3981 1279 4028 tum:
1312 3981 1372 4027 ut
1412 3972 1645 4027 lauderis
1690 3958 1810 4028 cum
1858 3972 2176 4029 haereditate

611 4079 719 4122 tua.
767 4066 1113 4122 Peccavimus
1137 4079 1256 4119 cum
1284 4062 1526 4133 patribus
1554 4063 1755 4118 nostris
1781 4080 1793 4116 :
1827 4059 2023 4131 injuste
2060 4063 2171 4134 egi-

606 4178 745 4226 mns,
774 4158 1108 4230 iniquitatem
1138 4155 1381 4212 fecimus.
1423 4155 1607 4211 Patres
1639 4156 1805 4211 nostri
1839 4155 1892 4209 in
1937 4154 2171 4227 Egypto

606 4265 711 4303 non
740 4248 1116 4303 intellexerunt
1145 4246 1409 4301 mirabilia
1432 4255 1521 4301 tua
1550 4265 1562 4300 :
1591 4261 1695 4301 non
1728 4245 1942 4301 fuerunt
1969 4261 2169 4305 memo-

608 4354 691 4393 res
722 4336 1076 4391 multitudinis
1117 4334 1500 4391 misericordia:
1536 4344 1659 4390 tum.
1708 4337 1774 4389 Et
1818 4337 2187 4391 irritaveruntv

2208 3009 2257 3073 Ο

2293 1772 2533 1844 pbegor:
2562 1782 2617 1828 et
2644 1776 2993 1832 comederunt
3016 1779 3277 1835 sacriﬁcia
3306 1791 3660 1841 mortuorum.
3689 1787 3757 1842 Et
3785 1789 3858 1845 ire

2294 1865 2589 1919 ritaverunt
2610 1878 2732 1919 eum
2760 1867 2813 1920 in
2840 1867 3303 1926 adinventionibus
3326 1874 3477 1929 suis:
3510 1875 3856 1947 multiplicata
3883 1856 3886 1860 ’

2272 1962 2374 2008 Iest
2415 1955 2469 2009 in
2502 1955 2583 2011 eis
2610 1955 2782 2010 ruina.
2825 1957 2891 2011 Et
2933 1959 3081 2014 stetit
3125 1959 3375 2029 Pbinees,
3404 1972 3460 2018 et
3502 1964 3730 2033 placavit
3759 1985 3772 2021 :
3805 1976 3858 2023 et

2291 2045 2523 2100 cessavit
2544 2047 2843 2117 quassatio.
2868 2048 2937 2104 Et
2964 2059 3265 2122 reputatum
3297 2060 3382 2108 est
3409 2053 3461 2108 ei
3496 2054 3549 2109 in
3589 2056 3856 2127 justitiam

2292 2134 2347 2189 in
2371 2133 2722 2206 generatione
2755 2144 2811 2192 et
2839 2140 3261 2210 generationem,
3290 2157 3458 2213 usque
3494 2144 3549 2199 in
3577 2147 3859 2218 sempiter-

2290 2240 2437 2281 num.
2463 2224 2531 2281 Et
2553 2226 2904 2307 irritaverunt
2934 2244 3058 2284 eum
3087 2230 3156 2286 ad
3184 2247 3351 2303 aquas
3376 2237 3817 2297 contradictiouis
3842 2255 3855 2293 :

2288 2326 2343 2401 et
2371 2326 2597 2377 vexatus
2616 2327 2704 2376 est
2726 2316 2936 2393 Koyses
2961 2331 3182 2393 propter
3202 2340 3312 2389 eos,
3346 2327 3471 2398 quia
3498 2330 3858 2388 exacerbave-

2290 2417 2415 2465 runt
2445 2412 2691 2482 spiritum
2719 2412 2855 2487 ejus.
2886 2413 2953 2469 Et
2994 2413 3241 2473 distinxit
3280 2418 3336 2474 in
3377 2419 3535 2477 labiis
3564 2422 3678 2479 suis
3706 2441 3721 2477 :
3752 2439 3857 2480 non

2285 2500 2720 2573 disperdiderunt
2744 2513 2949 2577 gentes,
2986 2522 3121 2578 quas
3165 2508 3303 2565 dixit
3334 2508 3593 2567 Dominus
3632 2511 3757 2569 illis.
3787 2514 3857 2572 Et

2287 2592 2561 2648 commixti
2577 2602 2703 2649 sunt
2715 2594 2855 2652 inter
2866 2602 3071 2673 gentes,
3085 2605 3138 2651 et
3151 2596 3624 2671 didiceruntopera
3639 2614 3823 2659 eorum
3840 2622 3853 2658 :

2286 2689 2341 2736 et
2356 2682 2659 2739 servierunt
2673 2685 3015 2757 sculptilibus
3031 2701 3217 2743 eorum
3242 2705 3255 2744 :
3280 2696 3339 2744 et
3350 2688 3551 2763 factum
3572 2702 3656 2751 est
3675 2694 3781 2751 illis
3802 2696 3856 2751 in

2286 2775 2616 2831 scandalum.
2653 2777 2720 2832 Et
2747 2778 3163 2836 immolaverunt.
3184 2780 3324 2839 (ilics
3344 2797 3471 2839 suos
3499 2790 3553 2839 et
3575 2783 3713 2843 filias
3731 2800 3857 2842 suas

2286 2868 2581 2924 daemoniis.
2606 2868 2674 2923 Et
2692 2867 2993 2926 eﬂ'uderuut
3009 2873 3713 2943 sanguinemfinnoceutem:
3738 2890 3857 2932 san-

2284 2960 2499 3029 guinem
2543 2960 2775 3017 ﬁliorum
2808 2978 3025 3018 suorum
3074 2972 3131 3019 et
3158 2965 3392 3023 ﬁliarum
3428 2982 3688 3023 suarum:
3718 2985 3854 3041 quas

2286 3047 2725 3105 sacriﬁcaverunt
2759 3052 3096 3121 sculptilibus
3136 3051 3412 3117 Chanaan.
3449 3054 3517 3112 Et
3547 3055 3743 3121 infecta
3770 3070 3855 3121 est

2288 3148 2431 3196 terra
2460 3140 2513 3196 in
2553 3143 2921 3213 sanguinibus,
2944 3153 2999 3199 et
3022 3145 3383 3201 contaminata
3405 3156 3490 3204 est
3514 3148 3569 3204 in
3600 3152 3856 3221 operibus

2283 3250 2470 3290 eorum
2500 3276 2511 3287 .
2542 3242 2597 3290 et
2622 3235 2871 3292 fornicati
2902 3245 3028 3295 sunt
3055 3237 3110 3293 in
3139 3238 3605 3298 adinventionibus
3628 3242 3761 3300 suis.
3785 3243 3854 3300 Et

2284 3330 2453 3383 iratus
2478 3338 2561 3384 est
2582 3327 2764 3385 furore
2789 3329 3047 3388 Dominus
3070 3330 3126 3387 in
3155 3332 3406 3404 populum
3432 3349 3589 3390 suum
3612 3352 3627 3389 :
3649 3344 3706 3392 et
3724 3337 3853 3394 abo-

2282 3420 2517 3476 minatus
2539 3428 2622 3477 est
2641 3421 3013 3485 hereditatem,
3030 3437 3202 3480 suam.
3218 3422 3287 3480 Et
3307 3424 3536 3483 tradidit
3548 3440 3643 3481 eos
3662 3425 3715 3481 in
3737 3442 3850 3481 ma.

2282 3526 2388 3565 nus
2420 3512 2698 3579 gentium:
2726 3522 2782 3568 et
2806 3513 3065 3583 domistati
3100 3522 3228 3577 sunt
3264 3520 3475 3581 eorum,
3505 3514 3597 3585 qui
3624 3516 3851 3574 oderunt

2280 3615 2393 3656 eos.
2424 3598 2491 3655 Et
2519 3590 2907 3659 tribulaverunt
2924 3616 3019 3663 eos
3044 3604 3248 3661 inimici
3273 3620 3483 3672 eorum,
3506 3616 3562 3663 et
3588 3607 3849 3683 humiliati

2281 3699 2408 3747 sunt
2430 3692 2529 3748 sub
2548 3694 2797 3751 manibus
2820 3710 3028 3762 eorum,
3055 3710 3196 3767 sape
3222 3696 3470 3758 liberavit
3495 3714 3606 3755 eos.
3624 3700 3729 3773 Ipsi
3754 3716 3850 3756 au-
3914 3686 3917 3687 7

2282 3792 2387 3838 tem
2408 3778 2869 3853 exacerbaverunt
2890 3771 3014 3840 eum
3032 3785 3085 3839 in
3107 3785 3332 3841 consilio
3352 3802 3482 3843 suo:
3503 3796 3557 3846 et
3582 3771 3847 3845 bu'miliati

2278 3883 2405 3930 sunt
2431 3876 2485 3931 in
2520 3874 2895 3948 iniquitatibus
2933 3878 3066 3934 suis.
3108 3878 3176 3934 Et
3204 3878 3334 3934 vidit
3362 3896 3484 3935 cum
3528 3882 3848 3940 tribulareu-

2280 3975 2399 4023 tur:
2428 3974 2483 4022 et
2508 3968 2711 4023 audivit
2743 3968 3038 4025 orationem
3065 3984 3272 4027 eorum.
3313 3969 3381 4025 Et
3409 3986 3617 4030 memor
3639 3972 3739 4030 fuit
3764 3980 3846 4030 te-

2277 4059 2528 4115 stamenti
2554 4060 2637 4115 sui
2662 4079 2675 4114 :
2703 4068 2758 4116 et
2786 4062 3037 4133 pmnituit
3078 4076 3201 4118 eum
3225 4061 3516 4118 secundum
3543 4058 3847 4119 multitudl-4
3946 4068 3962 4083 '

2277 4163 2399 4205 nem
2434 4148 2818 4207 misericordia:
2854 4166 2982 4206 suae.
3023 4151 3091 4208 Et
3127 4151 3274 4207 dedit
3314 4166 3410 4206 eos
3448 4152 3505 4206 in
3534 4152 3845 4213 misericor-

2275 4242 2427 4298 dias:
2452 4242 2507 4300 in
2531 4252 2818 4315 conspectu
2842 4244 3079 4297 omnium
3100 4242 3192 4310 qui
3219 4248 3493 4311 ceperant
3516 4255 3629 4297 eos.
3655 4240 3843 4300 Salvos

2278 4333 2361 4389 fac
2390 4348 2509 4396 nos,
2552 4332 2776 4388 Domine
2823 4333 2964 4387 Deus
3007 4341 3207 4398 noster,
3238 4340 3295 4386 et
3336 4347 3602 4406 congrega
3640 4350 3738 4391 nos
3776 4333 3841 4393 de

604 4425 953 4481 ascendentes
982 4425 1035 4479 in
1066 4438 1247 4479 mare:
1273 4439 1423 4478 mare
1441 4422 1702 4478 Rubrum.
1735 4423 1801 4477 Et
1826 4422 2052 4478 salvavit
2076 4440 2169 4480 eos
2200 4420 2243 4477 ν
2272 4422 2597 4479 nationibus.
2642 4420 2715 4478 Ut
2754 4421 3104 4478 confiteamur
3146 4423 3348 4479 nomini
3397 4432 3586 4482 sancto
3631 4434 3755 4483 tuo:
3787 4435 3843 4483 et

604 4526 819 4591 propter
864 4530 1055 4572 nomen
1093 4530 1283 4569 suum:
1316 4520 1375 4568 ut
1414 4522 1595 4568 notam
1641 4512 1843 4568 faceret
1877 4515 2166 4583 potentiam

602 4624 773 4663 suam.
798 4606 865 4662 Et
890 4606 1158 4677 increpuit
1179 4620 1327 4659 mare
1343 4603 1604 4666 Rubrum,
1626 4610 1679 4657 et
1704 4602 2030 4659 exsiccatum
2055 4613 2164 4659 est:

600 4711 655 4757 ct
677 4701 894 4757 deduxit
916 4716 1009 4758 eos
1032 4700 1085 4755 in
1112 4699 1322 4772 abyssis
1341 4698 1480 4753 sicut
1505 4697 1558 4751 in
1590 4697 1821 4752 deserto.
1850 4698 1917 4751 Et
1941 4698 2167 4753 salvavit

599 4808 693 4847 eos
738 4793 804 4847 de
850 4808 1008 4846 manu
1053 4791 1348 4846 odientium
1378 4809 1389 4843 :
1421 4798 1475 4845 et
1515 4789 1741 4844 redemit
1777 4805 1869 4844 eos
1899 4790 1964 4845 de
2004 4806 2163 4846 manu

600 4881 824 4937 inimici.
851 4881 918 4934 Et
943 4880 1151 4950 operuit
1178 4894 1317 4948 aqua
1346 4880 1662 4935 tribulantcs
1686 4896 1809 4934 eos:
1840 4897 1976 4937 unus
1998 4898 2063 4936 ex
2090 4884 2166 4938 eis

600 4988 706 5027 non
735 4970 1009 5025 remansit.
1034 4967 1101 5023 Et
1128 4967 1471 5023 crediderunt
1502 4970 1678 5024 verbis
1706 4969 1821 5040 ejus
1848 4991 1859 5023 :
1886 4982 1940 5025 et
1979 4973 2163 5027 lauda-

598 5071 792 5120 verunt
828 5061 1035 5116 laudem
1074 5057 1211 5126 ejus.
1240 5057 1358 5113 Cito
1388 5057 1662 5131 fecerunt,
1698 5062 1847 5116 obliti
1886 5073 2007 5117 sunt
2036 5080 2163 5134 ope-

598 5173 737 5216 rum.
763 5156 918 5228 ejus:
952 5161 1005 5207 et
1033 5168 1137 5207 non
1183 5153 1555 5206 sustinuerunt
1591 5154 1873 5208 consilium
1917 5154 2051 5222 ejus.
2098 5156 2165 5210 Et

596 5250 978 5321 concupierunt
1013 5245 1503 5316 concupiscentiam
1535 5244 1586 5299 in
1627 5245 1873 5303 deserto:
1906 5254 1959 5301 et
1989 5256 2161 5302 tenta-

598 5346 791 5393 vemnt
835 5338 999 5392 Deum
1048 5336 1101 5390 in
1147 5336 1424 5405 inaquoso.
1458 5336 1524 5390 Et
1558 5336 1702 5392 dedit
1744 5336 1822 5390 eis
1851 5337 2159 5407 petitionem

600 5430 835 5497 ipsorum
863 5446 875 5480 :
910 5437 965 5485 et
1007 5427 1157 5485 misit
1181 5427 1520 5483 saturitatem
1553 5427 1601 5482 in
1630 5428 1837 5482 animas
1862 5442 2067 5482 eorum.
2099 5428 2164 5482 Et

600 5521 946 5575 irritavcrunt
971 5517 1078 5590 δι
1108 5518 1319 5588 Moysen
1356 5518 1407 5574 in
1441 5520 1670 5589 castris:
1704 5519 1880 5573 Aaron
1919 5528 2161 5572 sanctum

599 5609 829 5667 Domini.
859 5607 1053 5680 Aperta
1095 5616 1177 5666 est
1222 5618 1386 5677 terra,
1426 5619 1481 5663 et
1518 5606 1792 5679 deglutivit
1838 5610 2071 5675 Dathan,
2114 5617 2164 5663 et

2269 4512 2562 4584 gloriemur
2602 4512 2656 4569 in
2695 4511 2852 4569 laude
2880 4523 2991 4569 tua.
3037 4514 3357 4571 Benedictus
3396 4515 3659 4574 Dominus
3700 4519 3842 4576 Deus

2268 4602 2451 4669 Israel,
2475 4618 2505 4659 a
2532 4604 2728 4660 szeculo
2747 4613 2803 4660 et
2830 4619 2999 4678 usque
3023 4604 3075 4659 in
3102 4605 3354 4661 monium
3380 4624 3393 4661 :
3418 4613 3476 4661 et
3498 4606 3641 4663 dicet
3664 4606 3840 4663 omnis

2267 4693 2511 4764 populus,
2540 4693 2680 4759 Fiat,
2712 4693 2824 4749 ilat.

2340 4785 2405 4842 Ut
2430 4805 2609 4859 supra.
2639 4788 2782 4844 Deus
2816 4789 2870 4843 in
2904 4794 3093 4845 sancto
3120 4786 3204 4841 via
3245 4794 3355 4850 tua,
3385 4785 3507 4856 quis
3537 4785 3677 4844 Deus
3720 4802 3835 4845 ma-

2268 4895 2405 4952 gnus
2431 4880 2570 4936 sicut
2604 4880 2746 4935 Deus
2775 4879 2991 4937 noster?
3019 4886 3077 4932 tu
3104 4891 3163 4931 es
3190 4875 3332 4931 Deus
3370 4878 3464 4962 qui
3497 4876 3631 4935 facis
3674 4880 3833 4936 mira-

2268 4969 2415 5025 bilia.

2340 5062 2544 5119 Oratio.
2590 5061 2856 5119 Memento
2899 5059 3101 5125 nostri,
3131 5059 3372 5126 Domine,
3401 5062 3454 5117 in
3498 5064 3831 5136 heneplacito

2267 5152 2446 5224 populi
2472 5154 2570 5221 tui,
2598 5161 2654 5210 et
2673 5169 2703 5206 a
2723 5151 2930 5222 peccati
2957 5166 3056 5207 nos
3079 5152 3336 5208 servitute
3353 5152 3648 5224 discussos,
3676 5155 3829 5213 Salu-

2268 5248 2399 5301 taris
2426 5246 2501 5303 tui
2527 5242 2834 5299 visitatione
2859 5240 3113 5301 salviiica.
3140 5243 3244 5302 Per
3272 5245 3580 5303 Dominum.

2886 5373 3225 5435 PSALMUS.

2338 5512 2513 5581 (Fur.
2548 5509 2677 5577 cvi.)
2708 5508 3043 5566 Conﬁtetnini
3079 5510 3304 5567 Domino
3328 5513 3578 5583 quoniam
3612 5512 3823 5566 bonos:

2266 5601 2517 5675 quoniam
2551 5603 2601 5657 in
2649 5600 2897 5657 smculum
2929 5602 3295 5659 misericordia
3324 5600 3463 5672 ejus;
3504 5600 3693 5656 Dicant
3731 5597 3822 5668 qui
3904 5646 3909 5651 .
