4246 6200
455 300 559 358 [illi

458 497 583 553 mlci
608 519 621 551 :
648 507 703 553 et
730 500 795 554 de
826 496 1133 568 regionibus
1157 499 1499 568 congregavit
1526 513 1639 553 eos.
1668 500 1710 551 A
1738 498 1867 552 solis
1896 508 2017 552 ortu

458 598 511 645 et
532 602 746 651 occasu.
770 589 839 643 ab
867 586 1115 656 aquilone
1136 596 1191 641 et
1218 588 1373 641 mari.
1400 587 1725 643 Erraverunt
1751 590 1803 644 in
1834 589 2019 644 solitu-

456 676 584 732 dine
611 672 665 731 in
694 675 953 746 iuaquoso
977 695 988 729 :
1014 675 1130 730 vias
1157 675 1392 731 civitatis
1421 676 1710 732 habitaculi
1737 693 1843 732 non
1873 678 2020 734 inve-

460 770 671 829 nerunt,
693 763 1006 819 Esurientes
1023 772 1077 818 et
1097 765 1339 821 sitientes
1364 784 1377 819 :
1401 767 1578 820 anima
1600 782 1785 821 eorum
1812 770 1865 823 in
1893 770 2021 839 ipsis

442 844 671 907 ‘defecit.
713 852 781 907 Et
816 852 1180 909 c‘amaverunt
1220 856 1287 910 ad
1314 855 1600 911 Dominum
1636 873 1759 911 cum
1792 859 2020 913 tribula-

460 947 687 994 rentur:
715 948 771 994 et
805 940 873 995 de
911 942 1319 997 necessitatibus
1358 958 1543 998 eorum
1587 944 1785 1015 eripuit
1813 959 1925 1001 eos.
1954 946 2021 1000 Et

460 1028 679 1083 deduxit
710 1044 804 1085 eos
848 1031 900 1085 in
935 1032 1077 1086 viam
1122 1041 1323 1088 rectam
1350 1051 1362 1087 :
1390 1043 1449 1087 ut
1476 1034 1616 1089 irent
1660 1024 1714 1089 in
1746 1036 2021 1092 civitatem

359 1140 381 1164 ο
461 1115 828 1174 habitationis.
897 1118 1266 1175 Conﬁteantur
1340 1122 1563 1179 Domino
1640 1114 2021 1183 misericordia:

459 1204 609 1274 ejus:
638 1217 692 1262 et
720 1208 984 1263 mirabilia
1015 1210 1131 1279 ejus
1171 1208 1293 1264 ﬁliis
1324 1212 1616 1266 hominum.
1648 1213 1781 1280 Quia
1806 1216 2024 1270 satiavit

460 1300 690 1355 animam
718 1301 927 1357 inanem
955 1320 966 1354 :
995 1310 1049 1356 et
1082 1304 1313 1357 animam
1341 1305 1664 1359 esurientem
1689 1306 1903 1361 satiavit
1927 1308 2021 1361 bo-

459 1392 563 1447 nis.
607 1392 868 1449 Sedentes
896 1395 948 1448 in
994 1396 1228 1449 tenebris
1256 1402 1308 1448 et
1333 1396 1519 1451 umbra
1556 1396 1780 1450 mortis:
1814 1396 2021 1451 vinctos

461 1484 513 1538 in
542 1484 885 1541 mendicitate
906 1495 959 1540 et
986 1484 1147 1539 ferro.
1174 1485 1305 1551 Quia
1330 1487 1789 1541 exacerbavcrunt
1812 1487 2021 1557 eloquia

460 1572 591 1629 Dei:
621 1583 676 1628 et
720 1576 1000 1631 consilium
1046 1575 1304 1630 Altissimi
1344 1576 1708 1630 irritaverant.
1741 1576 1808 1630 Et
1842 1577 2019 1632 humi-

458 1662 645 1718 liatum
682 1674 767 1719 est
808 1666 861 1719 in
890 1666 1163 1722 laboribus
1201 1682 1295 1721 cor
1324 1682 1546 1733 eorum;
1583 1667 1837 1721 inﬁrmati
1873 1675 2017 1731 sunt,

458 1766 559 1809 nec
601 1751 703 1810 fuit
740 1756 831 1825 qui
877 1756 1167 1823 adiuvaret.
1213 1756 1279 1811 Et
1318 1758 1685 1813 clamaverunt
1726 1758 1793 1813 ad
1837 1759 2019 1813 Domi-
2052 1748 2096 1808 Β

456 1855 585 1895 num
611 1856 732 1896 cum
771 1842 1188 1899 tribularentur:
1218 1852 1272 1898 et
1298 1845 1361 1899 de
1390 1846 1803 1918 necessitatibus
1834 1861 2023 1901 eorum

458 1928 705 1986 liberavit
744 1947 857 1988 eos.
892 1934 957 1987 Et
1001 1936 1181 1990 eduxit
1230 1950 1321 1991 eos
1366 1936 1419 1990 in
1463 1938 1701 1991 tenebris
1740 1946 1796 1992 et
1832 1936 2021 1991 umbra

458 2019 646 2075 mortis
670 2039 683 2075 :
712 2030 767 2076 et
793 2022 1001 2077 vincula
1030 2039 1214 2079 eorum
1251 2026 1493 2095 disrupit.
1525 2026 1891 2082 Conﬁteantur
1922 2028 2025 2082 Do-

460 2109 607 2166 mino
644 2112 1023 2168 misericordiae
1051 2115 1167 2184 ejus
1193 2135 1203 2168 :
1235 2116 1338 2187 55
1363 2124 1417 2171 et
1450 2117 1712 2172 mirabilia
1758 2116 1873 2186 ejus
1902 2116 2025 2172 ﬁliis

458 2198 753 2255 hominum.
789 2201 925 2267 Quia
974 2204 1225 2257 contrivit
1267 2214 1450 2274 portas
1498 2221 1707 2261 :ereas:
1744 2216 1797 2261 et
1846 2216 2025 2263 vectes

462 2286 663 2345 ferreos
693 2289 974 2359 confregit.
1007 2290 1252 2361 Suscepit
1286 2306 1377 2345 eos
1404 2294 1467 2346 de
1494 2294 1576 2346 via
1619 2296 1916 2363 iniquitatis
1941 2311 2028 2350 eo-

461 2396 615 2435 rum:
648 2390 863 2451 propter
892 2381 1188 2451 injustitias
1231 2381 1372 2436 enim
1408 2396 1532 2435 suas
1570 2382 1834 2436 humiliati
1879 2390 2021 2437 sunt.

460 2469 683 2527 Omnem
718 2487 895 2527 escam
939 2473 1242 2527 abominata
1275 2481 1356 2526 est
1384 2472 1559 2525 anima
1590 2488 1800 2536 eorum,
1838 2482 1892 2525 et
1927 2488 2023 2542 ap-

438 2546 951 2629 propinquaverunt
986 2576 1157 2630 usque
1198 2561 1263 2614 ad
1291 2568 1475 2629 portas
1510 2563 1715 2615 mortis.
1741 2561 1807 2615 Et
1835 2561 2027 2615 clama-

462 2657 652 2703 verunt
676 2649 741 2703 ad
767 2649 1048 2705 Dominum
1075 2666 1195 2705 cum
1226 2650 1613 2704 tribularentur
1638 2672 1647 2703 :
1675 2661 1728 2705 et
1754 2652 1819 2706 de
1847 2667 2027 2706 neces-

462 2737 705 2793 sitatibus
728 2754 910 2793 eorum
940 2739 1186 2794 liberavit
1211 2755 1323 2795 eos.
1359 2740 1499 2795 Misit
1532 2744 1751 2797 verbum
1788 2758 1943 2797 suum
1970 2754 2023 2797 et

462 2828 676 2881 sanavit
707 2842 835 2882 eos:
865 2836 919 2883 et
955 2828 1148 2897 eripuit
1174 2843 1266 2883 eos
1292 2829 1357 2883 de
1388 2829 1787 2885 interitionibus
1816 2846 2033 2903 eorum.

462 2911 829 2971 conﬁteantur
850 2914 1075 2969 Domino
1098 2911 1474 2970 misericordia:
1499 2918 1614 2985 ejus
1638 2933 1652 2971 :
1680 2929 1733 2973 ct
1759 2920 2021 2974 mirabilia

462 3001 577 3073 ejus
602 3001 724 3057 ﬁliis
748 3003 1042 3058 hominum.
1068 3003 1133 3057 Et
1158 3003 1460 3058 sacriﬁcent
1485 3005 1807 3060 sacriﬁcium
1831 3008 2021 3073 laudis,

463 3104 518 3150 et
540 3098 859 3152 annuntient
880 3111 1040 3166 opera
1065 3096 1177 3164 ejus
1205 3097 1258 3151 in
1281 3098 1653 3152 exsultatione.
1682 3099 1783 3167 Qui
1810 3102 2024 3157 descen-
2050 3078 2098 3141 ο

462 3186 593 3239 dunt
618 3200 764 3241 mare
788 3187 841 3240 in
864 3188 1108 3253 navibus,
1136 3188 1388 3243 facientes
1411 3190 1773 3260 operationem
1796 3191 1849 3246 in
1872 3195 2026 3263 aquis

463 3274 663 3330 multis.
694 3276 795 3348 Ipsi
824 3277 1070 3333 viderunt
1096 3292 1257 3348 opera
1282 3278 1512 3345 Domini,
1538 3290 1590 3335 et
1614 3282 1883 3339 mirabilia
1911 3283 2027 3352 ejus

464 3363 517 3419 in
564 3364 856 3439 profundo.
897 3367 1073 3431 Dixit,
1104 3377 1156 3423 et
1205 3370 1353 3426 stetit
1396 3371 1612 3440 spiritus
1647 3373 1930 3440 procellas:
1972 3382 2026 3427 et

461 3457 677 3512 exaltati
700 3467 824 3513 sunt
850 3459 1041 3515 ﬂuctus
1062 3461 1196 3529 ejus.
1220 3462 1530 3517 Aacendunt
1553 3478 1721 3532 usque
1748 3465 1813 3519 ad
1837 3465 2022 3530 caelos,

464 3554 519 3600 et
554 3547 884 3607 descendunt
926 3564 1095 3618 usque
1123 3550 1190 3604 ad
1222 3551 1490 3621 ,abyssos:
1523 3554 1699 3607 anima
1739 3568 1926 3609 eorum
1970 3555 2023 3610 in

464 3636 617 3692 malis
655 3637 1251 3695 tabescebatuTurbati
1297 3651 1423 3696 sunt
1458 3650 1512 3697 et
1542 3644 1669 3698 moti
1716 3653 1842 3699 sunt
1888 3647 2027 3701 sicut

463 3727 683 3783 ebrius:
714 3735 769 3783 et
793 3729 967 3783 omnis
1008 3731 1268 3800 sapientia
1305 3747 1488 3787 eorum
1520 3733 1770 3789 devorata
1815 3743 1917 3793 est.
1961 3738 2025 3791 Et

461 3816 827 3875 clamaverunt
863 3820 932 3876 ad
956 3820 1240 3878 Dominum
1264 3839 1384 3878 cum
1417 3824 1838 3881 tribularentur:
1867 3837 1922 3882 et
1956 3830 2024 3883 de

462 3909 873 3966 necessitatibus
890 3926 1076 3968 eorum
1095 3913 1277 3969 eduxit
1297 3929 1408 3970 eos.
1434 3915 1499 3969 Et
1526 3918 1710 3971 statuit
1734 3918 2022 3986 procellam

461 3993 582 4063 eius
609 3997 665 4052 iu
706 4014 928 4055 auram:
957 4010 1013 4055 et
1052 4001 1315 4057 siluerunt
1358 4003 1549 4058 ﬂuctus
1582 4006 1716 4073 ejus.
1750 4006 1819 4059 Et
1858 4006 2021 4062 ltetati

460 4094 586 4143 sunt
612 4086 736 4157 quia
756 4087 1060 4151 siluerunt:
1084 4097 1139 4143 et
1163 4090 1379 4145 deduxit
1400 4106 1491 4145 eos
1520 4092 1574 4145 in
1598 4101 1810 4161 portum
1834 4095 2021 4151 volun—

460 4174 591 4232 tatis
608 4188 816 4231 eorum.
835 4174 1201 4231 Conﬁteantur
1221 4178 1443 4233 Domino
1464 4180 1845 4238 misericordia:
1867 4182 1981 4252 ejus
2002 4203 2015 4239 :

457 4272 519 4322 et
542 4265 808 4322 mirabilia
832 4264 949 4334 ejus
984 4266 1107 4323 ﬁliis
1132 4268 1427 4323 hominum.
1454 4270 1521 4324 Et
1545 4270 1783 4345 exaltent
1808 4288 1930 4327 eum
1961 4275 2015 4328 in

460 4355 700 4414 Ecclesia
743 4355 954 4427 plebis:
993 4365 1049 4412 et
1091 4358 1147 4412 in
1187 4358 1440 4413 cathedra
1486 4362 1757 4417 seniorum
1801 4363 2019 4419 laudent

459 4459 605 4501 eum.
629 4445 814 4503 Posuit
835 4444 1055 4502 ﬂumina
1081 4447 1135 4503 in
1159 4446 1429 4503 desertum
1456 4468 1467 4501 :
1492 4458 1545 4505 et
1565 4452 1740 4509 exitus
1758 4469 2018 4523 aquarum

400 4586 403 4587 ν
461 4534 517 4591 in
542 4534 709 4591 litim.
734 4534 959 4590 Terram
991 4534 1324 4592 fmctil'eram
1352 4538 1403 4592 in
1434 4539 1778 4611 salsuginem,
1810 4542 1839 4597 a'
1869 4544 2022 4599 mali-

462 4622 537 4677 tia
568 4621 986 4679 inhabitantium
1028 4626 1084 4680 in
1108 4640 1194 4681 ea.
1223 4625 1410 4683 Posuit
1432 4628 1701 4686 desertum
1748 4632 1801 4686 in
1831 4640 2019 4703 stagna

1360 292 1367 299 ’
1456 299 1840 355 ιιτυῐιῦιω.
1886 329 1948 337 --
1989 296 2249 353 οπιτιαιλ
2288 301 2418 354 PER
2461 302 2723 356 FERIAS.

457 409 718 480 redempti
743 416 867 464 sunt
891 422 921 460 a
952 407 1193 469 Domino,
1220 422 1353 474 quos
1384 409 1608 461 redemit
1635 408 1700 462 de
1732 424 1889 462 manu
1921 408 2018 461 ini-
2048 410 2095 467 Α
2124 409 2355 478 sapiens,
2381 421 2433 465 ct
2460 414 2721 468 custodiet
2748 414 2897 469 inec?
2922 424 2974 469 ct
3004 416 3259 487 intelliget
3292 420 3684 479 misericordias
3780 473 3785 477 .

3577 305 3681 357 5H

2119 496 2347 552 Domini.

2189 588 2255 643 Ut
2277 608 2455 661 supra.
2504 593 2897 652 Miscricordias
2928 599 3138 653 Domini
3186 601 3238 653 in
3269 612 3525 656 :eteraum
3553 619 3682 658 cau-

2120 681 2265 735 tabo.
2323 683 2379 737 ιιι
2428 686 2772 754 generatione
2823 698 2878 743 et
2910 692 3308 761 generationem
3359 695 3687 748 annuntiabn

2120 770 2400 825 veritatem
2430 782 2575 827 tuam
2606 775 2660 829 in
2689 791 2785 830 ore
2814 793 2953 833 meo.

2192 856 2395 914 Oratio.
2442 860 2794 931 Conﬁtemur,
2840 868 3083 935 Domine,
3117 872 3513 929 misericordias
3545 885 3684 937 tuas,

2119 964 2251 1018 quas
2274 950 2476 1021 jugiter
2503 954 2647 1009 circa
2679 966 2893 1012 nostras
2917 941 3139 1015 exerces
3169 962 3375 1032 inopias
3406 980 3419 1015 :
3464 979 3689 1032 precan—

2122 1049 2221 1103 tes,
2254 1049 2310 1093 ut
2335 1042 2426 1110 qui
2477 1043 2743 1100 exaltatus
2794 1047 2846 1100 in
2892 1048 3134 1105 ecclesiis
3181 1050 3296 1124 [F.,
3344 1054 3397 1107 in
3436 1052 3687 1127 excelsis]

2122 1128 2323 1185 resides
2360 1131 2427 1185 ad
2457 1131 2731 1189 dexteram
2758 1136 2936 1193 Patris
2984 1140 3037 1193 in
3086 1140 3299 1206 throno,
3334 1145 3489 1199 nobis
3531 1154 3689 1200 tantae

2122 1220 2483 1275 miserationis
2531 1230 2585 1275 et
2634 1226 2930 1297 intelligere
2991 1239 3047 1283 et
3100 1231 3370 1287 custodire
3429 1235 3692 1289 concedas

2124 1322 2400 1363 arcanum.
2444 1310 2564 1365 Per.

2742 1405 3077 1465 PSALMUS.

2193 1508 2371 1579 (Psas.
2402 1512 2513 1585 cx.)
2553 1514 2864 1574 Conﬁtebor
2894 1521 3009 1586 tibi,
3042 1522 3283 1589 Domine,
3312 1526 3364 1580 in
3390 1535 3501 1582 toto
3532 1530 3694 1585 corde

2120 1612 2280 1653 meo:
2309 1598 2361 1652 in
2392 1602 2620 1657 concilio
2644 1604 2913 1690 justorum
2944 1623 2999 1664 et
3032 1616 3463 1685 congregatione.
3506 1618 3693 1691 Magna

2122 1701 2286 1757 opera
2314 1687 2524 1744 Domini
2558 1708 2570 1743 :
2604 1686 2870 1762 exquisita
2920 1698 2976 1751 in
3004 1714 3191 1756 omnes
3218 1703 3519 1761 voluntates
3556 1686 3689 1775 ejus.

2125 1776 2400 1833 Confessio
2445 1788 2500 1833 et
2534 1783 2932 1852 magniﬁcentia
2984 1803 3118 1859 Opus
3144 1791 3260 1861 ejus
3292 1792 3536 1861 :justitia
3578 1798 3696 1869 ejus

2125 1879 2307 1924 manet
2354 1870 2407 1924 in
2438 1874 2692 1929 saeculum
2722 1877 2921 1932 saeculi.
2954 1879 3280 1937 Memoriam
3307 1884 3436 1941 fecit
3479 1890 3694 1945 mirabi-

2124 1958 2252 2011 lium
2278 1976 2519 2027 suorum,
2546 1964 2851 2022 misericors
2870 1978 2925 2023 et
2943 1970 3224 2028 miserator
3239 1968 3496 2035 Dominus
3512 1995 3694 2037 escam

2125 2048 2271 2103 dedit
2302 2051 2613 2108 timentibus
2636 2071 2714 2109 se.
2762 2057 2966 2114 Memor
3006 2063 3112 2117 erit
3154 2066 3209 2120 in
3233 2068 3486 2125 seculum
3528 2082 3699 2128 testaa

2126 2143 2292 2196 menti
2345 2145 2456 2209 sui,
2511 2147 2766 2203 virtutem
2817 2166 3041 2220 operum
3087 2172 3307 2215 suorum
3360 2166 3697 2223 sul-aliabit

2127 2234 2319 2302 populo
2343 2250 2472 2329 suo.
2488 2237 2556 2291 Ut
2586 2242 2675 2292 dct
2703 2240 2809 2297 illis
2831 2244 3203 2305 [nereditatem
3230 2254 3468 2321 gentium
3495 2274 3508 2311 :
3532 2273 3695 2329 opera

2127 2339 2380 2379 manuum
2426 2327 2560 2396 ejus,
2610 2332 2810 2387 veritas
2851 2343 2905 2389 et
2945 2335 3228 2403 judicium.
3274 2343 3478 2401 Fidelia
3515 2327 3695 2406 omnia

2127 2415 2375 2503 mandata
2422 2415 2556 2484 ejus,
2583 2421 2895 2479 conﬁrmata
2932 2428 3282 2489 'insmculum
3326 2436 3526 2503 saculi,
3557 2438 3694 2495 facta
3736 2446 3739 2451 λ

2127 2501 2179 2555 in
2201 2506 2426 2559 veritate
2460 2516 2514 2561 et
2539 2510 2812 2578 tequitate.
2854 2515 3297 2589 Redemptionem
3326 2527 3475 2582 misit
3501 2501 3696 2599 populo

2126 2609 2244 2659 suo,
2276 2599 2550 2653 mandavit
2580 2602 2633 2654 in
2658 2611 2918 2661 aeternum
2945 2616 3324 2670 testamentum
3349 2632 3523 2673 suum.
3562 2619 3696 2676 San-

2126 2696 2272 2742 ctum
2314 2696 2367 2743 et
2420 2692 2657 2749 terribile
2701 2711 2897 2753 nomen
2941 2698 3101 2769 ejus:
3141 2704 3351 2759 initium
3400 2709 3693 2777 sapientiai.

2129 2778 2290 2833 timor
2316 2780 2547 2870 Domini.
2577 2784 2884 2844 intellectus
2904 2790 3077 2870 bonus
3101 2794 3350 2851 omnibus
3377 2783 3698 2858 facientibus

2112 2880 2247 2919 eum
2279 2885 2290 2919 :
2320 2866 2557 2926 laudatio
2582 2872 2698 2941 ejus
2724 2886 2907 2933 manet
2932 2866 3265 2940 ins-arculum
3294 2889 3492 2944 seculi.

2200 2953 2267 3009 Ut
2286 2974 2467 3027 supra.
2514 2960 2825 3021 Conﬁtebor
2849 2968 2965 3035 tibi,
3000 2971 3248 3043 Domine,
3296 2977 3350 3032 in
3397 2988 3510 3037 toto
3538 2986 3697 3040 corde

2128 3060 2269 3109 meo,
2298 3051 2533 3106 narrabo
2560 3054 2742 3110 omnia
2772 3058 3036 3118 mirabilia
3063 3072 3171 3119 tua.

2201 3134 2404 3192 Oratio.
2474 3139 2795 3201 Sanctorum
2843 3152 3082 3207 omnium
3126 3156 3355 3227 gloriosa
3408 3161 3693 3231 confessio,

2126 3224 2288 3291 Deus,
2325 3229 2502 3285 tribue
2531 3233 2686 3289 nobis
2721 3236 2970 3294 timorem
3011 3224 3244 3303 nominis
3287 3249 3383 3315 tui,
3409 3253 3551 3319 quod
3578 3224 3697 3309 esse

2126 3316 2336 3370 initium
2391 3322 2664 3389 sapientia:
2704 3328 3019 3397 pmdixisti,
3061 3342 3120 3388 ut
3164 3344 3377 3395 tuorum
3423 3316 3694 3401 commissi

2125 3408 2368 3461 conciliis
2396 3410 2779 3469 misericordia:
2810 3426 2913 3474 tua:
2945 3422 3171 3492 dapibus
3196 3431 3523 3499 saginemur.
3568 3434 3692 3491 Per.

2671 3525 2778 3597 56
2814 3528 3153 3591 PSALMUS.

2197 3632 2376 3703 (ΡεΑι.
2429 3636 2561 3709 cxr.)
2610 3637 2805 3695 Beatus
2843 3644 2927 3697 vir
2953 3646 3044 3715 qui
3088 3649 3238 3705 timet
3267 3650 3597 3711 Dominum‘:
3637 3658 3691 3713 iu

2126 3724 2391 3780 mandatis
2419 3724 2533 3792 ejus
2559 3724 2701 3783 volet
2742 3731 2920 3788 nimis.
2962 3734 3158 3792 Potens
3187 3738 3241 3793 in
3282 3747 3423 3795 terra
3461 3746 3563 3800 erit
3611 3763 3697 3804 se-

2125 3828 2248 3866 men
2276 3812 2391 3880 ejus
2418 3833 2429 3866 :
2460 3820 2736 3884 generatio
2754 3825 3022 3879 recmrum
3052 3828 3417 3888 benedicetur.
3435 3834 3613 3893 Gloria
3640 3849 3695 3896 et

2124 3904 2323 3958 divitia:
2359 3906 2411 3958 in
2451 3906 2609 3961 domo
2638 3910 2754 3979 ejus
2788 3930 2799 3965 :
2834 3921 2885 3969 et
2907 3913 3116 3982 jnstitia
3145 3920 3261 3992 ejus
3286 3935 3468 3981 manet
3504 3929 3558 3983 in
3594 3946 3698 3987 sa:-

2122 3992 2298 4048 culum
2329 3998 2529 4054 saeculi.
2554 3998 2812 4057 Exortum
2839 4014 2922 4061 est
2951 4008 3003 4061 in
3028 4014 3268 4070 tenebris
3288 4015 3465 4073 lumen
3501 4023 3690 4079 rectis:

2122 4083 2430 4140 misericors
2474 4097 2530 4142 et
2576 4090 2862 4149 miseratur
2895 4104 2958 4168 ct
2990 4098 3189 4168 justus.
3233 4101 3509 4166 Jucundus
3534 4112 3696 4167 homo

2121 4173 2213 4241 qui
2236 4171 2526 4230 miseretur
2553 4165 2957 4250 et'commodat,
2993 4165 3238 4258 disponit
3267 4209 3543 4254 sermones
3570 4217 3693 4257 suos

2122 4263 2174 4315 in
2198 4263 2402 4331 judicio
2448 4283 2462 4318 :
2513 4269 2636 4337 quia
2683 4271 2737 4325 in
2777 4283 3039 4330 aeternum
3093 4295 3197 4335 non
3246 4292 3721 4349 commovebitur.‘

2120 4354 2177 4409 ln
2207 4360 2465 4413 memoria
2493 4370 2695 4417 :eterna
2739 4366 2844 4420 erit
2866 4365 3045 4435 justus
3073 4386 3087 4424 :
3135 4376 3203 4431 ab
3237 4368 3507 4437 auditione
3553 4387 3691 4441 mala

2123 4462 2228 4501 non
2260 4449 2488 4505 timebit.
2536 4453 2789 4512 Paratum
2828 4475 2922 4515 cor
2950 4461 3065 4531 ejus
3094 4481 3311 4538 sperare
3352 4473 3404 4528 in
3433 4474 3686 4533 Domino:

2122 4539 2497 4597 conﬁrmatum
2520 4555 2603 4601 est
2632 4563 2728 4603 cor
2754 4549 2889 4618 ejus,
2916 4570 3021 4609 non
3050 4565 3494 4633 commovebitur,
3521 4569 3690 4626 donec

2121 4634 2381 4731 despiciat
2402 4637 2659 4731 inimicos
2692 4639 2827 4714 ejus.
2866 4644 3147 4716 Dispersit,
3174 4652 3320 4710 dedit
3344 4661 3685 4731 pauperibus,

461 4725 721 4778 “manu,
746 4730 760 4765 ε
788 4723 843 4769 ει
884 4723 1081 4815 υἷι-ηπ,
1110 4717 1227 4818 sine
1254 4732 1391 4787 ,φη
1432 4719 1486 4772 ξι,
1532 4722 1709 4777 unus
1736 4738 2017 4793 aquarum,
2114 4717 2324 4786 iustitia
2368 4723 2485 4793 ejus
2521 4739 2703 4783 manet
2750 4731 2803 4784 in
2846 4734 3313 4800 sarculum.sa:culi
3341 4717 3548 4802 ieoi-nu
3571 4717 3686 4818 ejus

466 4802 533 4858 Et
554 4801 974 4869 wllocavitgillic
1015 4803 1313 4859 esurientes
1338 4823 1351 4857 :
1381 4813 1439 4860 et
1461 4808 1854 4867 constituerunt
1884 4815 2019 4869 civi-

466 4898 627 4947 tatem
652 4891 1019 4948 habitationis.
1050 4892 1116 4947 Et
1152 4894 1549 4949 seminaverunt
1584 4908 1763 4966 agros,
1790 4908 1847 4956 et
1872 4903 2023 4971 plan.

463 4984 713 5035 caverunt
735 4978 921 5035 vineas
948 4997 962 5033 :
992 4990 1060 5035 et
1078 4979 1318 5037 fecerunt
1343 4981 1574 5038 fructum
1614 4986 1927 5044 nativitatis.
1956 4991 2023 5045 Et

459 5065 735 5126 »ωοοωι
762 5068 867 5134 eis,
886 5077 945 5125 et
970 5072 1301 5144 multiplicati
1325 5084 1449 5129 sunt
1474 5075 1669 5131 nimis:
1697 5085 1753 5133 et
1778 5075 2020 5147 iumenta

461 5168 649 5212 eorum
669 5166 777 5213 non
812 5158 1119 5217 minoravit.
1146 5164 1213 5218 Et
1234 5166 1388 5235 pauci
1414 5165 1540 5222 facti
1569 5177 1733 5225 sunt:
1761 5178 1817 5227 et
1844 5176 2021 5230 vexati

463 5251 591 5302 sunt
625 5261 660 5301 a
698 5245 1043 5305 tribulatione
1087 5252 1347 5308 malorum
1386 5264 1443 5310 et
1476 5256 1678 5315 dolore.
1722 5261 1902 5319 Elusa
1942 5273 2024 5322 est

462 5335 920 5408 contentiemper
951 5338 1257 5410 principes:
1285 5348 1341 5395 et
1369 5356 1554 5403 errare
1581 5347 1707 5404 fecit
1734 5363 1828 5407 eos
1856 5353 1911 5409 in
1940 5354 2022 5409 ln-

459 5422 575 5487 viu.
599 5430 656 5479 et
678 5439 785 5512 non
1136 5428 1348 5499 adjuvit
1372 5445 1660 5502 pulpam
1692 5438 1762 5494 de
1799 5441 1976 5512 inopia
2004 5462 2017 5497 :

467 5517 523 5564 et
545 5510 728 5587 possit
1065 5516 1313 5575 familias.
1338 5518 1601 5577 Videbunt
1623 5525 1775 5591 recti,
1797 5535 1853 5582 et

467 5598 700 5656 buntur:
730 5612 784 5659 et
824 5602 1000 5665 cuiuis
1018 5610 1274 5680 iniquitas
1310 5612 1562 5683 oppilavit
1596 5630 1655 5671 es
1682 5634 1855 5675 suum.
1889 5621 2019 5690 Quis

2120 4812 2445 4868 exaltabitur
2474 4817 2527 4870 in
2554 4818 2744 4887 gloria.
2786 4821 3047 4881 Peccator
3093 4830 3295 4903 videbit
3320 4843 3372 4890 et
3397 4812 3683 4907 irascetur,

2120 4901 2371 4958 dentibus
2409 4906 2521 4962 suis
2547 4907 2741 4966 fremet
2762 4922 2818 4968 et
2849 4916 3121 4974 tabescet:
3151 4901 3471 4980 desiderium
3499 4901 3684 4999 peccas

2122 5000 2297 5049 torum
2324 4997 2538 5066 peribit.
3500 4997 3514 4999 ⁷
3634 5074 3637 5077 _

2193 5084 2261 5139 Ut
2298 5104 2478 5158 supra.
2527 5088 2938 5154 Conﬁtebuntur
2973 5101 3095 5157 caeli
3136 5103 3398 5162 mirabilia
3440 5116 3545 5175 tua,
3575 5111 3683 5165 Do-

2121 5178 2266 5235 mine
2297 5194 2313 5232 :
2340 5181 2539 5237 etenim
2586 5186 2869 5246 veritatem
2919 5199 3065 5248 tuam
3114 5194 3171 5251 in
3199 5195 3437 5255 Ecclesia
3471 5190 3685 5258 sancto-

2190 5350 2393 5414 Oratio.
2439 5340 2647 5443 Lumen
2708 5378 3025 5441 perpetuum
3089 5384 3355 5436 rectorum
3417 5382 3679 5451 eordium,

2120 5448 2282 5541 Deus,
2320 5452 2555 5541 concede
2590 5457 2743 5512 nobis
2780 5468 2833 5516 te
2866 5461 3107 5535 diligere,
3155 5474 3244 5523 tua
3283 5470 3447 5540 gloria
3486 5448 3682 5541 ineunt.

2106 5539 2253 5603 dari,
2283 5547 2337 5595 et
2376 5540 2456 5596 sic
2483 5542 2757 5614 despicere
2793 5548 2895 5605 hoc
2936 5553 3186 5609 saeculum
3233 5539 3590 5628 inpratsenti,
3620 5570 3682 5621 ut

2102 5641 2403 5686 caveamus
2431 5634 2671 5691 auditum
2703 5652 2952 5707 asperum
2986 5641 3037 5699 in
3064 5635 3264 5701 futuro.
3292 5645 3414 5703 Per.
