4246 6188
593 371 697 427 515

1207 483 1543 540 PSALMUS.

665 592 847 666 (Pun.
875 595 1030 665 cxu.)
1067 592 1322 662 Laudate,
1371 598 1544 667 pueri,
1571 597 1893 664 Dominum;
1947 599 2157 653 laudate

591 701 793 743 nomen
816 685 1044 742 Domini.
1099 687 1182 742 Sit
1208 703 1402 744 nomen
1426 688 1636 744 Domini
1678 691 2015 746 benedictum
2045 710 2056 744 :
2089 707 2156 745 ex

593 777 699 832 hoc
725 792 865 831 nunc
889 785 943 830 et
970 791 1138 847 usque
1167 780 1222 832 in
1251 778 1522 833 sarculum.
1571 780 1616 833 A
1660 780 1789 836 solis
1826 791 1948 836 ortu
1990 797 2156 851 usque

595 868 665 923 ad
688 883 936 923 occasum
967 887 980 920 :
1009 867 1272 923 laudabile
1301 885 1492 924 nomen
1522 870 1752 926 Domini.
1785 873 2040 928 Excelsus
2069 890 2159 928 su-

593 973 692 1028 per
717 973 904 1013 omnes
933 967 1118 1030 gentes
1142 959 1399 1016 Dominus
1429 980 1443 1013 :
1487 974 1542 1016 et
1570 978 1732 1032 super
1777 965 1942 1019 caelos
1990 965 2156 1036 gloria

591 1046 729 1117 ejus.
782 1047 912 1114 Quis
957 1049 1095 1104 sicu't
1119 1049 1374 1107 Dominus
1398 1052 1541 1107 Deus
1574 1062 1774 1119 noster,
1805 1056 1895 1124 qui
1942 1056 1996 1110 in
2037 1056 2158 1110 altis

594 1137 921 1191 habitatzet
963 1137 1184 1192 humilia
1234 1141 1453 1209 respicit
1499 1141 1553 1195 in
1599 1143 1736 1198 celo
1783 1153 1840 1198 et
1880 1145 1935 1199 in
1979 1145 2158 1199 terra?

593 1225 874 1280 Suscitans
915 1243 944 1280 a
972 1235 1138 1282 terra
1187 1229 1397 1299 inopem
1432 1249 1444 1283 :
1487 1240 1542 1286 et
1569 1231 1635 1287 de
1662 1240 1902 1289 stercore
1947 1234 2158 1306 erigens

593 1330 904 1384 pauperem.
958 1316 1028 1373 Ut
1058 1318 1280 1373 collocet
1307 1337 1429 1374 eum
1457 1336 1580 1375 cum
1607 1323 1939 1393 principibus
1971 1343 1982 1377 :
2035 1341 2156 1380 cum

593 1407 924 1482 principibus
947 1409 1127 1478 pOpuli
1153 1411 1254 1464 sui.
1287 1409 1388 1477 Qui
1412 1412 1656 1467 habitare
1682 1411 1808 1468 facit
1836 1415 2073 1470 sterilem
2102 1417 2157 1470 in

595 1495 791 1552 domo:
823 1506 1048 1554 matrem
1084 1499 1316 1554 ﬁliorum
1350 1501 1636 1556 lzetantem.

670 1586 736 1640 Ut
762 1584 941 1656 mpm.
993 1588 1076 1643 Sit
1122 1605 1315 1644 nomen
1344 1591 1457 1660 ejus
1481 1593 1820 1649 benedictum
1863 1595 1917 1650 in
1943 1597 2152 1662 saecula,

595 1685 721 1729 ante
763 1677 928 1730 solem
957 1689 1270 1746 permaneat
1311 1697 1504 1736 nomen
1548 1681 1682 1752 ejus.
1727 1684 1795 1737 Et
1818 1685 2156 1740 benedictum

595 1780 790 1818 nomen
838 1765 1135 1834 majestatis
1178 1767 1293 1836 ejus
1339 1771 1392 1824 in
1441 1779 1720 1838 aeternum,
1765 1782 1821 1828 et
1864 1775 2158 1844 replebitur

595 1858 873 1928 majestate
897 1858 1010 1927 ejus
1040 1861 1215 1916 omnis
1245 1870 1386 1918 terra
1418 1882 1430 1916 :
1460 1863 1600 1929 Fiat,
1627 1865 1740 1918 flat.

666 1948 868 2003 Oratio.
901 1951 1206 2006 Laudantes
1227 1953 1564 2008 benedictum
1586 1969 1783 2009 nomen
1810 1964 1956 2010 tuum
1986 1958 2157 2011 omni-

595 2046 790 2108 potens
816 2039 976 2106 Deus,
1014 2057 1264 2110 rogamus
1289 2051 1347 2096 ut
1376 2059 1474 2098 nos
1509 2045 1563 2099 in
1602 2045 1720 2099 sinu
1759 2048 1948 2102 matris
1973 2047 2158 2102 Eccle-

593 2127 692 2184 sia
719 2128 1006 2184 collocatos
1037 2125 1322 2186 charitatis
1352 2142 1454 2187 tua:
1490 2132 1658 2194 facias
1693 2136 1990 2191 stabilitate
2028 2151 2160 2192 con-

542 2255 560 2274 .-
596 2220 759 2276 necti.
800 2220 922 2274 Per.
1722 2274 1725 2276 ,
1822 2247 1824 2249 >

1206 2312 1544 2370 PSALMUS.

578 2421 582 2424 ·
665 2402 844 2472 (ΡςΑι.
893 2402 1071 2472 cxm.)
1111 2404 1170 2457 In
1198 2405 1347 2459 exitu
1393 2406 1558 2459 lsrael
1597 2407 1664 2461 de
1689 2407 1943 2481 Egypto,
1972 2411 2160 2465 domus

595 2488 760 2546 Iacob
783 2492 849 2545 de
869 2493 1064 2560 populo
1089 2493 1339 2548 barbaro.
1388 2494 1552 2550 Facta
1598 2504 1676 2551 est
1700 2496 1880 2553 Judaea
1927 2499 2162 2555 sanctiﬁ-

594 2581 742 2636 catio
763 2580 899 2648 ejus,
947 2582 1110 2642 lsrael
1151 2592 1391 2652 potestas
1416 2584 1550 2652 ejus.
1581 2585 1726 2641 Mare
1752 2589 1885 2643 vidit
1913 2599 1968 2644 et
1993 2588 2157 2661 fugit:

595 2670 851 2726 Iordanis
875 2688 1164 2728 conversus
1185 2684 1267 2728 est
1291 2683 1607 2729 retrorsum.
1634 2677 1841 2734 Montes
1861 2681 2163 2736 exsultave-

598 2769 727 2815 runt
753 2770 811 2815 nt
848 2762 1090 2816 arietes:
1135 2771 1191 2816 et
1217 2763 1381 2818 colles
1422 2765 1561 2818 sicut
1605 2768 1729 2836 agni
1776 2769 1976 2823 ovium.
2027 2770 2164 2837 Quid

599 2858 681 2905 est
705 2851 802 2906 tibi
831 2868 979 2907 mare
1003 2853 1144 2921 quod
1182 2852 1402 2924 fugisti?
1436 2855 1501 2909 Et
1523 2863 1584 2910 tu
1612 2855 1857 2914 Iordanis
1888 2861 2011 2930 quia
2038 2876 2165 2915 con-

599 2959 786 2998 versus
813 2958 871 2998 es
907 2945 1234 2998 retrorsum?
1269 2944 1473 3002 Montes
1500 2948 1809 3004 exsultastis
1841 2951 1978 3005 sicut
2021 2953 2165 3008 arie-

602 3041 724 3087 tes:
756 3042 812 3087 et
853 3034 1016 3088 colles
1068 3035 1206 3089 sicut
1255 3037 1378 3106 agni
1429 3039 1628 3093 ovium.
1681 3040 1723 3092 A
1771 3040 1911 3096 facie
1953 3042 2164 3098 Domini

600 3133 744 3179 mota
772 3135 854 3179 est
884 3133 1026 3178 terra
1063 3142 1074 3177 :
1124 3141 1154 3178 a
1202 3125 1339 3181 facie
1378 3128 1475 3182 Dei

598 3221 810 3283 petram
864 3214 915 3268 in
975 3222 1163 3285 stagna
1220 3226 1502 3285 aquarum,
1549 3227 1605 3274 et
1653 3236 1840 3290 rupem
1887 3223 1940 3277 in
1992 3222 2164 3279 fontes

597 3319 877 3375 aquarum.
925 3303 1042 3359 Non
1086 3305 1259 3371 nobis,
1297 3306 1539 3373 Domine,
1583 3325 1691 3364 non
1719 3310 1874 3366 nobis
1899 3328 1911 3364 :
1939 3312 2034 3367 sed
2070 3329 2165 3368 no-

599 3383 853 3450 mini-tuo
882 3398 949 3449 da
978 3395 1222 3465 gloriam.
1270 3396 1444 3468 Super
1468 3401 1839 3456 misericordia
1867 3411 1958 3457 tua
1994 3411 2047 3458 et
2074 3420 2166 3459 ve-

603 3489 764 3543 ritate
812 3497 938 3541 tua:
971 3491 1254 3558 nequando
1299 3492 1482 3546 dicant
1521 3503 1730 3563 gentes,
1773 3495 1864 3549 ubi
1907 3503 1990 3549 est
2025 3496 2167 3551 Deus

602 3579 828 3633 eorum?
874 3577 1014 3632 Deus
1055 3589 1234 3632 autem
1278 3589 1463 3635 noster
1511 3582 1566 3635 in
1607 3583 1742 3636 cmlo
1772 3601 1784 3636 :
1814 3585 1993 3637 omnia
2023 3601 2168 3654 qua:—

602 3685 813 3739 cunque
857 3670 1049 3734 voluit,
1077 3669 1222 3724 fecit.
1269 3669 1569 3727 Simulacra
1608 3675 1846 3744 gentium
1887 3687 2167 3746 argentum

599 3772 656 3817 et
682 3779 870 3817 aurum
900 3780 912 3815 :
938 3778 1101 3832 opera
1132 3778 1388 3817 manuum
1427 3765 1720 3820 hominum.
1753 3765 1828 3820 Os
1867 3768 2083 3832 habent,
2116 3777 2170 3821 et

602 3868 710 3905 non
759 3853 1088 3920 loquentur:
1127 3854 1314 3909 oculos
1364 3856 1582 3920 habent,
1628 3867 1683 3911 et
1734 3874 1839 3912 non
1893 3859 2166 3913 videbunt.

603 3939 778 3994 Aures
799 3940 1012 4003 habent,
1043 3948 1098 3993 et
1123 3957 1231 3995 non
1257 3943 1479 3998 audient
1507 3962 1519 3996 :
1552 3960 1713 4000 nares
1738 3947 1956 4012 habent,
1984 3956 2040 4002 et
2064 3963 2168 4002 non

602 4028 924 4105 odorabunt.
971 4030 1158 4084 Manus
1183 4021 1400 4096 habent,
1431 4042 1490 4087 et
1532 4051 1639 4088 non
1674 4037 1982 4106 palpabunt,
2009 4041 2171 4109 pedes

608 4099 826 4180 habent,
879 4125 934 4170 et
979 4133 1086 4171 non
1137 4119 1492 4174 ambulabunt
1534 4139 1547 4174 :
1595 4099 1703 4177 non
1755 4099 2061 4180 clamabunt
2116 4130 2169 4182 in

604 4211 822 4273 gutture
847 4219 962 4258 suo.
1014 4204 1229 4261 Similes
1271 4207 1376 4262 illis
1419 4207 1588 4275 ﬁant,
1624 4212 1716 4279 qui
1744 4212 1949 4267 faciunt
1983 4231 2043 4269 ea
2077 4232 2089 4267 :
2117 4225 2173 4269 et

605 4309 794 4349 omnes
817 4296 907 4366 qui
935 4297 1207 4351 conﬁdunt
1234 4298 1287 4352 in
1312 4299 1410 4354 eis.
1438 4300 1638 4356 Domus
1663 4303 1826 4358 lsrael
1852 4307 2090 4374 speravit
2118 4306 2172 4359 in

609 4382 878 4439 Domino:
918 4383 1132 4454 adjutor
1180 4401 1365 4441 eorum
1414 4397 1466 4442 et
1511 4397 1786 4458 protector
1831 4408 2022 4448 eorum
2069 4403 2167 4448 est.

609 4472 811 4528 Domus
836 4473 1016 4527 Aaron
1062 4476 1295 4543 speravit
1347 4477 1402 4535 in
1430 4477 1657 4534 Domino
1685 4499 1698 4533 :
1725 4483 1941 4552 adjutor
1981 4500 2168 4539 eorum
2202 4508 2248 4567 ο
2271 4472 2590 4578 ωῶῗέξξῶ
2603 4472 2698 4569 ἐξ

607 4572 676 4640 et
691 4571 962 4633 protector
985 4579 1172 4618 eorum
1197 4575 1298 4620 est.
1351 4567 1453 4634 Qui
1499 4570 1690 4626 timent
1716 4573 2020 4641 Dominum,
2054 4593 2172 4646 spe-

616 4663 874 4708 raverunt
910 4655 961 4708 in
1005 4653 1228 4712 Domino
1264 4675 1276 4710 :
1309 4656 1521 4726 adjutor
1567 4676 1753 4717 eorum
1803 4674 1858 4718 et
1902 4677 2175 4736 protector

611 4755 800 4797 eorum
823 4750 924 4796 est.
953 4742 1214 4799 Dominus
1235 4762 1440 4802 memor
1465 4747 1566 4804 fuit
1589 4753 1758 4807 nostri
1786 4772 1798 4805 :
1827 4763 1882 4810 et
1906 4757 2177 4811 benedixit

615 4830 788 4885 nobis.
841 4829 1116 4886 Benediin
1170 4835 1347 4890 domui
1393 4837 1557 4894 Israel
1602 4858 1616 4894 :
1664 4843 1938 4898 benedixit
1995 4848 2173 4902 domui

613 4917 814 4972 Aaron.
865 4917 1148 4973 Benedixit
1189 4923 1436 4980 omnibus
1480 4927 1571 4995 qui
1617 4928 1807 5002 timent
1852 4930 2172 4993 Dominum:

617 5007 822 5075 pusillis
850 5022 972 5062 cum
999 5004 1308 5075 majoribus.
1348 5011 1452 5082 57
1479 5014 1710 5084 Adjiciat
1734 5017 1992 5075 Dominus
2019 5038 2177 5091 super

621 5111 718 5150 vos
746 5115 758 5148 :
791 5112 950 5166 super
979 5113 1075 5153 vos
1102 5106 1156 5153 et
1183 5114 1343 5170 super
1369 5101 1504 5156 ﬁlios
1529 5116 1756 5162 vestros.
1784 5107 2058 5165 Benedicti
2084 5127 2179 5165 vos

617 5199 651 5236 a
676 5184 903 5238 Domino
921 5203 938 5237 :
962 5187 1055 5255 qui
1088 5186 1218 5242 fecit
1242 5189 1436 5244 omium
1478 5199 1533 5246 et
1557 5201 1774 5250 terram.
1820 5198 2026 5254 Caelum
2057 5200 2177 5255 coeli

621 5273 885 5328 Domino:
917 5285 1322 5333 terram'autem
1367 5280 1514 5336 dedit
1558 5281 1683 5338 ﬁliis
1708 5286 2005 5342 hominum.
2058 5288 2175 5343 Non

621 5363 820 5418 mortui
841 5363 1132 5419 laudabunt
1160 5376 1233 5433 te,
1256 5367 1480 5425 Domine
1504 5388 1517 5423 :
1549 5386 1724 5442 neque
1746 5389 1935 5431 omnes
1960 5379 2054 5448 qui
2082 5379 2176 5432 de-

623 5452 889 5506 scendunt
929 5453 981 5506 in
1013 5452 1298 5510 infernum.
1341 5458 1446 5515 Sed
1475 5473 1594 5526 nos,
1620 5461 1711 5532 qui
1740 5463 1986 5529 vivimus,
2016 5466 2178 5521 bene-

622 5542 854 5599 dicimus
872 5541 1098 5599 Domino
1122 5561 1136 5596 :
1164 5559 1229 5600 ex
1253 5546 1355 5602 hoc
1381 5565 1522 5604 nunc
1548 5560 1603 5605 et
1631 5567 1802 5623 usque
1829 5555 1883 5610 in
1909 5555 2179 5613 saeculum.

698 5628 966 5704 (humu.
996 5635 1329 5708 Adjut‘orinm
1361 5650 1602 5699 nostrum
1633 5644 1686 5700 in
1715 5646 1927 5704 nomine
1951 5647 2207 5712 Domini,~

627 5719 718 5788 qui
746 5719 1087 5782 fecit-calum
1113 5735 1166 5783 et
1195 5733 1413 5782 terram.

1425 371 1484 425 Β.
1525 371 1585 425 F.
1618 368 1840 426 ALBINI
1880 369 2008 427 SEU
2044 368 2319 426 ALCUINI
2352 368 2634 425 OPERUM
2672 369 2850 424 PARS
2870 369 2966 425 μ’.

3714 368 3817 423 5N3

2175 466 2236 546 Ἀ
2338 481 2539 536 Oratio.
2603 481 2872 538 lneﬂ’abile
2925 469 3118 537 nomen
3169 481 3445 536 Trinitatis
3506 482 3667 544 Deus,
3726 483 3818 552 qui

2256 574 2453 629 ﬂuenta
2479 572 2726 630 Jordanis
2763 582 2982 645 aspectu
3021 575 3098 629 tui
3138 574 3354 630 luminis
3391 576 3655 641 terruisti,
3682 590 3821 647 pne-

2257 674 2373 728 sta,
2427 671 2487 718 ut
2533 678 2668 733 quos
2715 663 2924 718 ablutos
2966 679 3127 724 sacro
3161 664 3483 733 baptismate
3527 667 3818 731 renovasti.

2257 770 2529 824 nunquam
2568 755 2793 826 patiaris
2827 771 2858 812 a
2885 755 3068 814 vetitis
3089 756 3495 813 simulacrorum
3523 759 3682 815 idolis
3706 775 3824 815 ma-

2257 845 2445 902 culari.
2479 845 2600 901 Per.

2865 935 3200 996 PSALMUS.

2327 1045 2504 1120 (PSAL.
2533 1046 2701 1120 cxrv.)
2741 1047 2932 1115 Dilexi,
2972 1050 3224 1119 quoniam
3265 1053 3516 1108 exaudiet
3559 1053 3817 1110 Dominus

2258 1152 2446 1191 vocem
2479 1137 2739 1194 orationis
2775 1153 2925 1193 meae.
2967 1137 3102 1206 Quia
3141 1141 3419 1196 inclinavit
3455 1158 3639 1198 aurem
3664 1161 3816 1199 suam

2256 1228 2386 1283 mihi
2415 1245 2426 1280 :
2451 1239 2506 1284 et
2534 1230 2588 1283 in
2616 1227 2805 1284 diebus
2833 1230 2966 1284 meis
3013 1231 3291 1288 invocabo.
3341 1232 3824 1292 Circumdederunt

2256 1335 2342 1375 me
2379 1320 2589 1375 dolores
2632 1321 2822 1376 mortis
2856 1338 2868 1374 :
2899 1328 2955 1375 et
2988 1322 3223 1392 pericula
3262 1322 3459 1380 inferni
3499 1326 3825 1383 invenerunt

2256 1425 2361 1464 me.
2394 1409 2812 1464 Tribulationem
2858 1419 2914 1466 et
2959 1412 3195 1468 dolorem
3246 1414 3428 1469 inveni
3472 1433 3484 1468 :
3526 1424 3583 1470 et
3622 1432 3819 1471 nomen

2203 1520 2207 1525 ί
2255 1497 2466 1553 Domini
2505 1499 2766 1554 invocavi.
2806 1497 2849 1554 Ο
2875 1499 3313 1569 Βοωὶυε,ιιὶὺθω
3342 1504 3578 1558 animam
3608 1521 3818 1560 meam:

2256 1588 2564 1649 misericors
2590 1587 2850 1643 Dominus
2894 1596 2950 1643 et
2971 1589 3168 1660 justus,
3199 1600 3255 1646 et
3281 1591 3422 1647 Deus
3449 1601 3636 1648 noster
3662 1594 3823 1650 mise-

2255 1685 2421 1731 retur.
2484 1675 2805 1734 Custodiens
2847 1680 3099 1749 parvulos
3155 1681 3412 1738 Dominus
3457 1703 3469 1738 :
3511 1685 3826 1741 humiliatus

2258 1781 2398 1846 sum,
2437 1774 2492 1820 et
2533 1765 2782 1822 liberavit
2820 1783 2924 1823 me.
2975 1768 3320 1838 Convertere,
3350 1774 3533 1828 anima
3582 1791 3723 1840 mea,
3770 1777 3824 1831 in

2187 1830 2226 1930 Β
2256 1833 2495 1924 requiem
2533 1862 2677 1909 tuam
2714 1874 2726 1908 :
2769 1859 2892 1927 qtia
2925 1858 3181 1916 Dominus
3213 1830 3480 1919 benefecit
3519 1866 3634 1920 tibi.
3684 1830 3817 1933 Quia

2256 1942 2449 2012 eripuit
2477 1944 2712 1999 animam
2740 1962 2913 2003 meam
2945 1950 3009 2004 de
3039 1960 3208 2006 morte
3237 1971 3250 2005 :
3281 1953 3466 2008 oculos
3495 1971 3645 2011 meos
3681 1973 3712 2010 a
3742 1958 3820 2012 la~

2255 2032 2489 2102 crymis,
2533 2036 2698 2104 pedes
2738 2053 2888 2094 meos
2936 2054 2968 2092 a
3001 2039 3174 2110 lapsu.
3225 2041 3455 2103 Placebo
3502 2045 3730 2102 Domino
3767 2050 3823 2103 in

2256 2125 2475 2194 regione
2503 2127 2764 2182 vivorum.
3416 2136 3426 2150 '

2331 2209 2397 2265 Ut
2424 2229 2602 2284 supra.
2643 2215 2702 2269 ln
2740 2232 2828 2271 me
2864 2226 3007 2286 sunt,
3033 2220 3196 2287 Deus,
3225 2231 3349 2277 vota
3390 2233 3502 2290 tua,
3531 2241 3652 2295 qua:
3699 2213 3824 2284 red;

2260 2299 2384 2354 dam
2433 2301 2770 2362 laudationes
2817 2308 2932 2362 tibi.
2984 2308 3246 2377 Quoniam
3301 2315 3545 2384 eripuisti
3591 2319 3827 2373 animant

2258 2407 2437 2448 meam
2455 2394 2521 2449 de
2544 2403 2736 2463 morte,
2759 2406 2816 2452 et
2834 2399 2996 2468 pedes
3024 2416 3172 2456 meos
3200 2403 3266 2458 de
3289 2402 3477 2473 lapsu:
3502 2416 3563 2461 ut
3580 2408 3821 2477 placeam

2261 2497 2446 2538 coram
2473 2482 2585 2540 Deo
2612 2485 2664 2538 in
2695 2485 2896 2542 lumine
2918 2490 3230 2546 viventium.

2334 2573 2538 2629 Oratio.
2562 2575 2787 2632 Ablutor
2804 2581 3193 2648 peccaminum,
3211 2571 3453 2652 Domine,
3476 2589 3568 2657 qui
3592 2590 3827 2644 animam

2266 2673 2316 2719 te
2356 2664 2581 2719 ﬁdeliter
2619 2666 2964 2725 invocantem
3003 2672 3257 2748 velociter
3313 2679 3640 2744 consolaris;
3682 2697 3834 2751 roga-

2263 2772 2383 2810 mus
2425 2765 2485 2810 ut
2547 2772 2646 2812 nos
2694 2773 2726 2811 a
2763 2761 3014 2828 periculis
3065 2763 3260 2820 inferni
3301 2778 3486 2823 erutos
3526 2771 3580 2823 in
3617 2773 3834 2842 regione

2263 2845 2528 2911 vivorum,
2558 2847 2734 2901 ablata
2757 2851 2966 2918 peccati
2994 2861 3183 2918 morte,
3213 2857 3490 2914 restituas.
3533 2859 3654 2915 Per.

2883 2962 3218 3021 PSALMUS.

2335 3069 2514 3141 (Psu.
2546 3071 2690 3146 cxv.)
2729 3072 2960 3140 Credidi,
2995 3084 3215 3146 propter
3247 3081 3390 3148 quod
3429 3082 3640 3139 locutus
3677 3099 3831 3140 sunt:

1514 3127 1702 3242 31:005-
1749 3130 1850 3200 Οσί
1888 3135 2164 3242 foveri“
2190 3166 2235 3227 ρ
2266 3127 2370 3228 ego
2401 3170 2580 3214 autem
2617 3127 2928 3219 humiliatus
2966 3127 3305 3224 sumrnimis.
3348 3170 3459 3242 Ego
3492 3176 3600 3242 dixi
3642 3178 3695 3231 in
3734 3171 3832 3233 eii-

2261 3263 2418 3306 cessu
2457 3265 2577 3305 meo
2613 3269 2626 3304 :
2659 3253 2835 3308 omnis
2870 3253 3030 3310 homo
3070 3257 3320 3339 mendax.
3365 3259 3506 3327 Quid
3541 3266 3831 3321 retribuam

2264 3347 2491 3402 Domino
2527 3362 2628 3417 pro
2664 3350 2915 3406 omnibus
2948 3367 3066 3422 qua:
3101 3355 3351 3411 retribuit
3392 3359 3566 3412 mihi?
3599 3359 3831 3416 Calicem

2267 3436 2522 3492 salutaris
2573 3439 2838 3508 accipiam
2879 3459 2890 3493 :
2940 3450 2995 3496 et
3042 3459 3238 3500 nomen
3282 3445 3491 3502 Domini
3549 3451 3828 3506 invocabo.

2268 3527 2402 3580 Vota
2440 3542 2560 3581 mea
2589 3518 2815 3585 Domino
2841 3532 3060 3586 reddam
3086 3549 3266 3589 coram
3292 3539 3439 3592 omni
3466 3540 3659 3608 populo
3685 3539 3800 3608 ejus
3817 3585 3830 3595 .
3861 3599 3865 3603 ,

2265 3616 2499 3682 pretiosa
2530 3617 2584 3670 in
2614 3628 2908 3687 conspectu
2936 3620 3148 3677 Domini
3176 3639 3320 3679 mors
3358 3637 3668 3683 sanctorum
3693 3630 3829 3699 ejus.

2268 3707 2313 3761 Ο
2342 3708 2584 3774 Domine,
2616 3710 2743 3777 quia
2781 3716 3103 3781 ego'servus
3139 3723 3262 3771 tuus
3300 3735 3312 3770 :
3346 3731 3449 3787 ego
3485 3733 3674 3774 servus
3712 3731 3834 3774 tuus

2268 3806 2324 3851 et
2347 3797 2486 3852 ﬁlius
2519 3799 2724 3853 ancillae
2754 3811 2873 3854 tuae.
2904 3801 3158 3871 Dirupisti
3187 3806 3401 3861 vincula
3441 3824 3581 3873 mea,
3614 3810 3706 3863 tibi
3744 3824 3834 3865 sa-

2269 3886 2520 3942 criﬁcabo
2544 3888 2775 3942 hostiam
2796 3889 2986 3956 laudis,
3009 3901 3064 3944 et
3093 3907 3293 3947 nomen
3310 3894 3527 3949 Domini
3551 3897 3830 3955 invocabo.

2273 3973 2407 4026 Vota
2447 3989 2565 4027 mea
2604 3975 2832 4030 Domino
2869 3977 3090 4032 reddam
3125 3979 3178 4032 in
3217 3991 3511 4051 conspectu
3539 3985 3714 4040 omnis
3745 4002 3837 4055 po-

2269 4063 2378 4133 puli
2403 4064 2519 4134 ejus
2544 4081 2555 4115 :
2589 4065 2643 4119 in
2671 4067 2822 4120 atriis
2850 4067 3040 4122 domus
3067 4068 3278 4124 Domini
3309 4073 3362 4125 in
3391 4073 3571 4128 medio
3606 4077 3682 4129 tui
3713 4076 3838 4131 llie-

2272 4152 2523 4206 rusalem.
2544 4182 2562 4197 α

2345 4240 2409 4295 lit
2437 4260 2616 4312 supra.
2660 4243 2949 4300 Lmtamini-
2982 4247 3036 4300 in
3074 4245 3331 4315 Domino,
3372 4260 3428 4305 et
3472 4252 3835 4312 conﬁteamini

2274 4336 2548 4402 memoriae
2573 4337 3012 4394 sanctiﬁcationis
3041 4338 3175 4407 ejus.
3797 4353 3804 4364 ‘

2346 4425 2560 4480 Oratio;
2594 4427 2738 4482 'l'alis
2767 4430 2856 4495 sit,
2895 4445 3201 4498 quaesumus
3228 4427 3474 4497 Domine,
3495 4436 3617 4487 vita
3638 4435 3838 4505 suppli-

2725 4516 2777 4570 in
2816 4526 3106 4586 conspectu
3136 4513 3225 4572 tuo
3264 4534 3410 4574 mors
3434 4523 3677 4589 pretiosa
3717 4535 3838 4579 san-

2272 4611 2512 4666 ctorum;
2552 4612 2611 4656 ut
2647 4620 2682 4677 a
2715 4605 2940 4660 vinculis
2973 4609 3176 4676 peccati
3216 4608 3368 4665 liberi
3410 4624 3714 4669 mereamur
3759 4614 3838 4669 fil-

2274 4699 2406 4745 turte
2427 4691 2760 4748 Hierusalem
2783 4695 2989 4764 gaudiis
3017 4697 3306 4765 pnelihari.
3335 4697 3440 4756 Per
3457 4701 3762 4759 Dominum.

2884 4796 3219 4884 rsaLuus.

2347 4931 2522 5002 (Psan.
2564 4933 2732 5004 cxvt.)
2769 4935 3006 4989 Laudate
3042 4935 3352 5003 Dominum,
3383 4955 3575 4998 omnes
3617 4951 3835 5014 suum:

2277 5021 2490 5077 laudate
2518 5039 2640 5077 eum
2673 5039 2862 5078 omnes
2888 5026 3085 5094 populi.
3118 5026 3382 5094 Quoniam
3409 5018 3741 5091 mntirlnata'
3755 5045 3842 5093 est

2278 5126 2441 5180 super
2468 5126 2567 5166 nos
2594 5113 2962 5170 misericordia
2988 5115 3141 5184 ejus:
3175 5126 3232 5172 et
3253 5119 3453 5191 veritas
3482 5121 3701 5188 Domini
3731 5141 3841 5182 ma-

2279 5208 2370 5254 net
2397 5200 2450 5254 in
2480 5209 2758 5257 aeternum.
3579 5217 3586 5223 ‘
3752 5251 3758 5257 -

2352 5288 2417 5344 Ut
2447 5309 2623 5362 supra.
2651 5293 2846 5350 Omnis
2868 5303 3011 5350 terra
3039 5297 3227 5353 adoret
3255 5309 3336 5366 te,
3359 5301 3522 5369 Deus,
3555 5307 3814 5375 etpsalla

2279 5380 2377 5434 tibi
2408 5398 2420 5432 :
2446 5383 2710 5451 psalmum
2740 5384 2912 5438 dicam
2940 5388 3146 5445 nomini
3172 5398 3282 5445 tuo.
3360 5410 3364 5413 ·
3486 5379 3505 5395 ’
3788 5403 3799 5409 ’

2355 5469 2559 5524 Oratio.
2628 5470 3156 5543 Omnipountissime
3219 5479 3562 5548 dominator,
3623 5487 3716 5556 qui
3753 5489 3844 5543 »ιδ

2283 5560 2530 5614 omnium
2553 5565 2791 5632 gentium
2825 5557 2936 5620 ore
2952 5565 3210 5627 laudaris.
3244 5582 3530 5636 precamur
3564 5584 3630 5630 ut
3652 5561 3845 5634 dil'at'es

2285 5650 2565 5704 veritatem
2591 5659 2735 5708 tuam
2769 5653 2826 5706 in
2855 5663 3035 5708 monte
3061 5665 3263 5723 nostra,
3294 5668 3353 5714 et
3371 5661 3658 5719 conﬁrmes
3684 5677 3844 5736 super

2291 5754 2386 5793 nos
2413 5740 2832 5796 misericordiam
2859 5752 3020 5797 tuam.
3045 5742 3165 5799 Per.
3607 5750 3610 5751 ⁷
