4246 6248
442 465 545 523 5η

514 703 694 777 (Pus.
743 700 1316 772 cxvn.)-Coufitemini
1354 699 1583 755 Domino
1620 699 1878 769 quoniam
1930 699 2021 753 bo-

447 811 548 854 nus
578 813 592 850 :
617 794 872 866 quoniam
913 795 966 849 in
1006 793 1259 848 szeculum
1297 792 1667 848 misericordia
1697 793 1833 862 ejus.
1867 790 2024 845 Dicat

444 901 593 944 nunc
617 883 785 956 lsracl
813 885 1068 955 quoniam
1097 883 1270 939 bonus
1305 900 1318 936 :
1361 882 1619 952 quoniam
1663 882 1716 937 in
1767 881 2038 938 saeculum

447 977 820 1034 misericordia
857 977 994 1048 ejus.
1036 963 1192 1032 Dicat
1227 991 1372 1031 nunc
1411 975 1602 1030 domus
1634 975 1815 1030 Aaron
1849 992 1862 1027 :
1895 988 2026 1043 quo-

448 1068 598 1126 niam
639 1066 696 1121 in
736 1066 988 1121 saeculum
1027 1065 1397 1122 misericordia
1439 1064 1575 1134 ejus.
1619 1064 1816 1119 Dicant
1854 1078 2021 1128 nunc,

446 1159 543 1230 qui
571 1159 766 1215 timent
791 1155 1079 1213 Dominum
1112 1173 1126 1210 :
1156 1155 1415 1226 quoniam
1445 1154 1501 1209 in
1535 1153 1790 1209 szeculum
1821 1151 2030 1206 miseri-

447 1249 634 1306 cordia
659 1247 796 1317 ejus.
838 1247 917 1304 De
961 1245 1305 1301 tribulatione
1333 1245 1582 1300 invocavi
1611 1243 1900 1301 Dominum
1929 1264 1941 1301 :
1973 1252 2029 1300 et

447 1341 726 1398 exaudivit
757 1353 847 1395 me
875 1339 931 1394 in
967 1336 1255 1393 latitudine
1284 1324 1568 1392 Dominus.
1607 1336 1868 1393 Dominus
1895 1337 2027 1393 mihi

450 1428 703 1501 adjutor:
731 1445 843 1486 non
873 1427 1093 1494 timebo,
1124 1426 1256 1497 quid
1285 1425 1452 1482 faciat
1476 1427 1606 1482 mihi
1637 1426 1816 1481 homo.
1849 1425 2028 1481 Domi-

449 1537 556 1578 nus
583 1519 715 1576 mihi
744 1518 994 1589 adjutor:
1019 1525 1077 1572 et
1101 1532 1202 1589 ego
1238 1517 1537 1587 despiciam
1576 1516 1825 1588 inimicos
1854 1530 2024 1570 meos.

451 1610 661 1667 Bonum
681 1618 768 1666 at
789 1608 1066 1665 conlidere
1087 1607 1144 1663 in
1168 1606 1417 1671 Domino,
1456 1620 1620 1676 quam
1658 1604 1934 1661 confidere
1971 1604 2026 1658 in

453 1701 694 1777 homine.
736 1700 948 1755 Bonum
986 1706 1070 1754 est
1106 1711 1324 1768 sperare
1352 1697 1406 1750 in
1433 1696 1678 1762 Domino,
1709 1710 1874 1765 quam
1914 1709 2032 1765 spe-

453 1807 577 1847 rare
608 1793 664 1847 in
694 1789 1048 1862 principibus.
1087 1788 1292 1846 Omnes
1320 1797 1506 1860 gentes
1542 1790 1874 1844 circnierunt
1909 1802 2026 1842 me:

454 1892 511 1940 et
549 1884 605 1940 in
636 1883 856 1940 nomine
884 1881 1128 1948 Domini,
1163 1882 1288 1950 quia
1327 1880 1473 1936 ultus
1510 1894 1630 1936 sum
1674 1879 1727 1937 in
1760 1893 1874 1933 eos.
1919 1877 2032 1934 Cir-
2064 1907 2107 1967 Β

456 1976 775 2033 cumdantes
810 1973 1282 2030 circumdederunt
1318 1987 1404 2027 me
1440 1991 1452 2025 :
1495 1980 1554 2027 et
1587 1971 1642 2026 in
1679 1971 1898 2027 nomine
1929 1968 2032 2024 Do-

458 2067 612 2132 mini,
657 2064 786 2136 quia
825 2063 970 2120 ultus
1007 2077 1130 2119 sum
1165 2063 1220 2118 in
1259 2077 1372 2119 eos.
1414 2062 1901 2118 Circumdederunt
1944 2075 2032 2118 me

461 2159 605 2214 sicut
630 2171 781 2229 apes,
808 2163 863 2210 et
887 2164 1212 2212 exarserunt
1237 2156 1380 2210 sicut
1402 2155 1542 2226 ignis
1579 2155 1635 2210 in
1663 2153 1833 2225 spinis
1858 2171 1871 2207 :
1896 2151 2032 2208 et'in

461 2247 682 2304 nomine
709 2243 944 2312 Domini,
987 2245 1115 2317 quia
1156 2245 1299 2302 ultus
1343 2261 1464 2302 sum
1504 2246 1561 2302 in
1606 2261 1720 2301 eos.
1771 2243 2034 2315 impulsus

459 2353 684 2412 eversus
711 2351 852 2401 sum,
885 2344 946 2390 ut
968 2336 1220 2392 caderem
1248 2352 1262 2388 :
1292 2343 1350 2390 et
1375 2335 1634 2392 Dominus
1663 2335 1904 2404 suscepit
1925 2348 2032 2389 me.

461 2426 741 2499 Fortitudo
778 2440 901 2482 mea
932 2435 991 2482 et
1020 2425 1140 2481 laus
1178 2440 1301 2481 mea
1336 2425 1595 2482 Dominus
1620 2442 1634 2479 :
1665 2433 1722 2481 et
1749 2427 1924 2482 factus
1951 2434 2040 2481 est

461 2519 597 2576 mihi
628 2518 686 2576 in
715 2516 963 2574 salutem.
1004 2516 1120 2574 Vox
1145 2515 1525 2572 exsultationis
1551 2524 1608 2572 et
1635 2517 1828 2572 salutis
1864 2517 1930 2573 in‘
1956 2525 2038 2573 ta-

462 2609 770 2672 bernaculis
783 2607 1072 2692 justorum.
1101 2607 1336 2663 Dextera
1359 2607 1572 2662 Domini
1596 2607 1726 2663 fecit
1750 2609 2034 2664 virtutem:

463 2701 689 2757 dextera
717 2699 931 2755 Domini
967 2699 1226 2755 exaltavit
1259 2714 1347 2755 me
1377 2715 1391 2752 :
1421 2699 1642 2754 dextera
1671 2698 1884 2755 Domini
1910 2698 2042 2755 fecit

464 2792 737 2850 virtutem.
767 2789 885 2846 Non
914 2792 1137 2858 moriar,
1168 2791 1264 2846 sed
1287 2792 1466 2846 vivam
1493 2810 1505 2844 :
1532 2799 1588 2844 et
1615 2791 1847 2846 narrabo
1873 2791 2040 2862 opera

466 2883 700 2940 Domini.
729 2882 1014 2954 Castigans
1048 2885 1333 2957 castigavit
1360 2901 1446 2941 me
1468 2884 1728 2941 Dominus
1758 2904 1771 2939 :
1800 2893 1856 2941 et
1880 2886 2041 2960 murti

470 2988 580 3029 non
629 2974 850 3030 tradidit
877 2989 983 3030 me.
1029 2975 1416 3048 Aperite'mihi
1460 2984 1644 3046 portas
1685 2975 1928 3044 justitiaa,
1959 2976 2045 3032 in—

381 3101 388 3106 -
467 3053 792 3138 gressus'in
837 3082 932 3122 eas
975 3067 1274 3133 confitebor
1315 3068 1547 3123 Domino
1581 3087 1594 3121 :
1625 3069 1740 3124 ιιωο
1759 3077 1916 3139 porta
1944 3067 2044 3122 Do-

467 3156 620 3221 mini,
656 3154 793 3225 justi
829 3155 1110 3211 intrabunt
1148 3156 1203 3209 iu
1238 3171 1377 3212 eam.
1417 3156 1729 3212 Confltebor
1765 3157 1880 3224 tibi,
1909 3171 2044 3227 quo-

467 3245 614 3299 niam
652 3244 922 3300 exaudisti
960 3259 1048 3300 me
1086 3264 1098 3298 :
1134 3253 1190 3300 et
1228 3244 1403 3302 factus
1439 3260 1500 3301 es
1536 3246 1666 3301 mihi
1697 3247 1752 3300 in
1789 3245 2037 3302 salutem.
2068 3245 2110 3304 C

455 3333 725 3404 Lapidem
768 3349 930 3405 quem
971 3335 1398 3407 reprobaveruut
1433 3336 1800 3392 aedificantes:
1837 3336 1928 3392 hic
1964 3335 2047 3393 fa—

467 3435 586 3482 ctus
624 3433 710 3481 est
738 3435 903 3497 caput
931 3435 1132 3498 anguli.
1165 3427 1210 3481 Α
1243 3427 1471 3483 Domino
1507 3427 1710 3484 factum
1748 3437 1833 3485 est
1867 3427 2041 3485 istud:

467 3522 524 3567 et
566 3522 653 3569 est
698 3515 946 3570 mirabile
993 3515 1050 3570 in
1091 3516 1262 3572 oculis
1313 3517 1537 3583 nostris.
1603 3517 1730 3572 Haac
1774 3526 1861 3572 est
1905 3516 2042 3581 dies,
2079 3512 2089 3520 ’

467 3619 634 3675 quam
661 3603 791 3660 feeit
817 3604 1078 3672 Dominus
1106 3624 1120 3659 :
1147 3605 1482 3664 exsultemus
1511 3613 1567 3660 et
1599 3605 1842 3660 lzetemur
1879 3605 1934 3659 in
1957 3619 2042 3660 ea.

469 3693 516 3751 Ο
538 3693 786 3759 Domine,
810 3688 1018 3749 salvum
1041 3706 1132 3750 me
1161 3694 1266 3760 fac,
1298 3709 1331 3750 o
1360 3694 1605 3762 Domine,
1652 3691 1791 3750 bene
1831 3709 2050 3765 prospe-

473 3802 599 3844 rare
640 3804 654 3840 :
695 3786 1014 3845 benedictus
1067 3786 1162 3858 qui
1197 3778 1370 3842 venit
1427 3788 1483 3842 in
1541 3787 1759 3843 nomine
1810 3786 2045 3843 Domini.

473 3877 860 3936 Benediximus
893 3878 1046 3934 vobis
1065 3879 1134 3934 de
1157 3866 1322 3935 domo
1346 3878 1597 3935 Domini:
1621 3879 1762 3935 Deus
1790 3878 2050 3934 Dominus

471 3981 528 4028 et
561 3971 740 4028 illuxit
761 3972 938 4028 nobis.
979 3970 1304 4032 Constituite
1329 3972 1472 4028 diem
1500 3971 1795 4027 solemnem
1839 3972 1895 4026 in
1922 3985 2052 4026 cou-

474 4064 661 4120 densis
699 4082 712 4118 :
749 4078 922 4135 usque
962 4063 1032 4120 ad
1068 4077 1241 4125 cornu
1267 4063 1470 4120 altaris.
1516 4063 1664 4119 Deus
1695 4078 1848 4118 meus
1883 4078 1944 4116 es
1972 4069 2049 4126 tu,

478 4163 533 4209 et
557 4153 858 4212 confitebor
885 4155 982 4212 tibi
1008 4171 1022 4206 :
1048 4153 1196 4213 Deus
1223 4171 1376 4212 meus
1402 4172 1461 4213 es
1499 4165 1581 4222 tu,
1605 4165 1664 4211 et
1688 4153 1940 4210 exaltabo
1971 4161 2048 4207 te.

478 4243 788 4301 Confitebor
821 4244 916 4298 tibi
938 4245 1212 4317 quoniam
1250 4244 1518 4300 exaudisti
1549 4259 1636 4299 me
1661 4261 1674 4296 :
1703 4253 1760 4298 et
1790 4243 1966 4299 factus
1993 4259 2054 4299 es

651 4337 706 4392 in
732 4336 983 4391 salutem.
1023 4333 1370 4393 Cucfitemini
1395 4335 1643 4401 Domino,
1672 4336 1930 4405 quoniam
1958 4336 2054 4390 bo-

478 4442 584 4491 nus
605 4445 620 4482 :
641 4426 901 4499 quoniam
929 4425 994 4480 in
1023 4425 1282 4482 saeculum
1305 4425 1675 4482 misericordia
1702 4423 1838 4493 ejus.

551 4515 621 4572 Ut
637 4535 819 4592 supra.
836 4517 1080 4584 Domine,
1109 4518 1304 4574 exaudi
1327 4518 1626 4573 orationem
1653 4533 1849 4584 meam,
1875 4513 1934 4573 et
1950 4517 2056 4572 cla-

482 4609 772 4667 morineus
799 4609 869 4666 ad
900 4618 950 4666 te
971 4593 1177 4666 veniat.

556 4698 763 4756 Oratio.
803 4697 1115 4756 Consolatio
1145 4683 1549 4755 tribulationum
1579 4706 1906 4776 nostrarum,
1934 4697 2060 4769 piisp

485 4789 619 4848 sime
642 4787 890 4853 Domine,
934 4789 1027 4856 qui
1067 4785 1342 4854 justorum
1389 4779 1738 4844 tabernacula
1781 4789 1968 4843 hutitia
2005 4799 2058 4845 et

485 4876 841 4936 exstdtatione
855 4874 1353 4946 perfundis,exalta
1375 4877 1672 4933 Ecclesiam
1696 4887 1846 4936 tuam
1863 4882 2061 4936 virtute

489 4970 725 5044 potentis
760 4967 1017 5034 dextera,
1053 4982 1165 5038 qua
1199 4966 1296 5023 ﬁat
1319 4976 1474 5038 porta
1503 4967 1758 5036 justitia;
1798 4979 1855 5024 et
1891 4970 1968 5024 ita
2003 4986 2062 5026 se

494 5059 746 5131 angulari
773 5059 1072 5117 stabilitate
1105 5047 1418 5123 eonueetat,
1442 5066 1506 5113 ut
1531 5066 1625 5114 tua
1665 5060 2065 5115 resurrectione

495 5146 793 5206 elarilicata
815 5147 1034 5220 fulgeat.
1063 5148 1188 5205 Per.

1115 5283 1452 5342 PSALMUS.
1470 5233 1500 5252 It
1532 5311 1543 5326 -

569 5397 750 5470 (Pun.
777 5395 1019 5469 cxxxtv.)
1060 5397 1304 5458 Laudate
1332 5415 1529 5457 nomen
1558 5398 1770 5454 Domini
1807 5415 1819 5449 :
1854 5395 2070 5454 laudate

499 5488 645 5549 servi
683 5487 990 5547 Dominum.
1045 5486 1152 5555 Qui
1194 5491 1354 5558 statis
1400 5491 1457 5549 in
1499 5493 1660 5548 domo
1703 5489 1916 5545 Domini
1957 5508 1970 5543 :
2015 5491 2069 5546 in

501 5582 660 5642 atriis
681 5581 880 5641 domus
897 5580 992 5638 Dei
1021 5580 1212 5636 nostri.
1240 5580 1480 5640 Laudato
1504 5583 1810 5650 Dominum,
1837 5582 2076 5654 quiabo-

504 5670 610 5725 nus
629 5657 928 5727 Dominus:
956 5667 1168 5741 psallite
1196 5669 1400 5726 nomini
1428 5669 1852 5743 ejus,_quoniant
1885 5685 2070 5726 suave.

508 5754 780 5839 quoniam
809 5755 978 5817 built
1003 5757 1167 5832 elegit
1204 5757 1307 5814 sibi
1334 5756 1619 5829 Dominus,
1659 5759 1827 5818 lsracl
1871 5759 1926 5816 in
1955 5775 2078 5830 pos—

511 5845 812 5906 sessionem
842 5847 965 5906 sibi.
992 5848 1129 5924 Quia
1156 5866 1260 5923 ego
1283 5851 1531 5922 cognovi,
1559 5853 1702 5924 quod
1737 5869 1960 5925 magnus
1994 5862 2078 5910 est

1438 457 1824 518 LITURGICA.
1853 487 1922 498 —
1959 456 2225 513 OFFICIA
2264 457 2398 512 PER
2437 456 2702 511 FEBIAS.

990 570 1100 642 δε
1137 568 1474 625 esse-uss.

2310 50 2353 57 -μ
2410 46 2435 49 ι
2496 40 2615 57 νινε-3
2642 39 2717 55 π-ι-
2742 46 2767 51 η
2862 28 2993 58 4.4::-
3028 22 3185 53 μνεδῖτ-ννλ
3210 16 3271 54 ’⁴
3317 26 3365 53 ν’
3396 24 3405 33 ·
3438 10 3471 55 _
3492 18 3623 50 *3":
3738 16 3739 19 “
3790 26 3829 39 ’ί
3934 32 3943 35 -
4044 34 4064 50 _

1667 91 1716 100 δ.-
1744 72 1840 100 μ*
1969 64 2040 99 --..
2059 91 2076 98 η
2115 81 2130 86 -
2162 92 2167 93 γ

3571 461 3698 519 ‘5l8

2045 569 2092 627 Λ
2122 563 2380 619 Dominus
2414 584 2427 618 :
2457 564 2684 619 ct'Deus
2714 573 2898 641 uoster
2926 580 3036 634 pra:
3059 565 3310 621 omnibus
3339 569 3460 622 diis.
3508 568 3725 627 Omnia-
3768 589 3782 597 ’

2118 671 2454 726 quascunque
2499 655 2671 711 voluit
2717 654 3013 721 Dominus,
3087 655 3214 712 fecit
3262 658 3318 712 in
3363 659 3502 715 cudo
3543 669 3600 717 ct
3649 664 3703 718 iu
3810 690 3812 692 τ

2121 755 2268 798 terra
2295 763 2308 798 :
2340 746 2395 798 in
2434 745 2572 800 mari
2602 755 2659 799 ct
2685 745 2748 802 in
2774 745 3025 800 ontnibus
3051 745 3282 816 abyssis.
3328 748 3577 805 Educens
3607 767 3704 805 nu-

2121 838 2218 892 bes
2260 837 2330 891 ab
2371 845 2619 892 extremo
2666 844 2823 892 teme
2861 835 2874 889 ἑ
2916 835 3127 914 fulgura
3174 837 3229 891 in
3273 831 3506 908 pluviam
3558 842 3703 896 fecit.

2122 927 2224 994 Qui
2252 928 2502 999 producit
2530 935 2722 982 ventos
2744 927 2811 982 de
2841 926 3110 980 thesauris
3141 927 3292 981 suis:
3320 928 3414 997 qui
3437 934 3704 999 percussit

2121 1019 2476 1090 primogenita
2514 1018 2732 1091 [Egypti
2782 1018 2853 1072 ab
2899 1018 3116 1072 homine
3165 1034 3338 1089 usque
3395 1022 3464 1076 ad
3515 1037 3703 1092 pecus.

2125 1114 2193 1170 Et
2219 1114 2371 1169 misit
2396 1113 2551 1184 signa
2575 1118 2637 1167 et
2657 1109 2902 1181 prodigia
2938 1109 2994 1163 in
3023 1108 3205 1164 medio
3231 1111 3327 1176 tui,
3353 1110 3585 1183 Egypte
3612 1131 3624 1165 :
3651 1115 3707 1167 in

2125 1203 2464 1259 Pharaonem
2488 1210 2546 1258 et
2576 1201 2632 1256 in
2667 1215 2858 1258 omnes
2895 1215 3084 1254 servos
3112 1200 3249 1271 ejus.
3302 1201 3403 1269 Qui
3443 1205 3707 1272 pemussit

2127 1305 2315 1366 gentes
2352 1293 2572 1358 multas,
2601 1300 2658 1347 et
2682 1292 2882 1347 occidit
2913 1306 3069 1362 reges
3102 1289 3290 1346 fortes.
3343 1291 3486 1347 Scon
3529 1306 3708 1363 regem

2126 1384 2584 1447 Amorrhzeorum,
2618 1390 2675 1437 et
2703 1380 2791 1452 0g
2811 1396 2995 1453 regem
3015 1380 3215 1443 Basan,
3249 1388 3304 1435 et
3331 1382 3511 1434 omnia
3545 1394 3709 1450 regna

2127 1474 2408 1530 Chanaan.
2440 1473 2510 1528 Et
2532 1472 2683 1528 dedit
2707 1483 2911 1527 terram
2936 1487 3125 1528 eorum
3149 1471 3520 1527 hmreditatem
3558 1489 3570 1523 :
3607 1473 3707 1525 lte-

2128 1566 2415 1621 reditatem
2435 1563 2603 1619 Israel
2630 1563 2823 1634 populo
2849 1577 2967 1618 suo.
2989 1561 3237 1626 Domine,
3257 1578 3452 1618 nomen
3478 1571 3627 1616 tuum
3657 1563 3708 1617 in

2129 1665 2390 1713 etet-num
2423 1654 2714 1719 :Domine,
2743 1652 3060 1708 memoriale
3083 1660 3238 1707 tuum
3273 1655 3326 1707 in
3364 1653 3711 1724 generatione

2124 1756 2187 1817 et
2216 1745 2642 1818 generationem.
2683 1744 2820 1812 Quia
2852 1732 3119 1812 judicabit
3155 1745 3416 1800 Dominus
3457 1744 3711 1816 populum

2134 1853 2291 1893 suum
2323 1853 2336 1889 :
2370 1843 2426 1892 et
2474 1835 2530 1890 in
2579 1835 2754 1891 servis
2805 1834 2912 1890 tuis
2956 1835 3353 1905 deprecabitur.
3411 1834 3710 1890 Simulacra

2134 1929 2374 2001 gentium
2402 1933 2686 1998 argentum
2716 1933 2772 1980 et
2797 1941 2990 1980 aurum
3021 1943 3034 1978 :
3060 1939 3228 1995 opera
3253 1938 3512 1981 manuum
3540 1926 3712 1980 homi-

2135 1997 2283 2096 num.
2311 2017 2385 2073 Os
2417 1997 2638 2082 habent,
2666 2023 2723 2071 et
2756 2031 2864 2072 non
2913 2015 3240 2086 loquentur:
3268 2015 3452 2071 oculos
3489 2015 3711 2078 habent,
3823 1997 3828 2002 ’

2135 2116 2192 2163 et
2235 2123 2346 2162 non
2389 2107 2665 2162 videbunt.
2717 2105 2892 2162 Aures
2931 2106 3157 2172 habent,
3207 2114 3262 2160 et
3305 2121 3415 2162 non
3461 2105 3710 2160 audient:

2136 2212 2314 2268 neque
2342 2197 2488 2252 enim
2516 2205 2601 2251 est
2627 2197 2850 2266 spiritus
2878 2197 2934 2251 in
2961 2211 3057 2251 ore
3081 2196 3340 2266 ipsorum.
3367 2194 3583 2255 Similes
3613 2194 3716 2248 illis

2137 2287 2298 2354 fiant,
2336 2289 2429 2358 qui
2463 2286 2671 2343 faciunt
2707 2277 2822 2343 ea:
2860 2293 2916 2342 et
2949 2302 3170 2353 omnes,
3211 2287 3303 2356 qui
3347 2286 3621 2342 confidunt
3659 2285 3714 2339 in

2137 2379 2238 2434 eis.
2271 2379 2471 2453 Domus
2504 2377 2670 2433 lsracl
2693 2378 3000 2433 benedicite
3019 2375 3250 2432 Domino
3281 2376 3509 2432 :domus
3535 2374 3716 2428 Aaron

2137 2468 2441 2525 benedicite
2480 2466 2588 2538 59
2615 2466 2862 2522 Domino.
2894 2465 3098 2520 Domus
3125 2464 3254 2520 Levi
3282 2463 3586 2520 benedicite
3613 2463 3717 2516 Do-

2139 2559 2346 2630 mino:
2396 2557 2490 2627 qui
2538 2557 2738 2612 timetis
2783 2555 3091 2619 Dominum,
3121 2553 3424 2624 benedicite
3467 2553 3715 2607 Domino.

2140 2646 2464 2704 Benedictus
2494 2646 2756 2701 Dominus
2785 2661 2852 2702 ex
2884 2645 3046 2712 Sion,
3079 2645 3172 2716 qui
3205 2644 3414 2700 habitat
3447 2645 3501 2698 in
3531 2643 3722 2698 llieru-

2141 2739 2331 2796 salem.

2213 2827 2283 2883 Ut
2321 2845 2500 2901 supra.
2539 2827 2865 2884 Benedictus
2900 2827 3161 2884 Dominus
3197 2825 3343 2882 Deus
3373 2823 3538 2881 Israel
3570 2838 3603 2876 a
3631 2835 3725 2878 sa:-

2143 2920 2293 2986 culo,
2323 2928 2380 2975 et
2401 2934 2574 2989 usque
2598 2919 2654 2973 in
2680 2917 2955 2985 mulum,
2988 2927 3045 2973 et
3073 2916 3220 2974 dicet
3242 2917 3420 2973 omnis
3441 2913 3680 2986 populus
3709 2931 3724 2967 :

2144 3010 2285 3075 Fiat,
2309 3008 2422 3063 fiat.
3253 3027 3256 3030 ~
3472 3057 3475 3059 _

2215 3099 2422 3164 Oratio.
2456 3098 2709 3155 Suavitas
2736 3099 2938 3155 eximia
2975 3097 3149 3165 Deus,
3178 3112 3342 3169 quem
3379 3095 3555 3153 omnis
3584 3103 3729 3151 terra

2143 3206 2244 3262 pro
2278 3188 2580 3245 dulcedinis
2622 3184 2958 3261 benignitate
2996 3189 3294 3254 collaudat;
3340 3204 3592 3260 rogamus
3635 3196 3726 3250 ut,

2143 3281 2322 3336 ablato
2360 3294 2393 3335 a
2438 3277 2595 3335 nobis
2634 3295 2788 3334 vana:
2822 3280 3229 3349 superstitionis
3261 3294 3479 3344 errore,
3507 3277 3613 3331 tuis
3643 3290 3732 3330 vo-
3768 3273 3771 3275 ’

2143 3370 2438 3426 luntatibus
2458 3376 2864 3425 connectamur.
2895 3368 3017 3422 Per.

2762 3472 3104 3532 nsanos.
3203 3450 3208 3454 ’

2217 3589 2407 3662 (Psan.
2446 3587 2678 3661 cxxxv.)
2707 3585 3053 3642 Confitemini
3092 3585 3322 3642 Domino
3349 3585 3604 3656 quoniam
3642 3584 3735 3640 bo-

2147 3699 2248 3739 nus
2280 3682 2574 3753 :quoniant
2599 3682 2655 3736 in
2686 3691 2951 3737 meritum
2982 3679 3354 3736 misericordia
3391 3679 3529 3748 ejus.
3555 3675 3736 3757 conii-

2148 3777 2338 3835 temini
2363 3775 2482 3835 Deo
2505 3778 2767 3834 deorum:
2791 3777 3047 3848 quoniam
3071 3776 3125 3830 in
3148 3782 3410 3830 aeternum
3431 3773 3738 3828 misericor-

2147 3871 2237 3926 dia
2268 3868 2403 3939 ejus.
2435 3868 2780 3926 Confitemini
2807 3867 3042 3922 Domino
3064 3865 3403 3920 dominorum
3434 3881 3449 3916 :
3477 3862 3733 3932 quoniam

2151 3961 2207 4015 in
2249 3968 2512 4015 aeternum
2553 3955 2924 4012 misericordia
2970 3953 3110 4024 ejus.
3151 3953 3257 4019 Qui
3295 3951 3427 4006 facit
3466 3951 3734 4006 mirabilia

2151 4063 2345 4120 magna
2391 4047 2537 4102 solus
2587 4063 2600 4099 :
2646 4044 2900 4115 quoniam
2946 4043 3003 4098 i’n
3048 4049 3315 4098 internum
3358 4041 3732 4098 misericordia

2151 4139 2289 4208 ejus.
2321 4135 2429 4208 Qui
2448 4134 2579 4190 fecit
2603 4132 2774 4190 caelos
2796 4133 2853 4188 in
2879 4132 3156 4188 intellectu
3181 4149 3195 4186 :
3221 4131 3480 4201 quoniam
3507 4133 3563 4189 in
3587 4120 3742 4188 inter;

2154 4241 2282 4281 num
2319 4224 2696 4292 misericordia
2740 4221 2877 4292 ejus.
2909 4222 3012 4289 Qui
3059 4220 3295 4277 firmavit
3319 4232 3532 4285 ,terram
3577 4239 3740 4294 super

2153 4329 2323 4383 aquas
2355 4332 2368 4368 :
2392 4314 2646 4384 quoniam
2675 4313 2731 4366 in
2760 4321 3023 4367 arteruum
3060 4313 3434 4368 misericordia
3461 4311 3596 4382 ejus.
3635 4313 3735 4382 Qui

2154 4407 2283 4461 fecit
2306 4391 2807 4476 luminaria'magna
2840 4424 2853 4459 :
2885 4405 3141 4475 quoniam
3162 4406 3216 4461 in
3240 4413 3502 4460 :etemum
3528 4406 3740 4460 miserio

2153 4495 2334 4551 cordia
2371 4495 2507 4565 ejus.
2541 4493 2720 4550 Solem
2762 4494 2818 4548 in
2858 4501 3181 4564 potestatem
3220 4493 3326 4548 diei
3359 4511 3372 4546 :
3403 4493 3658 4562 quoniam
3686 4493 3740 4547 in

2083 4586 2132 4646 ι)
2158 4593 2421 4640 aeternum
2450 4586 2817 4640 misericordia
2854 4585 2991 4655 ejus.
3024 4584 3234 4640 Lunam
3259 4592 3315 4640 et
3338 4584 3526 4640 stellas
3555 4585 3608 4640 in
3647 4600 3744 4655 po-

2159 4685 2413 4733 testatem
2449 4678 2624 4732 noctis
2656 4696 2668 4731 :
2699 4678 2951 4747 quoniam
2982 4677 3038 4731 in
3077 4686 3339 4733 mternum
3373 4677 3742 4734 misericordia

2160 4770 2297 4838 ejus.
2323 4766 2422 4835 Qui
2450 4768 2717 4837 percussit
2748 4767 3071 4838 Egyptum,
3101 4784 3224 4824 cum
3258 4768 3628 4838 primogenitis
3655 4783 3746 4822 eo-

2163 4875 2324 4913 rum:
2359 4857 2612 4928 quoniam
2652 4857 2710 4912 in
2752 4865 3020 4912 aeternum
3061 4857 3435 4915 misericordia
3473 4855 3612 4925 ejus.
3643 4857 3746 4925 Qui

2163 4941 2348 5004 eduxit
2369 4947 2532 5004 lsracl
2559 4945 2615 5002 in
2644 4945 2822 5001 medio
2853 4961 3038 5000 comm
3071 4964 3084 5000 :
3111 4946 3366 5015 quoniam
3399 4946 3455 5000 in
3483 4947 3747 5003 aeternum

2164 5039 2534 5094 misericordia
2573 5035 2707 5105 ejus.
2748 5037 2806 5090 in
2847 5051 3014 5090 manu
3053 5035 3265 5107 potenti
3303 5043 3361 5092 et
3401 5036 3627 5094 brachio
3656 5054 3751 5095 ex-

2163 5129 2341 5194 celso,
2370 5129 2629 5198 quoniam
2666 5128 2720 5181 in
2756 5135 3022 5182 internum
3060 5127 3433 5184 misericordia
3474 5126 3610 5199 ejus.
3649 5129 3752 5200 Qui

2166 5221 2350 5276 divisit
2376 5235 2525 5275 mare
2554 5219 2772 5274 rubrum
2793 5220 2847 5273 in
2871 5219 3168 5276 divisiones
3195 5237 3210 5273 :
3239 5221 3492 5290 quoniam
3513 5221 3570 5276 in
3595 5229 3745 5275 ater-

2168 5328 2297 5368 uum
2327 5309 2696 5366 misericordia
2720 5308 2855 5379 ejus.
2887 5310 2958 5366 Et
2983 5311 3174 5367 eduxit
3194 5310 3360 5366 lsracl
3389 5325 3490 5380 per
3515 5307 3750 5364 medium
3842 5326 3845 5328 ·

2169 5401 2286 5470 ejus
2315 5419 2328 5454 :
2354 5399 2610 5469 quoniam
2631 5401 2686 5456 in
2713 5409 2979 5458 eternal
3005 5400 3380 5457 misericordia
3404 5397 3540 5468 ejus.
3571 5397 3638 5452 Et
3663 5412 3759 5452 ex-

2169 5490 2342 5546 cussit
2364 5489 2704 5564 Pharaonem
2730 5498 2793 5546 et
2821 5490 3081 5546 virtutem
3109 5489 3228 5560 ejus
3267 5490 3324 5546 in
3362 5487 3502 5544 mari
3521 5486 3708 5542 Rubro
3733 5503 3754 5541 :

2171 5581 2430 5651 quoniam
2450 5580 2508 5635 in
2531 5589 2798 5638 cateruam
2821 5581 3193 5639 misericordia
3219 5579 3355 5651 ejus.
3386 5577 3496 5651 Qui
3515 5576 3754 5634 traduxit

2173 5670 2430 5742 populum
2450 5687 2730 5742 suumper
2755 5673 3033 5729 desertum
3069 5691 3083 5727 :
3119 5674 3375 5744 quoniam
3410 5670 3464 5725 in
3502 5668 3758 5726 saculmn

2175 5761 2549 5818 misericordia
2566 5763 2702 5833 ejus.
2729 5762 2834 5830 Qui
2857 5764 3132 5833 percussit
3157 5777 3314 5835 reges
3341 5763 3566 5834 magnos
3593 5781 3605 5816 :
3635 5755 3758 5832 qud

2177 5855 2323 5910 niam
2348 5853 2403 5910 in
2426 5859 2689 5911 sternunt
2712 5852 3083 5910 misericordia
3113 5853 3252 5925 ejus.
3283 5853 3354 5912 Et
3382 5855 3584 5911 cecidit
3610 5867 3764 5925 rcges
