4248 6186
585 236 685 289 5I9

1393 232 1453 285 Β.
1497 231 1554 284 Γ.
1598 231 1817 285 ALBINI
1858 232 1987 286 SEU
2030 231 2300 287 ALCUINI
2337 230 2617 286 OPERL‘M
2659 229 2833 283 PARS
2875 230 2957 281 IV.

3714 228 3817 282 520

584 346 787 400 fortes:
817 343 1071 411 quoniam
1094 341 1144 393 iu
1172 348 1429 393 tctcrnum
1454 340 1815 393 misericordia
1844 338 1976 405 ejus.
2004 338 2146 392 Seon
2175 346 2223 400 Α
2252 348 2305 393 et
2353 340 2571 393 herbam
2619 340 2865 392 servituti
2919 339 3211 392 hominum.
3271 340 3369 405 Qui
3426 342 3515 394 dat
3557 339 3823 408 jumeatis

588 451 767 507 regem
794 426 1213 487 Amorrbeorum'
1243 451 1252 483 :
1283 431 1533 499 quoniam
1572 432 1625 483 in
1655 440 1912 484 aeternum
1949 432 2153 484 miseri-

585 528 768 583 cordia
807 525 938 593 ejus.
971 526 1035 579 Et
1064 524 1140 593 0g
1174 539 1354 593 regem
1381 524 1551 579 Dasan
1589 544 1600 577 :
1634 525 1885 594 quoniam
1916 526 1969 577 in
2004 534 2154 578 atter-

587 634 718 675 num
755 616 1113 670 misericordia
1143 614 1277 682 ejus.
1317 615 1381 667 Et
1420 614 1563 668 dedit
1603 623 1799 668 terram
1829 629 2011 668 eorum
2050 614 2157 668 bte-

589 707 871 763 reditatem
905 723 915 756 :
946 703 1199 774 quoniam
1231 704 1284 756 in
1316 711 1575 757 aeternum
1612 703 1983 757 misericordia
2021 701 2151 769 ejus.

592 797 964 852 Hereditatem
996 795 1157 848 Israel
1192 808 1348 851 servo
1374 808 1499 857 suo;
1530 793 1781 861 quoniam
1806 793 1865 845 in
1900 800 2159 845 aeternum

592 888 960 944 misericordia
1002 885 1135 954 ejus.
1178 883 1278 951 Qui
1320 886 1373 939 in
1403 884 1700 939 humilitate
1739 892 1921 938 nostra
1955 897 2160 937 memor

593 978 696 1035 fuit
724 978 892 1033 nostri
922 997 934 1030 :
963 977 1211 1047 quoniam
1251 978 1305 1030 in
1335 985 1594 1029 aeternum
1626 960 1992 1029 misericordia
2019 974 2155 1044 ejus.

594 1072 661 1127 Et
708 1071 933 1126 redemit
978 1086 1076 1123 nos
1121 1069 1189 1123 ab
1235 1068 1470 1121 inimicis
1511 1067 1712 1130 nostris
1758 1084 1771 1119 :
1813 1066 2066 1135 quoniam
2107 1066 2161 1117 in

596 1171 851 1217 aeternum
897 1158 1259 1214 misericordia
1299 1158 1431 1227 ejus.
1483 1155 1584 1225 Qui
1636 1158 1726 1212 dat
1780 1170 1958 1210 escam
2017 1156 2163 1208 omni

598 1252 748 1305 carni
782 1269 793 1301 :
824 1250 1077 1319 quoniam
1110 1248 1164 1301 in
1196 1256 1454 1301 internum
1481 1245 1844 1301 misericordia
1868 1243 2001 1311 ejus.
2025 1244 2165 1298 Con-

598 1342 820 1394 ﬁtcmint
846 1340 952 1392 Deo
978 1337 1097 1391 (τοιῐί
1127 1358 1137 1389 :
1165 1339 1415 1406 quoniam
1442 1338 1495 1390 in
1520 1345 1776 1390 arternum
1802 1334 2165 1389 misericordia

600 1430 733 1498 ejus.
768 1430 1106 1485 Conlitemini
1150 1429 1374 1482 Domino
1416 1429 1749 1483 dominorum
1786 1446 1797 1478 τ
1832 1427 2081 1494 quoniam
2111 1426 2163 1478 in

599 1528 857 1576 aeternum
882 1508 1245 1574 misericordia
1273 1518 1406 1585 ejus.

674 1606 743 1660 Ut
768 1624 943 1676 supra.
976 1606 1198 1660 Domine
1228 1602 1487 1678 refugium
1518 1607 1687 1663 factus
1728 1624 1785 1663 es
1815 1609 1986 1671 nobis,
2019 1624 2047 1661 a
2078 1625 2168 1679 ge-

604 1701 882 1755 neratione
900 1707 955 1753 et
974 1699 1341 1768 generatione.

676 1788 877 1842 Oratio.
902 1788 1104 1841 Memor
1132 1787 1449 1841 humilitatis
1479 1796 1704 1852 nostrae,
1736 1788 1990 1841 miserere
2018 1788 2168 1841 nobis

605 1879 941 1948 omnipotens
970 1877 1144 1943 Deus,
1182 1887 1236 1931 et
1273 1878 1361 1947 qui
1403 1880 1668 1948 quondam
1707 1880 1942 1948 patribus
1971 1880 2169 1933 nostris

606 1979 805 2039 terram
834 1969 1262 2022 adversariorum
1304 1968 1357 2023 in
1392 1969 1704 2023 brereditate
1740 1969 1983 2041 donasti,
2014 1983 2111 2022 nos
2140 1984 2169 2021 a

605 2060 811 2129 peccati
842 2060 1047 2113 macula
1073 2060 1323 2113 liberatos
1343 2060 1396 2112 in
1427 2068 1514 2112 tua
1546 2060 1852 2113 haereditate
1882 2060 2165 2113 constitue.

608 2147 729 2201 Per.

1221 2237 1554 2313 essurus.

683 2391 867 2462 (I’SAL.
891 2390 1080 2461 cxrv.)
1111 2391 1310 2455 Lauda,
1342 2392 1520 2445 anima
1556 2407 1695 2454 mea,
1725 2392 2039 2456 Dominum,
2066 2392 2175 2444 lau-

610 2482 745 2538 dabo
796 2482 1076 2536 Dominum
1126 2481 1178 2535 in
1229 2482 1335 2535 vita
1378 2498 1495 2537 mea
1544 2502 1555 2534 :
1606 2482 1825 2551 psallam
1873 2484 1984 2536 Deo
2022 2497 2171 2546 meo,

606 2569 841 2639 quandiu
880 2567 1049 2621 fuero.
1093 2566 1269 2620 Nolite
1305 2569 1572 2621 conlidere
1620 2570 1674 2621 in
1718 2569 2047 2637 principibus
2077 2588 2089 2621 :
2119 2570 2172 2621 in

608 2661 733 2717 ﬁliis
758 2661 1031 2715 hominum
1050 2700 1064 2725 ,
1097 2660 1149 2712 in
1178 2658 1369 2727 quibus
1403 2675 1507 2713 non
1545 2668 1628 2712 est
1667 2659 1828 2712 salus.
1858 2659 2036 2712 Exibit
2067 2644 2178 2727 spi-

608 2753 743 2807 ritus
771 2750 915 2818 ejus,
951 2759 1005 2804 et
1032 2758 1331 2804 revertetur
1360 2750 1411 2802 in
1445 2759 1637 2803 terram
1668 2765 1849 2813 suam,
1881 2750 1933 2801 in
1973 2749 2057 2801 illa
2089 2748 2175 2801 die

610 2840 860 2909 peribunt
899 2853 1086 2892 omnes
1132 2838 1486 2907 cogitationes
1532 2854 1734 2891 eorum.
1787 2838 1980 2890 Beatus
2023 2833 2174 2902 cujus

613 2926 753 2980 Deus
786 2925 952 2978 Jacob
990 2924 1201 2991 adjutor
1241 2927 1386 2995 ejus,
1427 2941 1551 2993 spes
1589 2925 1703 2991 ejus
1733 2926 1784 2977 in
1817 2925 2039 2977 Domino
2066 2923 2175 2977 Deo

2254 446 2431 484 escam
2478 432 2713 498 ipsorum
2761 450 2771 481 :
2818 438 2872 482 et
2923 428 3078 498 pullis
3120 446 3401 484 corvorum
3447 432 3818 487 invocantibus

2254 536 2393 575 eum.
2430 519 2542 573 Non
2579 520 2631 572 in
2672 519 2986 573 fortitudine
3025 521 3143 588 equi
3188 521 3511 574 voluntatem
3551 522 3815 578 habebit:

2255 626 2354 664 nec
2387 612 2440 663 in
2470 610 2613 663 tibiis
2645 610 2743 663 viri
2775 610 3164 678 beneplacitum
3198 612 3300 665 erit
3321 612 3389 665 ei.
3420 612 3821 681 Deneplaciturn

2256 710 2340 755 est
2365 701 2591 755 Domino
2622 716 2781 769 super
2815 702 3065 755 timentes
3098 718 3220 756 eum
3254 723 3265 755 :
3296 712 3350 757 et
3385 704 3438 756 in
3470 705 3549 758 eis
3580 705 3670 773 qui
3702 719 3824 775 spor-

2258 800 2381 846 rant
2412 807 2572 862 super
2606 792 2969 846 misericordia
3005 793 3137 863 ejus.

2330 879 2397 933 Ut
2430 898 2605 950 supra.
2651 881 2769 933 Fiat
2816 882 3180 936 misericordia
3216 893 3335 948 tua,
3372 885 3625 957 Domine,
3665 902 3827 955 super

2260 988 2378 1035 nos,
2412 973 2852 1041 quemadmodum
2883 974 3213 1040 speravimus
3240 976 3293 1030 in
3323 984 3393 1029 te.

2332 1058 2533 1113 Oratio.
2562 1060 2878 1115 .Ediiicator
2899 1063 3135 1117 caelestis
3175 1064 3507 1122 Hierusalem
3536 1068 3696 1133 Deus,
3736 1072 3824 1141 qui

2262 1150 2651 1205 multitudinem
2684 1152 2955 1205 stellarum
2984 1161 3033 1205 et
3068 1156 3342 1210 concludis
3373 1174 3625 1223 numero,
3659 1169 3713 1215 et
3738 1177 3828 1214 no-

2263 1242 2503 1295 minatim
2532 1242 2767 1311 singulas
2790 1259 2947 1297 vocas
2978 1263 2988 1295 :
3021 1262 3179 1309 sana,
3207 1262 3539 1315 qumsumtts,
3569 1251 3827 1333 contritas

2262 1334 2442 1396 corde,
2486 1333 2756 1401 dispersos
2783 1350 3065 1405 congrega,
3118 1340 3275 1407 atque
3304 1358 3401 1395 nos
3430 1344 3479 1395 in
3521 1344 3828 1397 innumera-

2264 1424 2355 1475 bili
2392 1423 2652 1491 sapientia
2678 1432 2763 1477 tua
2795 1424 3136 1493 locupletare.
3164 1427 3281 1480 Per.

2877 1552 3211 1608 PSALML’S.

2198 1688 2245 1749 Β
2340 1657 2524 1731 (Ρδλιη
2583 1670 2829 1736 cxcvit.)
2871 1663 3051 1719 Lauda
3104 1666 3435 1721 Hierusalem
3480 1668 3762 1723 Dominum
3816 1688 3827 1721 :

2270 1752 2424 1805 lauda
2452 1752 2618 1805 Deum
2648 1761 2816 1819 tuum,
2856 1754 3007 1809 Sion.
3044 1756 3307 1821 Quoniam
3331 1758 3653 1813 eonfortavit
3685 1775 3831 1813 seras

2269 1849 2544 1909 portarum
2585 1850 2797 1896 tuarum
2849 1863 2861 1896 :
2909 1846 3184 1899 benedixit
3230 1846 3355 1900 filiis
3392 1848 3497 1900 tuis
3534 1848 3587 1901 in
3626 1857 3695 1901 te.
3735 1849 3832 1915 Qui

2270 1931 2448 1997 posuit
2470 1930 2604 1985 fines
2628 1940 2746 1985 tuos
2768 1948 2954 2001 pacem
2984 1952 2995 1986 :
3032 1942 3087 1987 et
3112 1936 3266 2005 adipe
3290 1936 3543 1990 frumenti
3570 1940 3733 1993 satiat
3762 1948 3831 1992 te.

2271 2023 2372 2089 Qui
2406 2026 2605 2078 emittit
2636 2026 2903 2097 eloquium
2945 2045 3099 2083 suum
3145 2038 3302 2084 terra:
3340 2050 3350 2084 :
3389 2032 3647 2088 velociter
3670 2034 3834 2089 currit

2271 2128 2449 2167 sermo
2489 2114 2620 2182 ejus.
2662 2117 2761 2183 Qui
2799 2118 2889 2172 dat
2926 2120 3105 2174 nivem
3141 2122 3281 2175 sicut
3317 2122 3493 2177 lanam
3534 2142 3546 2177 :
3587 2124 3834 2179 nebulam

2271 2204 2412 2256 sicut
2446 2206 2682 2260 cinerem
2717 2209 2939 2278 spargit.
2974 2209 3137 2265 Mittit
3164 2212 3472 2281 crystallum
3507 2230 3663 2268 suum
3698 2216 3835 2269 sicut

2273 2293 2538 2349 buccellas
2574 2314 2584 2347 :
2610 2304 2735 2350 ante
2763 2297 2956 2351 faciem
2984 2298 3196 2369 frigoris
3223 2300 3338 2367 ejus
3366 2303 3486 2370 quis
3516 2304 3836 2358 sustinebit?

2273 2384 2495 2439 Emittet
2530 2386 2747 2439 verbum
2784 2403 2958 2451 suum,
2989 2397 3044 2442 et
3078 2388 3385 2458 liquefaciet
3415 2407 3475 2446 ea
3512 2411 3523 2444 :
3558 2390 3707 2446 ﬂabit
3729 2394 3837 2463 spi-

2273 2474 2409 2529 ritus
2448 2477 2593 2546 ejus,
2638 2487 2693 2531 et
2735 2468 2911 2532 liuenti
2937 2494 3105 2547 aquas.
3157 2480 3255 2546 Qui
3294 2484 3576 2537 annuntiat
3614 2484 3835 2539 verbum

2274 2578 2428 2617 suum
2454 2564 2619 2619 Jacob
2646 2584 2657 2618 :
2678 2564 2915 2640 justitias
2942 2575 2996 2620 et
3014 2567 3213 2634 judicia
3240 2584 3335 2621 sua
3358 2569 3540 2624 Israel.
3570 2571 3685 2625 Non
3713 2570 3837 2625 fecit

2277 2652 2455 2705 taliter
2488 2654 2633 2706 omni
2667 2654 2867 2705 nationi
2899 2671 2909 2705 :
2949 2663 3000 2706 et
3024 2654 3221 2722 judicia
3260 2671 3355 2709 sua
3391 2672 3499 2712 non
3534 2659 3838 2713 manifesta.

2276 2741 2355 2794 vlt
2377 2742 2477 2794 eis.

2354 2828 2422 2886 Ut
2446 2848 2622 2900 supra.
2661 2830 2965 2887 Coafrtcbor
2996 2833 3219 2887 Domino
3255 2837 3544 2890 secundum
3573 2837 3835 2906 justitiam

2277 2918 2411 2988 ejus,
2446 2929 2499 2974 et
2524 2920 2741 2988 psallam
2777 2924 2978 3001 nomini
3014 2924 3225 2977 Domini
3256 2924 3534 2980 Altissimi.
3628 2926 3635 2935 ’

614 3014 783 3083 ipsius
813 3032 825 3065 :
856 3012 946 3083 qui
977 3010 1105 3067 fecit
1150 3012 1345 3067 caelum
1376 3020 1429 3066 et
1469 3020 1695 3075 terram,
1727 3026 1873 3063 mare
1901 3018 1956 3063 et
1995 3012 2171 3063 omnia
2201 3038 2249 3099 ρ

2159 3028 2171 3061 ¹
2201 3038 2249 3099 c
2348 3031 2546 3085 Oratio.
2584 3031 2853 3096 Confurta,
2889 3033 3131 3099 Domine,
3157 3044 3339 3103 portas
3362 3036 3612 3091 Ecclesiae
3638 3047 3757 3100 tute,
3786 3044 3836 3089 et

612 3118 731 3175 qua:
762 3103 815 3156 in
845 3104 926 3158 eis
954 3110 1097 3156 sunt.
1131 3102 1229 3169 Qui
1262 3102 1495 3156 custodit
1524 3101 1805 3154 veritatem
1827 3100 1879 3152 in
1902 3100 2171 3163 saeculum,

613 3193 744 3247 facit
766 3193 1023 3262 judicium
1051 3191 1299 3259 injuriam
1332 3191 1658 3261 patientibus
1686 3209 1698 3243 :
1732 3189 1823 3243 dat
1848 3204 2025 3243 escam
2057 3204 2177 3243 esu-

614 3286 896 3340 rientibus.
920 3286 1177 3341 Dominus
1201 3286 1357 3340 solvit
1383 3284 1713 3353 compeditos
1743 3302 1755 3337 :
1786 3282 2044 3336 Dominus
2068 3282 2179 3335 illu-

620 3374 791 3427 minat
816 3390 1003 3429 caecos.
1033 3375 1289 3429 Dominus
1316 3374 1471 3443 erigit
1504 3374 1661 3427 elisos
1687 3391 1699 3425 :
1724 3372 1979 3425 Dominus
2007 3371 2177 3440 diligit

616 3462 801 3531 justus.
844 3463 1098 3517 Dominus
1138 3464 1373 3517 custodit
1418 3462 1682 3526 advenas,
1718 3462 1976 3532 pupillum
2015 3471 2068 3514 et
2107 3463 2183 3514 vi-

617 3542 1057 3623 duam‘suscipict
1100 3573 1111 3605 :
1145 3563 1199 3607 et
1236 3555 1349 3606 vias
1383 3561 1725 3621 peccatorum
1761 3552 2047 3620 disperdet.
2082 3551 2182 3604 Ite-

616 3646 802 3717 gnabit
828 3646 1083 3700 Dominus
1116 3646 1169 3698 in
1199 3644 1388 3699 sarcula
1407 3686 1419 3709 ,
1451 3645 1589 3699 Deus
1616 3653 1736 3697 tuus
1759 3643 1884 3697 Sion
1903 3684 1916 3707 ,
1951 3644 2002 3694 in
2030 3658 2185 3711 gene—

619 3736 827 3790 ratione
856 3745 911 3789 et
940 3738 1357 3805 generationem.
1652 3798 1655 3799 ν

686 3828 796 3898 60
848 3825 913 3880 Ut
956 3843 1135 3897 supra.
1179 3828 1423 3880 Exaltate
1472 3829 1754 3883 Dominum
1802 3835 2079 3888 nostrum,
2128 3835 2181 3877 et

624 3918 839 3971 adorate
867 3917 919 3969 in
960 3925 1139 3969 monte
1170 3925 1358 3969 sancto
1386 3916 1530 3983 ejus,
1560 3919 1811 3985 quoniam
1837 3925 2053 3969 sanctus
2086 3916 2185 3969 Do-

625 4006 803 4057 minus
838 4005 981 4058 Deus
1017 4013 1220 4059 noster.

700 4093 899 4147 Oratio.
922 4093 1160 4147 Gloriose
1186 4096 1523 4164 omnipotens
1554 4095 1712 4159 Deus,
1745 4094 1795 4147 in
1824 4110 1980 4164 quem
2004 4096 2187 4148 beato—

628 4200 743 4239 rum
764 4186 952 4237 aniina:
972 4192 1139 4237 totam
1161 4184 1274 4251 spei
1299 4184 1671 4238 confidentiam
1695 4193 1928 4255 ponunt;
1955 4187 2187 4239 concede

629 4276 783 4329 nobis
810 4283 886 4338 ut,
909 4272 1171 4340 adjutorio
1195 4282 1284 4327 tuo
1309 4274 1607 4338 illuminati,
1626 4275 1894 4327 valeamus
1917 4283 1969 4328 te
1989 4276 2187 4345 jugiter

629 4371 807 4417 mente
834 4376 963 4428 pura
992 4359 1231 4430 diligere.
1255 4360 1378 4415 Per.

1246 4488 1577 4544 PSALMUS.

702 4607 877 4677 (PbAL.
910 4605 1106 4676 cxut.)
1152 4604 1389 4660 Laudate
1416 4606 1697 4663 Dominum
1723 4612 1975 4679 quoniam
2013 4614 2184 4667 bonus

628 4708 712 4752 est
737 4696 973 4769 psalmus
1002 4714 1014 4749 :
1046 4696 1155 4751 Deo
1186 4706 1370 4752 nostro
1398 4699 1468 4752 sit
1492 4699 1725 4767 jucunda
1756 4702 2050 4771 decoraque
2079 4704 2187 4756 lau—

632 4788 792 4840 datio.
822 4785 1116 4840 Aidilicans
1152 4785 1479 4842 Hierusalem
1507 4789 1794 4855 Dominus,
1825 4790 2185 4861 dispersiones

633 4874 843 4929 lsraclis
871 4876 1228 4946 congregabit.
1269 4876 1369 4942 Qui
1402 4886 1552 4931 sanat
1591 4880 1852 4935 contritas
1884 4878 2043 4935 corde
2084 4901 2096 4935 :
2136 4893 2189 4946 e_t

635 4963 816 5035 alligat
850 4967 1198 5019 contritiones
1224 4980 1426 5019 eorum.
1469 4968 1565 5032 Qui
1616 4977 1863 5025 numerat
1903 4970 2191 5027 multitudi-

636 5071 759 5111 nem
803 5055 1074 5109 stellarum
1104 5074 1117 5108 :
1150 5064 1203 5110 et
1240 5056 1487 5111 omnibus
1517 5059 1596 5112 eis
1629 5062 1841 5115 nomina
1872 5070 2043 5117 vocat.
2085 5062 2191 5115 Mu-

638 5165 771 5220 gnus
802 5147 1057 5201 Dominus
1088 5152 1377 5212 noster,‘et
1404 5164 1594 5218 magna
1627 5152 1795 5207 virtus
1840 5152 1953 5220 ejus
1986 5172 1997 5205 :
2029 5162 2084 5205 et
2112 5169 2190 5205 sa-

636 5239 850 5309 pientia:
876 5237 991 5307 ejus
1016 5252 1119 5291 non
1149 5246 1232 5291 est
1253 5254 1522 5294 numerus.
1555 5238 1864 5309 Suscipiens
1885 5252 2189 5297 mansuetos

640 5326 905 5380 Dominus
929 5345 941 5377 :
973 5325 1261 5379 humilians
1280 5334 1455 5382 autem
1476 5337 1785 5398 peccatores
1812 5345 1978 5399 usque
2005 5333 2071 5385 ad
2091 5339 2194 5385 ιρι».

641 5428 772 5465 ram.
802 5413 1083 5467 Praecinite.
1111 5412 1334 5466 Domino
1362 5413 1414 5467 in
1443 5416 1780 5471 confessione
1807 5435 1817 5468 :
1851 5418 2056 5484 psallite
2085 5419 2191 5471 Deo

645 5510 827 5555 nostro
855 5503 907 5556 in
933 5494 1161 5556 cithara.
1194 5502 1294 5568 Qui
1314 5505 1486 5573 operit
1511 5506 1703 5562 cadum
1734 5506 1961 5560 nubibus
1991 5525 2003 5558 :
2032 5517 2085 5561 et
2105 5524 2194 5575 pa-

648 5596 730 5641 rat
751 5598 905 5642 terra:
931 5590 1181 5660 pluviam.
1223 5590 1321 5659 Qui
1345 5593 1588 5662 producit
1615 5593 1665 5647 in
1695 5593 1965 5650 montibus
1997 5595 2192 5661 fenum,

2277 3134 2415 3188 pone
2454 3120 2699 3172 terminis
2738 3122 2851 3189 ejus
2882 3136 3097 3189 pacem,
3137 3124 3293 3190 eique
3334 3124 3540 3192 adipem
3587 3124 3839 3192 spiritalis

2280 3211 2441 3264 tritici
2468 3212 2749 3280 dignanter
2776 3215 3027 3267 attribue.
3058 3214 3176 3267 Per.

2891 3345 3225 3401 PSALML’S.

2350 3453 2537 3521 (Psu..
2596 3456 2839 3523 CXLVIII.)
2896 3454 3131 3508 Laudate
3182 3454 3465 3508 Dominum
3512 3458 3577 3509 de
3622 3460 3772 3513 caelis
3827 3481 3871 3515 τ,

2280 3544 2490 3597 laudate
2521 3560 2642 3597 eum
2676 3547 2728 3598 in
2764 3545 3009 3599 excelsis.
3038 3545 3275 3600 Laudate
3307 3561 3429 3600 eum
3459 3562 3646 3603 omnes
3672 3536 3844 3620 angeli

2280 3632 2394 3698 ejus
2423 3652 2433 3684 :
2462 3632 2671 3686 laudate
2690 3648 2809 3685 eum
2833 3649 3020 3688 omnes
3042 3634 3268 3689 virtutes
3296 3633 3431 3702 ejus.
3457 3636 3693 3693 Laudate
3722 3653 3843 3693 eum

2281 3723 2359 3774 sol
2396 3730 2449 3775 et
2481 3722 2604 3774 luna
2644 3741 2654 3772 :
2700 3722 2910 3775 laudate
2942 3736 3064 3776 eum
3106 3738 3293 3777 omnes
3332 3726 3502 3780 stella:
3544 3735 3599 3780 et
3643 3727 3839 3781 lumen.

2281 3810 2517 3863 Laudate
2552 3826 2672 3864 eum
2716 3810 2835 3864 αα)ιί
2876 3811 3130 3865 caslorum
3166 3832 3179 3865 :
3227 3820 3281 3867 et
3315 3828 3495 3882 aquze,
3537 3830 3653 3883 qua:
3688 3830 3845 3883 super

2282 3900 2445 3953 cmlos
2472 3909 2613 3963 sunt,
2642 3900 2858 3955 laudent
2894 3916 3087 3955 nomen
3124 3901 3354 3955 Domini.
3384 3903 3517 3969 Quia
3551 3905 3665 3972 ipse
3687 3905 3842 3965 dixit,

2281 3998 2337 4042 et
2367 3989 2503 4043 facta
2537 3999 2661 4045 sunt
2690 4010 2700 4041 :
2728 3991 2841 4058 ipse
2875 3992 3147 4044 mandavit
3177 4001 3230 4044 et
3255 4001 3434 4045 creata
3472 4002 3615 4047 sunt.
3647 3994 3845 4047 Statuit

2283 4092 2345 4130 ea
2379 4079 2431 4130 in
2455 4087 2711 4132 telernum
2735 4089 2789 4133 et
2814 4082 2867 4133 in
2896 4083 3142 4133 saeculum
3172 4083 3347 4135 smeuli
3378 4100 3389 4134 :
3417 4093 3738 4151 prmceptum
3760 4100 3844 4151 po-

2286 4166 2408 4229 suit,
2443 4175 2493 4220 et
2518 4183 2623 4241 non
2654 4168 2962 4236 praeteribit.
2990 4168 3225 4223 Laudate
3253 4169 3535 4223 Dominum
3568 4172 3631 4224 de
3653 4180 3792 4225 terra
3830 4188 3841 4223 :

2284 4257 2544 4311 dracones
2569 4267 2623 4313 et
2654 4275 2840 4313 omnes
2872 4258 3067 4327 abyssi.
3101 4258 3273 4329 Ignis,
3311 4261 3541 4328 grando,
3582 4260 3702 4322 nix,
3736 4260 3845 4328 gla-

2210 4373 2263 4431 Β
2287 4348 2420 4411 cies,
2445 4350 2666 4416 spiritus
2686 4348 3034 4415 procellarum
3064 4366 3075 4399 :
3102 4364 3217 4414 qua:
3240 4348 3683 4417 faciuntxverbum
3709 4346 3842 4415 ejus.

2290 4436 2494 4491 Montes
2521 4446 2574 4489 et
2596 4452 2781 4489 omnes
2816 4436 3007 4499 colles,
3052 4437 3191 4504 ligna
3229 4436 3533 4502 fructifera,
3571 4449 3626 4493 et
3660 4455 3845 4495 omnes

2289 4524 2455 4579 cedri.
2497 4525 2714 4587 Bestiae,
2748 4517 2800 4578 et
2828 4526 3073 4578 universa
3109 4541 3329 4595 pecora,
3367 4537 3645 4597 serpentes
3667 4539 3721 4585 et
3755 4544 3847 4585 vo-

2289 4614 2464 4666 lucres
2497 4621 2757 4680 pennata;
2790 4613 2958 4683 Ileges
2993 4625 3147 4668 teme
3169 4625 3223 4669 et
3248 4632 3434 4671 omnes
3462 4620 3671 4686 populi,
3699 4621 3847 4688 prin-

2288 4705 2435 4773 cipes
2464 4711 2517 4755 et
2552 4717 2738 4756 omnes
2776 4702 2985 4769 judiccs
3017 4712 3189 4757 terrm.
3226 4703 3457 4759 Iuvenes
3501 4714 3557 4761 et
3589 4708 3869 4779 virgines._

2290 4808 2449 4847 senes
2482 4792 2584 4861 61
2614 4806 2734 4845 cum
2766 4784 3065 4858 junioribus
3108 4790 3323 4845 laudent
3356 4808 3548 4846 nomen
3586 4794 3793 4849 Domini
3829 4816 3840 4849 :

2290 4886 2413 4953 quia
2442 4884 2729 4937 exaltatum
2761 4890 2845 4935 est
2870 4896 3059 4935 nomen
3084 4880 3197 4948 ejus
3227 4883 3410 4937 solius.
3436 4883 3710 4939 Confessio
3732 4901 3847 4954 ejus

2292 4989 2452 5042 super
2482 4971 2673 5029 ccelum
2706 4979 2761 5025 et
2803 4979 2996 5025 terram
3030 4989 3041 5022 :
3079 4980 3133 5024 et
3168 4971 3422 5038 exultavit
3460 4984 3625 5027 cornu
3666 4975 3843 5043 populi

2293 5064 2396 5117 sui.
2429 5061 2665 5130 Hymnus
2699 5061 2945 5115 omnibus
2980 5062 3179 5114 sanctis
3212 5060 3328 5129 ejus
3363 5082 3374 5115 :
3413 5062 3537 5117 filiis
3566 5063 3727 5118 Israel
3753 5079 3846 5133 po-

2293 5153 2415 5219 pqu
2442 5152 2887 5220 appr-epinquanti
2924 5152 3045 5206 sibi.

2365 5240 2431 5293 Ut
2476 5256 2651 5309 supra.
2691 5240 2944 5295 Mirabilis
2989 5242 3128 5297 Deus
3178 5244 3229 5296 in
3280 5243 3480 5297 sanctis
3517 5243 3659 5307 suis,
3704 5242 3845 5300 Deus

2286 5330 2469 5393 Israel,
2493 5330 2607 5399 ipse
2632 5330 2779 5383 dabit
2811 5331 3080 5393 virtutem,
3108 5340 3161 5385 et
3183 5332 3541 5386 fortitudinem
3571 5334 3708 5403 plebi
3736 5348 3845 5392 sua

2289 5420 2603 5473 benedictus
2625 5417 2785 5471 Deus.

2364 5508 2567 5561 Oratio.
2605 5504 2945 5560 Excelserum
2989 5506 3193 5561 sedium
3238 5511 3639 5578 supereminens
3670 5521 3725 5568 et
3750 5520 3841 5565 ext-

2294 5598 2431 5653 celsa
2452 5628 2455 5631 λ
2472 5604 2711 5667 potestas
2746 5595 2915 5663 Deus,
2958 5598 3188 5654 concede
3214 5597 3423 5654 farnulis
3453 5603 3591 5669 tuis,
3622 5610 3680 5657 ut
3710 5601 3843 5657 sicut
