4262 6204
356 231 460 287 529

1299 232 1715 304 .LlTURGlCA.
1757 263 1826 273 —-
1863 231 2127 290 OFFICIA
2168 231 2301 288 PER
2340 229 2604 287 FERIAS.

3466 231 3566 282 550

358 344 600 410 Domine,
631 344 799 400 libera
830 358 928 400 nos
953 361 967 411 ;
996 353 1051 400 et
1095 347 1354 418 prophius
1390 355 1508 402 esto
1553 349 1788 417 peccatis
1816 362 1912 400 no-
1937 347 1986 406 Α
2015 345 2219 401 Exaudi
2249 360 2333 400 me
2357 344 2600 409 Domine,
2631 344 2880 412 quoniam
2906 343 3132 413 benigna
3162 353 3242 400 est
3270 345 3571 400 misericor-

357 434 486 491 stris
514 442 734 504 propter
760 449 956 489 nomen
989 443 1156 490 tuum.
1735 493 1737 495 ,

450 520 653 578 Oratio.
685 521 906 578 Proﬂua:
927 525 1286 581 miserationis
1303 524 1568 581 ineffabile
1589 541 1778 582 nomen
1800 523 1918 581 Tri-

357 611 546 672 nitatis
573 609 715 666 Deus
737 609 890 683 [Cad.
915 612 1039 683 Reg.
1055 653 1073 678 ,
1107 613 1355 670 Persolve
1381 616 1751 670 miserationes
1778 624 1914 680 tuas,

359 700 512 756 nobis
557 700 822 758 ineffabile
859 718 1054 758 nomen
1101 713 1272 770 tuum,
1297 706 1534 761 Trinitas
1589 706 1774 778 Deus],
1827 710 1918 775 qui

359 791 579 845 humani
600 792 832 861 pectoris
858 800 1071 846 antrum
1099 794 1397 850 emundans
1421 781 1585 860 vitiis,
1612 810 1774 866 super
1797 811 1922 850 can-

259 948 262 949 ,
355 881 544 936 dorem
567 878 734 936 efﬁcis
780 882 957 946 nivis;
987 884 1202 950 innova,
1243 900 1570 955 quaesumus,
1601 887 1653 940 in
1704 883 1923 942 visceri-

357 971 460 1027 bus
487 973 688 1027 nostris
741 971 1000 1043 Spiritum
1051 983 1296 1029 sanctum
1339 975 1509 1041 tuum,
1556 990 1664 1044 quo
1710 975 1922 1030 laudem

359 1067 506 1120 tuam
552 1063 874 1117 annuntiare
913 1062 1218 1132 possimus:
1253 1072 1312 1120 ut
1344 1072 1492 1119 recto
1535 1064 1922 1133 principalique

357 1151 548 1220 spiritu
576 1152 903 1218 confirmati,
926 1168 1229 1208 mereamur
1249 1155 1462 1210 :eternis
1490 1154 1706 1211 sedibus
1727 1155 1786 1212 in
1798 1155 1923 1211 Hic-

358 1241 592 1298 rusaiem
619 1242 894 1298 cmlestem
914 1243 1183 1314 componi.
1208 1243 1328 1297 Per.

849 1372 956 1444 e7
991 1368 1308 1453 rsaLMUs
1349 1373 1411 1430 v.

427 1507 606 1578 (Ρειι.
639 1506 754 1576 ci.)
791 1507 1036 1574 Domine,
1061 1509 1252 1564 exaudi
1295 1509 1594 1564 orationem
1622 1525 1794 1566 meam
1825 1525 1839 1564 :
1870 1519 1925 1564 et

355 1597 562 1653 clamor
582 1611 737 1653 meus
761 1598 828 1657 ad
854 1606 907 1652 te
944 1599 1141 1655 veniat.
1171 1598 1285 1655 Non
1319 1608 1534 1655 avertas
1561 1599 1752 1655 faciem
1779 1609 1923 1655 tuam

1992 455 1998 461 ·
2017 438 2104 494 dia
2159 445 2247 491 tua
2295 451 2308 490 :

2378 435 2667 491 secundum
2720 435 3111 490 multitudinem
3173 437 3570 490 miserationum

2019 535 2229 581 tuarum
2263 528 2464 596 respice
2490 522 2544 580 in
2570 540 2670 581 me.
2707 525 2770 582 Et
2811 541 2878 580 ne
2906 535 3116 581 avertas
3143 527 3330 582 faciem
3368 535 3511 581 tuam
3543 545 3571 579 η

2017 631 2184 685 puero
2220 625 2345 679 tuo;
2379 614 2627 685 quoniam
2669 615 2914 681 tribulor,
2949 615 3203 670 velociter
3239 613 3430 670 exaudi
3465 631 3568 670 me.

2018 705 2236 759 Intende
2264 704 2453 758 anima:
2480 718 2640 761 mem.
2673 713 2728 759 et
2768 702 2934 758 libera
2972 719 3088 758 eam
3115 722 3125 755 :
3158 713 3374 773 propter
3401 703 3577 758 inimi—

2021 807 2110 847 cos
2143 809 2290 848 meos
2319 794 2464 861 eripe
2490 807 2575 846 me

2091 879 2292 934 Oratio.
2334 880 2628 934 Exorabilis
2658 879 2900 944 Domine,
2935 880 3151 936 intende
3195 882 3246 935 in
3279 883 3573 937 orationem

2021 971 2314 1041 supplicum
2346 980 2581 1035 tuorum,
2613 980 2691 1035 ut,
2737 971 2828 1040 qui
2868 972 2921 1026 in
2969 972 3202 1040 peccatis
3238 973 3435 1028 detenti
3463 983 3578 1028 tan-

2019 1077 2180 1130 quam
2209 1060 2387 1116 fenum
2427 1062 2691 1127 aruimus,
2719 1070 2963 1130 respectu
3005 1062 3237 1116 cmlestis
3273 1063 3577 1123 misericor-

2022 1148 2121 1205 diae
2148 1150 2500 1205 subleventur.
2542 1149 2662 1206 Per.

2583 1285 2897 1342 PSALMUS
2937 1286 3022 1342 Ἢ.

2094 1397 2271 1468 (Ρειιη
2320 1396 2525 1468 cxxix.)
2562 1397 2638 1452 De
2673 1398 2951 1466 profundis
2993 1399 3217 1458 clamavi
3266 1401 3331 1455 ad
3382 1411 3430 1455 te
3479 1401 3580 1454 Do-

2022 1491 2198 1542 mine:
2248 1487 2470 1542 Domine
2508 1487 2698 1541 exaudi
2729 1503 2917 1543 vocem
2965 1473 3160 1543 meam.
3212 1489 3369 1544 Fiant
3424 1507 3583 1545 aures

2025 1587 2128 1631 tua:
2160 1577 2489 1631 intendentes
2515 1577 2567 1630 in
2590 1591 2774 1632 vocem
2799 1569 3191 1648 deprecationis
3219 1595 3371 1634 meae.
3399 1581 3457 1636 Si
3486 1583 3583 1635 ini-

357 1702 389 1742 a
419 1702 505 1746 me
527 1705 546 1746 ιε
573 1687 628 1745 in
648 1701 966 1758 quacum“
990 1689 1075 1744 die
1101 1683 1344 1755 "umor,
1375 1690 1570 1746 inclina
1600 1687 1668 1746 ad
1698 1706 1786 1747 me
1823 1708 1916 1749 au_
1948 1679 1994 1741 Β
2023 1669 2255 1739 quitates
2299 1668 2690 1734 observaveris,
2717 1667 2961 1735 Domine,
3006 1667 3248 1734 Domine,
3279 1671 3399 1740 quis
3427 1673 3585 1726 susti-

357 1791 472 1834 rem
499 1784 664 1840 tuam.
685 1777 749 1832 In
783 1792 1102 1847 quacunque
1127 1778 1215 1833 die
1241 1779 1560 1836 invocavero
1591 1789 1642 1855 te
1673 1800 1685 1834 :
1723 1782 1922 1854 veloci-

358 1876 440 1921 ter
473 1867 676 1927 exaudi
714 1883 821 1924 me.
870 1867 1007 1936 Quia
1057 1869 1364 1931 defecerunt
1407 1873 1546 1928 sicut
1583 1864 1759 1928 fumus
1808 1873 1924 1938 dies

358 1958 463 2014 mei
489 1957 584 2010 :‘et
607 1956 730 2011 ossa
761 1971 880 2015 mea
921 1958 1060 2020 sicut
1086 1948 1345 2018 cremium
1388 1968 1663 2016 aruerunt.
1699 1959 1921 2017 Percus-

353 2062 594 2112 sussum
621 2057 677 2102 ιιι
707 2045 911 2113 fenum,
936 2055 992 2103 et
1023 2049 1168 2106 aruit
1195 2062 1288 2105 cor
1314 2062 1491 2104 meum
1516 2064 1530 2101 :
1577 2051 1702 2119 quia
1727 2051 1924 2107 oblitus

355 2153 475 2195 sum
515 2138 796 2199 comedere
835 2153 1028 2208 panem
1063 2152 1260 2199 meum.
1309 2137 1353 2192 A
1385 2154 1514 2193 voce
1544 2140 1776 2211 gemitus
1820 2141 1923 2195 mei

356 2229 583 2288 adhaesit
612 2243 676 2287 os
720 2216 913 2284 meum
941 2229 1092 2288 carni
1141 2242 1292 2285 meae.
1348 2227 1550 2283 Similis
1596 2228 1765 2284 factus
1806 2245 1923 2284 sum

357 2318 600 2388 pelicano
647 2318 998 2380 solitudinis;
1042 2317 1230 2376 factus.
1269 2334 1387 2376 sum
1440 2319 1580 2383 sicut
1613 2321 1923 2390 nycticorax

359 2424 412 2462 in
439 2406 728 2464 domicilio.
768 2406 1018 2477 Vigilavi,
1048 2414 1104 2461 et
1137 2405 1308 2464 factns
1333 2407 1616 2462 sumsicut
1640 2422 1824 2476 passer
1849 2421 1927 2461 so-

356 2495 569 2552 litarius
599 2495 653 2550 in
697 2503 858 2552 tecto.
907 2495 1042 2549 Tota
1072 2495 1158 2549 die
1195 2495 1595 2564 erprobraliant
1643 2497 1773 2551 mihi
1826 2497 1927 2551 ini-

357 2585 485 2643 mici
513 2587 653 2642 mei:
698 2593 752 2641 et
776 2586 868 2657 qui
909 2584 1197 2643 laudabant
1223 2601 1327 2651 me,
1357 2586 1642 2642 adversum
1673 2585 1927 2654 mejura-

358 2683 508 2737 bant.
556 2679 693 2748 Quia
721 2681 958 2736 cinerem
990 2687 1246 2754 tanquam
1273 2692 1465 2749 panem
1510 2677 1924 2744 manduc‘abam,

355 2777 413 2823 et
438 2776 623 2838 potum
671 2779 850 2826 meum
893 2785 1015 2824 cum
1057 2769 1184 2825 ﬂetu
1222 2770 1535 2824 miseebam.
1583 2769 1635 2826 Α
1673 2769 1810 2826 facie
1836 2770 1930 2827 ira:

360 2857 740 2929 indignationis
779 2866 920 2914 tuae:
955 2859 1079 2928 quia
1122 2859 1339 2914 elevans
1386 2859 1603 2916 allisisti
1644 2874 1766 2921 me.
1807 2859 1931 2918 Dies

360 2947 464 3006 mei
495 2949 636 3004 sicut
677 2949 867 3017 umbra
897 2949 1337 3006 declinaverunt:
1369 2957 1426 3004 et
1452 2964 1565 3020 ego
1584 2950 1722 3006 sicut
1751 2950 1930 3005 fenum

2023 1760 2207 1815 nebit?
2237 1758 2369 1826 Quia
2401 1760 2539 1829 apud
2567 1767 2618 1814 te
2659 1760 2970 1830 propitiatio
3007 1769 3132 1817 est:
3172 1770 3230 1816 et
3266 1772 3484 1831 propter
3508 1763 3585 1819 le-

2023 1866 2140 1922 gem
2155 1860 2304 1906 tuam
2316 1853 2546 1915 sustinui
2567 1861 2639 1917 te,
2656 1853 2897 1908 Domine.
2927 1852 3374 1917 Sustinuitanima
3401 1870 3518 1910 mea
3535 1857 3584 1910 in

2022 1941 2186 1995 verbo
2212 1939 2329 2009 ejus
2358 1958 2371 1994 :
2416 1941 2666 2021 speravit
2691 1942 2866 1995 anima
2889 1979 2893 1983 «
2914 1957 3032 1997 mea
3074 1942 3130 2016 in
3160 1942 3401 2005 Domino.
3426 1943 3470 1996 Δ
3500 1958 3586 1996 cu~

2024 2030 2196 2086 studia
2222 2030 2482 2085 matutina
2506 2045 2673 2099 usque
2693 2030 2760 2084 ad
2785 2039 2996 2087 noctem
3021 2041 3200 2100 speret
3219 2031 3378 2086 Israel
3410 2033 3461 2084 in
3487 2032 3585 2084 Do-

2026 2125 2191 2181 mino.
2219 2124 2353 2192 Quia
2376 2125 2520 2195 apud
2545 2124 2824 2181 Dominum
2855 2125 3246 2187 misericordia,
3285 2132 3340 2177 et
3374 2124 3588 2192 copiosa

2029 2217 2177 2284 apud
2204 2230 2329 2270 eum
2376 2215 2689 2283 redemptio.
2740 2213 2808 2268 Et
2841 2215 2954 2284 ipse
3005 2214 3232 2269 redimet
3283 2212 3467 2280 lsrael,
3522 2230 3584 2266 ev

2027 2306 2277 2361 omnibus
2305 2306 2674 2374 iniquitatibus
2711 2303 2848 2372 ejus.

2100 2393 2166 2447 Ut
2199 2411 2377 2464 supra.
2417 2395 2662 2457 Domine,
2691 2394 2811 2448 vide
2856 2395 3409 2450 bumilitatemmeam
3439 2403 3494 2449 et
3516 2395 3587 2447 la-

2028 2487 2212 2540 borem
2243 2500 2418 2538 meum
2449 2503 2460 2539 :
2491 2491 2547 2538 et
2571 2484 2780 2538 dimitte
2807 2484 3057 2539 universa
3099 2484 3291 2539 delicta
3321 2499 3457 2538 mea.
3508 2485 3583 2538 Ne

2031 2577 2240 2645 perdas,
2295 2575 2538 2640 Domine,
2591 2590 2712 2629 cum
2767 2570 2946 2644 impiis
2991 2570 3223 2630 animam
3270 2589 3474 2637 meam;
3531 2585 3584 2627 et

2031 2681 2152 2723 cum
2182 2666 2313 2719 viris
2364 2665 2681 2734 sanguinum
2735 2663 2898 2718 vitam
2955 2678 3148 2717 meam.
3202 2662 3423 2717 Redime
3479 2679 3582 2726 me,

2033 2754 2278 2816 Domine,
2307 2762 2359 2807 et
2396 2753 2652 2808 miserere
2682 2752 2806 2806 mei.

2099 2844 2211 2914 68
2231 2843 2433 2898 Oratio.
2474 2843 2756 2898 lntendant
2783 2841 2935 2914 [Cod.
2969 2841 3121 2912 Reg.,
3149 2841 3411 2913 Intende],
3442 2845 3586 2910 quam

2033 2951 2217 2992 sumus
2247 2933 2487 2999 Domine,
2518 2934 2730 3005 pietatis
2752 2943 2854 2989 tua:
2878 2949 3035 2990 aures
3055 2936 3108 2988 in
3129 2935 3373 2990 oratione
3400 2933 3449 3004 [1
3456 2934 3541 2987 bid
3549 2973 3586 2995 .,

362 3040 501 3096 arui.
533 3039 612 3096 Tu
641 3050 842 3107 autem,
879 3041 1120 3106 Domine,
1153 3041 1206 3097 in
1247 3049 1504 3098 aeternum
1528 3057 1810 3112 permanes
1837 3060 1849 3094 :
1878 3049 1929 3098 et

2037 3027 2089 3081 in
2115 3024 2431 3096 orationem]
2461 3025 2778 3096 supplicum,
2806 3025 2931 3094 quia
2967 3025 3109 3092 apud
3143 3033 3196 3078 to
3223 3030 3304 3078 est
3336 3023 3589 3092 propitia-

360 3130 675 3192 memoriale
717 3141 865 3186 tuum
916 3131 967 3185 in
1017 3130 1358 3200 generatione
1408 3139 1463 3186 et
1508 3131 1931 3200 generationem.

361 3219 440 3274 Tu
473 3235 768 3291 exsurgens
807 3219 1150 3275 misereberis
1185 3219 1353 3275 Sion:
1385 3220 1509 3289 quia
1541 3229 1750 3290 tempus
1776 3221 1934 3275 mise-

361 3305 515 3365 rendi
555 3312 694 3381 ejus,
735 3310 862 3383 quia
887 3311 1032 3364 venit
1064 3317 1290 3379 tempus.
1324 3309 1585 3379 Quoniam
1616 3310 1935 3380 placuerunt

358 3400 532 3457 servis
556 3400 662 3453 tuis
691 3398 893 3468 rapidos
925 3396 1040 3465 ejus
1074 3416 1084 3450 :
1141 3406 1198 3452 et
1238 3404 1395 3454 terra:
1440 3395 1556 3465 ejus
1603 3399 1933 3453 miserebun-

335 3495 466 3546 'tur.
499 3486 565 3541 Et
593 3487 853 3541 timebunt
899 3495 1084 3557 gentes
1127 3502 1320 3542 nomen
1366 3496 1536 3551 tuum,
1596 3487 1840 3552 Domine,
1880 3495 1936 3544 et

360 3585 549 3633 omnes
579 3591 730 3648 reges
773 3585 930 3631 terra:
974 3571 1197 3648 gloriam
1252 3586 1416 3631 tuam.
1470 3575 1608 3643 Quia
1647 3577 1929 3657 :edificavit

360 3672 619 3730 Dominus
648 3671 774 3729 Sion
805 3688 819 3728 :
863 3683 916 3728 et
942 3673 1207 3728 videbitur
1234 3673 1286 3727 in
1317 3674 1483 3744 gloria
1511 3689 1625 3730 sua.
1675 3673 1931 3743 Respexit

361 3783 413 3820 in
441 3768 740 3833 orationem
770 3767 1050 3822 humilium
1080 3785 1090 3818 :
1125 3774 1178 3820 et
1205 3781 1309 3835 non
1349 3766 1550 3834 sprevit
1589 3778 1804 3836 precem
1833 3779 1927 3817 eo-

362 3870 499 3910 rum.
531 3855 850 3912 Scribantur
886 3859 999 3912 haec
1029 3860 1083 3912 in
1128 3860 1470 3927 generatione
1513 3858 1715 3912 altera:
1756 3864 1810 3910 et
1838 3872 1930 3925 po-

360 3949 538 4018 pulus,
566 3949 656 4017 qui
686 3949 979 4012 creabitur,
1010 3948 1251 4002 laudabit
1301 3948 1600 4002 Dominum.
1647 3947 1780 4014 Quia
1812 3961 1931 4015 pro-

362 4041 537 4110 spexit
564 4041 628 4095 de
668 4039 879 4095 excelso
920 4048 1105 4095 sancto
1152 4055 1270 4105 suo,
1308 4035 1564 4095 Dominus
1610 4042 1674 4095 de
1701 4042 1836 4096 coelo
1876 4042 1928 4095 in

363 4140 562 4186 terram
587 4131 816 4201 aspexit.
850 4129 921 4186 Ut
960 4129 1170 4186 audiret
1214 4131 1443 4202 gemitus
1483 4132 1926 4199 eompeditornm,

358 4232 420 4276 ut
461 4221 692 4278 solveret
733 4219 872 4276 ﬁlios
915 4220 1376 4290 interemptorum.
1423 4220 1491 4275 Ut
1523 4221 1836 4274 annuntient
1873 4221 1926 4274 in

361 4311 492 4366 Sion
520 4325 715 4368 nomen
740 4309 948 4365 Domini
976 4328 987 4362 :
1022 4317 1076 4363 et
1103 4307 1312 4362 laudem
1339 4306 1455 4376 ejus
1483 4307 1537 4361 in
1569 4306 1921 4362 Hierusalem.

361 4401 416 4454 ln
439 4401 804 4478 conveniendo
827 4400 1050 4471 populos
1092 4401 1146 4453 in
1187 4416 1350 4454 unum
1374 4407 1613 4469 et’reges
1639 4407 1797 4454 terrm
1824 4419 1835 4452 :
1868 4408 1929 4455 ut

361 4491 599 4546 serviant
628 4490 872 4544 Domino.
922 4490 1214 4556 Respondit
1245 4491 1292 4544 ei
1337 4490 1390 4542 in
1422 4489 1503 4542 via
1534 4491 1747 4544 virtutis
1777 4506 1923 4544 sum:

361 4583 681 4654 paucitatem
705 4581 909 4635 dierum
941 4595 1180 4633 meorum
1210 4579 1393 4631 nuntia
1416 4580 1563 4632 mihi.
1608 4579 1682 4633 Ne
1709 4595 1928 4635 revoces

362 4688 449 4732 me
494 4675 548 4728 in
594 4672 815 4727 dimidio
855 4671 1061 4725 dierum
1105 4682 1382 4722 meorum:
1425 4667 1476 4719 in
1512 4669 1850 4735 generatione
1875 4678 1930 4723 et

363 4765 758 4835 generationem
776 4761 898 4817 anni
927 4760 1020 4813 tui.
1045 4757 1200 4812 initio
1216 4766 1294 4819 tu,
1318 4754 1560 4818 Domine,
1581 4741 1784 4810 Eram
1808 4755 1928 4810 funv

365 4856 524 4918 dasti,
545 4862 600 4908 et
624 4867 784 4920 opera
810 4866 1062 4906 manuum
1087 4859 1296 4903 tuarum
1333 4853 1454 4899 sunt
1483 4843 1621 4898 coeli.
1655 4843 1756 4912 ipsi
1785 4846 1924 4914 peric

361 4946 518 5009 bunt.
543 4951 599 4998 tu
625 4952 804 5000 autem
830 4957 1113 5013 permanes
1140 4960 1154 4995 ε
1186 4949 1240 4995 et
1264 4952 1450 4995 omnes
1475 4936 1614 4992 sicut
1638 4937 1927 4991 vestimem

363 5044 479 5090 tum
501 5041 856 5090 veterascent.
895 5033 963 5090 Et
1005 5034 1149 5087 sicut
1182 5030 1510 5100 opertorium
1555 5027 1786 5081 mutabis
1812 5042 1924 5091 eos,

365 5140 420 5183 et
451 5126 835 5189 mutabuntur:
863 5133 921 5180 tu
965 5134 1144 5181 autem
1183 5126 1324 5182 idem
1353 5126 1465 5195 ipse
1499 5139 1583 5187 es,
1613 5130 1666 5177 et
1697 5121 1820 5175 anni
1849 5121 1922 5174 tui

364 5231 472 5272 non
498 5215 768 5272 deficient.
796 5216 917 5272 Filii
947 5229 1221 5271 servorum
1253 5224 1463 5271 tuorum
1489 5214 1808 5271 habitabunt
1835 5231 1846 5264 :
1875 5222 1929 5267 et

367 5322 552 5365 semen
569 5286 766 5361 eorum
796 5307 850 5362 in
879 5306 1130 5362 saeculum
1156 5306 1438 5376 dirigetur.

438 5395 506 5452 Ut
560 5412 739 5465 supra.
790 5397 951 5460 Deus,
1000 5407 1054 5450 tu
1104 5396 1210 5449 scis
1238 5396 1594 5465 insipientiam
1642 5409 1836 5457 meam,
1877 5403 1931 5473 et

370 5489 560 5544 delicta
588 5501 708 5541 mea
737 5503 764 5540 a
793 5495 845 5541 te
871 5502 978 5543 non
1009 5492 1133 5541 sunt
1152 5485 1563 5568 absconditauln
1593 5481 1931 5539 multitudine

371 5578 753 5638 misericordiae
781 5585 884 5634 tuae
913 5576 1102 5633 exaudi
1134 5591 1237 5639 me,
1270 5575 1319 5630 in
1341 5576 1565 5633 veritate
1598 5575 1784 5631 salutis
1807 5582 1928 5629 tuae.

2036 3117 2112 3171 tio
2153 3125 2536 3186 peccatorum:
2586 3122 2646 3168 ut
2692 3127 2798 3168 non
2837 3114 3093 3168 observes
3137 3112 3447 3181 iniquitates
3492 3129 3588 3165 no-

2034 3213 2192 3269 stras,
2223 3206 2316 3260 sed
2364 3204 2640 3274 impertias
2681 3202 2835 3258 nobis
2869 3201 3269 3258 misericordias
3309 3210 3446 3258 tuas.
3487 3201 3591 3258 Per

2035 3296 2338 3356 Dominum.
3061 3333 3063 3336 ‹

2577 3382 2894 3442 PSALMUS
2930 3382 3039 3441 γιι.

2105 3495 2283 3565 (Patr.
2321 3495 2509 3566 CXLII.)
2546 3495 2790 3558 Domine,
2829 3494 3024 3550 exaudi
3072 3496 3367 3550 orationem
3393 3511 3582 3553 meam.

2038 3585 2256 3638 auribus
2296 3585 2511 3654 percipe
2553 3584 2979 3639 obsecrationem
3031 3599 3208 3640 meam
3261 3584 3316 3637 in
3367 3585 3591 3638 veritate

2037 3683 2125 3728 tua
2158 3692 2169 3726 :
2203 3674 2392 3727 exaudi
2422 3688 2505 3726 me
2543 3673 2595 3726 in
2625 3680 2713 3726 tua
2749 3672 2978 3741 jnstitia.
3010 3671 3077 3725 Et
3104 3687 3208 3726 non
3238 3673 3406 3727 intres
3433 3674 3486 3727 in
3507 3673 3590 3740 ju-
3671 3683 3677 3688 ‘

2033 3763 2228 3818 dicium
2276 3776 2398 3816 cum
2440 3775 2595 3815 servo
2627 3768 2756 3815 tuo:
2801 3761 2928 3830 quia
2973 3775 3079 3818 non
3118 3759 3501 3840 justiticabitur
3540 3765 3592 3816 in

2029 3861 2322 3921 conspectu
2369 3859 2462 3906 tuo
2503 3852 2678 3907 omnis
2718 3853 2922 3908 vivens.
2975 3851 3110 3918 Quia
3154 3860 3465 3923 persecutus
3512 3864 3595 3908 est

2033 3942 2280 3997 inimicus
2325 3943 2559 3998 animam
2600 3957 2774 3998 meam
2805 3962 2817 3996 :
2852 3943 3151 3998 humilisvit
3180 3945 3234 3998 in
3262 3954 3402 3998 terra
3427 3945 3596 3998 vitam

2033 4047 2228 4087 meam.
2260 4032 2551 4089 Collocavit
2583 4047 2670 4086 me
2704 4032 2759 4086 in
2784 4033 3028 4086 obscuris
3054 4034 3191 4086 sicut
3222 4042 3462 4087 mortuos
3492 4049 3588 4086 sa:-

2027 4122 2153 4185 culi,
2180 4129 2235 4175 et
2261 4122 2509 4176 nnxiatus
2537 4129 2619 4174 est
2639 4134 2799 4188 super
2825 4134 2910 4174 me
2936 4121 3156 4190 spiritus
3193 4137 3346 4176 mens
3379 4141 3390 4174 :
3423 4123 3474 4176 in
3504 4138 3589 4176 me

2029 4209 2301 4265 turbatum
2327 4216 2409 4263 est
2425 4223 2521 4264 eor
2557 4224 2752 4265 meum.
2786 4208 2987 4266 Memor
3013 4210 3087 4264 fui
3117 4211 3323 4266 dierum
3345 4213 3594 4281 antiquo—

2031 4318 2167 4366 rum,
2212 4303 2501 4357 meditatus
2530 4316 2647 4357 sum
2694 4303 2746 4358 in
2777 4303 3027 4359 omnibus
3053 4303 3303 4372 operibus
3338 4303 3444 4358 tuis
3473 4321 3484 4356 :
3541 4305 3590 4357 in

2035 4394 2194 4450 factis
2238 4410 2489 4450 manuum
2542 4404 2751 4449 tuarum
2783 4396 3101 4450 meditabar.
3134 4395 3371 4463 Expandi
3405 4411 3593 4448 manus

2035 4504 2180 4542 meas
2212 4488 2277 4543 ad
2305 4498 2356 4542 te
2387 4507 2398 4540 :
2432 4488 2610 4541 anima
2641 4501 2759 4540 mea
2787 4488 2925 4540 sicut
2956 4492 3098 4537 terra
3128 4485 3244 4537 sine
3291 4500 3427 4551 aqua
3472 4486 3586 4538 tibi.

2034 4578 2301 4632 \‘olociter
2330 4577 2518 4631 exaudi
2546 4591 2646 4638 me,
2674 4575 2922 4627 Domine:
2955 4571 3145 4626 defecit
3174 4573 3394 4640 spiritus
3417 4588 3585 4626 meus.

2033 4666 2148 4720 Non
2184 4665 2400 4720 avertas
2430 4666 2619 4719 faciem
2654 4672 2800 4716 tuam
2829 4675 2859 4715 a
2903 4676 2987 4716 me
3017 4680 3028 4712 :
3072 4669 3127 4716 et
3156 4661 3346 4716 similis
3375 4677 3468 4715 ero
3498 4663 3588 4717 dc-

2033 4758 2407 4812 scendentibus
2459 4757 2513 4809 in
2563 4755 2756 4808 lacum.
2811 4753 3058 4808 Auditam
3115 4753 3200 4808 fac
3251 4756 3381 4810 mibi
3435 4771 3590 4818 mane

2030 4847 2449 4901 misericordiam
2482 4854 2623 4898 tuam
2653 4862 2662 4895 :
2698 4845 2822 4912 quia
2850 4845 2903 4898 in
2927 4851 2978 4897 te
3007 4846 3236 4913 speravi.
3278 4844 3467 4899 Notam
3497 4846 3585 4899 fac.

2029 4936 2158 4989 mihi
2198 4936 2337 4988 viam
2393 4935 2444 4986 in
2493 4948 2598 5000 qua
2645 4933 2913 4989 ambulem
2963 4951 2975 4986 :
3027 4934 3151 5001 quia
3200 4933 3267 4986 ad
3317 4942 3369 4987 te
3421 4933 3588 4987 levavi

2027 5027 2258 5082 animam
2282 5039 2475 5078 meam.
2505 5023 2665 5094 Eripe
2691 5039 2775 5078 me
2813 5024 2878 5078 de
2913 5023 3141 5076 inimicis
3161 5021 3316 5085 meis,
3341 5021 3583 5085 Domine,

2029 5118 2096 5171 ad
2142 5125 2194 5170 te
2237 5115 2491 5186 confugi:
2539 5115 2672 5169 doce
2702 5129 2788 5167 me
2843 5112 3017 5167 facere
3063 5111 3392 5168 voluntatem
3423 5123 3587 5175 tuam,

2028 5208 2152 5276 quia
2180 5206 2322 5260 Deus
2357 5220 2507 5260 meus
2533 5221 2592 5259 es
2625 5213 2700 5257 tu.
2744 5202 2975 5270 Spiritus
3013 5210 3135 5259 tuus
3163 5204 3332 5260 bonus
3368 5206 3592 5259 deducet

2032 5314 2119 5355 mc
2155 5300 2206 5353 in
2239 5309 2435 5353 terram
2479 5305 2721 5350 rectam:
2768 5304 2990 5364 propter
3030 5314 3223 5353 nomen
3267 5307 3432 5359 tuum,
3486 5296 3590 5348 Do-

2032 5392 2200 5452 mine,
2229 5385 2529 5441 vivificabis
2573 5399 2661 5439 me
2703 5385 2758 5439 in
2810 5387 3061 5454 mquitate
3116 5396 3224 5441 tua.
3281 5386 3485 5439 Educcs
3530 5386 3594 5438 de

2035 5476 2377 5537 tribulatione
2406 5475 2638 5528 animam
2679 5491 2878 5544 meam,
2920 5487 2974 5531 et
3003 5479 3054 5534 in
3094 5475 3455 5530 misericordia
3501 5484 3590 5529 tua

2037 5568 2312 5642 (ἥψω-ἀρε
2341 5581 2524 5622 omnes
2559 5566 2802 5624 inimicos
2840 5581 3004 5623 meos.
3030 5553 3118 5620 Ἐι
3174 5567 3364 5634 perdes
3407 5581 3593 5623 omnes
