4262 6192
290 338 496 397 λῦὅδ

1369 340 1758 397 LITURGICA.
1798 372 1870 384 --
1904 342 2168 398 OFFlClA
2206 343 2342 397 PER
2380 345 2645 403 FERIAS.

3522 346 3627 401 53‘

375 449 590 524 iustitia
622 459 713 506 tua
739 458 958 522 propter
983 451 1229 507 inimicos
1258 449 1699 525 meos,dirige,in
1724 457 2020 523 conspeA
2047 452 2272 507 ritatem
2298 459 2445 506 tuam
2468 454 2816 523 requirimus,
2841 464 3107 510 tumorem
3156 453 3505 510 exsecrabilis
3542 470 3628 512 su-

380 552 475 601 ctu
500 551 595 598 tuo
620 543 766 599 viam
800 557 997 597 meam.

444 629 657 685 Oratio.
688 628 769 685 Ne
786 636 999 684 avertas
1028 628 1221 685 faciem
1269 639 1413 686 tuam
1441 646 1472 684 a
1503 630 1657 685 nobis
1711 631 1955 702 omnipo—

382 728 506 778 tens
554 717 719 786 Deus,
750 735 818 776 ne
866 721 1073 775 inimici
1128 723 1298 781 nostri
1347 720 1650 777 exaltcntur
1695 723 1954 778 adversus

384 826 485 866 nos
508 828 522 842 ο
548 810 642 867 sed
689 811 765 865 ita
802 826 897 865 cor
932 820 1175 867 nostrum
1204 811 1455 867 salutaris
1487 813 1563 868 tui
1593 812 1955 867 exsultatione

380 901 741 973 perfunde,ut
765 899 927 957 iaciat
952 916 1052 957 nos
1078 916 1326 958 somnum
1349 903 1597 959 secunda:
1617 902 1807 958 mortis
1829 917 1955 957 eva-

383 992 537 1051 dere.
561 991 684 1049 Per.

911 1127 1021 1197 7o
1053 1126 1392 1186 PSALMUS.

455 1252 637 1328 (Psuu
656 1253 808 1327 an.)
831 1254 889 1310 In
915 1262 992 1321 te,
1021 1255 1269 1325 Domine,
1284 1258 1523 1328 speravi,
1540 1258 1959 1315 nonconfundar

384 1350 443 1404 in
480 1357 742 1405 internum
766 1366 781 1402 :
811 1348 868 1404 in
901 1347 1131 1428 iustitia
1149 1358 1245 1407 tua
1271 1350 1442 1406 libera
1459 1366 1548 1406 me
1575 1358 1631 1406 et
1673 1352 1822 1419 eripe
1848 1366 1953 1405 me.

385 1438 587 1495 lnclina
604 1438 674 1493 ad
713 1453 803 1494 me
825 1453 1010 1495 aurem
1036 1447 1220 1515 tuam:
1250 1436 1306 1494 et
1333 1440 1482 1494 salva
1508 1455 1614 1494 me.
1645 1440 1775 1496 Esto
1821 1439 1955 1493 milii

384 1528 442 1584 in
467 1527 637 1583 Deum
679 1535 1043 1598 protectorem
1067 1569 1083 1595 ,
1117 1536 1172 1584 et
1220 1529 1277 1583 in
1328 1530 1503 1584 locum
1560 1530 1825 1584 munitum
1854 1547 1867 1583 :
1897 1537 1958 1583 ut

383 1617 594 1674 salvum
621 1633 710 1673 me
738 1616 925 1672 facias.
957 1617 1221 1685 Quoniam
1260 1604 1865 1675 firmamentummcum
1903 1626 1960 1674 et

383 1709 650 1782 refugium
669 1725 922 1766 meumes
951 1716 1029 1764 tu.
1053 1710 1198 1766 Deus
1220 1726 1393 1776 meus,
1426 1712 1575 1781 eripe
1595 1726 1682 1766 me
1701 1712 1769 1767 de
1793 1726 1956 1765 manu

2050 541 2252 610 perbim
2270 549 2633 598 conteramus.
2663 542 2785 597 Per.

2122 631 2262 687 Alia.
2294 632 2509 689 Excelsi
2538 633 2659 689 solii
2691 640 3166 705 regnator,aeterne
3186 622 3359 699 Deus,
3373 632 3467 704 qui
3507 648 3629 705 spe-

2055 731 2244 779 rantes
2270 721 2327 777 in
2357 730 2411 778 te
2437 723 2683 778 damnari
2706 723 2925 779 internis
2963 721 3368 778 confusiouibus
3386 740 3499 778 ιιυιιλ
3539 740 3628 795 pa-

2054 814 2209 877 teris,
2237 812 2405 883 reple,
2432 828 2762 882 quaesumus,
2796 812 2938 867 labia
2977 820 3161 867 nostra
3203 812 3358 867 laude
3405 820 3526 877 tua,
3575 821 3631 869 et

2053 902 2141 957 his
2167 917 2268 957 nos
2296 916 2509 972 semper
2542 902 2985 958 meditationibus
3018 902 3281 957 bonorum
3327 901 3634 958 insinuatu-

2055 1006 2267 1049 excrce.
2290 992 2413 1049 Per.

2670 1121 3008 1179 PSALMUS.

2128 1253 2307 1326 (Psu.
2337 1250 2519 1325 xuii.)
2542 1252 2686 1309 Deus
2710 1254 2933 1309 auribus
2961 1251 3161 1308 nostris
3186 1252 3512 1319 audivimus,
3541 1271 3633 1326 pa-

2059 1351 2171 1399 tres
2192 1345 2364 1400 nostri
2395 1345 2857 1399 annuntiaverunt
2884 1344 3059 1399 nobis.
3102 1342 3250 1413 Opus
3270 1345 3411 1414 quod
3440 1360 3630 1415 opera—

2058 1444 2223 1493 tuses
2252 1437 2307 1491 in
2328 1436 2521 1492 diebus
2548 1452 2756 1501 eorum,
2778 1435 2834 1491 in
2888 1436 3080 1491 diebus
3129 1437 3387 1505 antiquis.
3443 1436 3630 1491 Manus

2058 1534 2150 1581 tua
2176 1534 2380 1597 gentes.
2403 1526 2764 1596 disperdidit,
2814 1535 2871 1582 et
2920 1527 3179 1596 plantasti
3227 1542 3321 1583 eos
3352 1545 3365 1580 :
3396 1526 3633 1582 alllixisti

2054 1619 2299 1689 populos,
2330 1626 2386 1674 et
2405 1618 2657 1688 expulisti
2680 1633 2792 1672 eos.
2809 1616 2919 1672 Nec
2946 1616 3092 1672 enim
3111 1617 3166 1671 in
3193 1617 3369 1687 gladio
3393 1632 3489 1672 suo
3512 1632 3634 1686 pos—

2056 1708 2312 1764 sederunt
2341 1714 2544 1763 terram
2576 1724 2590 1760 :
2617 1713 2673 1761 et
2698 1705 2979 1761 brachium
3025 1720 3212 1761 eorum
3251 1720 3359 1759 non
3405 1704 3636 1773 salvavit

382 1800 683 1872 peccatoris
704 1808 806 1869 :et
830 1800 898 1856 de
912 1816 1077 1855 manu
1105 1808 1295 1856 contra
1336 1801 1508 1872 legem
1538 1801 1749 1871 agentis
1771 1808 1828 1855 et
1854 1800 1956 1854 ini—
1984 1817 2028 1876 Β
2056 1814 2170 1854 eos.
2200 1796 2309 1853 Sed
2337 1798 2562 1853 dextera
2610 1804 2725 1861 tua,
2753 1804 2809 1852 et
2836 1795 3115 1851 brachium
3145 1802 3321 1861 tuum,
3350 1804 3406 1851 et
3440 1794 3635 1850 illumi-

382 1891 496 1963 qui.
525 1890 789 1958 Quoniam
814 1898 871 1945 tu
894 1906 956 1946 es
979 1890 1242 1960 patientia
1266 1890 1679 1957 mea,Domine;
1708 1889 1950 1955 Domine,

381 1999 509 2054 spes
526 1998 659 2038 .mea
685 1998 719 2038 a
753 1981 1037 2052 iuventute
1063 1997 1203 2037 mea.
1240 1982 1301 2038 In
1330 1989 1385 2037 te
1428 1981 1783 2037 confirmatus
1832 1984 1953 2034 sum
1993 1999 2002 2008 ·

382 2095 452 2136 ex
495 2086 680 2135 utero:
707 2075 778 2132 de
814 2084 1005 2132 ventre
1051 2077 1244 2140 matris
1294 2091 1430 2132 mea:
1477 2083 1534 2130 tu
1573 2090 1633 2131 es
1656 2082 1955 2145 protector

381 2184 557 2225 meus.
584 2167 646 2223 In
676 2175 730 2223 te
773 2165 1013 2223 cantatio
1038 2182 1159 2223 mea
1207 2181 1422 2237 semper
1448 2184 1461 2220 :
1487 2173 1746 2235 tauquam
1779 2166 1959 2237 prodi-

383 2261 529 2331 gium
553 2258 728 2315 factus
755 2274 873 2314 sum
903 2256 1109 2323 multis,
1134 2264 1191 2313 et
1213 2265 1271 2312 tu
1308 2254 1520 2325 adiutor
1539 2254 1717 2313 fortis.
1730 2254 1959 2326 Replea-

383 2358 472 2405 tur
489 2364 552 2404 os
576 2363 754 2404 meum
781 2347 956 2413 laude,
984 2353 1048 2401 ut
1072 2354 1288 2403 cantem
1328 2345 1553 2418 gloriam
1604 2353 1791 2401 tuam:
1831 2352 1946 2401 tota

384 2438 474 2494 die
505 2438 931 2507 magnitudinem
980 2444 1145 2499 tuam.
1166 2436 1246 2492 Ne
1296 2436 1551 2507 projicias
1588 2452 1683 2493 me
1726 2437 1783 2492 in
1829 2443 1961 2492 tem—

384 2544 516 2599 pore
532 2527 830 2585 senectutis
856 2546 869 2581 :
899 2542 1022 2581 cum
1042 2525 1303 2582 defecerit
1328 2525 1504 2583 virtus
1550 2542 1694 2591 mea,
1720 2542 1790 2581 ne
1810 2526 1961 2581 derev

384 2622 595 2691 linquas
620 2635 726 2675 me.
758 2618 895 2686 Quia
922 2619 1176 2675 dixerunt
1198 2617 1407 2674 inimici
1450 2618 1558 2675 mei
1579 2619 1713 2673 mihi
1738 2637 1751 2672 :
1780 2626 1838 2673 et
1863 2618 1958 2689 qui

383 2711 762 2767 custodiebant
806 2710 1045 2764 animam
1084 2724 1285 2776 meam,
1311 2708 1600 2766 consilium
1627 2707 1875 2765 fecerunt
1901 2709 1959 2765 in

386 2816 574 2866 unum,
594 2800 871 2856 dicentes:
894 2799 1037 2855 Deus
1059 2798 1346 2870 dereliquit
1373 2814 1517 2864 eum,
1546 2798 1960 2871 persequimini,

384 2897 441 2945 et
465 2889 903 2960 comprehendite
934 2904 1055 2943 eum
1081 2908 1101 2943 :.
1122 2889 1251 2960 quia
1278 2904 1386 2945 non
1424 2897 1542 2955 est,
1592 2889 1684 2960 qui
1744 2890 1958 2959 eripiat.

383 2980 621 3043 Deusne
646 2979 917 3051 elongeris
968 2994 1000 3033 a
1038 2994 1169 3034 me:
1218 2978 1362 3033 Deus
1397 2993 1552 3035 meus
1596 2978 1653 3033 in
1701 2978 1960 3033 auxilium

385 3084 565 3128 meum
607 3071 837 3141 respice.
901 3068 1315 3125 Confundantur
1366 3076 1422 3125 et
1482 3068 1738 3125 deficiant
1785 3070 1963 3125 detra-

2055 1891 2207 1946 natio
2234 1889 2414 1945 vultus
2440 1889 2555 1943 tui:
2582 1887 2837 1958 quoniam
2864 1887 3236 1957 complacuisti
3258 1887 3310 1942 in
3340 1890 3439 1943 eis.
3470 1887 3549 1942 Tu
3575 1903 3634 1943 es

2055 1979 2173 2049 ipse
2217 1977 2335 2034 Rex
2359 1992 2517 2033 meus
2554 1986 2614 2032 et
2635 1977 2779 2034 Deus
2799 1991 2952 2032 meus
2976 1993 2991 2030 :
3018 1972 3113 2045 qui
3160 1975 3386 2031 mandas
3433 1975 3636 2031 salutes

2054 2066 2238 2125 Jacob.
2258 2067 2317 2122 in
2343 2075 2398 2121 te
2422 2065 2672 2121 inimicos
2691 2075 2908 2131 nostros
2932 2064 3315 2121 ventilabimus
3337 2080 3507 2147 cornu
3532 2084 3547 2119 :
3581 2074 3637 2121 et

2058 2160 2115 2217 in
2144 2160 2363 2216 nomine
2389 2167 2484 2215 tuo
2510 2174 2827 2229 spernemus
2874 2158 3215 2229 insurgentes
3265 2157 3322 2211 in
3352 2171 3471 2212 nos.
3517 2156 3633 2211 Non

2054 2250 2203 2305 enim
2230 2250 2285 2303 in
2310 2255 2440 2304 arcu
2465 2264 2589 2305 meo
2610 2249 2876 2319 sperabo:
2906 2255 2962 2304 et
2984 2247 3192 2319 gladius
3218 2260 3510 2303 meusnon
3535 2244 3636 2304 sal-

2056 2342 2204 2397 vabit
2231 2357 2337 2397 me.
2368 2340 2602 2397 Salvasti
2631 2341 2778 2396 enim
2797 2356 2899 2397 nos
2925 2340 2992 2396 de
3027 2337 3387 2410 aflligentibus
3421 2352 3552 2394 nos:
3583 2345 3639 2392 et

2055 2431 2303 2485 odientes
2328 2445 2427 2485 nos
2444 2428 2756 2485 confudisti.
2784 2429 2841 2483 In
2871 2429 2984 2485 Deo
3012 2429 3349 2485 laudabimur
3376 2436 3487 2484 tota
3513 2428 3632 2500 die:

2057 2528 2114 2576 et
2140 2520 2196 2575 in
2225 2520 2448 2576 nomine
2476 2527 2570 2575 tuo
2597 2519 2978 2576 confitebimur
3000 2520 3058 2575 in
3086 2519 3303 2577 saecula.
3364 2519 3519 2575 Nunc
3546 2534 3636 2574 au-

2057 2619 2168 2666 tem
2198 2610 2444 2681 repulisti
2472 2618 2529 2667 et
2556 2610 2846 2667 confudisti
2896 2626 3034 2667 nos:
3074 2618 3131 2666 et
3175 2625 3286 2665 non
3340 2610 3638 2682 egredieris

2058 2701 2203 2759 Deus
2223 2702 2280 2756 in
2302 2701 2591 2758 virtutibus
2611 2702 2833 2757 nostris.
2880 2700 3143 2757 Avertisti
3190 2715 3291 2758 nos
3338 2710 3635 2757 retrorsum

2057 2801 2182 2865 post
2201 2793 2450 2848 inimicos
2474 2800 2689 2847 nostros
2720 2810 2734 2845 :
2763 2800 2818 2847 et
2845 2791 2937 2861 qui
2963 2791 3195 2847 oderunt
3227 2805 3329 2846 nos
3350 2830 3366 2857 ,
3423 2791 3640 2863 diripie-

2057 2884 2191 2940 bant
2210 2883 2336 2937 sibi.
2370 2881 2583 2947 Dedisti
2613 2897 2713 2936 nos
2743 2889 2998 2951 tanquam
3019 2896 3149 2937 oves
3173 2896 3457 2939 escarum:
3497 2889 3553 2937 et
3584 2881 3639 2936 in

2060 2973 2309 3045 gentibus
2355 2972 2661 3043 dispersisti
2721 2987 2840 3028 nos.
2872 2972 3179 3028 Vendidisti
3230 2972 3336 3044 71
3386 2971 3642 3043 populum
3688 3048 3695 3053 ι

2059 3079 2216 3137 tuum
2246 3068 2365 3125 sine
2386 3068 2595 3140 pretio:
2629 3075 2686 3124 et
2722 3082 2831 3123 non
2858 3066 2960 3122 fuit
3007 3066 3297 3123 multitudo
3324 3067 3380 3121 in
3408 3080 3622 3122 comma

387 3162 577 3228 bentes
601 3162 797 3216 animae
824 3177 996 3217 mem:
1036 3162 1351 3233 operiuntur
1394 3160 1712 3219 confusione
1766 3169 1823 3218 et
1862 3177 1964 3232 pu-
1990 3155 2036 3219 C
2068 3162 2361 3218 tationibus
2398 3177 2605 3218 eorum.
2627 3160 2865 3217 Posuisti
2913 3176 3015 3217 nos
3057 3159 3404 3231 opprobrium
3446 3158 3642 3215 vicinis

386 3252 551 3322 dore,
599 3255 688 3325 qui
740 3262 990 3326 quierunt
1016 3254 1325 3310 malamihi.
1356 3256 1470 3326 Ego
1512 3264 1695 3312 autem
1750 3271 1966 3328 semper

328 3361 341 3367 ·
387 3344 618 3414 sperabo
649 3364 662 3401 :
691 3354 747 3402 et
786 3345 1033 3417 adjiciam
1083 3362 1248 3416 super
1282 3349 1498 3402 omnem
1532 3346 1744 3403 laudem
1793 3354 1962 3401 tuam.

387 3432 462 3488 Os
506 3449 685 3491 meum
737 3437 1080 3490 annuntiabit
1125 3435 1395 3503 justitiam
1477 3445 1668 3491 tuam:
1720 3445 1832 3491 tota
1878 3437 1967 3494 die

388 3520 626 3578 salutare
652 3529 823 3579 tuum.
853 3522 1118 3589 Quoniam
1144 3540 1252 3577 non
1289 3524 1516 3595 cognovi
1566 3526 1927 3580 litteraturam
1949 3564 1965 3589 ,

390 3612 621 3669 introibo
651 3614 704 3668 in
745 3616 1017 3685 potentias
1064 3614 1279 3671 Domini
1305 3634 1319 3670 :
1345 3616 1571 3672 Domine
1626 3617 1967 3672 memorabor

388 3703 609 3769 iustitia:
658 3711 765 3758 tuae
815 3704 1001 3759 solius.
1035 3703 1178 3761 Deus
1228 3706 1457 3763 docuisti
1487 3722 1574 3762 me
1602 3723 1634 3762 a
1683 3708 1969 3779 iuventute

392 3810 550 3851 mea:
585 3803 642 3852 et
668 3811 839 3867 usque
873 3811 1019 3852 nunc
1044 3797 1406 3867 pronuntiabo
1434 3797 1701 3853 mirabilia
1733 3806 1844 3854 tua.
1901 3798 1970 3851 Et

390 3903 562 3958 usque
588 3887 645 3951 in
665 3896 944 3959 senectam
991 3896 1046 3944 et
1073 3890 1285 3945 senium
1311 3908 1325 3943 :
1356 3890 1500 3949 Deus
1528 3907 1598 3947 ne
1626 3891 1968 3960 derelinquas

391 3992 497 4031 me.
528 3975 712 4032 Donec
744 3978 1061 4052 annuntiem
1109 3979 1389 4035 brachium
1428 3990 1578 4035 tuum
1629 3979 1967 4051 generationi

389 4066 559 4133 omni,
582 4083 700 4139 quae
720 4076 949 4127 ventura
977 4076 1079 4123 est.
1109 4068 1412 4125 Potentiam
1440 4078 1588 4123 tuam
1617 4076 1673 4124 et
1701 4067 1968 4138 justitiam

393 4167 539 4213 tuam
570 4157 711 4214 Deus
738 4174 909 4229 usque
949 4161 1004 4215 in
1031 4160 1318 4228 altissima,
1348 4177 1467 4232 quae
1492 4160 1667 4217 fecisti
1694 4202 1709 4225 ,
1755 4177 1971 4232 magna-

392 4233 509 4305 lia':
540 4248 683 4305 Deus
700 4249 822 4322 quis
857 4251 1053 4308 similis
1081 4253 1212 4308 tibi?
1238 4252 1480 4325 Quantas
1520 4254 1807 4309 ostendisti
1836 4252 1967 4307 mihi

395 4340 774 4398 tribulationes
792 4342 988 4397 multas
1008 4350 1063 4399 et
1102 4343 1305 4400 malas?
1340 4352 1396 4400 et
1420 4360 1713 4400 conversus
1733 4343 1973 4402 viviﬁca-

395 4433 467 4487 sti
498 4448 625 4489 me:
656 4440 712 4489 et
752 4434 820 4491 de
844 4436 1057 4507 abyssis
1099 4443 1258 4492 terra:
1302 4436 1496 4492 iterum
1542 4437 1808 4493 reduxisti
1859 4452 1966 4491 me.

2066 3254 2292 3319 nom-is,
2320 3252 2802 3308 aubsannationem
2828 3258 2884 3305 et
2905 3250 3143 3305 derisum
3164 3249 3273 3315 bis,
3299 3249 3391 3318 qui
3433 3256 3559 3303 sunt
3587 3248 3640 3301 in

2061 3344 2297 3401 circuitu
2316 3349 2530 3397 nostro.
2564 3340 2802 3396 Posuisti
2826 3354 2925 3395 nos
2946 3340 3001 3394 in
3033 3339 3444 3401 similitudinem
3469 3338 3645 3409 genti-

2066 3433 2165 3486 bus
2192 3450 2203 3484 :
2235 3430 2650 3485 commotionem
2675 3429 2872 3499 capitis
2908 3428 2963 3483 in
3012 3428 3240 3499 populis.
3269 3427 3405 3484 Tota
3445 3427 3533 3485 die
3559 3443 3645 3484 ve-

2065 3522 2318 3578 recundia
2354 3537 2473 3576 mea
2499 3530 2689 3576 contra
2713 3538 2801 3577 me
2826 3529 2946 3577 cst:
2978 3530 3035 3577 et
3051 3519 3297 3576 confusio
3325 3518 3482 3589 faciei
3511 3535 3644 3577 mea:

2064 3612 2343 3681 cooperuit
2364 3627 2469 3666 me.
2490 3612 2534 3665 A
2557 3626 2690 3667 voce
2707 3609 3085 3682 exprobrantis
3110 3619 3166 3667 et
3202 3610 3542 3681 obloquentis
3560 3651 3576 3676 ,
3613 3626 3643 3662 a

2068 3701 2207 3758 facie
2237 3702 2441 3757 inimici
2469 3713 2523 3757 et
2549 3703 2949 3773 persequentis.
2996 3702 3122 3757 llaec
3162 3702 3343 3759 omnia
3380 3708 3645 3756 venerunt

2069 3811 2233 3865 super
2259 3811 2378 3859 nos,
2409 3810 2511 3849 nec
2534 3795 2689 3849 obliti
2717 3810 2903 3850 sumus
2934 3800 3019 3859 te,
3077 3801 3132 3847 et
3172 3793 3358 3862 inique
3387 3806 3494 3848 non
3539 3791 3648 3862 egi-

2068 3903 2188 3943 mus
2210 3887 2265 3941 in
2286 3893 2619 3942 testamento
2642 3893 2754 3941 tuo.
2785 3886 2853 3941 Et
2880 3901 2989 3942 non
3007 3884 3236 3940 recessit
3255 3892 3402 3940 retro
3424 3898 3518 3939 cor
3545 3898 3642 3940 no-

2069 3990 2242 4037 strum
2269 4024 2285 4050 ,
2319 3986 2375 4033 et
2393 3979 2678 4034 declinasti
2705 3977 2929 4034 semitas
2957 3978 3175 4032 nostras
3196 3990 3227 4031 a
3248 3975 3335 4031 via
3358 3982 3466 4030 tua.
3509 3972 3646 4042 Quo-

2042 4104 2047 4109 θ
2070 4074 2216 4130 niam
2238 4071 2537 4139 humiliasti
2564 4085 2664 4125 nos
2693 4069 2744 4122 in
2782 4067 2901 4123 loco
2923 4066 3230 4123 afﬂictiouls
3249 4085 3263 4121 :
3280 4073 3351 4123 et
3369 4065 3647 4136 cooperuit

2069 4183 2169 4224 nos
2196 4168 2389 4223 umbra
2407 4164 2620 4221 mortis.
2670 4161 2736 4218 Si
2765 4161 2930 4218 obliti-
2954 4174 3151 4219 sumus
3202 4160 3397 4215 nomen
3430 4157 3527 4213 Dei
3554 4171 3651 4214 no-

2070 4258 2173 4312 stri
2198 4272 2212 4311 :
2241 4264 2298 4313 et
2318 4257 2365 4311 si
2392 4254 2738 4311 extendimus
2760 4266 2954 4307 manus
2978 4256 3191 4304 nostras
3229 4246 3300 4305 ad
3336 4246 3502 4305 Deum
3522 4246 3649 4302 alie-

2072 4364 2221 4405 num.
2249 4348 2439 4404 Nonne
2462 4346 2607 4401 Dens
2623 4343 2866 4412 requiret
2880 4340 3022 4395 ista?
3046 4339 3162 4409 ipse
3188 4338 3334 4394 enim
3357 4337 3508 4393 novit
3527 4338 3646 4394 abs-

2071 4441 2289 4497 condita
2327 4436 2523 4493 cordis.
2558 4434 2825 4502 Quoniam
2881 4438 3105 4503 propter,
3154 4436 3210 4485 te
3257 4429 3649 4486 mortificamur

370 4520 771 4592 κλίαιιὶριίωειί
821 4505 1280 4596 magnificentiam
1333 4536 1520 4583 tuam:
1568 4536 1626 4583 et
1667 4544 1966 4584 conversus
1999 4505 2187 4585 D-tota
2241 4528 2329 4584 die
2363 4546 2377 4581 :
2418 4524 2685 4581 aestimati
2726 4539 2916 4579 sumus
2974 4523 3115 4578 sicut
3166 4537 3296 4578 oves
3335 4522 3643 4579 occisionis.

396 4611 703 4669 consolatus
733 4628 794 4668 es
818 4630 925 4669 me.
945 4616 1082 4671 Nam
1106 4625 1164 4673 et
1187 4633 1287 4689 ego
1310 4618 1609 4675 confitebor
1629 4620 1723 4675 tibi
1748 4621 1801 4674 in
1820 4620 1967 4675 vasis
2073 4620 2333 4688 Exsurge,
2344 4631 2516 4686 quare
2538 4615 2814 4671 obdormis
2835 4613 3098 4669 Domine?
3122 4628 3374 4684 exsurge,
3400 4620 3455 4669 et
3480 4628 3549 4668 ne
3571 4629 3649 4668 rc-

397 4701 590 4777 psalmi
630 4702 910 4758 veritatem
935 4712 1081 4761 tuam
1097 4706 1279 4767 Deus:
1310 4710 1533 4779 psallam
1554 4710 1655 4766 tibi
1679 4711 1736 4767 in
1758 4711 1965 4765 cithara
2070 4708 2240 4781 pellas
2265 4708 2321 4761 in
2344 4706 2527 4761 tinem.
2561 4705 2740 4773 Quare
2763 4703 2955 4759 faciem
2991 4711 3137 4758 tuam
3178 4704 3415 4759 avertis:
3465 4702 3649 4758 oblivi-

399 4801 625 4849 sanctus
648 4792 835 4860 Israel.
878 4792 1239 4863 Exsultabunt
1288 4797 1429 4853 labia
1456 4814 1575 4854 mea
1594 4840 1608 4864 ,
1636 4815 1769 4854 cum.
1787 4809 1968 4856 canta-

398 4898 531 4940 vero
556 4882 656 4940 tibi
681 4903 694 4939 :
721 4893 777 4941 et
802 4885 982 4941 anima
1032 4871 1175 4953 mea,
1206 4902 1369 4956 quam
1412 4887 1710 4944 redemisti.
1760 4889 1869 4944 Sed
1912 4897 1968 4945 et

400 4979 584 5051 lingua
604 4996 727 5037 mea
751 4982 971 5038 tota‘die
988 4983 1334 5039 meditabitur
1352 4983 1624 5052 justitiam
1652 4990 1822 5047 tuam,
1846 4998 1969 5037 cum

403 5070 616 5128 confusi
661 5075 963 5130 etreveriti
1009 5075 1232 5142 fuerint,
1264 5076 1355 5145 qui
1381 5080 1629 5145 quierunt
1648 5073 1787 5129 mala
1817 5074 1969 5129 mihi.

476 5158 545 5216 Ut
564 5176 746 5232 supra.
777 5161 857 5218 Tu
886 5179 970 5229 es,
992 5164 1240 5232 Domine,
1270 5164 1532 5238 refugium
1559 5179 1769 5229 meum;
1819 5179 1849 5218 a
1879 5164 1975 5219 tri-

404 5251 703 5319 bulatione,
730 5267 851 5324 qua:
866 5254 1223 5313 circumdedit
1248 5275 1359 5325 me,
1387 5256 1819 5315 exsultatio-mea
1846 5272 1975 5313 erue

406 5360 498 5404 me
520 5360 552 5401 a
578 5345 1041 5402 circumdantibus
1051 5363 1157 5404 me.
1173 5349 1254 5407 Ne
1277 5347 1977 5423 derelinquasme,Dominc

409 5438 553 5495 Dens
570 5452 746 5505 meus,
772 5453 842 5494 ne
868 5437 1186 5496 discesseris
1210 5458 1240 5496 a
1271 5458 1377 5499 me.
1417 5443 1645 5502 intende
1674 5441 1741 5497 in
1774 5440 1978 5511 adjuto—

410 5541 550 5587 num
566 5541 769 5593 meum,
794 5526 1020 5586 Domine
1046 5529 1235 5585 salutis
1263 5547 1415 5589 mea.

483 5640 687 5697 Oratio.
714 5632 1040 5697 immensam
1074 5640 1467 5701 multitudinem
1508 5640 1806 5700 dulcedinis
1832 5647 1935 5695 tu.e
1961 5682 1975 5705 ,

416 5729 657 5801 piissime
690 5728 1282 5807 Dominc,sappliciter
1303 5748 1616 5801 exoramus;
1646 5739 1705 5785 ut
1749 5731 1873 5786 dum
1897 5748 1980 5789 vc—

2074 4801 2246 4858 sceris
2268 4800 2463 4871 inopia:
2505 4807 2703 4853 nostrae
2744 4804 2800 4851 et
2839 4794 3202 4851 tribulationis
3254 4792 3487 4849 nostra?
3509 4793 3651 4861 Quo-.

2077 4899 2224 4954 niam
2249 4896 2530 4952 bumiliata
2565 4899 2651 4949 est
2690 4892 2743 4945 in
2772 4890 3012 4960 pulvere
3042 4887 3223 4943 anima
3260 4896 3445 4942 nostra
3474 4906 3489 4941 :
3523 4903 3648 4943 con-

2072 4988 2368 5060 glutinatus
2403 4993 2489 5041 cst
2526 4984 2580 5038 in
2607 4990 2751 5036 terra
2790 4986 2982 5055 venter
3024 4985 3231 5033 noster.
3262 4977 3525 5054 Exsurge,
3551 4978 3653 5033 Do-

2074 5081 2242 5144 mine,
2274 5079 2463 5147 adjuva
2511 5088 2617 5128 nos
2644 5090 2654 5123 :
2686 5078 2741 5127 et
2782 5069 2989 5127 redime
3037 5084 3136 5124 nos
3178 5076 3399 5140 propter
3453 5084 3649 5124 nomen

2030 5176 2033 5179 ’
2068 5177 2251 5225 tuum.

2150 5257 2216 5313 Ut
2252 5270 2429 5327 supra.
2459 5252 2604 5308 Deus
2640 5250 2695 5304 in
2733 5248 2955 5305 nomine
3006 5255 3100 5305 tuo
3155 5249 3360 5305 salvum
3410 5260 3494 5301 me
3542 5245 3646 5299 fac.
3710 5295 3714 5299 .

2078 5351 2221 5405 Deus
2274 5344 2468 5401 exaudi
2528 5340 2833 5398 orationem
2900 5356 3111 5408 meam;
3176 5341 3396 5396 auribus
3437 5338 3653 5407 percipe

2077 5440 2241 5496 verba
2264 5436 2377 5492 oris
2403 5434 2534 5489 mei.

2152 5546 2352 5603 Oratio.
2384 5544 2649 5616 Exsurge,
2672 5543 2921 5609 Domine,
2949 5543 3002 5599 in
3024 5540 3280 5596 auxilium
3297 5546 3574 5603 nostrum;
3600 5553 3655 5597 (ιι

2080 5656 2208 5696 erue
2237 5653 2336 5693 nos
2372 5638 2440 5693 ab
2463 5628 2773 5707 opprobriis
2799 5636 3053 5689 vitiorum
3087 5649 3099 5685 :
3133 5640 3190 5686 ct
3226 5630 3317 5702 qui
3347 5644 3528 5685 coram
3561 5647 3651 5701 pa—

2080 5732 2251 5788 tribus
2282 5725 2485 5782 nostris
2539 5724 2877 5780 inimicamm
2922 5722 3159 5795 gentium
3190 5738 3352 5795 regna
3394 5721 3591 5789 vicisti,
3623 5738 3655 5778 ει
