4262 6216
637 275 736 328 555
1477 275 1532 330 Β.
1577 273 1635 327 l".
1661 273 1884 327 ALBlNl
1925 271 2054 327 SEU
2099 259 2196 325 AL!

2281 273 2368 328 1M
2407 275 2690 332 OI'ERUM
2729 277 2906 332 PARS
2939 277 3025 332 IV.

3772 283 3875 342 555

635 413 1083 483 persequentibus
1109 411 1343 467 inimicis
1370 410 1549 464 vultus
1582 410 1656 467 tui
1689 409 2084 468 illuminationc
2112 422 2207 463 nos
2235 405 2284 468 Δ
2313 418 2371 464 ut
2417 418 2469 466 te
2509 419 2564 467 et
2591 428 2813 502 vespere
2849 422 2904 469 et
2953 427 3111 468 mane
3137 453 3152 478 ,
3189 413 3520 484 meridieque
3561 415 3872 487 laudantes,

637 506 802 576 eripe.
834 504 935 560 Per
957 503 1264 561 Dominum.

1262 592 1596 650 PSALMUS.

705 688 881 756 (PSAL.
910 689 1042 758 uv.)
1070 686 1278 743 Exaudi
1304 686 1468 748 Deus,
1507 685 1807 741 orationem
1832 699 2029 748 meam,
2063 692 2117 738 et
2141 700 2208 738 ne

633 779 946 847 despexeris
971 775 1407 851 deprecationem
1437 789 1632 839 meam,
1663 773 1883 829 intende
1930 773 2061 828 mibi
2091 813 2105 835 .
2152 781 2206 828 et

632 872 821 926 exaudi
853 886 958 924 me.
974 869 1335 926 Contristatus
1361 883 1479 923 sum
1528 868 1582 921 in
1609 867 2000 922 exercitatione
2052 882 2201 921 mea:

633 975 688 1018 et
709 964 1058 1019 conturbatus
1088 978 1206 1016 sum
1228 977 1258 1016 a
1290 975 1420 1015 voce
1465 959 1693 1024 inimici,
1714 968 1770 1014 et
1803 974 1832 1012 a
1860 958 2207 1013 tribulatione

586 1099 592 1105 .
631 1055 948 1124 peccatoris.
986 1033 1248 1118 Quoniam
1288 1051 1694 1106 declinaverunt
1747 1051 1802 1104 in
1833 1067 1920 1104 me
1958 1051 2207 1118 iniquita-

635 1153 714 1197 tes
739 1162 752 1196 :
784 1143 910 1198 etin
939 1143 1017 1196 ira
1043 1141 1257 1197 molesti
1285 1149 1440 1195 erant
1467 1140 1618 1194 mihi.
1651 1139 1758 1202 Cor
1785 1155 1960 1194 meum
1991 1149 2208 1193 contur-

631 1234 815 1287 batum
851 1240 936 1287 est
963 1233 1017 1287 in
1051 1248 1172 1286 me:
1199 1238 1258 1285 et
1294 1228 1523 1285 formido
1575 1229 1766 1284 mortis
1808 1227 2004 1282 cecidit
2043 1241 2208 1313 super

631 1339 736 1377 me.
767 1324 950 1377 Timor
976 1332 1030 1376 et
1069 1329 1266 1376 tremor
1295 1328 1561 1378 venerunt
1579 1334 1746 1388 super
1793 1333 1880 1373 me
1904 1336 1916 1372 :
1947 1326 2002 1371 et
2025 1325 2206 1371 conte-

575 1408 579 1418 ’
632 1423 826 1468 xerunt
851 1427 938 1467 me
966 1411 1222 1466 tenebrm.
1255 1410 1322 1466 Et
1349 1408 1487 1474 dixi,
1517 1408 1639 1478 quis
1665 1407 1816 1462 dabit
1841 1405 1972 1461 mihi
1998 1419 2204 1474 pennas

630 1504 769 1556 sicut
830 1502 1125 1556 columbte:
1157 1507 1213 1554 et
1265 1498 1492 1563 volabo,
1534 1506 1590 1553 et
1642 1497 2015 1568 requiescam?
2067 1495 2204 1550 Ecce

629 1593 872 1663 elongavi
897 1591 1128 1663 fugiens,
1166 1597 1222 1646 et
1253 1590 1427 1646 mansi
1456 1590 1511 1644 in
1569 1588 1874 1645 solitudine.
1921 1588 2206 1658 Exspecta-

629 1685 753 1738 bam
775 1698 921 1748 cum,
951 1698 1045 1752 qui
1065 1681 1271 1736 salvum
1299 1695 1388 1736 me
1418 1678 1547 1735 fecit
1573 1695 1602 1732 a
1632 1677 2078 1747 pusillanimitate
2100 1677 2203 1746 spi-

2314 500 2618 559 mereamur
2642 502 2709 557 ab
2743 500 2903 572 hujus
2936 503 3115 559 saeculi
3142 505 3550 577 tempestatibus
3582 505 3872 564 defensari.

2311 586 2434 644 Per.

2931 731 3264 792 PSALMUS.

2379 869 2557 939 (PSAL.
2593 871 2702 943 ιγ.)
2743 871 3000 930 Miserere
3048 876 3156 931 mei
3193 876 3358 944 Deus,
3381 880 3633 948 quoniam
3667 882 3878 938 concul-

2307 963 2452 1016 vavit
2487 979 2574 1018 me
2604 963 2763 1019 homo
2788 984 2801 1019 :
2836 973 2950 1021 tota
3001 967 3090 1022 die
3120 968 3439 1039 impugnans
3464 971 3740 1027 tribulavit
3765 987 3872 1028 me.

2306 1050 2770 1108 Concnlcaverunt
2791 1069 2879 1110 me
2909 1055 3115 1110 inimici
3172 1059 3275 1113 mei
3307 1066 3420 1114 tota
3466 1060 3554 1115 die
3579 1079 3593 1116 :
3621 1064 3874 1132 quoniam

2307 1139 2460 1194 multi
2496 1141 2758 1198 bellantes
2799 1143 3083 1206 adversum
3108 1162 3212 1201 me.
3247 1145 3330 1202 Ab
3354 1148 3638 1206 altitudine
3683 1153 3789 1208 diei
3814 1154 3878 1208 ti-

2307 1229 2465 1284 mebo
2493 1247 2506 1282 :
2541 1244 2640 1300 ego
2671 1246 2804 1288 vero
2830 1232 2884 1286 in
2910 1240 2962 1288 te
2995 1237 3243 1303 sperabo.
3273 1235 3330 1292 In
3356 1235 3468 1293 Deo
3505 1237 3734 1295 laudabo
3757 1243 3874 1296 ser-

2306 1332 2496 1373 mones
2525 1327 2700 1385 meds,
2731 1321 2786 1375 in
2833 1321 2944 1390 Deo
2970 1318 3183 1393 speravi
3212 1342 3225 1380 :
3259 1341 3366 1382 non
3405 1328 3627 1394 timebo,
3650 1329 3778 1399 quid
3801 1328 3877 1386 fa-

2304 1407 2414 1461 ciat
2437 1408 2569 1463 mihi
2604 1424 2748 1465 caro.
2785 1411 2917 1466 Tota
2941 1413 3028 1469 die
3057 1415 3220 1470 verba
3273 1432 3391 1473 mea
3414 1421 3872 1479 exsecrabantur:

2305 1499 2590 1553 adversum
2621 1516 2707 1556 me
2735 1516 2925 1557 omnes
2968 1505 3325 1575 cogitationes
3351 1523 3537 1564 eorum
3563 1511 3619 1565 in
3653 1513 3870 1569 malum.

2304 1587 2686 1644 lnbabitabunt
2715 1599 2769 1644 et
2791 1592 3158 1648 abscondent:
3197 1595 3298 1666 ipsi
3341 1597 3647 1655 calcaneum
3695 1612 3873 1658 meum

2303 1677 2682 1732 observabunt.
2709 1678 2863 1734 Sicut
2889 1683 3262 1740 sustinuerunt
3285 1687 3520 1743 animam
3562 1706 3874 1764 meam,pro

630 1777 766 1832 ritus
787 1784 842 1831 et
871 1747 1212 1845 tempestate.
1241 1773 1548 1841 Przecipita,
1571 1771 1828 1835 Domine,
1878 1767 2058 1825 divide
2102 1767 2203 1821 lin—
2233 1747 2278 1806 Β
2304 1763 2472 1855 nihilo
2501 1766 2677 1823 salvos
2705 1767 2872 1827 facies
2895 1770 3014 1828 illos
3041 1792 3053 1828 :
3084 1773 3139 1829 in
3191 1776 3269 1830 ira
3293 1778 3516 1846 populos
3540 1747 3871 1855 confringes.

628 1879 758 1934 guas
779 1879 980 1919 eorum.
1020 1862 1283 1930 Quoniam
1311 1861 1419 1916 vidi
1449 1859 1790 1930 iniquitatem
1837 1865 1890 1912 ct
1933 1855 2200 1914 contradi-

627 1955 860 2010 ctionem
887 1955 940 2009 in
973 1955 1207 2010 civitate.
1239 1953 1337 2008 Die
1381 1967 1444 2006 ac
1470 1960 1631 2007 nocte
1681 1950 2036 2005 circumdabit
2078 1964 2197 2004 eam

627 2060 792 2114 super
816 2059 1002 2100 muros
1029 2043 1145 2112 ejus
1175 2042 1455 2112 iniquitas,
1476 2049 1532 2096 et
1570 2040 1721 2095 labor
1749 2040 1803 2094 in
1828 2039 2007 2096 medio
2049 2037 2164 2106 ejus
2182 2079 2196 2100 ,

627 2146 683 2191 et
734 2137 947 2205 justitia
973 2133 1085 2208 ιι..
1129 2133 1438 2205 injustitia].
1474 2132 1540 2186 Et
1579 2147 1688 2186 non
1742 2130 1940 2185 defecit
1978 2130 2044 2185 de
2091 2130 2198 2198 pla-

627 2229 729 2284 teis
754 2229 871 2298 ejus
899 2243 1060 2286 usura
1082 2235 1138 2280 et
1159 2226 1328 2280 dolus.
1359 2224 1624 2290 Quoniam
1655 2224 1701 2275 si
1746 2222 1997 2276 inimicus
2046 2236 2196 2274 meus

623 2317 990 2374 maledixisset
1031 2315 1161 2370 mihi
1189 2334 1202 2368 :
1235 2313 1617 2368 sustinuissem
1661 2313 1867 2381 utique.
1922 2311 1990 2365 E—t
2037 2310 2085 2364 si
2117 2311 2193 2374 is,

624 2409 715 2480 qui
744 2407 933 2463 oderat
956 2422 1065 2467 me,
1089 2421 1246 2474 super
1273 2411 1358 2458 me
1372 2416 1562 2474 magna
1580 2401 1786 2456 locutus
1811 2399 2037 2455 fuisset:
2069 2401 2194 2454 abs-

621 2498 927 2554 eondissem
972 2511 1059 2557 me
1088 2496 1317 2553 forsitan
1351 2495 1418 2554 ab
1451 2509 1534 2549 eo.
1595 2493 1675 2548 Tu
1702 2507 1831 2568 vero
1859 2491 2018 2546 homo
2069 2505 2194 2545 una-

623 2588 811 2650 nimis,
836 2588 942 2640 dux
963 2601 1114 2639 meus
1142 2594 1196 2638 et
1213 2592 1376 2637 notus
1421 2597 1593 2638 meus.
1623 2581 1723 2648 Qui
1778 2580 1936 2634 simul
1983 2595 2194 2647 mecum

621 2683 803 2739 dulces
828 2681 1079 2751 capiebas
1126 2679 1318 2733 cibos:
1353 2677 1406 2732 in
1446 2676 1605 2731 domo
1661 2675 1756 2729 Dei
1806 2673 2195 2728 ambulavimus

620 2790 740 2832 cum
761 2788 1048 2828 consensu.
1065 2769 1257 2828 Veniat
1278 2783 1422 2822 mors
1435 2765 1725 2836 superillos
1753 2783 1764 2818 ε
1791 2772 1845 2818 et
1866 2761 2194 2819 descendant

624 2866 678 2916 in
712 2862 983 2916 infernum
1012 2859 1276 2917 viventes.
1305 2856 1569 2923 Quoniam
1612 2855 1867 2924 nequitire
1896 2854 1948 2908 in
1990 2853 2195 2906 habita-

620 2954 758 3007 culis
785 2967 969 3008 eorum
1009 2951 1065 3004 in
1090 2950 1267 3004 medio
1311 2963 1518 3001 eorum.
1550 2948 1661 3016 Ego
1685 2955 1866 3000 autem
1913 2946 1980 3002 ad
2027 2945 2192 3000 Deum

619 3042 844 3098 clamavi
871 3059 883 3094 :
915 3048 968 3096 et
987 3038 1247 3093 Dominus
1273 3036 1500 3091 salvabit
1527 3048 1632 3095 me,
1662 3032 1894 3110 Vespere
1921 3042 1976 3092 et
1996 3049 2154 3089 mane
2172 3075 2184 3096 ,

619 3144 674 3192 et
710 3132 934 3188 meridie
978 3129 1209 3184 narrabo
1232 3135 1285 3182 et
1317 3124 1677 3181 annuntiabo:
1706 3131 1760 3178 et
1809 3122 2060 3182 exaudiet
2104 3136 2192 3179 νοτ

617 3239 973 3287 commeam:
1015 3221 1260 3276 Redimet
1291 3219 1342 3272 in
1360 3232 1492 3287 pace
1516 3216 1752 3270 animam
1776 3230 1952 3269 meam
1978 3215 2046 3268 ab
2074 3214 2181 3278 his,

618 3319 710 3384 qui
747 3315 1201 3385 -appropinqnant
1261 3311 1393 3364 mihi
1442 3327 1453 3362 ε
1509 3307 1760 3379 quoniam
1820 3308 1962 3361 inter
1996 3305 2192 3361 multo:

622 3414 778 3460 erant
811 3419 1039 3458 mecum.
1080 3401 1338 3456 Exaudiet
1368 3399 1544 3463 Deus,
1582 3406 1636 3452 et
1671 3398 1977 3452 hamiliabit
2030 3397 2147 3451 illos
2173 3438 2187 3462 ,

618 3498 710 3566 qui
747 3503 830 3552 est
865 3503 989 3548 ante
1011 3490 1222 3546 saecula.
1255 3488 1372 3542 Non
1398 3489 1543 3542 enim
1569 3496 1657 3542 est
1684 3489 1788 3543 illis
1815 3489 2186 3552 commutatio,

619 3599 676 3644 et
713 3602 816 3641 non
849 3587 1146 3639 timuerunt
1175 3581 1342 3635 Deum
1371 3597 1382 3631 :
1413 3579 1658 3632 extendit
1695 3593 1909 3631 manum
1935 3593 2087 3631 suam
2134 3579 2186 3630 in

617 3676 920 3731 tribuendo.
973 3669 1485 3728 Contaminaverunt
1518 3675 1900 3746 testamentum
1952 3665 2090 3736 ejus,
2113 3666 2180 3718 di-

615 3770 719 3824 visi
758 3777 881 3823 sunt
907 3770 973 3820 ab
1005 3766 1083 3820 ira
1129 3764 1306 3820 vultus
1341 3762 1495 3830 ejus:
1529 3769 1581 3815 et
1616 3759 2062 3829 apprOpinquavit
2094 3773 2186 3811 cor

618 3861 776 3915 illius.
809 3858 994 3911 Molliti
1023 3862 1147 3908 sunt
1204 3868 1480 3912 sermones
1533 3851 1647 3918 ejus
1682 3866 1846 3920 super
1874 3850 2049 3904 oleum
2079 3867 2091 3902 :
2132 3857 2185 3903 et

617 3950 719 4017 ipsi
751 3955 875 4000 sunt
897 3945 1092 4013 jacula.
1130 3943 1277 3997 Jacta
1306 3958 1467 4010 super
1491 3941 1778 3994 Dominum
1799 3955 1984 4000 curam
2013 3947 2182 4003 tuam,

616 4047 671 4093 et
739 4038 854 4106 ipse
909 4043 960 4087 te
1014 4033 1289 4086 enutriet;
1325 4047 1430 4084 non
1492 4031 1639 4083 dabit
1676 4031 1728 4082 in
1776 4036 2040 4083 internum
2094 4028 2186 4082 flu-

614 4128 944 4185 ctuationem
969 4122 1135 4191 justo.
1188 4120 1265 4174 Tu
1295 4137 1425 4173 vero
1455 4120 1595 4174 Deus
1628 4120 1858 4173 deduces‘
1893 4135 1985 4173 eos
2013 4120 2066 4174 in
2091 4135 2183 4188 pu-

616 4197 761 4274 teum
798 4215 1070 4270 interitus.
1097 4211 1210 4268 Viri
1238 4210 1558 4281 sanguinum
1589 4216 1641 4263 et
1676 4208 1866 4274 dolosi,
1897 4223 2004 4262 non
2030 4209 2186 4264 dimi-

614 4309 837 4363 diabunt
864 4305 979 4361 dies
1002 4318 1149 4366 suos,
1172 4315 1272 4372 ego
1300 4309 1480 4355 autem
1509 4297 1737 4369 sperabo
1767 4298 1822 4352 in
1856 4307 1907 4354 te
1936 4298 2179 4354 Domine.

2300 1854 2439 1910 Deus
2465 1857 2629 1912 vitam
2664 1875 2840 1914 meam
2883 1864 3197 1920 annuntiavi
3237 1868 3332 1922 tibi
3364 1886 3376 1922 :
3414 1861 3655 1938 posuisti~
3697 1854 3868 1944 laery-

2298 1964 2412 2004 mas
2437 1964 2584 2006 meas
2609 1952 2662 2004 in
2695 1962 2988 2023 conspectu
3017 1951 3126 2012 tuo.
3155 1958 3309 2013 Sicut
3343 1968 3398 2016 et
3429 1962 3481 2016 in
3507 1964 3870 2033 promissione

2300 2046 2387 2092 tua
2414 2053 2428 2092 :
2460 2049 2585 2095 tunc
2626 2050 3010 2099 convertentur
3038 2046 3243 2103 inimici
3290 2051 3396 2105 mei
3448 2060 3762 2108 retrorsum.
3804 2053 3861 2108 ln

2295 2144 2616 2202 quacunque
2636 2132 2724 2188 die
2748 2135 3068 2193 invocavero
3094 2145 3146 2194 te
3173 2157 3186 2192 :
3220 2155 3345 2196 ecce
3366 2145 3591 2212 cognovi
3615 2143 3869 2213 quoniam

2297 2219 2437 2277 Deus
2469 2239 2619 2280 meus
2643 2226 2796 2282 es.ln
2808 2227 2919 2283 Deo
2949 2229 3174 2285 laudabo
3196 2234 3510 2297 verbum,in
3527 2235 3752 2291 Domino
3765 2235 3868 2290 lau—

2294 2312 2433 2366 dabo
2459 2329 2763 2370 sermonem
2790 2335 2804 2373 :
2831 2319 2887 2372 in
2925 2317 3036 2373 Deo
3087 2322 3319 2388 speravi,
3354 2337 3459 2376 non
3489 2322 3710 2391 timebo,
3738 2324 3869 2394 quid

2296 2399 2610 2457 faciatmihi
2647 2405 2825 2461 homo.
2859 2407 2916 2460 In
2954 2423 3040 2463 me
3089 2417 3214 2463 sunt
3251 2407 3392 2466 Deus
3427 2419 3549 2465 vota
3576 2419 3668 2467 tua
3699 2429 3714 2478 ;
3751 2425 3870 2483 qua:

2295 2490 2513 2545 reddam
2544 2491 2881 2548 laudationes
2917 2495 3035 2550 tibi.
3063 2494 3329 2562 Quoniam
3365 2499 3611 2568 eripuisti
3634 2501 3870 2556 animam

2295 2594 2470 2634 meam
2496 2581 2563 2635 de
2583 2591 2780 2648 morte,
2805 2591 2860 2638 et
2885 2584 3047 2654 pedes
3069 2601 3218 2642 meos
3244 2587 3312 2643 de
3339 2587 3510 2658 lapSu,
3538 2596 3597 2643 ut
3623 2589 3866 2658 placeam

2293 2686 2474 2726 coram
2511 2672 2622 2728 Deo
2649 2674 2701 2728 in
2731 2672 2934 2732 lumine
2955 2677 3270 2731 viventium.
3501 2700 3509 2705 κ

2366 2759 2432 2815 Ut
2457 2779 2636 2832 supra.
2667 2764 2931 2831 Quoniam
2956 2767 3195 2836 probasti
3241 2781 3340 2824 nos
3368 2769 3507 2824 Deus
3528 2809 3542 2835 ,
3596 2770 3722 2841 igne
3766 2781 3868 2827 nos

2294 2854 2637 2920 examinasti,
2669 2854 2811 2910 sicut
2861 2857 3198 2913 examinator
3241 2868 3540 2930 argentum.
3603 2859 3866 2924 lnduxisti

2293 2959 2391 2998 nos
2421 2944 2473 2998 in
2513 2944 2782 3014 laqueum,
2809 2947 3034 3016 posuisti
3067 2949 3444 3006 tribulationes
3483 2951 3536 3007 in
3573 2952 3734 3007 dorso
3775 2967 3869 3007 nt»

2294 3041 2409 3086 stro
2439 3051 2450 3085 :
2486 3033 2790 3102 imposuisti
2825 3035 3073 3092 homines
3121 3053 3285 3106 super
3323 3041 3501 3108 capita
3532 3049 3737 3102 nostra.
3791 3039 3866 3094 Da

2297 3122 2476 3188 nobis,
2501 3123 2749 3190 Domine,
2775 3125 3037 3186 auxilium,
3076 3127 3143 3181 de
3187 3129 3566 3194 tribulatione;
3621 3139 3677 3186 et
3728 3145 3866 3186 vana

2294 3211 2439 3265 salus
2472 3211 2729 3267 hominis.
3660 3257 3670 3270 .

2364 3300 2566 3374 Oratio.
2593 3300 2871 3368 Transfer,
2887 3301 3133 3368 Domine,
3161 3305 3502 3375 iniquitatem
3533 3305 3748 3361 familiae
3772 3306 3867 3361 hu-

2279 3392 2371 3462 jus
2395 3396 2493 3449 sub
2531 3403 2742 3447 tuarum
2775 3395 2980 3450 alarum
3008 3398 3194 3451 umbra
3227 3399 3520 3469 sperantis,
3547 3407 3605 3452 ut
3640 3400 3861 3456 missam

2291 3486 2357 3540 de
2383 3485 2518 3541 cmlo
2547 3485 2976 3542 misericordiam
3005 3496 3173 3553 tuam,
3198 3506 3228 3543 a
3271 3491 3642 3561 aequissimis,
3671 3492 3866 3562 quibus

2289 3574 2632 3649 insidiamur,
2658 3576 2827 3632 foveis
2850 3593 3121 3633 eruamur.
3156 3580 3275 3636 Per.

2359 3665 2567 3718 Liram'a
2592 3676 2648 3720 ut
2668 3685 2845 3737 supra.

2356 3751 2413 3806 In
2464 3754 2549 3807 die
2574 3755 2932 3838 tribulationis
2973 3774 3105 3814 meae
3131 3760 3294 3815 Deum
3316 3761 3581 3830 exquisivi
3614 3764 3862 3822 manibus

2288 3846 2421 3901 meis
2445 3856 2602 3902 nocte
2625 3857 2810 3904 contra
2835 3866 2977 3914 eum,
2995 3860 3047 3905 et
3071 3869 3176 3907 non
3192 3868 3308 3908 sum
3324 3854 3599 3924 deceptus.
3629 3856 3859 3914 Domino

2286 3935 2426 3990 Deus
2466 3939 2722 3991 virtutum
2753 3980 2766 4002 ,
2812 3950 3066 3995 converte
3102 3957 3200 3996 nos
3230 3983 3244 4007 ,
3298 3952 3351 3999 et
3385 3945 3610 3999 ostende
3661 3944 3859 4006 faciem

2284 4037 2523 4095 tuam,et
2545 4031 2677 4085 salvi
2699 4032 2917 4087 erimus.
2946 4033 3170 4088 Domine
3195 4034 3334 4088 Deus
3356 4035 3850 4102 virtutum,exaudi

2282 4120 2585 4173 orationem
2616 4137 2811 4186 meam,
2836 4124 3053 4178 auribus
3097 4125 3313 4195 percipe
3349 4125 3490 4180 Dens
3511 4124 3694 4181 Jacob.
3730 4126 3860 4182 Pro.-

2281 4213 2455 4261 teetor
2478 4211 2853 4279 nosteraspice
2869 4211 3028 4276 Deus,
3043 4221 3096 4266 et
3124 4215 3334 4287 respice
3361 4215 3414 4268 in
3440 4213 3630 4271 faciem
3653 4215 3856 4277 Christi

2284 4296 2382 4350 tui.
2428 4297 2680 4368 Nunquid
2708 4299 2761 4354 in
2786 4309 3047 4357 :eternum
3076 4304 3328 4358 irasceris
3352 4305 3526 4368 nobis,
3552 4313 3644 4358 aut
3667 4313 3860 4360 exten-

687 4397 753 4452 Ut
779 4414 957 4469 supra,
990 4396 1101 4465 Ego
1137 4403 1317 4448 autem
1352 4393 1581 4446 cantabo
1613 4390 1980 4481 fertitudincm
2005 4399 2178 4481 tuam,
2211 4419 2262 4481 υ
2285 4389 2380 4444 des
2414 4389 2549 4443 iram
2579 4399 2792 4481 tuampa
2812 4394 3165 4481 generatione
3194 4395 3246 4444 in
3261 4395 3698 4460 generationem?
3721 4395 3862 4454 Deus

536 4539 538 4542 ,
613 4494 668 4541 et
689 4484 935 4541 cxaltabo
969 4496 1128 4540 mane
1157 4479 1580 4541 misericordiam
1625 4487 1786 4532 tuam.
1822 4479 1955 4545 Quia
2007 4478 2178 4535 factus

611 4595 672 4633 es
699 4581 979 4643 susceptor
1023 4584 1197 4634 meus,
1222 4576 1275 4629 et
1322 4567 1585 4636 refugium
1619 4582 1796 4622 meum
1825 4568 1880 4622 in
1899 4567 1993 4628 die
2018 4570 2184 4625 tribue

611 4665 828 4729 talionis
857 4677 1007 4717 meze.
1043 4660 1268 4730 Adjutor
1304 4672 1479 4722 meus,
1511 4656 1606 4710 tibi
1635 4655 2016 4726 psallam,quia
2038 4656 2179 4712 Deus

609 4763 893 4826 susceptor
923 4765 1076 4805 meus
1110 4764 1192 4813 es,
1216 4748 1359 4809 Deus
1395 4761 1567 4814 meus,
1596 4746 1965 4800 misericordia
2001 4763 2137 4801 mea.

681 4848 884 4904 Oratio.
917 4843 1184 4899 Bellorum
1219 4838 1784 4908 invisibiliumoptime
1817 4847 2179 4909 propugnator

609 4937 772 5004 Deus,
806 4937 898 5006 qui
950 4935 1080 4990 inte
1121 4930 1436 4986 conﬁtentes
1484 4932 1550 4987 ab
1596 4931 1830 4985 inimicis
1885 4930 2037 4984 obrui
2071 4946 2176 4985 non

606 5029 905 5102 permittis;
942 5033 1185 5094 exterge,
1217 5021 1622 5090 precambr,ab
1651 5022 1817 5086 oculis
1840 5023 2039 5076 nostris
2071 5023 2174 5092 72

609 5127 825 5194 ριδοεδω
862 5117 1249 5184 lacrymarum,
1285 5118 1340 5162 ut
1375 5108 1500 5163 dum
1561 5111 1797 5165 carnalia
1853 5110 1988 5165 bella
2023 5126 2173 5164 com—

606 5208 913 5277 primimus,
934 5204 1146 5275 placere
1174 5203 1268 5262 tibi
1313 5200 1368 5256 in
1394 5198 1592 5253 lumine
1645 5199 1935 5261 viventium
1967 5212 2174 5254 mereas

609 5318 742 5355 rnur.
770 5301 893 5354 Per.

681 5389 815 5442 Alia.
850 5387 974 5443 Jesu
1007 5385 1254 5450 Domine,
1280 5387 1521 5455 quiante
1563 5394 1754 5438 saecula
1781 5400 1901 5439 eum
1934 5386 2090 5440 Patre
2125 5393 2180 5440 et

609 5479 810 5547 Spiritu
847 5486 1034 5535 sancto
1057 5490 1282 5531 manens
1309 5516 1324 5541 ,
1385 5475 1855 5545 conditionemque
1888 5475 2174 5530 humanam

609 5571 927 5638 suscipiens,
952 5569 1019 5624 ab
1046 5566 1320 5626 unianimo
1355 5565 1618 5635 discipulo
1666 5565 1908 5637 proditus
1944 5573 2172 5619 mortem

610 5662 818 5718 subiisti
857 5660 1202 5737 propcrditis
1230 5677 1243 5715 :
1273 5659 1466 5720 exaudi
1517 5660 1814 5716 orationem
1841 5657 2170 5730 supplicum,

777 6158 908 6184 ,νυ--
1375 6165 1542 6186 μυ.

2287 4487 2342 4531 tu
2376 4481 2669 4532 conversus
2692 4479 2987 4534 viviﬁcabis
3037 4496 3152 4545 nos,
3178 4491 3229 4535 et
3261 4483 3411 4552 plebs
3460 4492 3548 4539 tua
3593 4485 3860 4544 lzetabitur

2285 4567 2337 4619 in
2365 4575 2434 4620 te.
2459 4557 2693 4620 Ostende
2724 4567 2896 4632 nobis,
2923 4568 3167 4634 Domine,
3200 4572 3624 4631 misericordiam
3668 4584 3814 4631 tuam
3838 4619 3854 4644 ,

2284 4666 2338 4712 et
2369 4658 2604 4711 salutare
2632 4665 2779 4712 tuum
2804 4659 2869 4712 da
2913 4660 3087 4714 nobis.
3118 4661 3348 4732 Respice
3392 4665 3445 4720 in
3483 4679 3587 4731 me,
3617 4675 3673 4722 et
3701 4667 3859 4720 mise-

2283 4766 2403 4805 rere
2436 4750 2569 4815 mei;
2607 4752 2730 4822 quia
2766 4753 2956 4807 unicus
2988 4761 3041 4808 et
3070 4770 3273 4824 pauper
3300 4772 3418 4811 sum
3466 4769 3584 4824 ego,
3616 4755 3856 4810 Tribnla-

2288 4842 2461 4897 tiones
2490 4842 2666 4896 cordis
2697 4843 2802 4897 mei
2834 4843 3200 4913 multiplicata:
3243 4851 3387 4906 sunt,
3413 4843 3476 4895 de
3524 4843 3856 4898 necessitati.

2283 4933 2380 4986 bus
2407 4932 2540 4987 meis
2565 4947 2695 4986 erue
2730 4947 2834 4986 me.
2885 4932 3111 5002 Adjutor
3155 4947 3307 4985 mens
3350 4939 3489 4996 esto,
3514 4947 3584 4987 ne
3617 4933 3850 4989 derelin-

2281 5035 2414 5090 quas
2451 5037 2557 5085 me,
2585 5035 2758 5088 neque
2779 5021 3044 5089 despicias
3074 5035 3179 5082 me,
3213 5020 3354 5076 Deus
3382 5021 3634 5078 salutaris
3668 5021 3845 5081 meus.
3879 5093 3882 5096 .

2279 5111 2391 5182 Ego
2427 5121 2605 5166 autem
2636 5112 2691 5166 in
2728 5118 2781 5165 te
2817 5109 3052 5177 Speravi,
3078 5108 3322 5174 Domine,
3350 5111 3459 5167 dixi
3489 5133 3501 5168 :
3535 5113 3675 5169 Deus
3695 5129 3848 5171 meus

2278 5217 2337 5256 es
2353 5211 2432 5266 tu,
2460 5202 2514 5253 in
2537 5200 2781 5255 manibus
2812 5198 2917 5254 tuis
2934 5205 3106 5253 sortes
3130 5214 3278 5254 meze.
3296 5201 3457 5271 Eripe
3482 5219 3568 5258 me
3595 5204 3666 5260 de
3687 5219 3848 5259 manu

2282 5290 2621 5344 inimicorum
2648 5299 2911 5350 meorum,
2942 5295 2995 5340 et
3036 5301 3065 5340 a
3091 5291 3540 5359 persequentibus
3583 5307 3692 5348 me.
3722 5292 3847 5346 Illu-

2282 5387 2394 5432 stra
2429 5376 2619 5432 faciem
2653 5383 2796 5447 tuam
2829 5390 2986 5446 super
3041 5393 3255 5434 servum
3302 5391 3473 5444 tuum,
3505 5381 3711 5436 salvum
3760 5396 3849 5436 me
3916 5385 3929 5391 ‘

2280 5467 2364 5521 fac
2397 5468 2450 5520 in
2483 5464 2848 5524 misericordia
2909 5473 3018 5531 tua,
3067 5467 3325 5535 Domine,
3383 5485 3488 5524 non
3515 5469 3844 5533 confundar,

2280 5555 2531 5628 quoniam
2565 5552 2803 5608 invocavi
2865 5562 2935 5609 te.
2972 5555 3048 5613 Ne
3101 5558 3437 5624 memineris,
3465 5556 3711 5623 Domine,
3750 5557 3848 5610 ini-

2281 5646 2546 5722 quitatum
2570 5650 2875 5701 nostrarum
2899 5649 3263 5720 antiquarum,
3291 5649 3399 5707 cito
3423 5650 3719 5719 anticipent
3743 5661 3843 5704 nos

3767 6196 3800 6205 "-
3819 6199 3846 6207 -—
3870 6197 4018 6212 s-i’—-_
4048 6173 4226 6216 1‘4
