4262 6202
491 271 592 326 531

1464 268 1850 329 LITURGICA.
1890 301 1960 312 ——
1994 270 2257 328 OFFlClA
2293 269 2430 325 PER
2462 270 2729 326 FERIAS.

3589 274 3696 332 538

491 380 869 436 misericordia:
896 387 1023 445 tum,
1047 379 1171 449 quia
1206 393 1470 450 pauperes
1498 381 1626 436 facti
1653 397 1837 435 sumus
1856 381 2034 436 nimis.
2065 385 2111 444 Α
2141 391 2358 452 protege
2385 397 2490 445 me,
2520 398 2550 436 a
2577 383 2713 436 facie
2759 383 3060 452 impiorum,
3106 384 3194 453 qui
3247 401 3331 439 me
3374 385 3696 443 atllixcrunt.

559 469 761 525 Oratio.
799 469 1000 538 Adjuva
1022 485 1143 534 nos,
1166 468 1306 524 Deus
1332 469 1582 525 salutaris
1604 479 1808 534 noster,
1831 481 2046 540 propter

488 562 713 629 gloriam
728 561 962 616 nominis
985 561 1082 625 tui,
1101 559 1346 626 Domine,
1373 560 1538 615 libera
1571 571 1759 625 nos,et
1784 563 2046 630 propitius

489 664 609 710 esto
634 653 867 724 peccatis
890 653 1090 707 nostris
1112 660 1334 721 propter
1356 667 1550 706 nomen
1579 661 1761 714 tuum.,
1793 651 2012 705 Dimitte
2029 692 2044 717 ,

490 746 653 809 Deus,
681 751 902 812 peccata
932 751 1214 814 nostranet
1241 742 1414 797 tribue
1445 743 1598 796 nobis
1625 742 2046 797 misericordiam

490 842 639 888 tuam
674 833 784 887 oris
800 833 968 887 nostri
1001 832 1316 901 deprecatus
1342 831 1592 901 alloquio,
1608 847 1670 887 ac
1692 832 2049 886 humilitatem

489 922 731 987 attende,
757 921 969 976 vincula
1000 921 1168 987 solve,
1204 921 1397 975 delicta
1442 921 1560 976 dele
1583 963 1599 985 ,
1651 922 2048 976 tribulationem

491 1012 714 1082 inSpice,
751 1011 1130 1066 adversitatem
1159 1011 1377 1080 repelle,
1403 1009 1754 1080 effectumque
1779 1011 2052 1080 petitionis

490 1109 687 1157 nostra:
716 1102 948 1172 largiens
974 1109 1028 1156 et
1051 1101 1314 1171 benignus
1333 1101 1628 1156 clementer
1645 1101 1858 1157 exaudi.
1892 1102 2014 1156 Per.

558 1192 908 1262 Omnipotens
932 1192 1258 1262 sempiterne
1271 1191 1433 1256 Deus,
1455 1192 1545 1262 qui
1568 1191 1821 1246 subvenis
1844 1192 1897 1245 in
1919 1191 2056 1261 peri-

488 1281 624 1338 culis
669 1291 726 1338 et
782 1282 1218 1339 necessitatibus
1249 1282 1616 1354 laborantibus
1643 1323 1658 1348 ,
1717 1281 2053 1352 maiestatem

492 1379 639 1426 tuam
673 1371 986 1440 suppliciter
1008 1386 1313 1435 exoramus,
1337 1358 1396 1424 ut
1431 1372 1647 1425 mittere
1680 1371 1915 1440 digneris
1935 1385 2057 1425 san-

489 1471 638 1518 ctmn
668 1460 914 1532 angelum
947 1470 1116 1526 tuum,
1145 1461 1236 1530 qui
1271 1476 1369 1516 nos
1399 1463 1455 1516 in
1481 1461 1745 1531 angustiis
1784 1469 1838 1515 et
1871 1475 2056 1516 neces-

491 1555 744 1612 sitatibus
771 1553 973 1611 nostris
1009 1552 1342 1617 laborantes,
1375 1551 1830 1605 consolationibus
1877 1549 2056 1605 foveat

493 1646 621 1711 tuis,
656 1645 848 1714 quibus
881 1652 936 1698 et
961 1644 1026 1699 de
1068 1643 1322 1714 praesenti
1369 1642 1713 1697 tribulatione
1765 1657 2058 1711 consequa.

491 1752 612 1791 mur
636 1735 892 1791 auxilium
920 1775 934 1799 ,
989 1743 1045 1791 et
1089 1744 1288 1791 aeterna
1318 1737 1551 1794 reme-{ia
1602 1734 2052 1805 comprehendere
2084 1715 2128 1778 Β

493 1827 784 1882 valeamus.
806 1825 945 1881 ‘Per.

905 1937 1009 2008 73
1084 1954 1379 2031 FERIA
1456 1955 1601 2031 III.

640 2106 720 2146 AD
762 2104 1086 2147 SPECIALES
1134 2105 1482 2150 ORATIONBS
1525 2107 1892 2150 FACIENDAS.

517 2203 520 2206 ’
565 2219 590 2247 ι
619 2205 872 2262 Miserere
902 2204 1146 2270 Domine,
1169 2207 1424 2264 miserere
1451 2206 1664 2262 Christe
1697 2227 1709 2261 :
1741 2217 1799 2262 tu
1843 2207 2057 2262 miseriv

492 2301 676 2356 cordia
697 2316 836 2366 mea,
867 2301 1125 2356 miserere
1151 2301 1280 2354 mihi
1305 2299 1456 2372 [ϐοά.
1473 2300 2053 2372 Reg.,miserere'mei].

497 2393 750 2448 Miserere
776 2392 1019 2458 Domine,
1044 2393 1299 2448 miserere
1318 2393 1561 2457 Christe;
1593 2402 1650 2447 ut
1670 2385 1884 2447 credam
1910 2394 2052 2448 inte.

498 2481 751 2538 Miserere
778 2482 1022 2547 Domine,
1052 2483 1313 2538 miserere
1352 2483 1595 2549 Christe;
1648 2492 1707 2537 ut
1741 2482 1956 2553 diligam
1981 2490 2053 2536 te.

498 2571 750 2628 Miserere
778 2571 1002 2627 Domine
1021 2613 1034 2637 ,
1059 2573 1314 2627 miserere
1339 2572 1582 2637 Christe;
1637 2583 1695 2626 ut
1740 2586 2056 2642 cognoscam

496 2670 569 2716 te.
596 2659 848 2714 Miserere
873 2660 1114 2726 Domine,
1139 2661 1394 2716 miserere
1416 2662 1658 2725 Christe;
1687 2669 1745 2714 ut
1772 2675 1979 2729 sperem
2002 2661 2056 2713 in

497 2760 570 2807 te.
602 2751 859 2808 Miserere
898 2752 1141 2817 Domine,
1174 2754 1434 2809 miserere
1477 2752 1718 2816 Christe;
1775 2764 1836 2806 ut
1881 2753 2065 2805 anima-

499 2852 617 2897 mea
648 2839 792 2894 vivat
815 2840 869 2893 in
896 2847 965 2893 te.
994 2839 1249 2894 Miserere
1270 2840 1514 2904 Domine,
1535 2842 1792 2894 miserere
1812 2840 2052 2905 Christe;

498 2940 558 2985 ut
585 2945 713 2986 caro
741 2945 860 2985 mea
887 2929 1122 2985 exsultet
1149 2930 1203 2985 in
1252 2938 1323 2984 te.
1355 2929 1607 2983 Miserere
1629 2929 1871 2992 Domine,
1903 2929 2060 2984 mise-

499 3036 616 3077 rere
642 3020 884 3087 Christe;
917 3029 975 3074 ut
999 3022 1106 3076 vita
1134 3036 1251 3074 mea
1282 3017 1432 3092 [Cod.
1458 3018 1608 3089 Reg.,
1632 3029 1689 3073 ut
1713 3020 1888 3072 anima
1916 3018 2057 3089 mea]

499 3113 745 3182 proﬁciat
772 3114 826 3168 in
852 3122 904 3168 te
937 3111 1218 3184 [Hartene,
1242 3111 1552 3183 perﬁciatur
1577 3111 1630 3164 in
1663 3109 1756 3181 te].
1806 3110 2059 3165 Miserere

501 3203 726 3261 Domine
755 3205 895 3260 Deus
920 3205 1101 3269 Pater,
1127 3204 1293 3274 gloria
1323 3218 1463 3265 mea,
1493 3202 1603 3254 vita
1641 3214 1780 3254 mea.
1808 3197 2061 3253 Miserere

501 3295 711 3353 Christe
738 3295 1000 3359 Salvator,
1033 3294 1175 3348 salus
1191 3308 1329 3358 mea,
1364 3290 1619 3345 fortitudo
1647 3304 1785 3344 mea.
1812 3287 2061 3342 Miserere

499 3383 730 3454 Spiritus
755 3383 1064 3452 paraditus,
1092 3381 1389 3437 consolatio
1417 3394 1555 3443 mea,
1580 3378 1896 3431 illuminatio
1919 3393 2055 3430 mea.

500 3476 753 3532 Miserere
774 3475 999 3529 Domine
1026 3473 1187 3536 Deus,
1221 3471 1456 3525 Trinitas
1482 3476 1535 3523 et
1559 3469 1758 3522 unitas.
1784 3467 1858 3521 Te
1879 3467 2056 3530 laudo,

501 3576 554 3624 te
581 3567 768 3630 adoro,
797 3574 848 3620 te
875 3563 1152 3618 conﬁteor.
1179 3561 1287 3615 Pax
1309 3575 1448 3623 mea,
1471 3573 1594 3627 spes
1622 3572 1758 3620 mea,
1781 3555 1898 3609 laus
1919 3569 2056 3619 mea,

501 3655 590 3712 lux
621 3652 1113 3725 mea,pulchritudo
1141 3649 1570 3716 mea,beatitudo
1600 3662 1735 3701 mea.
1760 3646 1879 3700 Tihi
1911 3644 2056 3708 laus;

501 3748 596 3809 tibi
635 3746 823 3817 gloria,
848 3745 941 3798 tibi
970 3744 1260 3814 gratiarum
1290 3740 1429 3794 actio
1457 3753 1669 3808 semper
1695 3745 1748 3790 et
1772 3736 1964 3805 ubique
2004 3735 2058 3788 in

503 3838 699 3895 saecula
729 3837 1076 3907 sempiterna.

572 3925 712 3980 Deus
734 3923 1073 3991 adjutorium,
1105 3934 1201 3976 ter.

1103 4030 1324 4086 PSAth
1337 4029 1437 4085 US.

573 4146 749 4217 (PSAL.
782 4142 913 4213 Lvt.)
947 4141 971 4178 δ
1017 4142 1216 4196 Exaudi
1252 4142 1472 4196 Domine
1513 4137 1780 4228 justitiam
1822 4151 1994 4191 meam
2040 4155 2051 4188 :

503 4238 719 4296 intende
745 4234 1175 4304 deprecationem
1198 4248 1390 4286 meam.
1421 4231 1652 4284 Auribus
1685 4229 1901 4296 percipe
1941 4243 2059 4279 ora-

502 4332 704 4392 tionem
734 4341 928 4389 meam,
960 4340 1066 4378 non
1099 4323 1151 4375 in
1180 4321 1332 4375 labiis
1369 4319 1585 4373 dolosis.
1640 4316 1716 4370 De
1769 4316 1912 4369 vultu
1965 4326 2056 4367 tuo

2146 470 2352 524 Inimici
2375 471 2479 524 mei
2501 471 2734 525 animam
2755 487 2928 525 meam
2957 472 3424 528 circumdederunt
3448 495 3459 527 :
3489 475 3698 544 adipem

2147 574 2302 613 suum
2352 559 2748 631 concluserunt,
2777 576 2838 615 os
2884 577 3067 615 eorum
3114 562 3348 617 locutum
3392 573 3478 620 est
3523 581 3702 634 super-

2147 649 2309 702 biam.
2342 648 2692 716 Projicientes
2734 667 2840 715 me,
2869 667 3011 706 nunc
3057 652 3522 708 circumdederunt
3565 671 3651 708 me
3685 675 3696 707 :

2148 738 2330 792 oculos
2359 753 2483 792 suos
2513 747 2814 794 statuerunt
2829 740 3095 794 declinare
3126 740 3177 793 in
3201 749 3419 796 terram.
3446 741 3704 813 Suscepe-

2151 837 2276 881 runt
2302 842 2389 882 me
2416 828 2553 882 sicut
2579 828 2662 882 leo
2681 838 2900 898 paratus
2927 829 2991 884 ad
3023 831 3274 900 praedam,
3304 840 3359 886 et
3393 833 3532 887 sicut
3557 843 3703 889 catu-

2151 915 2233 970 lus
2274 916 2444 971 leonis
2500 917 2749 972 habitans
2796 919 2850 972 in
2902 919 3115 974 abditis.
3168 920 3426 992 Exsurge,
3450 923 3701 985 Domine.

2150 1009 2384 1078 praeveni
2425 1019 2659 1074 eum,et
2707 1011 2984 1079 supplanta
3033 1027 3155 1066 eum
3205 1031 3220 1065 :
3274 1014 3421 1083 eripe
3470 1016 3701 1070 animam

2151 1115 2326 1153 meam
2355 1098 2423 1153 ah
2443 1100 2623 1169 impio,
2655 1100 2912 1154 frameam
2954 1109 3100 1154 tuam
3146 1101 3215 1156 ab
3244 1102 3479 1157 inimicis
3515 1118 3704 1158 manus

2155 1200 2275 1246 tua.
2300 1190 2523 1246 Domine
2547 1205 2578 1244 a
2623 1192 2807 1261 paucis
2850 1191 2916 1246 de
2963 1199 3107 1260 terra
3147 1192 3324 1246 divide
3371 1209 3465 1248 eos
3506 1195 3558 1248 in
3597 1197 3704 1262 vita

2153 1297 2338 1336 eorum
2366 1301 2378 1336 :
2411 1281 2477 1336 de
2518 1281 2844 1336 absconditis
2884 1282 2989 1335 tuis
3032 1283 3347 1351 adimpletus
3395 1291 3478 1336 est
3520 1293 3706 1339 venter

2155 1385 2360 1425 eorum.
2395 1370 2626 1425 Saturati
2659 1381 2785 1425 sunt
2817 1371 2940 1424 ﬁliis
2971 1390 2983 1424 :
3013 1381 3068 1425 et
3095 1373 3415 1426 dimiserunt
3451 1373 3704 1444 reliquias

2157 1479 2282 1517 suas
2309 1463 2838 1534 parvulis_suis..Ego
2873 1471 3052 1517 autem
3099 1463 3395 1532 in‘justitia
3443 1464 3708 1534 apparebo

2157 1553 2465 1622 conspectui
2489 1559 2578 1607 tuo
2602 1571 2614 1605 :
2638 1553 2899 1615 satiabor,
2926 1567 3045 1606 cum
3075 1553 3379 1620 apparuerit
3403 1552 3567 1623 gloria
3597 1562 3703 1606 tua.

2229 1637 2293 1692 Ut
2320 1656 2496 1709 supra.
2538 1639 2650 1710 Ego
2693 1636 2822 1703 dixi,
2851 1639 3093 1702 Domine,
3118 1639 3377 1691 miserere
3422 1638 3547 1700 mei,
3573 1641 3706 1691 ‘sana

2153 1733 2387 1788 animam
2444 1748 2637 1788 meam.
2687 1732 2941 1787 Miserere
2987 1732 3111 1796 mei,
3137 1731 3382 1795 Domine,
3418 1741 3472 1785 et
3515 1731 3706 1786 exaudi

2152 1825 2451 1880 orationem
2491 1838 2684 1879 meam.
2716 1823 2934 1879 Intende
2975 1823 3092 1878 voci
3122 1823 3384 1877 orationis
3412 1838 3562 1888 mea,
3594 1822 3707 1882 Rex

2151 1928 2302 1966 meus
2319 1955 2333 1978 ,
2357 1921 2413 1968 et
2440 1914 2579 1968 Deus
2603 1928 2768 1967 meus.
2801 1913 3064 1980 Quoniam
3091 1911 3158 1965 ad
3177 1921 3226 1965 te
3242 1913 3426 1976 orabo,
3460 1912 3705 1976 Domine,

2153 2018 2310 2058 mane
2339 2003 2594 2058 exaudies
2622 2007 2803 2058 vocem
2826 2019 3021 2058 meam.

2225 2092 2428 2148 Oratio.
2453 2093 2735 2158 Converte.
2760 2092 3002 2157 Domine,
3032 2091 3216 2148 oculos
3244 2092 3419 2148 cordis
3440 2094 3710 2155 nostri,ad

2153 2184 2476 2240 cernendam
2525 2184 2598 2238 tui
2637 2171 2823 2251 judicii
2866 2184 3182 2248 veritatem,
3213 2192 3290 2248 ut,
3321 2185 3446 2239 dum
3475 2184 3562 2238 hic
3589 2185 3710 2254 igne

2154 2275 2380 2345 spiritali
2400 2276 2704 2345 probamur,
2731 2275 2797 2330 de
2826 2277 2932 2330 tuis
2961 2278 3014 2331 in
3043 2285 3304 2331 aeternum
3333 2279 3709 2346 conspectibul

2155 2382 2274 2422 cum
2302 2366 2472 2422 fructu
2489 2365 2713 2434 justitia:
2740 2367 3016 2422 satiemur.

2761 2474 3095 2532 PSALMUS.

2225 2590 2412 2660 (PSAL.
2455 2587 2632 2658 χχιι)
2673 2599 2694 2627 ε
2735 2585 2818 2642 Ad
2869 2596 2919 2642 te
2969 2587 3195 2642 Domine
3247 2588 3416 2642 levavi
3463 2590 3700 2644 animam

2157 2694 2329 2740 meam
2361 2698 2372 2731 :
2420 2677 2561 2732 Deus
2601 2693 2750 2731 meus
2794 2678 2846 2730 in
2870 2686 2949 2730 ‘te
2978 2676 3209 2740 conﬁdo,
3239 2693 3343 2730 non
3372 2679 3705 2732 erubescam.

2157 2768 2340 2837 Neque
2370 2769 2625 2822 irrideant
2659 2782 2744 2821 me
2787 2766 2988 2821 inimici
3037 2765 3142 2820 mei
3177 2784 3189 2818 :
3220 2765 3420 2820 etenim
3452 2765 3710 2829 universi,

2157 2859 2245 2929 qui
2298 2859 2564 2912 sustinent
2614 2866 2696 2923 te,
2729 2872 2834 2911 non
2875 2855 3286 2910 confundentur.
3311 2855 3715 2911 Confuudantur

2158 2966 2344 3005 omnes
2393 2949 2572 3020 iniqua
2616 2957 2834 3022 agentes
2881 2963 3228 3017 supervacue.
3281 2947 3409 3003 Vias
3459 2958 3595 3012 tuas,
3619 2947 3718 3001 Do-

2161 3044 2328 3106 mine,
2356 3042 2662 3096 demonstra
2696 3041 2824 3096 mihi
2855 3059 2868 3094 :
2899 3048 2954 3096 et
2980 3042 3200 3096 semitas
3238 3049 3354 3094 tuas
3399 3038 3562 3094 edoce
3607 3055 3713 3094 me.

2161 3131 2338 3202 Dirige
2360 3148 2447 3188 me
2473 3133 2525 3185 in
2553 3115 2776 3186 veritate
2801 3138 2908 3194 tua,
2940 3136 2994 3183 et
3020 3130 3148 3184 doce
3178 3145 3263 3183 me
3310 3149 3322 3182 :
3372 3129 3496 3200 quia
3549 3137 3602 3182 tu
3658 3145 3716 3182 es

2159 3222 2299 3278 Deus
2329 3222 2573 3277 Salvator
2599 3236 2779 3284 meus,
2802 3229 2858 3275 et
2884 3228 2937 3272 te
2963 3219 3191 3273 sustinui
3241 3225 3350 3273 tota
3393 3219 3498 3273 die.
3539 3217 3720 3272 Remi-

2159 3313 2370 3366 niscere
2423 3312 2826 3366 miserationum
2883 3319 3115 3374 tuarum,
3146 3307 3391 3375 Domine,
3415 3320 3468 3365 et
3514 3310 3720 3364 miseri-

2159 3404 2459 3458 cordiarum
2483 3412 2713 3467 tuarum,
2738 3418 2855 3471 qua)
2889 3416 2918 3455 a
2973 3401 3170 3456 szeculo
3220 3411 3362 3456 sunt.
3396 3402 3597 3462 Delicta
3640 3402 3721 3470 ju-

2158 3494 2392 3548 ventutis
2435 3509 2585 3558 meae,
2618 3501 2671 3547 et
2714 3492 3047 3564 ignorantias
3091 3507 3238 3546 meas
3290 3507 3355 3545 ne
3388 3490 3714 3548 memineris.

2160 3583 2463 3639 Secundum
2495 3583 2917 3637 misericordiam
2971 3590 3113 3635 tuam
3165 3589 3432 3636 memento
3481 3580 3585 3632 mei
3640 3587 3715 3642 tu,

2158 3685 2378 3745 propter
2417 3676 2708 3729 bonitatem
2742 3682 2905 3734 tuam,
2940 3671 3179 3724 Domine.
3209 3668 3387 3723 Dulcis
3440 3677 3494 3723 et
3544 3678 3721 3722 rectus

2157 3768 2412 3820 Dominus
2439 3783 2450 3818 :
2474 3773 2691 3833 propter
2719 3763 2819 3816 hoc
2842 3762 3013 3831 legem
3045 3761 3194 3814 dabit
3213 3759 3720 3829 delinquentibusiu

2160 3860 2260 3911 via.
2291 3857 2493 3927 Diriget
2521 3862 2826 3908 mansuetos
2857 3854 2910 3907 in
2933 3851 3137 3921 judicio
3163 3871 3172 3905 :
3200 3851 3411 3906 docebit
3434 3851 3587 3904 mites
3609 3851 3721 3904 vias

2157 3964 2300 4004 suas.
2327 3947 2602 4002 Universae
2627 3945 2726 3998 vim
2756 3944 2970 3998 Domini
3007 3941 3375 3996 misericordia
3398 3949 3450 3994 et
3477 3940 3672 3993 veritas
3705 3958 3716 3991 :

2157 4038 2552 4108 requirentibus
2584 4044 2960 4089 testamentum
2993 4031 3128 4099 ejus,
3159 4040 3214 4085 et
3241 4023 3548 4085 testiuwnia
3581 4027 3715 4096 ejus.

2157 4129 2263 4200 74
2301 4129 2523 4197 Propter
2544 4142 2737 4180 nomen
2765 4133 2912 4177 tuum
2937 4124 3160 4176 Domine
3182 4120 3555 4190 pr0pitiaberis
3595 4133 3721 4186 pecs

2156 4229 2274 4272 cato
2318 4233 2437 4271 meo
2471 4235 2480 4267 :
2513 4215 2736 4268 multum
2779 4223 2861 4266 est
2906 4213 3067 4264 enim.
3118 4210 3247 4276 Quis
3295 4217 3377 4263 cst
3426 4209 3584 4261 homo
3628 4209 3723 4277 qui

2157 4310 2310 4360 timet
2339 4304 2651 4358 Dominum?
2700 4302 2866 4371 legem
2895 4301 3080 4354 statuit
3107 4302 3155 4353 ei
3195 4301 3247 4352 in
3277 4300 3382 4363 via,
3409 4314 3568 4367 quam
3619 4298 3723 4360 ele-

501 4389 758 4497 judicium
777 4429 952 4473 meum
969 4411 1373 4493 prodeatzoculi
1397 4412 1471 4464 tui
1497 4411 1712 4464 videant
1735 4408 2054 4476 aequitatem.
2089 4400 2136 4460 D
2161 4399 2251 4497 git.
2280 4398 2469 4497 Anima
2491 4397 2604 4466 ejus
2629 4396 2680 4448 in
2710 4394 2867 4497 bonis.
2888 4393 3251 4446 demorabitur
3281 4409 3292 4443 :
3324 4400 3577 4497 et'semen
3609 4389 3723 4497 ejus

503 4504 749 4564 Prohasti
775 4520 871 4564 cor
891 4519 1090 4568 meum,
1106 4513 1160 4557 et
1186 4502 1418 4556 visitasti
1448 4509 1605 4554 nocte
1637 4519 1647 4553 :
1682 4501 1800 4568 igne
1830 4513 1912 4551 me
1937 4511 2062 4550 exa-

505 4593 743 4658 minasti,
771 4600 827 4654 et
851 4607 956 4647 non
984 4601 1068 4645 est
1105 4592 1319 4646 inventa
1353 4591 1405 4643 in
1437 4607 1522 4644 me
1552 4591 1828 4658 iniquitas.
1857 4588 1927 4644 Ut
1953 4603 2058 4641 non

468 4735 472 4739 _
506 4685 754 4757 loquatur
781 4699 842 4739 os
878 4698 1052 4738 meum
1081 4697 1240 4752 Opera
1290 4680 1564 4752 hominum
1597 4698 1608 4730 :
1639 4690 1856 4747 propter
1899 4679 2060 4732 verba

505 4777 767 4840 labiorum
809 4784 1018 4830 tuorum
1061 4790 1156 4844 ego
1202 4770 1464 4826 custodivi
1504 4772 1615 4822 vias
1643 4769 1821 4822 duras.
1856 4769 2062 4822 Perﬁce

508 4883 721 4939 gressus
748 4883 896 4927 meos
926 4868 979 4920 in
1009 4866 1214 4920 semitis
1240 4864 1382 4918 tuis:
1409 4870 1467 4915 ut
1491 4877 1596 4914 non
1631 4867 1944 4912 moveantur
1982 4873 2062 4911 ve-

509 4960 665 5030 stigia
718 4975 855 5014 mea.
908 4960 1018 5030 Ego
1064 4958 1309 5022 clamavi,
1368 4955 1617 5025 quoniam
1669 4950 1933 5005 exaudisti
1976 4964 2063 5002 me

495 5049 691 5111 Deus:
738 5050 937 5108 inclina
985 5065 1166 5104 aurem
1215 5058 1356 5102 tuam
1403 5046 1552 5108 mihi,
1583 5051 1637 5096 ct
1682 5040 1870 5096 exaudi
1903 5040 2060 5091 verba

509 5156 646 5203 mea.
666 5139 888 5195 Miriﬁca
914 5139 1308 5201 misericordias
1331 5149 1466 5200 tuas,
1482 5138 1572 5206 qui
1595 5134 1768 5190 salvos
1797 5131 1928 5185 facis
1949 5147 2066 5199 spe-

514 5241 692 5288 rantes
719 5233 774 5288 in
805 5240 876 5285 te.
920 5230 964 5283 A
1013 5231 1386 5284 resistentibus
1429 5231 1660 5283 dexterae
1707 5236 1808 5279 tua:
1856 5220 2062 5275 custodi

515 5339 599 5388 tne
630 5332 688 5377 ut
713 5321 964 5394 pupillam
1013 5319 1173 5374 oculi.
1221 5319 1330 5373 Sub
1379 5319 1566 5382 umbra
1609 5317 1810 5370 alarum
1855 5320 2064 5364 tuarum

587 5491 609 5520 ιι
646 5476 794 5548 Apud
820 5476 1078 5548 Martem,
1104 5475 1169 5529 de
1212 5473 1376 5541 antiq.
1406 5474 1554 5548 Eccl.
1577 5470 1817 5545 Discipl,
1849 5485 1897 5538 p.
1939 5466 2059 5522 635.

521 5577 585 5591 -—
619 5543 722 5606 Ρῐῦ
745 5563 841 5604 usu
870 5546 1121 5610 secundo,
1151 5543 1460 5613 supra,.col.
1492 5544 1608 5598 iiii.

2161 4487 2493 4542 haereditabit
2548 4495 2764 4539 terram.
2811 4483 3233 4536 Firmamentum
3263 4489 3347 4533 est
3377 4480 3633 4533 Dominus
3663 4479 3724 4531 ti-

2163 4580 2432 4633 mentibus
2459 4592 2578 4629 eum
2613 4595 2622 4627 :
2656 4584 2711 4628 et
2736 4581 3111 4628 testamentum
3139 4572 3305 4638 ipsius
3327 4581 3384 4623 ut
3422 4569 3724 4622 manifeste-

2165 4680 2250 4724 tur
2282 4670 2401 4722 illis.
2435 4666 2582 4721 Oculi
2614 4666 2717 4719 mei
2748 4680 2962 4730 semper
3005 4663 3071 4715 ad
3121 4661 3400 4712 Dominum
3433 4660 3723 4728 :quoniam

2164 4763 2278 4831 ipse
2307 4760 2496 4814 evellet
2519 4758 2582 4810 de
2611 4756 2798 4824 laqueo
2827 4754 2988 4822 pedes
3039 4766 3203 4805 meos.
3253 4750 3478 4818 Respice
3518 4751 3570 4803 in
3612 4766 3721 4812 me,

2164 4866 2219 4908 et
2245 4856 2500 4908 miserere
2528 4849 2631 4903 mei
2667 4849 2825 4916 :quia
2866 4848 3057 4900 unicus
3102 4853 3155 4898 et
3198 4860 3401 4913 pauper
3442 4859 3559 4897 sum
3602 4860 3719 4915 ego.

2168 4942 2559 4995 Tribulationes
2590 4937 2764 4990 cordis
2793 4939 2896 4989 mei
2927 4935 3289 5003 multiplicum
3329 4942 3453 4987 sunt
3481 4953 3491 4986 :
3525 4935 3590 4990 de
3637 4951 3725 4990 ne-

2168 5031 2506 5084 cessitatibus
2550 5028 2682 5080 meis
2716 5042 2842 5079 erue
2872 5041 2974 5079 me.
3012 5024 3142 5078 Vide
3165 5023 3522 5078 humilitatem
3549 5040 3720 5077 meam

2169 5133 2221 5176 et
2245 5123 2479 5176 laborem
2512 5134 2687 5173 meum
2722 5137 2732 5170 :
2768 5126 2821 5171 et
2845 5119 3047 5171 dimitte
3075 5116 3325 5169 universa
3361 5116 3549 5169 delicta
3580 5130 3718 5167 mea.

2168 5215 2393 5284 Respice
2432 5213 2676 5265 inimicos
2706 5226 2874 5272 meos,
2899 5209 3150 5279 quoniam
3191 5207 3524 5275 multiplicati
3554 5214 3678 5258 sunt
3706 5222 3717 5258 :

2167 5316 2220 5362 et
2248 5306 2369 5360 odio
2413 5304 2596 5373 iniquo
2625 5302 2851 5355 oderunt
2879 5315 2980 5354 me.
3013 5298 3230 5353 Custodi
3268 5297 3501 5350 animam
3548 5309 3720 5348 meam

2239 5460 2265 5498 ι)
2310 5457 2364 5512 lu
2394 5453 2570 5509 libello
2603 5451 2773 5506 Caroli
2803 5451 2969 5515 Calvi,
2997 5466 3115 5522 pag.
3148 5448 3237 5511 32,
3277 5448 3475 5516 absque
3530 5445 3715 5503 oratio-

2168 5530 2452 5660 mliujjqd.’
2476 5608 2593 5662 pag.
2622 5591 2707 5658 5i,
2739 5593 2934 5660 absque
2960 5586 3306 5644 orationibus.
