4262 6192
549 276 654 331 559

1391 273 1448 324 Β.
1493 271 1553 324 F.
1595 269 1819 324 ALBINI
1859 270 1990 326 SEU
2028 270 2302 326 ALCUINI
2338 271 2623 327 OPERUM
2661 273 2839 327 PARS
2872 274 2957 327 IV.

3688 270 3792 327 540

547 408 602 450 et
629 409 758 449 erue
789 408 874 447 mc
902 411 913 444 :
943 407 1048 446 non
1071 390 1407 447 erubescam.
1435 403 1689 466 quoniam
1713 387 1924 456 speravi
1955 387 2008 438 in
2042 394 2115 440 te.
2151 389 2195 446 Α
2224 387 2446 457 populos
2473 389 2526 440 in
2551 387 2820 456 aquitate.
2848 395 2902 440 et
2929 394 3113 456 gentes
3143 386 3196 439 in
3242 395 3380 439 terra
3429 385 3634 456 dirigis.
3656 385 3794 443 Con-

545 487 863 538 lnnocentes
915 490 967 536 et
1004 482 1136 536 recti
1185 480 1530 533 adlueserunt
1575 477 1725 540 mihi,
1779 476 1905 544 quia
1961 478 2120 530 susti-

545 575 639 628 nui
685 583 754 626 te.
786 572 979 626 libera
1006 571 1148 624 Deus
1173 567 1338 622 Israel
1377 583 1444 621 ex
1467 565 1718 619 omnibus
1746 564 2118 632 iniquitatibus

543 665 681 720 suis.
1963 720 1976 728 ,

617 755 686 810 Ut
712 771 891 825 supra.
919 755 1030 824 Ego
1056 753 1194 816 dixi,
1218 751 1466 811 Domine,
1499 749 1762 804 miserere
1808 749 1913 802 mei
1939 767 1951 801 :
1985 763 2118 801 sana

543 846 782 904 animam
824 862 1000 900 meam
1020 886 1036 910 ,
1059 845 1314 914 quoniam
1349 843 1596 910 peccavit
1619 841 1733 895 tibi.
1765 841 1992 904 Exaudi,
2022 839 2121 894 Do-

551 941 716 1004 mine,
737 954 923 993 vocem
954 952 1286 1004 meam,qua
1331 934 1558 989 clamavi
1616 953 1628 989 :
1681 934 1941 987 miserere
1989 931 2116 996 mei,

539 1031 814 1088 etexaudi
851 1045 955 1082 me.
1007 1029 1125 1082 Tibi
1177 1027 1312 1080 dixit
1360 1041 1458 1080 cor
1503 1023 2020 1094 meum,exquisivit
2067 1030 2120 1076 te

541 1120 713 1174 facies
741 1135 860 1172 mea
887 1137 899 1170 :
926 1118 1120 1172 faciem
1153 1126 1319 1180 tuam,
1343 1117 1590 1180 Domine,
1615 1117 1905 1186 requiram.

614 1203 821 1261 Oratio.
862 1205 1056 1260 Libera
1084 1221 1184 1261 nos
1212 1205 1282 1258 ab
1309 1205 1558 1260 omnibus
1588 1191 1849 1276 angustiis
1895 1205 2129 1270 nostris,-

543 1297 832 1352 mitissime
858 1296 1022 1360 Deus,
1053 1297 1145 1365 qui
1169 1295 1234 1350 ad
1267 1305 1318 1350 te
1349 1299 1556 1350 animas
1584 1303 1798 1350 nostras
1823 1295 2079 1364 erigimus
2103 1314 2115 1347 :

541 1387 883 1450 obliviscere,
911 1402 1242 1455 quaesumus,
1283 1387 1476 1440 delicta
1516 1388 1846 1457 juventutis,
1877 1395 1933 1442 et
1974 1388 2124 1457 igno-

542 1477 733 1530 rantia:
761 1478 989 1546 prioris;
1045 1485 1102 1531 et
1129 1478 1176 1531 si
1221 1478 1349 1546 quid
1390 1468 1724 1548 negligenter
1769 1478 2119 1547 deliquimus,

543 1562 844 1619 clementer
862 1564 1102 1634 ignosce.
1140 1564 1245 1619 Per
1276 1579 1325 1618 ι.

1160 1677 1386 1733 PSAIM
1396 1677 1500 1734 US.

612 1781 792 1852 (Pass.
830 1781 972 1850 Lm.)
1011 1784 1040 1823 ιι
1080 1784 1223 1838 Deus
1273 1787 1327 1838 in
1381 1787 1602 1842 nomine
1643 1795 1737 1842 tuo
1782 1787 1987 1841 salvum
2029 1803 2118 1842 me

466 1921 470 1927 .
540 1871 628 1927 ﬁte
654 1889 667 1926 :
696 1881 751 1928 et
797 1874 852 1927 in
902 1875 1099 1930 virtute
1149 1885 1235 1929 tua
1260 1877 1441 1946 judica
1471 1894 1577 1932 me.
1609 1878 1751 1933 Deus
1784 1881 1977 1934 exaudi
2005 1895 2120 1934 ora-

539 1965 742 2017 tionem
804 1978 1026 2018 meam:
1071 1966 1290 2020 auribus
1345 1969 1564 2037 percipe
1614 1971 1778 2023 verba
1823 1971 1935 2024 oris
1987 1971 2116 2025 mei.

539 2054 806 2120 Quoniam
833 2056 994 2111 alieni
1034 2057 1444 2112 insurrexerunt
1466 2060 1751 2114 adversum
1790 2075 1897 2124 me,
1924 2067 1980 2115 et
2005 2060 2118 2114 for-

541 2151 625 2196 tes
660 2145 995 2211 quaesierunt
1021 2146 1257 2200 animam
1284 2163 1459 2202 meam
1511 2167 1524 2200 :
1578 2156 1633 2202 et
1687 2163 1795 2201 non
1833 2163 2123 2218 proposue-

539 2241 669 2287 runt
693 2233 862 2288 Deum
887 2243 1014 2289 ante
1051 2245 1402 2306 conspectum
1439 2255 1614 2294 suum.
1644 2240 1782 2295 Ecce
1810 2241 1953 2295 enim
1977 2239 2120 2297 Deus

536 2324 759 2392 adjuvat
781 2339 869 2378 me
900 2343 913 2378 :
951 2333 1008 2380 et
1031 2325 1296 2381 Dominus
1333 2336 1615 2398 susceptor
1637 2337 1721 2383 est
1745 2330 1939 2386 animm
1963 2346 2115 2387 mea.

536 2413 734 2467 Averte
754 2414 893 2467 mala
918 2415 1152 2470 inimicis
1175 2417 1342 2470 meis:
1359 2424 1415 2472 et
1435 2418 1490 2470 in
1511 2418 1740 2473 veritate
1755 2427 1844 2472 tua
1869 2420 2120 2488 disperde

537 2504 675 2559 illos.
709 2502 1022 2559 Voluntarie
1051 2506 1371 2562 sacriﬁcabo
1394 2509 1491 2562 tibi
1535 2527 1548 2561 :
1593 2517 1649 2562 et
1686 2509 1987 2566 conﬁtebor
2022 2527 2121 2566 no-

538 2594 671 2649 mini
695 2602 785 2648 tuo
807 2594 1054 2659 Domine,
1081 2597 1335 2666 quoniam
1369 2597 1566 2652 bonum
1609 2609 1712 2654 est.
1755 2599 2021 2666 Quoniam
2049 2618 2118 2655 ex

538 2684 688 2738 omni
716 2684 1064 2740 tribulatione
1104 2687 1351 2757 eripuisti
1404 2705 1491 2744 me
1521 2709 1532 2743 :
1567 2699 1622 2745 et
1678 2707 1843 2761 super
1868 2692 2120 2749 inimicos

537 2789 691 2829 meos
717 2776 966 2845 despexit
989 2779 1175 2833 oculus
1203 2795 1374 2836 meus.

610 2863 678 2918 Ut
703 2884 882 2936 supra.
915 2870 1026 2940 Ego
1051 2871 1181 2934 dixi,
1213 2873 1437 2928 Domine
1462 2874 1722 2930 miserere
1751 2876 1876 2930 mei.
1911 2876 1992 2930 Ad
2041 2885 2116 2941 te,

536 2952 784 3019 Domine,
806 2955 1068 3023 clamabo,
1091 2959 1234 3013 Deus
1263 2977 1432 3026 meus,
1466 2979 1535 3017 ne
1585 2964 1746 3018 sileas
1788 2980 1820 3020 a
1856 2979 1944 3019 me
1977 2984 1990 3017 :
2022 2981 2118 3020 ne—

2223 477 2476 533 ﬁteantur
2528 479 2623 533 tibi
2647 479 2848 548 populi,
2901 478 3062 542 Deus,
3092 477 3451 532 conﬁteantur
3492 478 3584 532 tibi
3609 476 3794 549 populi

2217 583 2434 631 omnes,
2484 577 2628 623 terra
2667 570 2817 623 dedit
2863 567 3094 621 fructum
3145 583 3322 621 suum.
3365 567 3655 622 Benedicat
3692 583 3792 624 nos

2219 660 2382 725 Deus,
2411 661 2554 716 Deus
2580 671 2786 719 noster.
2815 662 3100 716 benedicat
3129 675 3227 715 nos
3255 659 3397 716 Deus
3417 679 3430 714 :
3452 669 3509 716 et
3551 670 3795 720 metuant

2219 767 2341 806 eum
2371 766 2562 806 omnes
2595 752 2730 806 ﬁnes
2763 761 2940 807 terrae.

2293 840 2361 894 Ut
2389 843 2568 910 supra.
2600 841 2712 912 Ego
2734 842 2865 905 dixi,
2890 842 3135 906 Domine,
3151 843 3413 898 miserere
3436 842 3563 898 mei.
3587 841 3792 910 Adjuva

2219 949 2320 988 nos
2334 933 2477 987 Deus
2507 933 2759 986 salutaris
2785 941 2971 987 noster
2999 952 3011 985 :
3043 943 3263 1004 propter
3289 934 3512 1005 gloriam
3557 934 3795 988 nominis

2220 1024 2320 1087 tui,
2349 1023 2591 1088 Domine,
2620 1023 2786 1076 libera
2821 1039 2941 1078 nos.
2972 1024 3041 1078 Et
3067 1026 3332 1095 propitius
3359 1033 3477 1080 esto
3519 1025 3626 1096 75
3670 1040 3795 1096 pec-

2177 1119 2180 1121 ’
2218 1116 2355 1170 catis
2400 1117 2604 1169 nostris
2653 1123 2875 1185 propter
2920 1133 3119 1171 nomen
3167 1125 3337 1171 mum.
3366 1117 3794 1183 Fiat,Domine,

2219 1206 2591 1260 misericordia
2627 1214 2716 1259 tua
2753 1211 2917 1275 super
2943 1222 3043 1262 nos
3074 1225 3087 1260 :
3113 1207 3564 1276 quemadmodum
3615 1222 3797 1276 spera-

2220 1299 2396 1352 vimus
2425 1298 2479 1352 in
2509 1306 2581 1351 te.
2617 1298 2820 1352 Exaudi
2850 1314 2951 1352 nos
2992 1299 3134 1352 Deus
3164 1298 3417 1353 salutaris
3441 1307 3650 1363 noster,
3671 1311 3795 1368 spes

2220 1384 2460 1437 omnium
2489 1383 2675 1436 ﬁnium
2697 1391 2857 1438 terra:
2877 1392 2932 1438 et
2957 1385 3011 1438 in
3035 1386 3172 1438 mari
3198 1385 3376 1456 longe.

2292 1475 2498 1528 Oratio.
2530 1474 2794 1539 lllumina,
2821 1475 3068 1539 Domine,
3084 1477 3288 1531 vultum
3313 1485 3462 1530 tuum
3483 1491 3648 1546 super
3673 1490 3795 1540 nos,

2222 1576 2279 1620 et
2317 1567 2749 1622 misericordiam
2797 1568 2951 1622 nobis
2986 1568 3227 1632 uberem,
3259 1568 3799 1637 benedictionemque

2223 1659 2439 1730 largire.
2469 1659 2576 1715 Per
2605 1671 2651 1713 ο.

2844 1753 3187 1811 PSALMUS.

2290 1864 2470 1936 (PSAL.
2493 1863 2628 1928 ιιι.)
2661 1865 2681 1905 ί
2705 1866 2868 1932 Deus,
2894 1867 2949 1921 in
2973 1867 3300 1938 adjutorium
3325 1883 3505 1935 meum
3530 1867 3750 1926 intende
3782 1889 3794 1923 :

2219 1954 2467 2020 Domine,
2487 1956 2552 2011 ad
2564 1955 2928 2025 adjuvandum
2955 1972 3044 2012 me
3062 1957 3281 2011 festina.
3312 1956 3727 2014 Confundantur
3745 1967 3802 2015 et

2217 2054 2592 2110 revereantur,
2607 2046 2701 2115 qui
2725 2053 2972 2116 quaerunt
2999 2047 3235 2101 animam
3262 2062 3457 2101 meam.
3475 2047 3802 2104 Avertantur

2217 2143 2518 2191 retrorsum
2547 2143 2602 2190 et
2623 2135 2967 2202 erubescant,
2984 2135 3075 2205 qui
3097 2135 3285 2190 volunt
3301 2136 3431 2190 mihi
3457 2137 3615 2190 mala.
3636 2135 3804 2191 Aver-

2217 2234 2404 2280 tantur
2427 2227 2612 2281 statim
2644 2227 3030 2282 erubescentes
3055 2245 3069 2280 :
3094 2227 3401 2297 qui'dicunt
3425 2227 3557 2281 mihi
3591 2248 3604 2278 :
3628 2226 3797 2300 Euge,

2220 2317 2384 2384 euge!
2414 2315 2702 2371 Exsultent
2726 2324 2782 2372 et
2797 2316 3044 2372 [cuntur
3060 2317 3114 2372 in
3140 2326 3194 2372 te
3213 2333 3427 2381 omnes,
3442 2318 3534 2387 qui
3551 2324 3803 2388 quaerunt

2218 2411 2273 2459 te
2306 2423 2318 2458 :
2350 2412 2406 2459 et
2430 2405 2616 2460 dicant
2657 2421 2875 2476 semper
2921 2425 2934 2460 ε
2983 2406 3359 2476 magnificetur
3392 2407 3676 2474 Dominus,
3701 2407 3798 2478 qui

2217 2495 2448 2568 diligunt
2492 2497 2728 2552 salutare
2767 2506 2936 2552 tuum.
2963 2498 3076 2569 Ego
3098 2513 3230 2554 vero
3255 2515 3456 2571 egenus
3495 2508 3551 2555 et
3594 2495 3804 2571 pauper

2218 2601 2338 2641 sum
2371 2607 2384 2641 :
2428 2587 2572 2641 Deus
2612 2585 2803 2656 adjuva
2837 2603 2943 2643 me.
2973 2587 3202 2659 Adjutor
3237 2606 3392 2645 meus
3445 2599 3500 2646 et
3545 2592 3802 2648 liberator

2216 2689 2372 2729 meus
2398 2691 2459 2730 es
2487 2684 2543 2729 tu
2571 2694 2584 2730 :
2614 2676 2864 2744 Domine,
2895 2693 2965 2733 ne
2994 2680 3250 2734 moreris.

2291 2761 2359 2818 Ut
2385 2781 2568 2835 supra.
2593 2765 2704 2836 Ego
2732 2765 2868 2832 dixi,
2898 2764 3123 2824 Domine
3169 2770 3433 2825 miserere
3475 2771 3603 2828 mei.
3657 2764 3798 2828 Deus

2219 2869 2290 2910 ne
2327 2854 2597 2927 elongeris
2617 2871 2756 2912 ame
2789 2874 2802 2910 :
2833 2856 2980 2912 Deus
3025 2874 3178 2913 meus
3227 2859 3282 2914 in
3329 2859 3588 2914 auxilium
3617 2875 3796 2916 meum

2217 2945 2450 3015 respice.
2479 2945 2592 3016 Ego
2638 2955 2820 3002 autem
2849 2946 2903 3002 in
2931 2955 3003 3012 te,
3031 2947 3277 3015 Domine,
3295 2965 3510 3020 semper
3530 2949 3793 3019 sperabo:

536 3047 752 3115 quando
769 3055 949 3102 taceas
987 3064 1014 3102 a
1053 3065 1158 3116 me,
1187 3059 1241 3106 et
1285 3052 1625 3108 assimilabor
1660 3055 2114 3112 descendentibus
2143 3069 2189 3132 ρ
2220 3045 2277 3132 εί
2294 3035 2543 3132 “diioui”
2572 3053 2736 3108 super
2761 3028 2978 3132 οπωθῲ
3011 3041 3221 3096 laudem
3262 3050 3430 3132 fuam-
3451 3043 3657 3132 M59“
3687 3057 3795 3132 τηεν

540 3140 594 3192 in
647 3139 840 3193 lacum.
894 3141 1132 3206 Exaudi,
1187 3143 1441 3209 Domine,
1485 3159 1670 3200 vocem
1721 3147 2116 3216 deprecationis

538 3245 693 3294 mem,
716 3230 842 3296 dum
871 3247 968 3286 oro
996 3234 1062 3287 ad
1102 3241 1185 3300 te;
1238 3235 1362 3289 dum
1395 3235 1592 3290 extollo
1622 3251 1815 3292 manus
1855 3253 2006 3293 meas
2050 3238 2119 3293 ad

540 3320 799 3389 templum
829 3331 1074 3376 sanctum
1106 3333 1276 3378 tuum.
1315 3325 1525 3379 lllustra
1553 3325 1747 3381 faciem
1778 3336 1923 3380 tuam
1955 3342 2118 3396 super

539 3425 757 3463 servum
807 3418 974 3474 tuum,
1002 3412 1208 3466 salvum
1233 3430 1318 3468 me
1347 3415 1430 3468 fac
1456 3415 1508 3467 in
1548 3416 1916 3470 misericordia
1962 3424 2053 3470 tua
2100 3435 2111 3470 :

540 3499 788 3566 Domine,
828 3517 935 3555 non
967 3503 1287 3569 confundar,
1313 3507 1567 3574 quoniam
1592 3509 1832 3563 invocavi
1861 3517 1933 3563 te.

613 3593 819 3648 Oratio.
861 3593 989 3650 Jesu
1042 3595 1289 3662 Domine,
1317 3598 1409 3666 qui
1463 3605 1589 3650 ante
1643 3598 1832 3652 smeula
1865 3615 2113 3664 manens,

539 3687 1016 3758 conditionemque
1047 3689 1340 3742 humanam
1387 3689 1690 3757 suscipiens
1725 3689 1793 3742 ab
1839 3689 2118 3744 unianimo

541 3778 806 3846 discipulo
858 3781 1105 3847 proditus
1144 3788 1371 3834 mortem
1420 3780 1632 3834 subiisti
1683 3795 1782 3849 pro
1831 3780 2057 3849 perditis
2101 3799 2113 3832 :

541 3869 733 3923 exaudi
754 3870 1055 3926 orationem
1076 3873 1396 3940 supplicum,
1422 3881 1476 3927 et
1493 3881 1708 3941 praesta,
1739 3882 1798 3925 ut
1819 3883 1868 3925 te
1893 3888 2119 3941 vespere

541 3959 1168 4029 meridiequelaudantes
1192 3976 1496 4015 mereamur
1515 3963 1584 4016 ab
1605 3962 1760 4028 hujus
1785 3963 1966 4016 smculi
1993 3973 2120 4016 tem-

540 4051 841 4121 pestatibus
891 4051 1191 4117 defensari,
1217 4067 1314 4120 per
1353 4064 1411 4106 te
1454 4051 1596 4106 Deus
1642 4059 1848 4114 noster,
1873 4053 2118 4120 quicum

545 4152 748 4196 :eterno
787 4142 948 4198 Patre
979 4133 1118 4196 vivis
1148 4151 1202 4196 et
1226 4157 1422 4214 regnas
1463 4143 1518 4196 in
1549 4141 1744 4196 smcula
1775 4141 2114 4197 surculorum.

544 4235 714 4292 Amen
743 4247 790 4291 ε.

1152 4326 1490 4383 PSALMUS.

2220 3123 2448 3180 Domine
2483 3126 2624 3182 Deus
2659 3142 2812 3182 meus
2842 3146 2856 3181 :
2889 3128 3097 3182 salvum
3137 3145 3224 3184 me
3253 3129 3339 3185 fac
3377 3131 3672 3185 secundum
3703 3131 3800 3185 mi-

2217 3214 2573 3270 sericordiam
2599 3223 2764 3270 tuam.

2229 3347 2231 3349 .
2288 3302 2492 3358 Oratio.
2544 3306 2853 3363 lnexhausti
2881 3309 3133 3380 adjutorii
3172 3311 3316 3366 Deus
3345 3319 3567 3377 :eterne,
3593 3313 3663 3367 ad
3701 3313 3794 3369 ad-

2211 3392 2509 3464 juvandum
2543 3396 2755 3453 fanﬂlize
2785 3408 2889 3453 tuae
2917 3401 3239 3471 supplicanti
3270 3399 3423 3473 [ϐοά.
3458 3401 3585 3472 Reg.
3608 3443 3622 3467 ,
3647 3401 3798 3457 minio

2217 3486 2301 3541 lia:
2329 3488 2578 3561 supplici]
2642 3489 2872 3545 festinus
2925 3507 3151 3548 occurre
3183 3512 3195 3547 :
3228 3502 3287 3547 ut
3329 3495 3519 3548 evictis
3557 3492 3799 3547 macula-

2217 3593 2339 3630 rum
2368 3578 2521 3647 (Cod.
2551 3579 2699 3650 ch.,
2720 3591 2782 3634 ut
2809 3582 2999 3637 evictis
3026 3583 3314 3653 malorum]
3345 3581 3796 3654 opprobriis,tuis

2219 3682 2437 3736 semper
2459 3671 2672 3724 auxiliis
2702 3673 3026 3727 muniamur.

2837 3781 3172 3839 PSALMUS.

2293 3889 2466 3960 (Psxin
2499 3890 2647 3962 xxx.)
2691 3895 2714 3932 Β
2745 3893 2801 3946 In
2839 3902 2889 3948 te
2913 3894 3139 3948 Domine
3170 3895 3402 3965 speravi,
3433 3911 3539 3951 non
3567 3897 3796 3952 confun-

2220 3983 2319 4037 dar
2343 3984 2398 4038 in
2432 3993 2694 4040 mlernum
2726 4005 2737 4038 :
2769 3987 2821 4040 in
2845 3986 3053 4057 justitia
3095 3994 3182 4041 tua
3221 3987 3388 4043 libera
3435 4003 3540 4042 me.
3592 3988 3795 4043 lnclina

2221 4075 2290 4126 ad
2321 4091 2408 4128 me
2439 4091 2625 4129 aurem
2659 4086 2801 4131 tuam
2842 4078 3129 4132 :accelera
3180 4088 3241 4132 ut
3291 4095 3450 4134 eruas
3500 4095 3606 4134 me.
3667 4078 3795 4132 Esto

2221 4166 2353 4220 mihi
2391 4167 2444 4220 in
2487 4167 2654 4220 Deum
2694 4179 3072 4236 protectorem,
3110 4178 3164 4224 et
3201 4171 3254 4224 in
3288 4171 3504 4225 domum
3541 4166 3732 4241 refugii
3777 4187 3791 4221 :

2223 4266 2282 4310 ut
2301 4257 2506 4312 salvum
2538 4275 2625 4313 me
2657 4259 2840 4314 facias.
2871 4259 3136 4326 Quoniam
3165 4259 3422 4336 fortitudo
3451 4273 3572 4312 mea
3613 4264 3669 4309 et
3715 4271 3800 4311 re-

2223 4347 2426 4420 fugium
2464 4367 2642 4404 meum
2677 4368 2736 4405 es
2777 4359 2832 4403 tu
2873 4370 2884 4403 :
2923 4361 2978 4403 et
3009 4358 3230 4418 propter
3265 4364 3458 4401 nomen
3504 4357 3656 4400 tuum
3705 4346 3798 4400 de-

617 4436 795 4506 (PSAL.
824 4437 995 4507 vat.)
1028 4437 1053 4475 δ
1084 4438 1228 4491 Deus
1257 4440 1580 4492 misereatur
1616 4441 1822 4504 nostri,
1853 4449 1909 4494 et
1958 4441 2117 4495 bene-
2147 4420 2196 4486 υ
2219 4439 2384 4492 duces
2407 4455 2512 4501 me,
2527 4449 2584 4493 et
2615 4441 2853 4492 enutries
2877 4453 2983 4491 me.
3011 4439 3222 4491 Educes
3254 4453 3341 4492 me
3364 4437 3430 4492 de
3454 4436 3648 4508 laqueo
3669 4437 3792 4501 hoc,

544 4531 689 4586 dicat
725 4530 878 4583 nobis
912 4548 924 4582 :
959 4530 1223 4584 illuminet
1261 4531 1465 4585 vultum
1519 4549 1675 4585 suum
1715 4550 1877 4602 super
1921 4551 2041 4598 nos,
2065 4546 2122 4590 et

545 4623 866 4677 misereatur
892 4620 1081 4674 nostri.
1138 4621 1208 4675 Ut
1254 4637 1645 4691 cognoscamus
1692 4624 1747 4676 in
1797 4632 1939 4678 terra
1975 4626 2118 4678 viam

546 4722 728 4765 tuam:
768 4711 822 4765 in
853 4710 1102 4764 omnibus
1149 4711 1395 4779 gentibus
1445 4713 1678 4768 salutare
1727 4720 1892 4766 tuum.
1947 4711 2120 4768 Conﬁ-

547 4810 758 4854 teantur
785 4801 878 4853 tibi
908 4799 1087 4870 populi
1133 4799 1277 4854 Deus
1327 4819 1338 4854 :
1396 4801 1757 4856 conﬁteantur
1794 4803 1890 4857 tibi
1936 4803 2116 4874 populi

543 4906 750 4946 omnes.
768 4890 1042 4946 Lmtentur
1064 4899 1118 4946 et
1138 4890 1887 4963 exsultentgentes,quoniam
1899 4894 2116 4964 judicas

617 5039 641 5067 ι
683 5025 738 5077 In
767 5024 899 5078 Cod.
1067 5028 1372 5097 Regioloeo
1414 5029 1574 5103 hujus
1624 5031 1884 5087 orationis
1923 5032 2118 5103 legitur

545 5111 778 5165 sequens
823 5113 834 5145 :
882 5113 900 5144 ι
945 5096 1105 5158 Vide,
1128 5096 1456 5166 qumsumus,
1485 5101 1726 5163 Domine,
1755 5096 2112 5157 humilitatem

548 5175 808 5226 nostram,
839 5172 892 5216 et
916 5168 1206 5240 propitiare
1253 5171 1491 5240 peccatis
1533 5173 1730 5224 nostris
1750 5213 1766 5236 ,
1787 5174 1910 5240 quia
1947 5174 2113 5226 multa

545 5247 706 5313 sunt:
739 5245 793 5287 et
812 5241 1024 5303 przesta,
1052 5237 1211 5313 utita
1240 5237 1530 5293 deﬂeamus
1559 5237 1850 5309 praeterita,
1883 5253 1942 5296 ut
1983 5259 2117 5313 prie—

546 5309 716 5360 sentia
750 5319 1056 5358 caveamus.
1085 5303 1204 5357 Per.
1242 5326 1260 5356 ι

617 5380 643 5415 ι»
677 5379 732 5448 In
771 5376 950 5448 libello
989 5374 1162 5427 Caroli
1200 5375 1370 5448 Calvi.
1404 5392 1523 5448 pag.
1569 5378 1659 5442 41,
1685 5381 1886 5448 absque
1919 5390 2055 5435 orat.

619 5460 638 5484 ε
684 5447 740 5500 ln
771 5447 890 5499 cod.
923 5446 1052 5513 lleg.
1078 5445 1321 5500 oratione
1355 5445 1519 5513 priori
1557 5451 1753 5503 omissa
1801 5445 1916 5504 haec
1960 5452 2118 5504 habe-

551 5526 677 5568 tur:
721 5533 738 5563 ι
779 5515 1047 5579 Salviﬁca,
1077 5515 1321 5580 Domine,
1350 5515 1644 5571 Ecclesiam
1683 5521 1734 5574 in
1772 5523 1845 5575 tui
1884 5521 2116 5574 nominis

550 5585 877 5656 protectione
908 5586 1157 5640 ﬁdentem
1177 5628 1191 5650 ,
1221 5595 1283 5641 ut
1314 5588 1577 5656 despectis
1619 5590 1850 5647 inimicis
1879 5593 2118 5645 volunta-

552 5657 628 5711 ria
655 5662 704 5711 te
732 5653 1070 5712 confessione
1107 5653 1431 5728 magniﬁcth
1475 5658 1593 5714 Per.
1637 5679 1655 5712 ι

2220 4545 2379 4598 quem
2419 4528 2816 4583 absconderunt
2850 4529 2982 4581 mihi
3012 4548 3023 4581 :
3054 4529 3304 4598 quoniam
3344 4537 3397 4582 tu
3433 4544 3491 4583 es
3520 4538 3798 4601 protector

2207 4618 2479 4672 meuan
2507 4634 2701 4672 manus
2728 4628 2846 4673 tuas
2894 4621 3209 4674 commendo
3256 4622 3504 4691 spiritum
3551 4637 3730 4677 meum
3777 4641 3790 4672 :

2221 4708 2496 4763 redemisti
2533 4726 2641 4775 me,
2671 4710 2898 4766 Domine
2928 4713 3064 4767 Deus
3107 4715 3370 4768 veritatis.
3410 4712 3579 4767 Odisti
3616 4713 3795 4766 obser-

2221 4812 2409 4858 vantes
2431 4807 2699 4879 vanitates
2721 4822 3074 4877 supervacue.
3113 4807 3225 4876 Ego
3260 4816 3438 4859 autem
3477 4805 3529 4858 in
3566 4803 3796 4857 Domino

2221 4898 2432 4966 speravi
2470 4917 2482 4949 :
2523 4898 2804 4952 exsultabo
2841 4907 2896 4953 et
2931 4899 3152 4952 lzetabor
3188 4898 3241 4948 in
3274 4895 3642 4950 misericordia
3679 4903 3786 4949 tua.

2290 5031 2316 5070 δ
2358 5031 2501 5086 Loco
2528 5032 2712 5092 citato,
2743 5045 2865 5098 pag.
2894 5029 2983 5081 42.

2293 5135 2316 5162 ε
2357 5123 2412 5175 ln
2459 5123 2578 5176 eod.
2623 5121 2817 5175 Codice
2868 5117 2985 5173 loco
3028 5117 3225 5187 prioris
3265 5136 3278 5172 :

2220 5193 2384 5254 mine,
2408 5193 2612 5244 vultum
2639 5198 2786 5241 tuum
2811 5203 2972 5257 super
2993 5204 3111 5251 nos,
3137 5189 3402 5245 benedici
3429 5205 3670 5258 memque
3694 5200 3792 5242 no-

2219 5263 2302 5315 bis
2330 5271 2642 5329 perpetuam
2674 5259 2897 5329 largire;
2933 5267 2992 5310 ut
3025 5259 3344 5315 conﬁtentes
3391 5262 3485 5314 tibi
3516 5262 3567 5314 in
3593 5259 3789 5313 timore

2221 5328 2410 5384 saneto
2437 5332 2666 5382 fructum
2689 5328 2913 5401 justitirg
2937 5344 3116 5383 coram
3159 5329 3293 5384 facie
3336 5330 3633 5401 majestatis
3683 5337 3807 5388 tua.

2219 5408 2495 5468 reportare
2522 5412 2842 5451 mercamur.
2879 5397 2998 5451 Per.
3045 5420 3053 5448 τ

2285 5493 2311 5558 ,ί
2343 5494 2468 5548 an.
2503 5495 2755 5577 cit.,pag.
2788 5491 2874 5544 45.

2295 5589 2318 5626 ε
2359 5586 2481 5639 Loc.
2515 5585 2630 5650 cit.,
2662 5599 2778 5653 pag.
2810 5583 2894 5636 57.

3327 5136 3347 5168 ε
3384 5118 3649 5183 lllumina,
3691 5117 3791 5172 Do-
