4262 6224
476 329 603 399 sn

1491 322 1882 380 LITURGICA.
1916 352 1988 365 —
2025 324 2289 381 OFFICIA
2325 324 2458 413 PE‘R
2500 325 2763 381 FERIAS.

3625 325 3733 379 541

504 441 770 509 Quoniam
797 438 1078 509 respexisti
1106 434 1459 491 humilitatem
1513 450 1713 500 meam,
1747 434 1968 489 salvasti
2010 434 2077 489 de
2104 438 2155 497 Α
2181 436 2389 492 laetiﬁca
2414 437 2645 490 animam
2669 434 2809 491 servi
2831 436 2903 490 tui
2920 475 2935 499 ,
2955 436 3206 504 quoniam
3253 436 3319 489 ad
3374 444 3445 499 te,
3487 435 3728 502 Domine.

504 529 914 586 necessitatibus
943 529 1176 582 animam
1205 540 1398 578 meam.
1427 522 1535 578 Nec
1559 524 1869 578 conclusisti
1898 539 1985 578 me
2016 524 2071 577 in

504 619 755 675 manibus
787 618 990 673 inimici
1018 638 1030 671 :
1056 616 1291 671 statuisti
1340 615 1394 668 in
1448 613 1565 669 loco
1621 614 1859 683 spatioso
1909 614 2073 683 pedes

503 726 673 768 neos.
728 710 985 785 Miserere
1038 709 1145 763 mei
1184 707 1442 771 Domine,
1480 706 1731 775 quoniam
1779 704 2002 759 tribulor
2055 721 2068 755 :

503 800 854 855 conturbatus
884 808 972 853 est
1006 800 1061 853 in
1101 798 1181 852 ira
1209 796 1395 851 oculus
1431 812 1601 858 meus,
1629 795 1809 849 anima
1854 810 1994 857 mea,
2019 800 2074 846 et

504 882 698 946 venter
723 905 895 944 meus.
931 887 1195 957 Quoniam
1230 886 1425 942 defecit
1459 885 1511 939 in
1541 884 1724 939 dolore
1767 884 1875 938 vita
1929 897 2071 946 mea,

504 990 561 1037 et
580 981 705 1035 anni
732 979 837 1037 mei
861 979 916 1033 in
943 978 1247 1050 gemitibus.
1274 976 1545 1031 Infirmata
1570 984 1656 1029 est
1680 974 1733 1027 in
1760 980 2074 1043 paupertate

504 1072 681 1135 virtus
717 1086 870 1135 mea,
907 1080 962 1124 et
996 1077 1117 1124 oSsa
1163 1084 1285 1123 mea
1333 1066 1646 1121 conturbata
1698 1070 1842 1125 sunt.
1900 1061 2075 1129 Super

504 1176 697 1216 omnes
721 1160 967 1215 inimicos
1002 1175 1151 1215 meos
1182 1159 1357 1213 factus
1388 1172 1505 1211 sum
1539 1155 1885 1226 opprobrium
1912 1172 1925 1205 :
1951 1152 2078 1205 vici-

506 1254 592 1308 nis
641 1254 777 1308 meis
799 1252 972 1318 valde,
1024 1261 1079 1307 et
1128 1250 1289 1305 timor
1331 1250 1475 1304 notis
1504 1250 1657 1304 meis.
1686 1248 1787 1315 Qui
1822 1247 2078 1300 videbant

505 1362 613 1412 me,
638 1345 783 1402 foras
815 1344 1070 1416 fugerunt
1103 1361 1132 1397 a
1169 1360 1307 1399 me:
1345 1341 1599 1403 oblivioni
1634 1340 1787 1396 datus
1808 1353 1927 1393 sum
1959 1345 2076 1391 tan-

506 1454 668 1509 quam
697 1446 940 1493 mortuus
976 1454 1005 1490 a
1044 1437 1225 1491 corde.
1263 1421 1459 1489 Factus
1513 1448 1632 1487 sum
1678 1441 1934 1501 tanquam
1978 1442 2075 1482 vas

504 1513 777 1599 perditum
798 1548 809 1582 :
836 1530 1089 1597 quoniam
1121 1528 1292 1583 audivi
1317 1525 1764 1595 vituperationem
1786 1521 2075 1577 multorum

504 1621 952 1674 commorantium
990 1620 1044 1673 in
1078 1619 1328 1674 circuitu.
1358 1617 1416 1671 In
1463 1632 1528 1671 eo
1567 1617 1691 1670 dum
1722 1613 2078 1668 convenirent

503 1710 661 1765 simul
695 1711 979 1767 adversum
1008 1727 1097 1766 me
1134 1729 1150 1766 :
1190 1712 1435 1781 accipere
1475 1709 1713 1762 animam
1749 1721 1924 1761 meam
1950 1720 2077 1759 con-

2173 528 2406 583 animam
2437 544 2612 582 meam
2639 529 2828 582 levavi.
2855 527 3115 593 Quoniam
3140 536 3195 581 tu
3222 527 3449 580 Domine
3476 528 3655 583 suavis
3678 536 3731 583 et

2173 620 2317 674 ruitis
2340 639 2352 673 :
2376 628 2430 673 et
2464 621 2642 675 multae
2676 618 3057 673 misericordia:
3082 619 3331 673 erunibus
3364 620 3734 675 invocantibus

2173 716 2245 763 te.
2276 710 2507 763 Auribus
2551 711 2765 779 percipe
2816 710 3037 764 Domine
3072 710 3369 764 cntionem
3400 724 3574 763 meam
3610 728 3625 763 :
3658 710 3736 764 in—

2174 800 2331 854 tende
2366 800 2484 853 voci
2518 799 2913 868 deprecationis
2941 815 3089 853 meae.
3144 797 3201 853 In
3244 799 3330 852 die
3379 799 3737 855 tribulationis
3820 844 3827 850 .

2172 906 2306 944 mea:
2332 890 2553 944 clamavi
2579 890 2646 943 ad
2674 899 2725 944 te
2756 908 2770 943 :
2801 891 2925 959 quia
2956 890 3220 943 exaudisti
3257 905 3361 942 me.
3412 889 3528 943 Non
3554 896 3639 944 est
3658 878 3737 944 lsi-

2172 981 2313 1035 milis
2343 982 2488 1036 tuiin
2514 982 2635 1047 diis,
2660 981 2916 1036 Domine:
2941 991 2997 1036 et
3022 998 3128 1035 non
3152 990 3235 1035 est
3262 982 3551 1035 secundum
3573 996 3735 1050 Opera

2171 1076 2283 1122 tua.
2319 1067 2519 1125 Omnes
2565 1080 2782 1140 gentes,
2823 1086 3171 1140 quascunque
3212 1069 3415 1135 fecisti,
3444 1072 3657 1125 venient
3680 1080 3738 1125 et

2173 1159 2473 1214 adorabunt
2490 1176 2671 1214 coram
2699 1170 2752 1215 te
2781 1160 3007 1216 Domine
3033 1180 3045 1214 :
3071 1169 3126 1214 et
3150 1161 3518 1231 gloriﬁcabunt
3544 1177 3735 1216 nomen

2173 1254 2344 1302 tuum.
2370 1248 2630 1315 Quoniam
2654 1265 2879 1321 magnus
2914 1265 2973 1307 es
3002 1260 3080 1314 tu,
3108 1250 3310 1303 faciens
3343 1250 3606 1304 mirabilia
3634 1270 3647 1302 ε
3682 1257 3738 1303 ιιι

2173 1353 2233 1392 es
2258 1338 2398 1393 Deus
2427 1339 2593 1394 solus.
2627 1338 2807 1394 Deduc
2837 1356 2942 1406 me,
2974 1341 3220 1405 Domine,
3253 1340 3303 1393 in
3329 1341 3415 1394 via
3447 1350 3559 1404 tua,
3582 1348 3637 1396 et
3662 1339 3741 1393 in-

2174 1428 2389 1499 grediar
2408 1430 2463 1482 in
2486 1430 2713 1484 veritate
2743 1438 2831 1484 tua
2860 1450 2873 1483 :
2903 1430 3114 1493 laetetur
3134 1447 3227 1485 cor
3248 1447 3444 1495 meum,
3468 1440 3527 1483 ut
3556 1431 3741 1485 timeat

2173 1534 2368 1573 nomen
2396 1526 2566 1572 tuum.
2594 1519 2907 1575 Conﬁtebor
2935 1522 3031 1575 tibi
3063 1520 3285 1575 Domine
3310 1521 3450 1577 Dens
3487 1537 3636 1576 meus
3684 1522 3737 1573 in

2174 1616 2286 1665 toto
2312 1609 2474 1663 corde
2509 1625 2630 1665 meo
2658 1629 2671 1663 :
2704 1619 2760 1665 et
2787 1611 3093 1681 gloriﬁcabo
3113 1627 3305 1665 nomen
3336 1621 3482 1665 tuum
3511 1613 3563 1666 in
3588 1619 3740 1665 teter-

2174 1714 2321 1754 num.
2354 1699 2488 1767 Quia
2509 1701 2874 1756 misericordia
2899 1710 2989 1756 tua
3018 1718 3206 1773 magna
3235 1711 3319 1756 est
3337 1716 3499 1771 super
3522 1717 3607 1756 me
3634 1721 3646 1754 :
3685 1709 3737 1756 el

502 1801 670 1855 ciliati
697 1809 840 1855 sunt.
884 1801 996 1871 Ego
1028 1808 1207 1856 autem
1239 1801 1291 1854 in
1325 1808 1377 1853 te
1399 1799 1606 1869 speravi
1632 1796 1853 1851 Domine
1889 1815 1902 1849 :
1941 1794 2070 1858 dixi,
2104 1802 2150 1860 Β
2174 1794 2367 1849 eruisti
2417 1794 2650 1849 animam
2700 1809 2877 1849 meam
2916 1809 2985 1849 ex
3033 1794 3241 1849 inferno
3283 1794 3541 1848 inferiori.
3597 1792 3739 1846 Deus

501 1891 644 1946 Deus
668 1906 821 1946 meus
845 1906 905 1945 es
932 1899 1008 1957 tu,
1036 1893 1090 1945 in
1117 1891 1365 1945 manibus
1396 1890 1503 1944 tuis
1534 1898 1711 1943 sortes
1731 1900 1883 1941 mea.
1910 1884 2073 1953 Eripe

502 1996 590 2038 me
611 1981 679 2036 de
701 1995 863 2035 manu
890 1982 1229 2036 inimicorum
1262 1995 1525 2044 meorum,
1552 1977 1607 2035 et
1642 1994 1672 2032 a
1708 1974 2077 2052 persequenti-

501 2076 601 2131 bus
626 2089 731 2131 me.
768 2074 980 2129 lllustra
1006 2075 1197 2129 faciem
1224 2083 1373 2130 tuam
1418 2089 1580 2143 super
1627 2079 1844 2128 servum
1897 2078 2070 2135 tuum,

500 2164 709 2220 salvum
757 2178 846 2219 me
894 2162 980 2219 fac
1009 2165 1063 2217 in
1100 2164 1471 2218 misericordia
1506 2171 1595 2216 tua
1640 2162 1865 2217 Domine
1911 2179 1924 2213 :
1962 2175 2072 2213 non

500 2250 816 2317 confundar,
849 2253 1102 2321 quoniam
1137 2252 1379 2306 invocavi
1421 2259 1491 2305 te.
1529 2250 1868 2304 Erubescant
1900 2248 2073 2319 impii,

498 2351 557 2397 et
592 2340 932 2399 deducantur
978 2342 1032 2396 in
1089 2342 1356 2397 infernum
1394 2359 1412 2397 :
1444 2350 1593 2395 muta
1644 2340 1778 2395 fiant
1813 2340 1951 2394 labia
1984 2340 2074 2395 do-

498 2430 635 2495 losa,
656 2446 777 2501 qua
798 2431 1089 2500 loquuntur
1108 2432 1364 2488 adversus
1379 2434 1584 2503 justum
1627 2433 1963 2503 iniquitatem
2014 2432 2068 2485 in

498 2521 776 2591 superbia,
806 2525 863 2575 et
905 2521 959 2575 in
1012 2520 1286 2576 abusione.
1343 2522 1514 2589 Quam
1555 2538 1747 2592 magna
1789 2522 2071 2577 multitudo

497 2612 798 2668 dulcedinis
824 2621 945 2677 tua,
964 2610 1206 2676 Domine,
1225 2628 1382 2682 quam
1398 2612 1722 2667 abscondisti
1749 2611 2072 2665 timentibus

499 2704 582 2757 te!
619 2701 897 2757 Perfecisti
944 2702 1045 2767 eis,
1073 2702 1166 2771 qui
1212 2709 1432 2772 sperant
1474 2703 1531 2756 in
1587 2710 1659 2767 te,
1692 2702 1745 2755 in
1778 2710 2068 2770 conspectu

501 2790 737 2847 ﬁliorum
785 2793 1085 2847 hominum.
1132 2791 1445 2848 Abscondes
1496 2808 1591 2848 eos
1646 2796 1699 2847 in
1755 2791 2070 2847 abscondito

499 2877 658 2935 faciei
694 2889 817 2947 tum,
848 2897 880 2934 a
900 2868 1323 2935 'conturbatione
1353 2882 1646 2935 hominum.
1673 2870 1932 2950 Proteges
1976 2895 2069 2934 eos

499 2971 556 3024 in
593 2968 935 3026 tabernaculo
959 2978 1070 3036 tuo,
1103 2985 1133 3024 a
1163 2971 1586 3026 contradictione
1614 2970 1938 3041 linguarum.
1969 2967 2070 3024 Bc—

499 3060 747 3115 nedictus
776 3059 1074 3116 Dominus:
1109 3060 1361 3130 quoniam
1410 3059 1719 3114 rniriﬂcavit
1765 3060 2069 3115 misericor-

2175 1882 2346 1951 iniqui
2370 1882 2776 1938 insurrexerunt
2806 1898 2967 1953 super
2993 1899 3080 1939 me
3114 1904 3127 1937 :
3164 1894 3217 1938 et
3245 1899 3511 1955 synagoga
3554 1892 3741 1953 poten—

2172 1970 2305 2024 tium
2330 1972 2661 2039 quasiet-unt
2682 1973 2916 2027 animam
2944 1988 3119 2028 meam
3151 1992 3164 2027 :
3198 1981 3252 2029 et
3300 1989 3406 2028 non
3451 1988 3742 2044 proposue-

2170 2065 2296 2113 runt
2323 2067 2377 2113 te
2397 2059 2451 2112 in
2480 2070 2770 2129 conspectu
2798 2077 2916 2137 suo.
2944 2062 3013 2116 Et
3037 2071 3115 2127 tu,
3148 2062 3374 2117 Domine
3400 2062 3544 2119 Deus
3575 2064 3739 2118 mise-

2170 2155 2320 2201 rator
2347 2156 2402 2203 et
2426 2149 2751 2213 misericors,
2776 2152 2987 2221 patiens
3024 2161 3079 2206 et
3114 2152 3293 2207 multa:
3325 2151 3739 2218 misericordia,

2170 2245 2224 2290 ct
2244 2252 2427 2291 verax.
2455 2226 2685 2309 Respice
2715 2239 2768 2293 in
2797 2256 2905 2304 me,
2929 2248 2983 2294 et
3005 2240 3259 2297 miserere
3303 2234 3440 2307 mei,
3470 2242 3535 2296 da
3579 2242 3743 2309 impe-

2170 2324 2308 2379 rium
2339 2332 2487 2379 tuum
2512 2341 2681 2397 puero
2714 2336 2807 2380 tuo
2847 2345 2859 2379 :
2894 2336 2950 2382 et
2984 2328 3189 2382 salvum
3220 2328 3305 2384 fac
3338 2327 3503 2383 tilium
3534 2327 3743 2382 ancilla!

2168 2424 2291 2469 tute.
2318 2414 2426 2469 Fac
2451 2430 2664 2469 mecum
2704 2416 2914 2487 signum
2949 2419 3006 2472 in
3051 2418 3269 2482 bonum,
3301 2426 3361 2473 ut
3397 2418 3617 2474 videant
3650 2418 3743 2489 qui

2166 2505 2398 2559 oderunt
2421 2519 2529 2571 me,
2560 2514 2616 2559 et
2638 2506 3038 2561 confundantur
3063 2526 3075 2560 :
3103 2508 3359 2578 quoniam
3389 2515 3468 2578 tu,
3497 2508 3741 2572 Domine,

2171 2597 2420 2669 adjuvisti
2450 2612 2537 2653 me
2560 2605 2615 2654 et
2639 2598 2951 2655 consolatus
2982 2617 3043 2655 es
3072 2618 3177 2657 me.

2244 2686 2310 2742 Ut
2344 2706 2525 2760 supra.
2579 2689 2691 2761 Ego
2737 2690 2878 2757 dixi,
2911 2691 3136 2747 Domine
3185 2693 3442 2749 miserere
3484 2692 3611 2747 mei.
3664 2689 3742 2744 Ne

2168 2779 2511 2846 derelinquas
2546 2786 2653 2843 me,
2677 2778 2920 2845 Domine,
2940 2780 3083 2835 Deus
3110 2795 3260 2835 meus
3290 2800 3301 2834 :
3336 2797 3403 2837 ne
3428 2782 3744 2837 discesseris

2166 2883 2197 2920 a
2231 2882 2336 2921 me.
2373 2865 2597 2922 Intende
2640 2867 2693 2921 in
2732 2866 3058 2936 adjutorium
3106 2884 3305 2932 meum,
3329 2868 3558 2934 Domine
3599 2868 3759 2923 Deus

2172 2955 2363 3011 salutis
2385 2970 2536 3011 mete.
2561 2954 2790 3028 Adjutor
2821 2972 2993 3025 meus,
3022 2966 3077 3012 et
3101 2967 3376 3029 protector
3401 2973 3572 3023 meus,
3596 2966 3653 3013 tu
3685 2973 3747 3024 es

2169 3046 2311 3103 Dens
2338 3063 2513 3115 meus,
2544 3063 2613 3102 ne
2639 3049 2958 3105 tardaveris.
3228 3038 3231 3043 ”

500 3149 648 3206 diam
680 3165 833 3206 suam
863 3150 991 3204 mihi
1032 3151 1084 3205 in
1109 3151 1325 3205 civitate
1347 3152 1570 3205 munita.
1596 3149 1712 3223 Ego
1738 3160 1917 3206 autem
1960 3150 2070 3207 dixi
2096 3142 2147 3209 ο

2060 3142 2147 3209 ίο
2245 3138 2452 3196 Oratio.
2511 3140 2778 3208 laetifica,
2835 3142 3089 3207 Domine,
3130 3141 3335 3197 vultum
3385 3140 3597 3196 familia!
3638 3149 3743 3197 tute

501 3242 559 3297 in
583 3256 810 3298 excessu
841 3242 1038 3298 mentis
1068 3257 1201 3298 mea:
1241 3261 1255 3296 :
1285 3242 1556 3314 projectus
1578 3257 1697 3297 sum
1726 3258 1756 3296 a
1783 3242 1923 3297 facie
1948 3257 2074 3297 ocu-

498 3334 677 3389 lorum
714 3343 949 3390 tuorum.
982 3334 1109 3391 Ideo
1134 3335 1400 3390 exaudisti
1423 3350 1611 3388 vocem
1633 3334 1892 3389 orationis
1915 3349 2069 3399 meae,

498 3423 630 3477 dum
656 3422 946 3479 clamarem
970 3425 1035 3478 ad
1072 3433 1144 3479 te.
1172 3425 1281 3495 76
1307 3423 1520 3497 Diligite
1555 3424 1861 3488 Dominum,
1882 3439 2072 3479 omnes

497 3512 675 3566 sancti
710 3510 828 3579 eius
856 3532 870 3542 ε
907 3514 1157 3583 quoniam
1182 3514 1463 3575 veritatem
1511 3514 1752 3582 requiret
1790 3512 2068 3579 Dominus,

499 3611 557 3657 et
590 3602 851 3658 retribuet
888 3603 1224 3658 abundanter
1254 3602 1571 3658 facientibus
1605 3605 1930 3674 superbiam.
1981 3603 2071 3659 Vl-

503 3698 673 3755 riliter
701 3699 863 3772 agite,
889 3690 945 3755 et
970 3698 1302 3755 confortetur
1330 3714 1425 3755 cor
1446 3708 1683 3757 vestrum
1722 3719 1736 3755 :
1767 3714 1955 3755 omnes
1978 3699 2070 3770 qui

499 3792 731 3862 speratis
752 3793 806 3847 in
835 3792 1077 3847 Domino.
1497 3802 1515 3820 ⁹
1980 3840 1983 3843 .

575 3878 643 3935 Ut
696 3899 876 3954 supra.
926 3881 1039 3954 Ego
1099 3882 1247 3950 dixi,
1296 3880 1561 3949 Domine,
1621 3885 1879 3939 miserere
1940 3882 2064 3936 mei.

500 3971 725 4037 Exaudi,
756 3974 929 4039 Deus,
956 3975 1252 4029 orationem
1287 3990 1494 4038 meam,
1522 3985 1577 4028 et
1627 3990 1695 4029 ne
1753 3973 2070 4045 despexeris

499 4061 932 4132 deprecationem
963 4078 1138 4117 meam
1172 4080 1186 4116 :
1220 4062 1437 4117 intende
1472 4062 1622 4127 mihi,
1649 4069 1703 4117 et
1736 4065 1927 4119 exaudi
1960 4081 2065 4118 me.

498 4149 725 4207 Domine
747 4151 939 4207 exaudi
962 4153 1259 4207 orationem
1287 4167 1479 4218 meam,
1509 4161 1563 4207 et
1588 4153 1791 4209 clamor
1816 4170 1968 4209 meus
2002 4155 2070 4208 ad

500 4250 553 4296 te
586 4241 785 4295 veniat.
820 4240 878 4321 In
909 4256 1229 4312 quacunque
1255 4242 1339 4296 die
1378 4242 1701 4297 invocavero
1724 4245 2071 4309 te,velociter

499 4332 691 4389 exaudi
718 4346 823 4387 me.

570 4421 776 4478 Oratio.
833 4422 1046 4479 Excelsi
1095 4420 1213 4481 solii
1271 4431 1520 4493 regnator
1574 4424 1833 4478 immense
1896 4422 2058 4495 [ϐοά.

2176 3225 2331 3302 [ϐοά.
2358 3228 2511 3300 Reg.,
2544 3228 2748 3284 vultum
2775 3238 2924 3292 tuum
2974 3246 3137 3301 super
3182 3227 3439 3287 familiam
3464 3226 3657 3303 tuam],
3688 3240 3746 3285 et

2173 3333 2304 3373 erue
2325 3317 2534 3372 animas
2554 3325 2769 3373 nostras
2789 3332 2855 3372 ex
2876 3317 3087 3373 inferno
3110 3317 3375 3383 inferiori,
3388 3326 3447 3373 ut
3468 3320 3548 3374 tui
3565 3318 3745 3375 vultus

2171 3409 2624 3480 contemplatione
2661 3412 2909 3479 protecti,
2956 3409 3224 3467 desideria
3278 3391 3461 3467 carnis
3512 3411 3741 3482 spiritali

2170 3503 2533 3560 dominatione
2560 3504 2847 3558 calcemus.
2872 3503 2995 3560 Per.

2242 3594 2451 3648 Litania
2476 3604 2529 3647 ut
2557 3612 2735 3667 supra.

2240 3685 2352 3757 Ego
2374 3685 2518 3751 dixi,
2541 3683 2766 3758 Domine
2800 3684 2943 3740 Deus
2982 3701 3156 3751 meus,
3181 3687 3236 3741 in
3269 3694 3320 3739 te
3360 3686 3592 3757 speravi.
3630 3685 3745 3742 Salo

2169 3796 2295 3835 vum
2321 3795 2408 3835 me
2437 3777 2523 3834 fac
2547 3793 2613 3831 ex
2639 3777 2887 3835 omnibus
2908 3779 3357 3849 persequentibus
3374 3788 3554 3845 me,et
3574 3780 3743 3835 libera

2168 3884 2273 3924 me.
2322 3867 2400 3923 Ne
2446 3867 2662 3938 quando
2706 3868 2883 3939 rapiat
2925 3876 2986 3922 ut
3015 3868 3097 3924 leo
3128 3870 3363 3925 animam
3394 3884 3591 3935 meam,
3616 3869 3743 3923 dum
3793 3862 3799 3869 ’

2162 3946 2275 4013 non
2320 3966 2403 4013 est
2436 3958 2527 4027 qui
2562 3956 2812 4023 redimat,
2852 3972 3026 4028 neque
3069 3958 3160 4027 qui
3194 3957 3398 4013 salvum
3443 3958 3623 4013 faciat.
3662 3958 3743 4012 Tu

2169 4057 2379 4113 autem,
2407 4046 2741 4111 Domine,ne
2765 4047 3099 4117 elongaveris
3119 4046 3379 4101 auxilium
3393 4055 3541 4103 tuum
3572 4063 3602 4102 a
3624 4064 3741 4102 tne:

2167 4139 2235 4193 ad
2256 4136 2625 4193 defensionem
2652 4149 2825 4188 meam
2849 4134 3115 4204 conspice.
3142 4132 3350 4201 Judica,
3378 4136 3624 4202 Domine,
3647 4153 3745 4192 no.

2169 4236 2351 4282 centes
2387 4241 2507 4290 me,
2540 4239 2796 4295 expugna
2828 4225 3204 4297 impugnantes
3250 4242 3355 4282 me.
3391 4227 3743 4297 Appreheude

2166 4336 2316 4373 arma
2341 4326 2398 4375 et
2419 4327 2653 4384 scutum,
2678 4326 2732 4373 et
2756 4333 2985 4392 exsurge
3014 4320 3068 4373 in
3092 4319 3416 4389 adiutorium
3453 4319 3607 4387 mihi.
3646 4320 3740 4387 Et}

2168 4407 2332 4463 funde
2358 4407 2638 4472 frameam,
2657 4416 2712 4462 et
2735 4406 2995 4463 conclude
3026 4406 3285 4461 adversus
3320 4421 3435 4468 eos.
3451 4408 3540 4476 qui
3563 4424 3743 4484 perse-

501 4513 652 4587 Reg.,
680 4524 934 4587 regnator
964 4514 1319 4586 aeterne],qui
1333 4487 1624 4586 sperantes
1652 4518 1703 4571 in
1734 4527 1784 4572 te
1818 4487 2063 4572 damnari
2094 4487 2142 4545 θ
2166 4515 2184 4551 ί

2054 4519 2063 4571 ί
2094 4487 2142 4545 Ι)
2166 4507 2404 4566 quuntur
2432 4512 2517 4551 me
2544 4516 2556 4547 :
2591 4497 2675 4551 dic
2710 4496 2902 4547 animm
2930 4509 3097 4560 mete,
3123 4492 3281 4550 Salus
3313 4504 3403 4551 tua
3438 4513 3539 4569 ego
3596 4514 3737 4553 sum.

496 4613 700 4660 etet-na
743 4603 1058 4660 confusione
1104 4622 1209 4659 non
1260 4607 1503 4675 pateris:
1535 4607 1700 4679 reple,
1724 4624 2064 4679 quaesumus,

500 4692 641 4749 labia
675 4700 860 4747 nostra
893 4690 1072 4763 [laude
1101 4692 1211 4764 tua]
1247 4703 1303 4747 et
1336 4695 1387 4746 in
1414 4694 1498 4748 his
1525 4712 1623 4748 nos
1646 4712 1859 4765 semper
1902 4699 2069 4752 meli-

496 4784 791 4841 tationihns
840 4785 1105 4858 bonorum
1153 4784 1450 4839 insinuatur
1497 4798 1690 4839 exerce
1736 4786 1888 4855 [ϐοά.
1916 4788 2065 4858 Rrg.,

496 4892 754 4933 exercete
778 4874 1058 4947 digneris].
1084 4873 1207 4929 Per.

1109 5056 1441 5113 PSALMUS.

565 5208 750 5280 (Pan.
781 5210 1009 5279 Lxxxv.)
1048 5224 1074 5251 ι
1105 5211 1305 5267 lnclina
1348 5211 1571 5265 Domine
1597 5226 1778 5265 aurem
1809 5218 1952 5265 tuam
1971 5253 1985 5276 ,
2009 5221 2066 5267 ct

496 5298 692 5356 exaudi
726 5312 814 5354 me
838 5318 852 5352 :
880 5300 1133 5369 quoniam
1167 5303 1321 5371 inops
1344 5312 1400 5357 et
1422 5318 1624 5372 pauper
1650 5317 1766 5357 sum
1796 5318 1914 5373 ego.
1964 5304 2066 5357 Cu—

496 5381 889 5447 Manimam
918 5405 1115 5454 meam,
1148 5393 1400 5460 quoniam
1433 5403 1651 5448 sanctus
1674 5408 1790 5447 sum
1817 5411 1829 5444 :
1857 5392 2061 5447 salvum

500 5478 587 5535 fac
610 5494 825 5535 servum
868 5490 1018 5536 tuum
1051 5480 1192 5535 Deus
1224 5496 1375 5536 meus
1399 5491 1704 5554 sperantem
1735 5484 1788 5537 in
1819 5493 1888 5537 te.
1916 5483 2069 5539 Misc-

503 5570 773 5636 rctenei,
798 5570 1045 5637 Domine,
1082 5573 1334 5641 quoniam
1366 5575 1433 5628 ad
1466 5585 1515 5630 te
1549 5576 1774 5633 clamavi
1808 5582 1916 5630 tota
1938 5576 2060 5631 die:

574 5694 598 5722 ⁸
637 5678 780 5737 Loco
804 5683 991 5748 citato,
1022 5700 1139 5753 pag.
1176 5683 1259 5736 Η.

94 6192 467 6205 r—fF—Ff—A-
490 6192 503 6195 ν

2165 4591 2391 4645 Domine
2403 4594 2583 4641 averte
2600 4585 2791 4639 faciem
2810 4593 2955 4639 tuam
2980 4602 3010 4639 a
3033 4589 3275 4656 peccatis
3303 4589 3457 4653 meis,
3473 4600 3529 4644 et
3552 4604 3741 4644 omnes

2172 4682 2487 4749 iniquitates
2512 4693 2663 4732 meas
2686 4677 2820 4731 dele.
2836 4676 2942 4732 Cor
2959 4680 3214 4737 mundum
3228 4696 3352 4735 crca
3374 4681 3428 4733 in
3451 4696 3558 4753 me,
3576 4680 3737 4747 Deus,

2162 4783 2219 4829 et
2244 4775 2489 4842 spiritum
2522 4781 2727 4826 rectum
2778 4773 2975 4827 innova
3020 4774 3073 4827 in
3116 4774 3412 4827 visceribus
3455 4771 3612 4827 meis.
3659 4772 3739 4827 Ne

2162 4866 2418 4937 projicias
2445 4881 2530 4920 me
2564 4881 2594 4918 a
2622 4863 2760 4919 facie
2786 4872 2910 4929 tua;
2942 4873 2997 4919 et
3020 4862 3278 4931 Spiritum
3314 4872 3561 4919 sanctum
3588 4874 3740 4922 tuum

2167 4973 2234 5013 ne
2262 4957 2477 5012 auferas
2496 4972 2528 5010 a
2568 4972 2673 5011 me.
2714 4955 2898 5009 Redde
2928 4954 3058 5008 mihi
3090 4954 3331 5009 laetitiam
3358 4954 3609 5022 salutaris
3637 4958 3736 5021 tui,

2165 5060 2215 5106 et
2239 5048 2431 5123 spiritu
2452 5049 2729 5122 principali
2757 5048 3019 5103 confirma
3044 5064 3149 5104 me.
3180 5049 3341 5119 Eripe
3356 5064 3467 5116 me,
3490 5048 3734 5112 Domine,

2163 5143 2234 5198 ab
2261 5143 2479 5197 homine
2506 5141 2667 5204 malo,
2696 5155 2724 5193 a
2760 5141 2878 5194 viro
2904 5140 3091 5210 iniquo
3126 5142 3275 5211 eripe
3322 5158 3429 5196 me.
3472 5141 3589 5194 Non
3632 5148 3741 5192 tra-

2165 5232 2283 5294 das,
2320 5230 2564 5291 Domine,
2589 5228 2855 5283 dcsiderio
2892 5245 3013 5285 meo
3045 5232 3338 5300 peccaturi,
3368 5214 3738 5299 cogitaverunt

2164 5329 2350 5374 contra
2376 5333 2461 5370 me
2492 5335 2506 5369 :
2539 5331 2607 5371 nc
2638 5318 2978 5388 derelinquas
3009 5334 3094 5374 me
3112 5364 3127 5385 ,
3149 5335 3222 5373 ne
3251 5319 3388 5373 forte
3409 5316 3730 5372 exaltentur.

2166 5408 2408 5469 Domine,
2440 5406 2663 5461 clamavi
2678 5408 2746 5462 ad
2776 5417 2849 5475 te,
2875 5409 3066 5464 exaudi
3083 5407 3417 5474 mc,intendc
3438 5404 3555 5461 voci
3577 5420 3731 5469 mae,

2168 5513 2287 5553 cum
2316 5496 2618 5552 clamavero
2660 5500 2729 5554 ad
2772 5510 2843 5554 te.
2898 5500 3169 5570 Dirigatur
3214 5500 3387 5553 oratio
3429 5513 3547 5552 mea
3594 5498 3735 5553 sicut

2168 5589 2442 5642 incensum
2472 5588 2525 5642 in
2553 5598 2841 5658 conspectu
2870 5584 2961 5644 tuo
2994 5604 3010 5641 :
3050 5589 3275 5644 clevatio
3304 5605 3557 5644 manuum
3591 5605 3736 5647 mc:-
