4262 6190
521 210 627 265 565
1342 208 1401 261 Β.
1444 207 1504 263 F.
1535 206 1759 265 ALBINI
1796 208 1924 265 SEU
1964 205 2204 264 Αιιευιδ

2071 205 2235 264 ὶυιΝι
2272 204 2552 267 ΟΡΕΒΠΜ
2590 202 2765 259 PARS
2798 204 2882 258 Ν.
3650 202 3754 258 5η

522 343 642 383 rum
679 327 996 383 sacrificium
1030 326 1413 395 vespertinum.
1451 325 1617 389 Pone,
1650 324 1893 389 Domine,
1918 330 2093 377 eusto-
2116 322 2164 381 Α
2193 327 2246 373 et
2286 334 2392 373 non
2445 325 2529 374 est
2571 318 2777 381 sanitas
2806 319 2859 373 iu
2889 332 3049 373 carne
3090 333 3229 375 mea.
3286 313 3513 386 PrOpter
3556 330 3752 373 nomen

522 418 667 471 diam
691 418 771 472 ori
796 431 945 481 meo;
984 424 1039 470 et
1064 417 1259 470 ostium
1294 415 1712 472 circumstantiae
1746 414 1901 468 labiis
1936 414 2089 467 meis.
2193 418 2363 474 tuum,
2393 408 2640 472 Domine,
2671 405 3045 477 propitiaberis
3071 414 3291 477 peccato
3338 420 3460 461 meo
3486 424 3497 459 :
3529 405 3753 462 multum

518 496 644 563 Non
666 507 901 562 declines
923 521 1016 561 cor
1040 522 1218 561 meum
1268 506 1323 560 in
1378 506 1541 561 verba
1588 507 1694 577 7³1
1744 506 1981 569 malitiae,
2028 505 2096 559 ad
2193 509 2276 555 est
2305 501 2468 555 enim.
2503 499 2708 555 Delicta
2757 502 2877 570 quis
2924 500 3305 572 intelligitlab
3348 499 3573 555 occultis
3618 501 3755 555 meis

525 596 861 652 exarandas
883 596 1260 663 excusationes
1290 596 1342 649 in
1358 596 1617 666 peccatis.
1648 595 1872 651 Domine
1899 594 2093 649 exaudi
2194 592 2391 655 munda
2417 606 2503 646 me
2532 610 2545 645 :
2576 599 2633 646 et
2668 592 2736 645 ab
2776 592 2965 647 alienis
2992 606 3153 662 parce
3177 605 3335 647 servo
3367 600 3494 649 ‘tuo.
3550 590 3753 647 Delicta

519 688 825 743 orationem
883 701 1091 750 meam,
1146 686 1364 740 auribus
1408 687 1623 755 percipe
1669 685 2095 740 obsecrationem
2188 683 2487 753 iuventutis
2512 697 2665 749 mete,
2686 691 2739 738 et
2768 684 3095 754 ignorantias
3142 698 3291 740 meas
3320 699 3390 739 ne
3417 682 3752 739 memineris.
3852 712 3853 715 η

526 792 702 832 meam
736 777 791 831 in
818 777 1044 831 veritate
1071 784 1183 840 tua,
1209 775 1402 829 exaudi
1428 790 1514 829 me
1544 776 1599 829 in
1640 782 1731 829 tua
1764 772 1993 841 justitia.
2033 772 2099 826 Et

524 881 636 921 non
660 867 828 921 intres
850 866 1127 936 injudicio
1156 879 1280 918 cum
1312 880 1469 919 servo
1496 872 1589 918 tuo
1617 882 1629 917 :
1656 864 1781 933 quia
1818 877 1923 916 non
1945 862 2100 931 justi-

2196 765 2501 827 Secundum
2556 773 2979 829 misericordiam
3029 783 3173 830 tuam
3220 782 3497 835 memento
3538 775 3644 829 mei
3677 782 3757 839 tu,

2196 872 2411 933 pr0pter
2425 864 2719 919 bonitatem
2732 872 2896 929 tuam,
2916 865 3160 920 Domine.
3176 864 3435 921 Miserere
3448 865 3577 931 nisi,
3590 864 3755 926 Deus.

523 956 773 1012 ﬁcabitur
794 958 849 1012 in
872 968 1165 1025 conspectu
1190 964 1281 1009 tuo
1302 954 1479 1009 omnis
1507 955 1712 1007 virens.
1738 953 1987 1006 Auditam
2014 951 2097 1004 fac

523 1048 655 1103 mihi
686 1061 845 1101 mane
874 1044 1297 1100 misericordiam
1348 1052 1492 1098 tuam
1512 1084 1526 1107 ,
1548 1043 1672 1113 quia
1706 1043 1759 1096 in
1786 1050 1839 1095 te
1864 1040 2094 1110 speravi.

522 1137 718 1193 Nouum
761 1136 848 1193 fac
877 1136 1007 1190 mihi
1035 1136 1176 1188 viam
1212 1135 1265 1188 in
1304 1148 1411 1203 qua
1454 1134 1743 1196 ambulem,
1773 1134 1897 1202 quia
1929 1130 1993 1185 ad
2048 1140 2100 1185 te

524 1228 696 1283 levavi
726 1228 963 1282 animam
999 1240 1195 1279 meam.
1231 1224 1389 1293 Eripe
1435 1238 1520 1279 me
1566 1224 1631 1277 de
1668 1222 1898 1277 inimicis
1938 1220 2095 1285 meis,

523 1320 773 1383 Domine,
797 1318 863 1372 ad
896 1329 946 1372 te
981 1316 1194 1387 confugi
1233 1335 1245 1370 :
1284 1316 1416 1371 doce
1443 1331 1532 1369 me
1567 1314 1745 1369 facere
1772 1314 2097 1368 voluntatem

527 1420 698 1474 tuam,
724 1410 850 1478 quia
874 1408 1017 1463 Deus
1036 1423 1191 1462 meus
1215 1423 1274 1462 es
1296 1416 1373 1461 tu.
1405 1406 1636 1476 Spiritus
1663 1414 1786 1460 tuus
1808 1405 1981 1459 bonus
2015 1404 2101 1458 de-

523 1500 686 1555 ducet
714 1514 801 1553 me
828 1498 882 1553 in
913 1506 1057 1552 terra
1091 1506 1239 1552 recta
1259 1539 1273 1563 ,
1296 1506 1515 1567 propter
1564 1508 1760 1550 nomen
1810 1502 1959 1549 tuum
2004 1492 2101 1547 Do-

525 1588 712 1643 mine:
752 1584 1049 1641 vivificabis
1099 1600 1187 1640 me
1240 1588 1297 1641 in
1345 1585 1600 1654 aequitate
1651 1594 1758 1639 tua.
1787 1584 1996 1639 Educes
2035 1583 2099 1637 de

2196 952 2489 1008 secundum
2519 970 2767 1025 magnam
2812 954 3234 1011 misericordiam
3263 964 3434 1021 tuam,
3489 954 3607 1013 dele
3659 955 3749 1010 ini-

2197 1045 2459 1113 quitatem
2489 1058 2684 1099 meam.

2414 1224 2415 1227 ,
2680 1124 2935 1211 ORATIO
2982 1153 3283 1210 METRICA

2410 1242 2685 1299 AURELU
2722 1242 3088 1300 PRUDENTII
3123 1243 3523 1300 CLEMENTIS.

2199 1357 2243 1415 0
2264 1359 2373 1415 Dee
2398 1358 2771 1428 cunctipotens
2799 1357 2993 1433 anima:
3022 1358 3199 1422 dator,
3231 1372 3264 1412 ο
3286 1357 3394 1412 Dee
3415 1356 3632 1414 Christe

2200 1447 2365 1517 Cujus
2389 1449 2459 1504 ab
2480 1464 2574 1504 ore
2599 1448 2740 1503 Deus
2762 1450 3011 1505 subsistit
3034 1448 3255 1517 spiritus
3283 1462 3443 1511 unus,
3521 1463 3532 1475 ·

2203 1542 2281 1598 Te
2306 1542 2621 1598 moderante
2643 1558 2821 1614 regor,
2847 1550 2903 1597 te
2929 1542 3093 1595 vitam
3120 1541 3363 1611 principe
3388 1540 3523 1595 duco
3549 1557 3561 1592 :

526 1674 877 1730 tribulatione
898 1676 1135 1730 animam
1172 1690 1367 1741 meam,
1392 1630 1448 1730 ἐι
1468 1674 1835 1729 misericordia
1871 1681 1961 1726 tua
1994 1671 2099 1725 dis.
2126 1653 2173 1713 Β
2202 1631 2472 1741 iudicem
2491 1632 2697 1741 aliens
2728 1631 3031 1741 ηθᾨῖὼῖξθ

525 1764 717 1832 perdes
742 1766 987 1821 inimicos
1012 1781 1178 1821 meos.
1196 1767 1264 1821 Et
1291 1762 1489 1837 perdes
1511 1781 1719 1831 omnes,
1736 1765 1825 1835 qui
1844 1763 2100 1819 tribulant

525 1854 765 1910 animam
793 1869 991 1919 meam,
1022 1854 1277 1924 quoniam
1306 1869 1405 1925 ego
1434 1868 1623 1909 servus
1648 1862 1772 1908 tuus
1816 1868 1955 1908 sum.
2002 1852 2103 1907 Dod-

527 1944 673 2003 uiue
698 1940 891 2000 exaudi
913 1946 1213 2000 orationem
1236 1960 1434 2011 meam,
1457 1954 1511 1999 et
1535 1946 1740 2001 clamor
1773 1952 1926 2000 meus
1948 1945 2015 1999 ad
2046 1952 2101 1998 te

528 2034 727 2090 veniat.
747 2036 1004 2094 Miserere
1017 2038 1143 2102 mei,
1163 2038 1322 2103 Deus,
1346 2037 1643 2093 secundum
1665 2051 1914 2106 magnam
1928 2041 2031 2091 etc.
2048 2036 2097 2087 ιὶ

828 2147 1081 2205 ORATIO
1114 2148 1359 2206 SANCTI
1394 2149 1786 2205 AUGUSTlNl.

598 2257 715 2313 Tibi
742 2258 866 2325 soli,
892 2257 1143 2325 Domine,
1168 2260 1409 2331 peccavi,
1440 2260 1569 2330 quia
1614 2258 1791 2317 nullus
1820 2259 2100 2315 hominum

529 2348 647 2405 sine
671 2358 894 2419 peccato
924 2369 936 2403 :
980 2360 1033 2405 et
1058 2350 1179 2406 ideo
1209 2352 1303 2405 tibi
1326 2352 1425 2406 soli
1453 2352 1696 2420 peccavi,
1722 2352 1849 2420 quia
1878 2358 1935 2405 tu
1955 2350 2100 2405 solus

529 2452 586 2493 es
614 2437 731 2492 sine
754 2442 997 2506 peccato.
1023 2438 1123 2504 Da,
1148 2440 1398 2508 Domine,
1433 2441 1858 2521 misericordiam
1878 2441 2101 2506 misero,

527 2528 620 2597 qui
645 2526 828 2581 taudiu
857 2528 1143 2599 pepercisti
1170 2528 1481 2584 criminose.
1513 2530 1709 2600 Aspice
1733 2530 1799 2585 ad
1829 2528 2102 2585 infelicem

528 2616 703 2687 pietas
732 2618 1014 2673 immensa.
1048 2616 1278 2687 Respice
1312 2616 1584 2676 crudelem
1610 2621 1980 2677 misericordia
2006 2636 2104 2691 pu-

529 2706 691 2761 blica.
727 2704 876 2763 Pene
899 2706 1217 2779 desperatus
1244 2710 1312 2763 ad
1332 2711 1761 2781 omnipotentem
1786 2712 1973 2777 venio;
1995 2711 2104 2766 vul-

531 2802 754 2849 neratus
784 2794 850 2849 ad
898 2794 1165 2850 medicum
1191 2812 1369 2852 curro.
1404 2797 1570 2855 Serva
1591 2800 1867 2871 ,_Domine
1892 2842 1907 2866 ,
1937 2801 2105 2871 pieta-

532 2886 639 2939 tem
666 2884 1093 2939 mansuetudinis
1119 2925 1133 2949 ,
1162 2888 1253 2956 qui
1284 2888 1469 2943 tandiu
1513 2867 1840 2960 suspendisti
1870 2867 2107 2963 gladium

2202 1725 2363 1795 Spem
2393 1725 2550 1795 capio
2579 1724 2714 1789 fore,
2746 1724 3004 1795 quidquid
3031 1738 3153 1793 ago,
3203 1722 3473 1787 veniabile
3502 1721 3642 1790 apud
3689 1729 3762 1785 te.

2200 1815 2507 1885 Quamlibet
2534 1815 2815 1887 indignum
2839 1815 3018 1879 venia,
3053 1814 3356 1882 faciamque
3376 1812 3701 1881 loquarque,

2200 1905 2495 1972 Conﬁteor,
2526 1890 2949 1969 dimittelibens,
2973 1912 3028 1959 et
3049 1918 3211 1973 parce
3238 1902 3448 1957 fatenti.
3538 1930 3545 1937 -

2201 1988 2373 2057 omne
2394 1996 2595 2053 malum
2626 1997 2823 2064 merui,
2843 1996 2938 2055 sed
2967 2005 3045 2059 tu,
3069 1995 3243 2072 bonus
3263 1994 3487 2057 arbiter,
3512 1990 3665 2046 aufer

2202 2086 2354 2155 Quod
2376 2087 2578 2152 merui;
2607 2086 2826 2140 meliora
2856 2084 3040 2140 favens
3060 2084 3255 2155 largire
3288 2082 3552 2151 precanti.

2202 2178 2350 2233 Dona
2378 2177 2573 2233 animae
2597 2176 2915 2248 quandoque
2965 2188 3120 2237 meai,
3166 2186 3289 2227 cum
3317 2169 3561 2239 corporis
3607 2164 3773 2233 hujus

2203 2268 2312 2341 78
2332 2267 2581 2337 Liquerit
2603 2264 2914 2334 hospitium,
2933 2262 3135 2326 nervis,
3160 2270 3304 2324 cute,
3335 2260 3619 2330 sanguine,
3642 2258 3767 2314 felle

2201 2358 2273 2413 0s
2299 2358 2402 2414 sibi
2417 2363 2747 2413 exstructum
2774 2360 3020 2420 corrupta
3048 2351 3185 2421 quod
3209 2350 3379 2406 incola
3410 2350 3534 2403 luxu

2204 2448 2317 2503 Heu
2344 2432 2573 2505 nimium
2602 2442 2876 2514 complexa
2901 2442 3063 2505 fovet,
3093 2456 3213 2496 cum
3235 2440 3425 2493 ﬂebilis
3454 2439 3585 2493 hora

2200 2537 2468 2595 Clauserit
2484 2536 2583 2592 hos
2608 2536 2788 2601 orbes,
2818 2543 2873 2589 et
2902 2533 3237 2589 conclamata
3255 2530 3456 2600 iacebit

2202 2629 2477 2693 Materies,
2502 2626 2777 2693 oculisque
2800 2625 2913 2679 suis
2935 2638 3086 2677 mens
3117 2621 3256 2674 nuda
3280 2618 3506 2679 fruetur,

2202 2716 2281 2772 Ne
2301 2723 2489 2771 cernat
2509 2714 2868 2775 truculentum
2894 2712 3124 2781 aliquem
3140 2710 3203 2764 de
3217 2716 3375 2779 gente
3396 2708 3667 2763 latronum

2202 2807 2493 2871 Itumitem,
2519 2804 2788 2870 rabidum,
2814 2802 3067 2873 vultuque
3088 2808 3143 2856 et
3170 2814 3297 2854 voce
3320 2798 3607 2858 minacem.

2205 2895 2545 2959 Terribilem,
2566 2895 2660 2963 qui
2680 2908 2765 2948 me
2792 2891 3120 2947 maculosum
3146 2889 3429 2959 aspergine
3452 2904 3663 2944 morum.

531 2974 773 3029 ultionis.
806 2973 935 3030 Dele
977 2978 1419 3055 numerositatem
1449 2981 1737 3037 criminum
1764 2983 2104 3040 multitudine
2129 2996 2180 3065 ο
2206 2986 2265 3043 lu
2285 2998 2521 3059 ιιι-περς
2548 2990 2609 3038 ut
2626 2984 2802 3055 praedo
2823 2982 3018 3045 trahat,
3046 2978 3321 3050 nigrisque
3343 2984 3590 3035 ruentem

533 3065 1044 3122 misericordiarum.
1078 3106 1093 3125 .
1138 3109 1149 3121 .
1185 3066 1287 3123 Hic
1304 3064 1559 3125 nonnulla
1580 3072 1786 3127 desunt.

604 3153 793 3224 Etego
821 3155 892 3211 ad
942 3164 1017 3222 te,
1049 3156 1298 3225 Domine,
1348 3158 1599 3227 clamavi,
1648 3170 1701 3217 et
1727 3177 1888 3217 mane
1932 3164 2107 3220 oratio

541 3251 660 3337 mea
689 3244 982 3311 praeveniet
1006 3255 1077 3337 te.
1111 3247 1183 3304 Ut
1209 3250 1336 3322 quid
1371 3291 1387 3317 ,
1416 3251 1665 3319 Domine,
1712 3255 1927 3325 repellis
1982 3271 2106 3312 ora-

537 3330 741 3387 tionem
784 3348 959 3387 meam
978 3375 992 3399 ,
1022 3330 1222 3393 avertis
1269 3339 1463 3395 faciem
1496 3351 1643 3397 tuam
1672 3359 1702 3397 a
1734 3360 1821 3399 me
1846 3345 1868 3398 τ
1899 3346 2108 3417 Pauper

536 3438 657 3478 sum
682 3440 801 3495 ego,
826 3425 953 3480 etin
980 3426 1249 3482 laboribus
1282 3445 1312 3482 a
1335 3430 1619 3498 iuventute
1644 3450 1765 3492 mea
1799 3454 1810 3487 :
1842 3436 2107 3492 exaltatus

535 3521 716 3567 autem
741 3554 755 3577 ,
786 3512 1097 3570 humiliatus
1150 3525 1206 3571 et
1248 3518 1619 3593 conturbatus.
1652 3519 1711 3577 In
1762 3538 1849 3575 me
1877 3524 2098 3577 transie-

537 3613 666 3657 runt
704 3605 962 3659 iraetuaz:
1016 3614 1071 3659 et
1098 3614 1334 3679 terrores
1385 3602 1953 3667 tuiconturbaverunt
2000 3627 2106 3667 me.

537 3692 1018 3751 Circumdederunt
1044 3714 1130 3752 me
1151 3700 1291 3755 sicut
1316 3717 1451 3771 aqua
1476 3710 1585 3755 tota
1610 3701 1718 3768 die,
1744 3702 2110 3758 circumdede—

540 3792 667 3838 runt
698 3801 782 3839 me
804 3788 978 3842 simul.
997 3788 1271 3861 Elongasti
1302 3778 1431 3847 ame
1454 3794 1683 3847 amicum
1714 3803 1767 3849 et
1777 3794 2106 3864 proximum,

540 3883 594 3931 et
626 3884 782 3928 notos
806 3889 954 3930 meos
983 3892 1013 3930 a
1038 3882 1274 3934 miseria.

613 3964 817 4019 Oratio.
838 3967 1161 4036 Redemptor
1176 3972 1412 4025 omnium
1424 4013 1437 4037 ,
1460 3971 1846 4043 ineﬂ’abilisque
1862 3972 2110 4028 Salvator

544 4058 816 4127 Deus,qui
848 4073 945 4127 pro
999 4055 1154 4113 nobis
1207 4060 1412 4114 inferna
1459 4072 1782 4133 penetrans,
1849 4063 2020 4119 factus
2049 4078 2108 4119 es

544 4148 685 4202 inter
736 4158 978 4205 mortuos
1019 4144 1160 4205 liber
1190 4169 1200 4203 :
1237 4150 1432 4205 exaudi
1486 4153 1806 4206 matutinam
1842 4169 2056 4223 precem
2092 4173 2104 4205 :

545 4235 825 4303 miserere,
854 4238 1101 4303 Domine,
1130 4239 1346 4294 familiae
1372 4282 1387 4304 ,
1417 4248 1473 4294 et
1522 4256 1651 4295 erue
1682 4256 1779 4295 nos
1809 4241 1877 4294 ab
1906 4242 2107 4297 inimici

548 4324 851 4383 insidiantis
876 4331 1111 4398 pessima
1142 4334 1419 4388 servitute.
1450 4332 1575 4387 Per.

615 4419 734 4473 Alia
758 4423 944 4474 oratio.
1003 4420 1183 4474 Palma
1215 4424 1378 4477 totius
1426 4424 1775 4479 beatitudinis
1802 4423 1965 4487 Deus,
2014 4422 2107 4492 qui

2205 3077 2493 3147 lmmergat
2517 3071 2783 3145 specubus
2804 3077 2995 3126 cuncta
3019 3075 3307 3123 exacturus
3336 3064 3401 3118 ad
3426 3078 3595 3130 usque

2207 3165 2569 3233 Quadrantem
2594 3158 3167 3219 minimum/damnosa:
3191 3152 3369 3209 debita
3389 3152 3530 3205 vitae.

2208 3254 2371 3311 Multa
2399 3254 2453 3307 in
2483 3250 2749 3307 thesauris
2774 3249 2941 3319 patris
2966 3256 3049 3303 est
3074 3244 3354 3306 habitatio,
3385 3238 3631 3305 Christe,

2208 3345 2522 3417 Disparibus
2548 3351 2756 3402 secreta
2776 3341 2926 3396 locis.
2960 3339 3074 3393 Non
3105 3351 3269 3408 posco
3296 3336 3450 3391 beata

2208 3440 2263 3495 In
2288 3437 2505 3509 regione
2536 3436 2777 3497 domum,
2799 3433 2909 3488 sint
2926 3431 3031 3485 illic
3054 3439 3236 3485 castra
3268 3427 3525 3481 virorum.

2208 3530 2457 3599 Agmina,
2480 3526 2789 3597 pulvereum
2818 3538 2936 3595 qua:
2969 3520 3310 3592 dedignantia
3338 3529 3561 3574 censum

2210 3617 2438 3670 Divitias
2462 3616 2667 3684 petiere
2684 3624 2822 3676 tuas,
2848 3612 2919 3665 sit
2944 3611 3069 3663 flore
3096 3606 3319 3677 perenni

2209 3705 2447 3759 Candida
2475 3703 2753 3773 virginitas
2782 3701 3015 3755 animum
3039 3704 3270 3749 castrata
3302 3694 3551 3749 recisum.

2200 3778 2431 3871 ‘Atmihi
2459 3794 2679 3847 tartarei
2707 3793 2834 3846 satis
2865 3800 2949 3847 est
2969 3794 3015 3845 si
3048 3790 3187 3844 nulla
3220 3786 3451 3843 ministri

2208 3886 2467 3942 Occurrat
2497 3884 2683 3945 facies,
2720 3883 2890 3937 avidze
2921 3898 3018 3937 nec
3054 3880 3265 3935 flamma
3294 3878 3551 3951 gebenme

2210 3979 2438 4037 Devoret
2461 3976 2599 4029 hanc
2626 3976 2886 4037 animam,
2925 3986 3157 4028 mersam
3196 3968 3502 4025 fornacibus
3540 3966 3665 4019 imis

2210 4065 2358 4131 Esto,
2385 4080 2702 4127 cavernoso,
2734 4064 2857 4133 quia
2882 4062 2960 4117 sic
2991 4077 3086 4130 pro
3110 4062 3228 4115 labe
3262 4073 3483 4113 necesse
3505 4066 3589 4112 est

2209 4156 2498 4223 Corporea,
2535 4156 2707 4208 tristis
2744 4168 2827 4206 me
2852 4154 3067 4205 sorbeat
3092 4151 3228 4219 ignis
3254 4147 3485 4201 Averno.

2214 4245 2405 4298 Statim
2432 4244 2681 4297 mitificos
2717 4240 2963 4295 incendia
2988 4240 3131 4293 lenta
3166 4248 3390 4303 vapores

2130 4333 2183 4392 1)
2212 4333 2495 4393 Exhalent.
2528 4338 2765 4396 aestuque
2790 4327 2933 4381 calor
2954 4326 3238 4393 languente
3263 4327 3519 4389 tepescat.

2209 4424 2325 4479 Lux
2350 4423 2623 4475 immensa
2656 4420 2810 4480 alios,
2835 4425 2887 4470 et
2910 4424 3146 4483 tempora
3179 4413 3360 4483 juncta
3385 4408 3598 4475 coronis

548 4498 732 4571 ficieles
760 4524 901 4579 tuos,
927 4520 987 4567 ut
1015 4513 1067 4566 in
1098 4512 1214 4583 lege
1244 4520 1332 4567 tua
1362 4515 1658 4580 ambulent,
1684 4516 1989 4571 testimonia
2020 4522 2121 4569 tua
2211 4514 2503 4577 Glorificet,
2532 4525 2617 4565 me
2640 4524 2797 4581 paena
2834 4508 2964 4563 levis
2992 4507 3281 4561 clemmter
3316 4503 3525 4555 adurat.

547 4614 854 4662 scrutentur
883 4646 897 4671 ,
928 4604 1175 4657 mandata
1227 4604 1567 4669 custodiant,
1596 4605 1827 4660 salubris
1866 4606 2112 4675 provisor

550 4698 847 4753 informas:
894 4697 1130 4753 concede
1178 4694 1332 4750 nobis
1371 4692 1788 4762 iustificationes
1836 4706 1955 4751 tuas
2001 4706 2111 4754 toto

548 4791 709 4845 corde
734 4807 995 4861 quaerere,
1024 4790 1235 4860 eloquia
1278 4787 1601 4859 intelligere,
1631 4788 1893 4841 mirabilia
1921 4789 2113 4856 prtedi-

549 4888 798 4935 carezut
836 4882 928 4950 qui
974 4882 1236 4936 hactenus
1279 4880 1433 4949 quasi
1472 4880 1695 4949 perditae
1745 4892 1873 4932 oves
1918 4878 2119 4933 erravi-

553 4990 696 5041 mus,
721 4972 827 5027 tuis
851 4972 954 5042 piis
990 4973 1229 5029 humeris
1268 4974 1478 5029 restitui
1508 4972 1757 5044 paradiso
1803 4970 2111 5042 gloriemur.

557 5065 679 5120 Per.

624 5156 833 5215 Litania
857 5164 912 5210 tu
942 5172 1118 5226 supra.

624 5269 791 5335 Deus,
844 5268 1112 5341 propitius
1165 5274 1284 5322 esto
1339 5267 1470 5322 mibi
1521 5268 1811 5338 peccatori.
1862 5267 2113 5333 Domine,

557 5362 815 5416 miserere
857 5363 987 5427 mei,
1016 5377 1147 5418 sana
1192 5360 1428 5415 animam
1475 5374 1689 5421 meam,
1721 5358 1845 5427 quia
1898 5358 2115 5426 peccavi

557 5454 673 5508 tibi.
706 5453 969 5520 Quoniam
998 5453 1165 5511 lumbi
1214 5453 1319 5509 mei
1350 5452 1553 5523 impleti
1599 5458 1722 5509 sunt
1750 5448 2114 5517 illusionibus,

631 5605 653 5632 ι
681 5588 776 5647 llic
801 5591 981 5649 deﬁcit
1001 5590 1120 5647 eod.
1146 5606 1245 5646 ms.
1272 5588 1400 5658 Reg.

2530 4624 2663 4678 Item
2697 4638 2867 4693 preces
2890 4620 2951 4673 de
2975 4618 3241 4673 charitatia
3270 4616 3429 4683 dono.

2285 4719 2509 4789 Diligam
2534 4725 2606 4781 te,
2634 4715 2876 4775 Domine,
2908 4709 3161 4765 fortitudo
3187 4720 3325 4759 mea.

2788 4813 2861 4865 De
2889 4810 3040 4863 laude
3074 4806 3187 4859 Det.

2284 4908 2603 4963 Benedicam
2654 4904 2938 4959 Dominum
2966 4898 3021 4953 in
3066 4892 3209 4949 omni
3244 4898 3481 4959 tempore
3522 4909 3531 4942 :
3564 4904 3771 4958 semper

2214 5000 2329 5053 laus
2364 4997 2479 5067 ejus
2510 4998 2563 5051 in
2594 5011 2686 5051 ore
2723 5009 2862 5047 meo.

2867 5076 2972 5129 Pro
3008 5074 3131 5143 ﬁde.

2292 5176 2516 5233 Domine
2541 5188 2674 5243 auge
2700 5169 2851 5227 nobis
2878 5166 3053 5220 fidem.

2883 5257 2987 5309 Pro
3012 5273 3114 5325 spe.

2290 5355 2622 5412 Exaudinos
2668 5350 2836 5415 Deus,
2871 5347 3117 5403 salutaris
3142 5356 3347 5414 noster,
3374 5358 3497 5416 spes
3534 5339 3772 5401 oumium

2222 5449 2408 5505 finium
2442 5457 2613 5503 teme.
