4262 6194
564 304 668 374 sis

1084 415 1189 469 Pro
1214 407 1446 470 custodia
1472 410 1585 466 Dei.

632 509 851 566 Custodi
883 523 989 571 me,
1022 507 1267 570 Domine,
1291 516 1348 560 ut
1382 505 1632 575 pupillam
1659 504 1797 558 oculi
1831 521 1843 554 :
1875 500 1973 554 sub
2000 512 2118 552 um-
2147 547 2150 550 .

599 615 659 654 ra
687 599 892 655 alarum
923 605 1134 651 tuarum
1160 607 1378 666 protege
1402 608 1518 649 nos.

712 674 715 677 ’
930 681 937 686 ⁷
1088 684 1194 738 Pro
1237 683 1579 738 conversione.

636 776 859 832 Domine
887 817 902 840 ,
940 774 1148 830 dimitte
1195 789 1315 840 me,
1364 783 1426 828 ut
1470 772 1757 842 relrigerer
1813 770 2124 840 priusquam

567 869 777 934 abeam,
805 877 860 924 et
881 867 1109 938 amplius
1145 882 1251 922 non
1284 881 1396 923 ero.

1124 954 1231 1010 Pro
1257 954 1579 1026 fortitudine.

633 1049 1027 1105 Fortitudinem
1075 1061 1252 1101 meam
1278 1045 1346 1099 ad
1377 1053 1429 1098 te
1451 1043 1776 1105 custodiam,
1809 1042 1935 1110 quia
1984 1039 2125 1093 Deus

568 1146 849 1208 susceptor
870 1151 1023 1192 meus
1048 1154 1060 1189 :
1091 1135 1233 1190 Deus
1257 1148 1428 1198 meus,
1457 1130 1824 1186 misericordia
1856 1129 1972 1199 ejus
1998 1141 2136 1210 praef

569 1227 751 1283 ‘reniet
777 1240 883 1281 me.
1209 1293 1214 1296 _

1150 1310 1255 1367 Pro
1280 1312 1448 1382 gratia
1469 1311 1585 1366 Dei.

638 1403 1002 1460 Misericordia
1057 1410 1146 1458 tua
1170 1401 1463 1472 praeveniet
1501 1415 1607 1462 me,
1664 1406 1720 1453 et
1754 1395 2127 1453 misericordia

571 1505 659 1551 tua
686 1494 1042 1565 subsequatur
1069 1510 1155 1550 me
1180 1494 1430 1550 omnibus
1466 1491 1651 1547 diebus
1681 1492 1805 1546 vitae
1834 1505 1985 1545 mae.

1097 1581 1205 1636 Pro
1234 1592 1460 1636 extremo
1490 1579 1593 1634 die.
1651 1601 1653 1603 ί

637 1671 902 1740 Quoniam
926 1679 980 1726 tu
1009 1687 1067 1728 es
1092 1665 1359 1741 protector
1381 1684 1552 1732 meus,
1580 1668 1827 1734 Domine,
1855 1667 1910 1721 in
1939 1681 2128 1724 manus

571 1769 690 1816 tuas
714 1759 1099 1815 commendabo
1125 1759 1369 1828 spiritum
1399 1772 1597 1812 meum.

1129 1865 1237 1920 Pro
1272 1867 1570 1920 tentatione.

609 1939 777 2013 \Erue
804 1998 818 2023 ,
851 1958 1102 2024 Domine,
1130 1973 1160 2012 a
1197 1957 1398 2020 framea
1449 1958 1684 2012 animam
1716 1973 1890 2015 meam
1917 1977 1927 2012 :
1962 1967 2016 2013 et
2058 1959 2125 2015 de

569 2046 729 2102 manu
763 2047 917 2103 canis
953 2046 1166 2102 unicam
1197 2063 1392 2102 meam.

633 2135 948 2202 ODomine,
986 2124 1151 2191 libera
1188 2136 1422 2190 animam
1457 2151 1653 2200 meam,
1692 2137 1999 2191 misericors
2029 2135 2126 2190 Do-

568 2228 769 2294 minus,
796 2237 848 2282 et
867 2228 1073 2300 justus,
1106 2237 1161 2283 et
1190 2229 1332 2283 Deus
1347 2237 1530 2283 noster
1555 2230 1856 2284 miseretur.

1119 2315 1225 2370 Pro
1249 2319 1441 2371 uisione
1469 2311 1584 2372 Dei.

639 2405 812 2460 Unam
841 2407 969 2476 petii
997 2421 1028 2459 a
1063 2392 1312 2471 Domino,
1344 2405 1482 2459 hanc
1532 2406 1841 2483 requiram;
1876 2417 1935 2461 ut
1979 2406 2129 2461 inha-

568 2493 734 2551 bitem
779 2495 836 2550 in
861 2496 1018 2550 domo
1048 2495 1257 2550 Domini
1291 2495 1537 2549 omnibus
1572 2496 1761 2551 diebus
1781 2498 1929 2551 ‘vitaa
1974 2513 2122 2553 meae.

571 2585 638 2644 Ut
665 2585 877 2641 videant
909 2584 1235 2640 voluntatem
1263 2585 1372 2656 [L.,
1401 2581 1748 2656 veluptatem]
1782 2583 2018 2649 Domini,
2073 2597 2129 2640 et

570 2677 782 2732 risitom
813 2670 1066 2747 templum
1108 2676 1241 2746 ejus.
1283 2677 1431 2731 Beati
1474 2677 1564 2747 qui
1601 2677 1846 2731 habitant
1882 2678 1936 2732 in
1970 2677 2128 2732 domo

570 2775 682 2831 tua,
717 2767 962 2834 Domine,
988 2768 1044 2820 in
1071 2767 1261 2821 saecula
1291 2767 1602 2822 mulorum
1629 2768 1918 2822 laudabunt
1945 2778 2014 2824 te.

1062 2877 1315 2934 ORATIO
1337 2875 1629 2933 ALCUiNl.

569 2949 647 3003 De
674 2950 938 3019 agnitione
990 2949 1104 3013 Dei,
1141 2960 1188 3002 et
1236 2948 1558 3018 indulgentia
1604 2950 1914 3005 doliturum
1935 2983 1953 3009 κ
1987 2955 2036 3006 ει
2065 2952 2130 3006 de

810 3020 1070 3090 ereptione
1102 3019 1420 3080 diuersarum
1459 3019 1885 3084 tribulationum.

1549 290 1933 350 LITURGICA.
1972 317 2037 328 --
2079 281 2343 341 OFFICIA
2381 282 2517 338 PER
2552 281 2819 337 FERIAS.

2143 407 2188 460 Α
2219 413 2401 452 serere
2434 397 2650 452 Christe
2678 414 2689 448 :
2730 395 2987 450 utanima
3025 409 3144 449 mea
3167 394 3312 450 vivat
3344 395 3396 450 in
3437 401 3505 450 te.
3533 394 3791 452 Miserere

3684 280 3788 331 546

2226 490 2472 554 Domine,
2497 486 2983 544 miserereChriste
3013 504 3024 539 :
3053 495 3112 540 ut
3130 502 3258 542 caro
3273 489 3390 541 mea
3403 487 3700 542 exsultetin
3715 498 3787 542 te.

2225 579 2482 634 Miserere
2516 578 2763 641 Domine,
2819 578 3081 632 miserere
3133 576 3382 631 Christe:
3420 585 3479 632 ut
3534 578 3641 632 vita
3669 593 3790 632 mea

2225 668 2468 745 proﬁciat
2497 667 2552 722 in
2581 676 2652 722 te.
2683 667 2941 722 Miserere
2971 667 3195 721 Domine
3241 666 3383 722 Deus
3416 663 3594 732 Pater,
3623 669 3790 740 gloria

2226 773 2365 821 mea,
2386 758 2491 811 vita
2516 771 2653 811 mea.
2680 755 2936 811 Miserere
2950 756 3162 812 Christe
3188 756 3456 822 Salvator,
3479 758 3626 814 salus
3647 776 3790 827 mea,

2227 845 2481 902 fortitudo
2532 860 2674 900 mea.
2721 845 2975 900 Miserere
3027 844 3264 914 Spiritus
3317 849 3632 916 paraclitus,
3664 865 3788 905 eon-

2224 935 2415 989 solatio
2436 949 2577 998 mea,
2602 934 2926 988 illuminatio
2950 949 3088 988 mea.
3109 935 3364 991 Miserere
3389 937 3614 993 Domine
3629 938 3792 1001 Deus.

2226 1020 2485 1088 Trinitas,
2515 1033 2570 1078 et
2593 1024 2798 1078 unitas.
2825 1023 2901 1078 Te
2926 1023 3108 1087 laudo,
3135 1033 3188 1078 te
3215 1025 3401 1089 adoro,
3429 1035 3481 1080 te
3501 1027 3788 1092 conﬁteor,

2223 1127 2330 1182 pax
2357 1127 2500 1176 mea,
2523 1126 2648 1181 spes
2678 1127 2821 1175 mea,
2844 1111 2962 1166 laus
2997 1128 3140 1177 mea,
3164 1114 3254 1167 lux
3286 1130 3426 1179 mea,
3449 1117 3794 1187 pulchritudo

2225 1217 2366 1265 mea.
2390 1201 2667 1256 beatitudo
2691 1216 2832 1256 mea.
2864 1202 2983 1256 Tibi
3015 1203 3153 1265 laus,
3178 1203 3271 1257 tibi
3298 1204 3469 1274 gloria
3490 1246 3505 1268 ,
3535 1207 3632 1261 tibi
3670 1223 3793 1277 gra-

2229 1291 2422 1346 tiarum
2453 1290 2596 1347 actio
2621 1305 2835 1360 semper
2865 1291 3062 1360 ubique
3083 1293 3137 1345 in
3159 1292 3353 1346 saecula
3373 1286 3721 1364 sempiterna.

2773 1393 3067 1469 FERIA
3128 1395 3260 1471 ιν.

2578 1499 2832 1557 ORATIO
2871 1501 3071 1556 BEATI
3106 1500 3450 1569 AMBROS",

2405 1595 2472 1652 In
2495 1596 2598 1666 qua
2625 1612 2721 1666 pro
2747 1597 2857 1650 suis
2885 1596 3108 1666 peccatis
3136 1597 3334 1649 ueniam
3372 1595 3623 1664 postulat.

2304 1685 2583 1745 Miserator
2611 1699 2668 1744 et
2686 1688 3014 1750 misericors,
3046 1686 3276 1756 patiens,
3307 1696 3361 1740 et
3385 1684 3611 1739 multum
3641 1684 3802 1740 mise-

2156 1749 2202 1810 B
2233 1781 2421 1844 rieors,
2465 1791 2658 1849 magne
2683 1785 2737 1831 et
2765 1749 3020 1831 terribilis
3048 1749 3202 1828 IDeus
3229 1749 3369 1828 :tibi
3407 1772 3667 1828 conﬁteor
3711 1775 3803 1830 de-

2226 1868 2355 1922 licta
2381 1879 2522 1932 mea,
2566 1865 2663 1921 tibi
2705 1863 2975 1935 patefacio
3012 1863 3232 1918 vulnera
3275 1878 3414 1918 mea.
3463 1860 3542 1917 Tu
3585 1872 3805 1934 propter

2226 1953 2548 2011 ineffabilem
2584 1951 2881 2010 bonitatem
2914 1962 3060 2007 tuam
3094 1952 3282 2008 confer
3303 1950 3435 2008 mihi
3464 1952 3663 2008 misero
3691 1966 3806 2008 me-

2225 2048 2480 2103 dicinam.
2533 2043 2614 2099 Tu
2663 2045 2808 2100 enim
2853 2043 3161 2109 mitissime,
3209 2037 3548 2114 dignatusea
3576 2040 3800 2099 dicere:

2224 2136 2356 2191 Nolo
2400 2143 2634 2190 mortem
2669 2133 2993 2205 peccatoris,
3037 2133 3135 2189 sed
3163 2143 3222 2188 ut
3247 2142 3612 2200 convertatur,
3641 2142 3696 2188 et
3719 2135 3800 2188 vi-

2224 2234 2334 2280 vat.
2365 2224 2660 2288 Conﬁteor,
2693 2224 2876 2294 inique
2900 2223 2986 2295 egi
3011 2239 3024 2277 :
3052 2215 3306 2293 perversa
3332 2212 3416 2278 est
3439 2224 3492 2278 in
3515 2233 3802 2294 conspectu

2227 2324 2318 2371 tuo
2352 2316 2438 2370 via
2460 2325 2600 2370 mea.
2636 2313 2811 2384 Lapsa
2837 2323 2920 2368 est
2954 2314 3011 2368 in
3048 2311 3224 2369 lacum
3262 2302 3495 2370 miserim
3520 2315 3630 2370 vita
3662 2328 3802 2378 mea,

2226 2408 2488 2462 exstincta
2515 2415 2599 2461 est
2635 2407 2688 2460 in
2728 2404 3106 2476 iniquitatibus
3135 2405 3315 2460 anima
3347 2420 3486 2462 mea.
3513 2405 3804 2469 Superbia,

2227 2496 2412 2561 libido,
2445 2496 2544 2560 ira,
2570 2495 2902 2565 impatientia
2957 2494 3183 2558 malitia,
3209 2493 3431 2561 invidia,
3456 2495 3594 2566 gula.
3632 2493 3806 2551 ebrios

2229 2595 2330 2649 tas,
2368 2586 2816 2658 concupiscentia,
2851 2585 3058 2656 rapina,
3089 2584 3450 2648 mendacium,
3478 2583 3769 2656 pegurium
3790 2625 3804 2647 ,

2227 2679 2547 2745 scurrilitas,
2587 2673 3017 2752 stultiloquium,
3064 2675 3399 2746 ignorantia,
3445 2677 3804 2748 negligentia,

2228 2781 2322 2820 seu
2363 2773 2573 2818 cteterze
2615 2777 2796 2834 pestes
2831 2763 3148 2820 occiderunt
3183 2763 3419 2820 animam
3452 2779 3649 2822 meam.
3679 2764 3806 2821 Pol-
3891 2767 3894 2770 ’

2230 2856 2395 2908 lutum
2426 2862 2510 2908 est
2543 2865 2636 2908 cor
2663 2866 2863 2918 meum,
2909 2863 2965 2908 et
3005 2853 3150 2910 labia
3181 2864 3337 2919 mea;
3384 2855 3533 2912 vista
3573 2868 3727 2911 meus
3755 2866 3810 2911 et

2230 2942 2465 3006 auditus,
2506 2949 2713 3011 gustus,
2763 2942 3020 2998 mini-atus
3085 2947 3456 3000 ﬂuctuant
3485 2945 3811 3002 omnimodis

2233 3032 2577 3103 cogitatione,
2618 3026 2908 3099 locutione,
2960 3035 3074 3089 sive
3120 3025 3333 3090 actione
3379 3031 3621 3104 perditus
3655 3051 3810 3096 sum.

641 3122 666 3150 ι
698 3082 950 3181 Miserere
975 3110 1226 3174 Domine,
1256 3111 1510 3174 miserere
1543 3110 1758 3168 Christo
1776 3129 1798 3165 .-
1927 3085 2181 3173 miseril

2238 3082 2577 3103 -νο-νη-ν---ι
2619 3082 2908 3099 --ν---τηη
2961 3082 3072 3089 ----
3124 3082 3332 3090 ,νγ-τ---
3379 3082 3619 3104 r-______
3667 3082 3809 3096 _____

2190 3082 2203 3149 =
2235 3128 2430 3196 Quieso
2459 3137 2528 3193 te,
2553 3126 2958 3191 nominemus,
2986 3125 3141 3197 cujus
3179 3125 3453 3184 miseratio
3477 3131 3683 3185 nullum
3715 3131 3809 3184 ba-

579 3201 765 3256 eordia
787 3215 931 3267 mea,
959 3200 1224 3256 miserere
1242 3200 1398 3257 mihi.
1426 3200 1681 3256 Miserere
1703 3200 1952 3266 Domino,
1966 3203 2132 3264 miseo

572 3305 693 3347 rere
718 3288 929 3348 Christe
959 3309 971 3344 :
1003 3298 1063 3344 ut
1095 3291 1233 3345 bene
1275 3305 1456 3359 rogem
1504 3299 1574 3344 te.
1603 3289 1860 3348 Miseram
1880 3285 2132 3357 Mne.

572 3380 833 3437 miserere
860 3377 1075 3441 Christe
1106 3400 1134 3436 _:
1182 3390 1242 3434 ut
1273 3381 1490 3452 dignum
1525 3395 1614 3436 me
1665 3379 2132 3450 hanc.me

573 3469 833 3526 Miserere
881 3467 1152 3541 Domine,
1184 3469 1445 3534 miserere
1502 3468 1751 3532 Christe:
1777 3475 2137 3534 utuaudias

577 3575 682 3615 me.
741 3559 996 3617 Miserere
1028 3561 1257 3624 Domine
1288 3603 1302 3625 ,
1335 3562 1591 3634 miserere
1640 3562 1889 3630 Christe;
1918 3565 1980 3618 ut
2008 3578 2137 3618 san—

574 3659 717 3710 ctam
740 3651 1067 3710 voluntatem
1092 3661 1234 3707 tuam
1253 3654 1444 3711 doceas
1468 3667 1576 3709 me.
1603 3652 2139 3731 Μίδωνι-συσταίη

577 3743 830 3803 miserere
867 3743 1120 3806 Christe;
1171 3753 1228 3820 ut
1263 3749 1314 3796 in
1348 3746 1610 3802 chanlate
1637 3752 1726 3798 tua
1763 3744 2004 3802 astutias
2029 3759 2138 3804 me.

580 3832 833 3894 Miserere
877 3831 1126 3898 Domine.
1153 3835 1408 3892 miserere
1435 3834 1682 3894 Christe.
1701 3841 1767 3890 .ut
1787 3831 1992 3904 Spiritu
2012 3848 2139 3898 suo.

578 3931 772 3984 etotuo
797 3923 1184 4000 “ﬂamines
1212 3939 1314 3982 me.
1333 3920 1587 3978 Miserere
1614 3922 1861 3989 Domine,
1885 3922 2143 3980 adserere

579 4011 792 4087 Christe
819 4021 916 4068 τω
939 4015 1153 4070 credam
1189 4015 1248 4070 in
1293 4025 1362 4068 te.
1392 4012 1651 4075 Miserere
1688 4014 1938 4080 Domine,
1988 4017 2143 4074 miso

583 4119 702 4164 rere
751 4103 1002 4160 Christe:
1037 4110 1097 4158 ut
1128 4117 1445 4173 cogamus
1493 4112 1580 4164 te.
1607 4103 1867 4162 Miserere
1893 4103 2142 4171 Domine,

583 4195 840 4254 miserere
875 4192 1088 4274 Christe
1117 4211 1129 4244 :
1164 4202 1223 4247 ut
1252 4193 1465 4263 diligam
1498 4204 1567 4248 te.
1593 4192 1849 4248 Miserere
1883 4193 2140 4260 Domine,

525 4311 532 4317 -
581 4283 838 4339 miserere
867 4283 1079 4354 Christe
1107 4301 1118 4336 :
1155 4290 1213 4336 ut
1242 4297 1453 4352 sperem
1486 4283 1541 4336 in
1575 4290 1644 4336 te.
1686 4282 1938 4336 Miserere
1967 4281 2146 4336 Domi-

159 5671 172 5680 .
185 5701 252 5776 Rt

583 4388 670 4438 ne,
701 4374 959 4450 miserere
985 4373 1196 4432 Christe
1224 4393 1236 4426 :
1271 4384 1332 4427 aut
1363 4387 1394 4425 a
1427 4381 1598 4428 morte
1632 4381 1889 4442 perpetua
1937 4372 2137 4442 eripias
2169 4413 2216 4473 Β

584 4478 686 4518 me.
722 4461 1242 4540 Iiserorermine,
1271 4465 1526 4524 miserere
1562 4465 1773 4521 Christe
1808 4480 1822 4516 :
1859 4465 2003 4522 ntdc
2029 4480 2139 4519 om—

588 4554 741 4612 ‘tibus
789 4554 1042 4630 peccatis
1092 4557 1228 4610 meis
1286 4570 1468 4625 veram
1507 4556 1877 4620 pmoitentiam
1934 4556 2139 4610 tribuas

588 4645 736 4700 mihi.
768 4643 1024 4700 Miserere
1047 4641 1294 4710 Domina,
1317 4646 1574 4700 miserere
1594 4644 1810 4703 Christe
1833 4661 1847 4702 ι
1874 4653 1931 4697 It
1953 4645 2141 4703 remis-

587 4738 797 4794 sionem
825 4736 1064 4792 omnium
1113 4743 1454 4806 pacatorum
1477 4733 1677 4787 tribuas
1707 4733 1857 4786 mihi.
1887 4733 2142 4793 Miserere

2234 3219 2325 3274 b‘et
2375 3227 2572 3282 tinem,
2622 3220 2835 3273 attrahe
2878 3229 2963 3272 me
3012 3224 3152 3273 sicut
3205 3221 3473 3276 attraxisti
3530 3223 3809 3278 mulierem

2235 3301 2608 3376 peccatricem.
2638 3311 2788 3361 Dona
2813 3299 2968 3376 mihi,
3000 3315 3141 3363 sicut
3176 3311 3388 3365 donasti
3418 3311 3517 3378 illi,
3565 3329 3670 3368 non
3696 3326 3810 3371 ces-
3902 3359 3904 3361 .

2238 3411 2360 3453 sare
2403 3393 2634 3453 oscuiari
2661 3396 2827 3470 pedes
2856 3407 2999 3463 tuos,
3031 3400 3208 3468 rigare
3233 3398 3508 3473 lacrymis,
3534 3411 3813 3477 extergere

2238 3490 2464 3562 capillis.
2503 3490 2752 3546 Concede
2781 3489 2937 3555 mihi,
2983 3495 3042 3546 ut
3071 3494 3363 3547 secundum
3395 3495 3811 3568 magnitudinem

2239 3579 2585 3649 iniquitatum
2633 3588 2874 3636 mearum
2915 3579 2984 3636 sit
3023 3598 3215 3652 magna
3247 3579 3460 3638 difeclio
3488 3601 3610 3644 mea
3634 3584 3684 3641 in
3718 3594 3769 3642 te
3800 3606 3811 3640 ε

2240 3679 2300 3724 ut
2322 3683 2542 3742 propter
2559 3680 2875 3724 immensam
2904 3667 3158 3739 pietatem
3188 3671 3541 3728 tuam‘bmnia
3575 3688 3815 3737 omittas

2243 3768 2391 3813 mni.
2433 3759 2652 3824 Largi're
2700 3759 2826 3810 mihi
2876 3757 2940 3811 de
2984 3757 3271 3828 pne-teritis
3314 3775 3545 3825 veniam,
3589 3762 3656 3817 de
3680 3779 3814 3831 pra:-

2243 3849 2484 3902 sentibus
2526 3844 2684 3899 malis
2732 3849 3135 3912 continentiam,
3182 3847 3247 3902 de
3281 3841 3476 3904 futuris
3525 3844 3811 3906 cautelam.

2243 3939 2352 4018 Fac
2398 3953 2504 4002 me,
2560 3941 2873 4019 priusquam
2920 3940 3161 4005 moriar,
3215 3941 3468 4016 consequi
3510 3946 3816 4014 plenissime

2243 4033 2668 4093 misericordiam
2705 4046 2869 4100 tuam,
2916 4046 2971 4091 et
3005 4054 3072 4092 ne
3099 4039 3214 4093 dies
3240 4055 3386 4094 meos
3412 4050 3535 4094 ante
3564 4040 3706 4099 ﬁniri
3746 4044 3815 4099 si-

2245 4146 2362 4192 nas,
2400 4144 2560 4200 quam
2591 4137 2808 4201 peccata
2841 4129 3078 4198 dimittas
3107 4149 3118 4182 :
3148 4131 3244 4186 sed
3287 4131 3425 4192 sicut
3461 4134 3562 4199 vis,
3593 4138 3649 4186 ot
3673 4135 3814 4196 sicut

2243 4215 2371 4285 scis,
2400 4222 2659 4273 miserere
2684 4220 2809 4272 mei.

2306 4307 2608 4368 rsum:
2647 4319 2802 4366 anno
2840 4319 3316 4385 ρωοιηιρυιι
3356 4319 3749 4383 ’κηλευμ-

2668 4387 2911 4436 τισι.
2949 4389 3373 4437 αιτιιιιοι.

2855 4464 3192 4523 PSALMUS.

2313 4559 2492 4628 (Pstt.
2539 4557 2675 4626 ιιι.)
2706 4557 2734 4596 δ
2765 4557 2925 4620 Deus,
2959 4555 3101 4611 Deus
3127 4572 3297 4622 meus,
3329 4561 3538 4629 respice
3584 4560 3636 4611 in
3686 4565 3810 4611 me:

2237 4660 2410 4715 quare
2455 4657 2540 4704 m0
2583 4646 2960 4714 doreliquistli
3015 4646 3170 4717 longe
3200 4662 3228 4700 a
3260 4647 3431 4701 salute
3479 4660 3595 4699 mea
3644 4648 3813 4701 verba

2241 4735 2561 4790 deﬂetorum
2607 4749 2870 4789 meorum.
2916 4733 3059 4789 [lens
3083 4746 3232 4790 meus
3255 4736 3502 4790 clamabo
3530 4749 3624 4804 per
3650 4736 3814 4795 diem.

590 4822 836 4890 Damae,
877 4826 1137 4882 miscere
1168 4823 1421 4890 Christe:
1448 4831 1508 4875 ut
1530 4823 1596 4875 ab
1619 4824 1764 4875 omni
1796 4821 2142 4878 tribulatione
2243 4838 2298 4880 et
2348 4842 2454 4881 non
2499 4826 2758 4881 exaudiet;
2783 4844 2794 4879 :
2824 4833 2879 4881 et
2916 4834 3180 4901 noeta,ﬁ.et
3208 4841 3312 4880 non
3352 4825 3416 4878 ad
3449 4826 3814 4897 insipientiam

589 4912 908 4989 eripiasme.
945 4912 1199 4970 Miserere
1229 4912 1452 4970 Domine
1479 4954 1493 4980 ,
1523 4912 1779 4966 miserere
1806 4911 2018 4968 Christe
2043 4930 2055 4963 :
2085 4919 2146 4967 ut
2246 4915 2394 4970 mihi.
2438 4915 2518 4969 Tu
2558 4925 2737 4971 autem
2776 4918 2830 4972 ir.
2863 4924 3050 4970 saneto
3091 4915 3319 4978 habitas,
3364 4914 3483 4970 inus
3528 4914 3710 4971 lsracl.
3758 4917 3813 4972 In

591 5004 660 5059 ab
685 4990 832 5058 omni
877 5003 1213 5061 immunditia
1243 5006 1417 5059 cordis
1443 5013 1497 5058 et
1520 5003 1758 5072 corporis
1805 5003 1999 5057 liberm
2037 5017 2143 5068 me,
2248 5013 2300 5058 te
2323 5012 2674 5073 speraverint!
2708 5015 2889 5072 (utres
2912 5004 3082 5058 nostri
3107 5019 3121 5054 :
3149 5011 3522 5072 aperuerunt,
3537 5014 3590 5060 et
3618 5002 3816 5060 libera-

597 5091 852 5146 Miserere
889 5089 1135 5154 Domine,
1163 5094 1443 5164 miserere
1470 5091 1681 5146 Christe
1711 5110 1720 5142 :
1771 5099 1830 5143 ut
1858 5089 2063 5146 fontem
2089 5091 2151 5145 li-
2243 5094 2321 5152 ssi
2346 5108 2457 5149 eos.
2489 5092 2574 5147 Ad
2607 5104 2659 5156 to
2680 5092 3070 5156 clamaverunt,
3109 5101 3159 5145 et
3198 5093 3329 5147 salvi
3354 5092 3482 5149 facti
3513 5101 3664 5148 sunt:
3689 5095 3741 5148 in
3766 5104 3820 5148 le

592 5178 789 5244 bidinis
815 5178 1126 5248 exstinguas
1157 5177 1211 5229 in
1242 5191 1344 5232 me.
1373 5178 1624 5234 Miserere
1639 5178 2152 5246 Dominqmisorere
2249 5185 2620 5252 speraverant,
2665 5186 2718 5232 et
2759 5193 2865 5232 non
2896 5188 3020 5232 sunt
3047 5181 3274 5237 confusi.
3323 5181 3435 5253 Ego
3473 5191 3654 5237 autem
3697 5185 3820 5239 sum

595 5263 842 5324 Christe:
871 5274 929 5318 ut
953 5266 1021 5320 ab
1051 5264 1258 5318 insidiis
1294 5265 1489 5320 diabou
1529 5269 1723 5323 liberes
1758 5283 1861 5322 me.
1899 5265 2155 5332 Miserere
2252 5269 2469 5330 vermis,
2506 5276 2560 5322 et
2587 5283 2693 5320 non
2735 5268 2894 5324 homo
2919 5273 3304 5339 :.opprobrium
3340 5274 3613 5328 hominum
3642 5282 3697 5327 et
3723 5275 3818 5329 ab-

599 5353 840 5416 Domiue.
872 5358 1129 5409 miserere
1164 5354 1410 5408 Christe:
1448 5365 1505 5409 ut
1536 5362 1601 5410 ab
1624 5358 1768 5416 omni
1792 5356 1936 5414 malo.
1959 5352 2155 5414 libros
2247 5359 2410 5428 jectio
2453 5357 2642 5425 plebis.
2687 5357 2885 5414 Omnes
2924 5360 3167 5415 videntes
3206 5375 3311 5426 me,
3358 5362 3660 5418 deriserunt
3696 5379 3817 5417 me:

599 5461 700 5499 me.
727 5445 982 5499 Miserere
1009 5442 1253 5511 Domine,
1290 5443 1548 5501 miserere
1584 5435 1829 5500 Christe:
1868 5455 1928 5498 ut
1946 5446 2015 5499 ab
2053 5448 2154 5516 im:

603 5533 796 5587 munda
827 5533 1151 5601 cogitatione
1178 5536 1377 5591 liberes
1406 5551 1508 5589 me.
1529 5535 1786 5593 Miserere
1799 5525 2038 5603 Domine,
2061 5537 2160 5602 mi,-

677 5678 698 5704 ³
723 5669 981 5734 “Martem,
1005 5668 1120 5722 loco
1152 5669 1335 5734 eitato,
1361 5684 1478 5740 pag.
1513 5666 1632 5723 653.

271 5817 278 5830 ‹

313 5889 338 5920 ,κ
561 5906 568 5912 ἢ

189 5937 208 5946 ο-

36 5927 542 6173 Α

2246 5438 2419 5508 locuti
2439 5454 2566 5499 sunt
2601 5445 2779 5512 labiis,
2821 5455 2876 5502 et
2916 5456 3199 5503 moverunt
3241 5459 3421 5520 caput.
3471 5448 3721 5517 Speravit
3769 5454 3821 5505 iu

2262 5534 2506 5596 Drunino,
2551 5533 2744 5601 eripiat
2780 5551 2902 5590 eum
2931 5555 2943 5588 ε
2972 5537 3177 5590 salvum
3206 5537 3367 5591 l‘aciat
3389 5553 3530 5605 eum,
3559 5538 3821 5610 quoniam

2335 5664 2364 5706 ι’
2393 5663 2497 5719 Pro
2523 5679 2620 5719 usu
2641 5674 2852 5733 quarto,
2884 5681 3066 5733 supra,
3102 5665 3201 5719 col.
3229 5666 3346 5724 467.
