4262 6186
474 109 674 209 ἐι-ι

1411 160 1469 214 Β.
1507 159 1567 214 F.
1606 161 1828 217 ALBlNl
1865 161 1994 220 SEU
2031 164 2304 221 ALCUINI
2341 165 2620 222 OPEBUM
2654 166 2831 223 PARS
2867 168 2955 223 IV.

3689 174 3796 231 548

470 297 482 303 εν
575 267 686 322 Vult
712 282 854 323 eum.
893 265 1152 335 Quoniam
1185 280 1240 324 tu
1268 286 1344 333 es,
1375 273 1468 340 qui
1497 278 1890 343 extraxistime
1917 279 1984 334 de
2008 295 2135 333 ven-
2159 290 2213 348 Α
2237 280 2360 334 dine
2401 282 2740 350 operantium
2788 282 3144 352 iniquitatem.
3190 281 3325 350 Quia
3369 299 3712 372 exacuernnt
3739 302 3799 346 ut

574 368 836 428 trezspes
873 374 990 414 mea
1033 360 1104 414 ab
1145 362 1398 416 uberibus
1439 366 1631 420 matris
1661 383 1816 422 mete.
1846 369 1905 423 ln
1932 380 1984 425 te
2009 386 2134 440 pro-

572 449 743 518 iectus
763 466 880 505 sum
900 466 966 504 ex
980 462 1130 506 utero
1148 471 1160 505 :
1177 454 1241 508 de
1259 464 1445 510 ventre
1469 459 1660 512 matris
1676 475 1807 515 mea
1821 461 1963 518 Deus
1981 479 2134 520 meus

573 557 632 598 es
664 551 717 596 tu
749 557 764 607 ;
794 558 861 597 ne
883 544 994 614 80
1018 545 1330 601 discesseris
1354 562 1384 599 a
1418 563 1523 602 me.
1560 548 1822 615 Quoniam
1860 553 2133 612 tribulatio

573 631 814 700 proxima
840 641 943 696 est,
969 633 1222 701 quoniam
1249 649 1354 688 non
1383 645 1467 690 est
1500 637 1592 705 qui
1620 639 1854 708 adjuvet.
1887 640 2135 695 Circum-

573 720 834 774 dederuut
859 735 946 774 me
972 721 1124 776 vituli
1148 722 1336 776 multi:
1365 726 1502 778 tauri
1546 727 1770 797 pingues
1808 730 2135 785 obsederunt

575 823 682 864 mc.
699 810 1037 880 Aperuerunt
1051 827 1210 882 super
1223 828 1309 868 me
1322 829 1384 868 os
1394 830 1550 870 suum
1569 835 1582 870 :
1595 818 1736 890 sicut
1753 819 1838 873 leo
1849 821 2061 890 rapiens
2079 831 2134 874 et

573 898 810 968 rugiens.
835 898 982 955 Sicut
1007 915 1144 970 aqua
1164 900 1365 957 eﬂ'usus
1383 919 1531 958 sum:
1553 914 1607 960 et
1628 906 1861 976 dispersa
1883 918 2005 963 sunt
2025 925 2134 964 om-

573 988 659 1041 nia
690 1003 813 1044 ossa
840 1004 978 1044 mea.
1008 987 1227 1044 Factum
1258 1001 1343 1048 est
1383 1000 1481 1048 'cor
1507 993 1684 1050 meum
1723 1006 1975 1066 tanquam
2004 1015 2128 1054 cera

572 1081 874 1159 liquescens
898 1123 913 1148 ,
951 1083 1006 1137 in
1035 1085 1212 1140 medio
1254 1089 1458 1144 ventris
1497 1091 1622 1145 mei.
1670 1091 1826 1147 Aruit
1876 1103 2130 1165 tanquam

573 1181 709 1226 testa
721 1154 896 1227 virtus
909 1188 1050 1239 mea,
1064 1183 1117 1227 et
1135 1173 1312 1246 lingua
1333 1192 1452 1231 mea
1468 1155 1944 1238 adbmsitfaucibus
1963 1154 2096 1240 meis
2113 1205 2126 1239 :

569 1261 704 1316 etin
732 1262 1226 1330 pulveremmortis
1271 1264 1539 1323 deduxisti
1581 1260 1686 1326 me.
1726 1271 1990 1338 Quoniam
2025 1277 2132 1331 cir-

569 1351 953 1406 cumdederunt
979 1368 1064 1407 me
1101 1369 1260 1409 canes
1297 1356 1448 1411 multi
1477 1376 1492 1411 :
1520 1361 1801 1416 consilium
1839 1363 2132 1434 malignan-

569 1443 702 1496 tium
732 1442 940 1502 obsedit
984 1459 1088 1498 me.
1133 1443 1406 1500 Foderunt
1447 1463 1640 1503 manus
1683 1466 1831 1506 meas
1876 1462 1930 1507 et
1969 1455 2131 1525 pedes

569 1547 740 1598 meos,
770 1540 824 1588 et
851 1533 1324 1591 dinumeraverunt
1350 1540 1529 1594 omnia
1556 1555 1679 1597 ossa
1706 1557 1845 1599 mea.
1873 1544 1977 1614 lpsi
2001 1561 2130 1601 vero
2173 1543 2215 1614 γ’

2237 367 2468 439 gladium
2511 370 2718 441 linguas
2753 387 2900 438 suas,
2931 372 3272 429 intenderunt
3298 391 3485 432 arcum
3512 367 3626 433 rem
3648 395 3798 436 ama-

2235 475 2350 514 ram
2379 475 2394 513 :
2423 469 2482 514 ut
2525 462 2778 532 sagitteut
2803 463 2855 518 in
2881 464 3107 518 occultis
3134 465 3558 524 immaculatum.
3605 470 3797 528 Subito

2233 551 2566 622 sagittabunt
2590 569 2734 617 eum,
2774 563 2828 608 et
2864 570 2968 608 non
2997 555 3291 610 timebunt:
3319 557 3667 616 firmaverunt
3691 564 3794 619 sibi

2233 653 2832 711 sermonem.nequam.
2884 642 3250 698 Narraverunt
3298 654 3358 699 ut
3406 649 3798 705 absconderem

2227 718 2488 797 laqueos:
2523 731 2774 786 dixerunt
2799 750 2813 786 :
2841 731 2972 799 Quis
3014 734 3218 790 videbit
3253 738 3382 792 eos?
3411 738 3648 797 Scrutati
3672 753 3800 799 sunt

2232 818 2541 889 iniquitates
2567 838 2580 874 :
2609 821 2920 877 defecerunt
2939 833 3240 880 scrutantes
3265 830 3545 885 scrutinio.
3565 832 3799 887 Accedet

2231 907 2394 961 homo
2437 908 2503 961 ad
2531 923 2626 983 cor
2663 909 2863 963 altum:
2893 920 2950 965 et
2994 913 3322 970 exaltabitur
3366 917 3526 973 Deus.
3578 919 3798 992 Sagitta:
3875 976 3880 978 _

2230 999 2574 1067 parvulorum
2619 999 2775 1056 facta:
2813 1010 2938 1057 sunt
2972 1004 3140 1076 plagae
3178 1022 3389 1076 eorum,
3432 1019 3488 1065 et
3514 1008 3799 1067 infirmata:

2231 1097 2356 1143 sunt
2389 1081 2578 1146 contra
2605 1107 2699 1146 eos
2723 1093 2914 1163 lingua:
2940 1110 3147 1150 eorum.
3192 1097 3507 1154 Conturbati
3535 1111 3662 1158 sunt
3684 1118 3799 1157 om-

2231 1191 2328 1232 nes
2353 1181 2445 1248 qui
2473 1180 2724 1236 videbant
2750 1199 2843 1237 eos
2867 1202 2880 1236 :
2910 1193 2966 1238 et
2993 1185 3171 1249 timuit
3193 1188 3370 1243 omnis
3395 1189 3574 1245 homo.
3610 1191 3678 1246 Et
3702 1208 3798 1247 an-

2229 1270 2613 1348 nuntiayerunt
2652 1275 2817 1341 opera
2843 1273 2960 1338 Dei,
2991 1284 3046 1328 et
3067 1273 3209 1330 facta
3241 1275 3357 1344 ejus
3397 1279 3794 1341 intellexerunt.

2229 1357 2522 1415 Laetabitur
2547 1362 2602 1416 in
2639 1362 2886 1429 Domino,
2926 1373 2981 1420 et
3025 1366 3264 1436 sperabit
3293 1367 3348 1422 in
3389 1383 3455 1424 eo
3479 1386 3494 1422 :
3518 1378 3574 1426 et
3612 1370 3797 1428 lauda-

2231 1446 2429 1502 buntur
2457 1463 2646 1504 omnes
2672 1451 2804 1505 recti
2833 1452 3017 1507 corde.

2304 1536 2374 1592 Ut
2398 1556 2576 1609 supra.
2617 1541 2844 1610 Adjutor
2867 1543 2921 1596 in
2951 1545 3460 1613 opportunitatibus,
3494 1549 3548 1604 in
3572 1551 3796 1606 tribula-

569 1626 1046 1682 consideraverunt
1076 1636 1130 1682 et
1157 1629 1506 1699 inspexerunt
1538 1648 1665 1688 me:
1693 1613 1991 1692 diviserunt
2027 1639 2126 1693 sibi
2159 1613 2203 1672 Β
2231 1628 2482 1693 tionibus:
2525 1645 2642 1698 (ιιιιυ
2687 1632 3002 1688 inveneram
3038 1648 3138 1688 1³0⁸
3179 1633 3358 1690 "inliso
3409 1637 3638 1706 Spem“
3663 1640 3719 1695 ίτι
3743 1651 3796 1697 ιε

569 1714 888 1770 vestimenta
939 1731 1079 1780 mea,
1127 1724 1183 1770 et
1225 1733 1386 1787 super
1410 1730 1616 1776 vestem
1653 1737 1829 1778 meam
1868 1725 2131 1782 miserunt

568 1813 793 1859 sortem.
819 1803 907 1860 Tu
926 1814 1124 1871 autem,
1153 1807 1401 1874 Domine,
1429 1826 1498 1865 ne
1517 1811 1852 1884 elongaveris
1871 1816 2128 1872 auxilium

568 1899 721 1947 tuum
746 1908 776 1948 a
801 1909 923 1948 me:
957 1895 1023 1948 ad
1061 1895 1424 1972 defensionem
1457 1895 1642 1957 ‘meam
1679 1905 1948 1976 conspice.
1987 1906 2129 1963 Erue

567 1997 600 2036 a
633 1981 835 2038 framea
880 1985 1113 2040 animam
1155 2002 1376 2043 meam:
1410 2000 1467 2046 et
1507 1991 1574 2046 de
1616 2009 1777 2049 manu
1814 1997 1964 2052 canis
2007 1999 2128 2052 uni-

567 2086 686 2125 cam
729 2087 923 2129 meam.
957 2073 1111 2129 Salva
1160 2092 1247 2132 me
1283 2094 1350 2132 ex
1393 2094 1488 2134 ore
1522 2081 1713 2148 leonis,
1741 2093 1797 2138 et
1823 2101 1856 2139 a
1879 2087 2129 2141 cornibus

566 2160 904 2217 unicumium
963 2163 1318 2222 humilitatem
1381 2184 1576 2226 meam.
1641 2172 1882 2230 Narrabo
1934 2191 2128 2233 nomen

568 2256 720 2302 tuum
747 2248 1006 2305 fratribus
1031 2255 1165 2308 meis
1190 2272 1202 2306 :
1232 2255 1285 2309 in
1313 2257 1490 2312 medio
1517 2258 1770 2317 Ecclesia:
1801 2263 2028 2318 laudabo
2054 2275 2124 2320 te.

565 2335 668 2401 Qui
711 2337 908 2394 timetis
943 2339 1249 2408 Dominum,
1277 2343 1488 2400 laudate
1515 2363 1674 2405 eum:
1706 2352 2015 2410 universum
2032 2369 2126 2428 se-

567 2441 690 2480 tuen
710 2424 874 2482 Jacob
898 2428 1192 2496 glorificate
1217 2449 1358 2488 eum.
1389 2436 1599 2492 Timeat
1617 2453 1740 2494 eum
1761 2457 1920 2498 omne
1943 2425 2128 2500 semen

566 2512 729 2569 Israel
754 2528 771 2568 :
801 2519 1055 2585 quoniam
1087 2536 1193 2576 non
1221 2525 1444 2592 sprevit,
1466 2540 1640 2595 neque
1667 2530 1908 2598 despexit
1933 2532 2127 2603 depre-

566 2603 832 2658 cationem
868 2609 1145 2676 pauperis.
1173 2609 1283 2666 Nec
1310 2616 1503 2670 avertit
1527 2615 1721 2673 faciem
1743 2635 1896 2676 suam
1928 2638 1959 2676 a
1993 2639 2080 2678 me
2109 2643 2120 2679 :

563 2702 764 2749 etcum
793 2697 1082 2754 clamarem
1112 2702 1178 2756 ad
1207 2719 1358 2770 eum,
1401 2708 1674 2763 exaudivit
1719 2728 1826 2768 me.
1875 2713 2030 2784 Apud
2073 2727 2126 2772 te

564 2784 682 2839 laus
706 2801 822 2840 mea
852 2788 904 2841 in
932 2789 1170 2848 Ecclesia
1215 2810 1406 2867 magna
1433 2815 1447 2850 :
1476 2808 1601 2854 vota
1658 2817 1779 2858 mea
1818 2807 2038 2870 reddam
2071 2810 2126 2864 in

565 2886 854 2944 conspectu
883 2878 1184 2937 timentium
1220 2899 1362 2940 eum.
1393 2886 1567 2943 Edent
1591 2905 1876 2960 pauperes,
1900 2903 1956 2950 et
1981 2905 2126 2952 satu-

563 2963 860 3020 rabuntur:
889 2978 944 3023 et
994 2969 1286 3028 laudabunt
1324 2946 1609 3032 Dominum
1633 3019 1649 3044 ,
1699 2946 2123 3053 quirequi—r—unt
2149 2946 2196 3008 Ο

561 3069 684 3108 eum
708 3071 722 3106 :
753 3056 933 3112 vivent
953 3061 1115 3115 corda
1138 3078 1325 3119 eorum
1349 3065 1402 3120 in
1423 3068 1676 3122 saeculum
1703 3071 1904 3126 muli.
1940 3074 2122 3128 Remi-

567 3146 859 3213 niacentur,
910 3159 966 3206 et
1011 3165 1386 3212 convertentur
1431 3159 1500 3214 ad
1552 3159 1834 3219 Dominum
1885 3167 2122 3223 universi

563 3235 698 3290 lines
723 3245 898 3292 terrae.
927 3239 995 3293 Et
1011 3242 1309 3299 adorabunt
1332 3247 1385 3300 in
1410 3259 1695 3319 conspectu
1721 3251 1838 3320 ejus
1857 3255 2121 3313 universa:

560 3319 778 3378 familia:
819 3329 1074 3396 gentium.
1124 3332 1384 3396 Quoniam
1423 3332 1630 3390 Domini
1667 3319 1760 3394 est,
1779 3357 2000 3411 regnum
2027 3360 2043 3398 :
2069 3357 2124 3400 et

560 3411 676 3481 ipse
693 3413 1061 3492 dominabitur
1079 3421 1334 3489 gentium.
1367 3422 1823 3484 Manducaverunt
1849 3439 1905 3486 et
1927 3433 2120 3493 adera-

559 3861 678 3914 cmli
697 3861 959 3929 justitiam
986 3866 1100 3933 ejus
1127 3872 1342 3938 populo,
1377 3878 1467 3944 qui
1496 3888 1769 3945 nascetur,
1803 3899 1961 3951 quem
1991 3886 2120 3943 fecit

560 3948 835 4004 Dominus.

628 4039 696 4094 Ut
723 4058 900 4111 supra.
945 4045 1184 4112 Domine,
1219 4051 1344 4119 quid
1374 4055 1708 4126 multiplicati
1735 4073 1878 4128 sunt,
1907 4069 1997 4136 qui
2023 4071 2118 4124 tri-

554 4129 740 4184 bulant
788 4135 907 4186 me?
954 4136 1106 4188 multi
1152 4139 1433 4211 insurgunt
1480 4149 1760 4206 adversum
1815 4129 1939 4210 me:
1964 4159 2114 4214 Multi

553 4216 736 4271 dicunt
783 4223 975 4275 anima:
1014 4239 1164 4288 mem,
1207 4243 1308 4282 non
1331 4241 1423 4285 est
1450 4232 1626 4293 fwdus
1651 4237 1740 4310 [ΑΙ
1768 4283 1782 4305 ,
1814 4245 1980 4318 salus]
2009 4249 2108 4317 ipsi
2139 4281 2189 4341 υ

554 4309 606 4341 in
634 4307 741 4341 nm
763 4308 871 4341 οἰηρ
923 4312 998 4341 ’1⁷η
1036 4323 1210 4341 “non...
1265 4317 1481 4341 n-‘_:_-_
1547 4340 1550 4341 ,
1732 4338 1740 4341 _

554 4309 606 4360 in
633 4307 741 4360 Deo
763 4308 892 4374 ejus.
923 4312 1000 4363 Tu
1034 4323 1232 4379 autem,
1264 4317 1507 4384 Domine,
1537 4307 1811 4396 susceptor
1841 4307 1990 4389 meus
2096 4357 2110 4393 :

553 4395 719 4462 gloria
749 4413 887 4461 mea,
915 4410 969 4454 et
994 4403 1236 4458 exaltans
1266 4419 1424 4477 caput
1446 4428 1644 4469 meum.

622 4503 824 4559 Oratio.
865 4497 1036 4576 Caput
1071 4515 1447 4574 misericordiae
1470 4523 1627 4590 Deus,
1658 4531 1746 4596 qui
1773 4545 1994 4604 propter
2015 4554 2112 4594 nos

554 4593 880 4653 descendens
934 4601 988 4653 in
1046 4612 1288 4672 uterum,
1335 4611 1579 4670 addictus
1619 4593 1795 4690 lis—no,
1839 4593 2109 4694 perfossus

553 4683 721 4749 clavo,
772 4692 1100 4747 vestimentis
1142 4695 1360 4766 insuper
1395 4709 1776 4776 sorte-divisis,
1826 4725 2107 4777 surrexisti

554 4770 688 4825 liber
727 4777 795 4828 ab
823 4777 1042 4834 infernis
1072 4801 1083 4834 :
1113 4799 1412 4854 precamur,
1457 4805 1516 4846 ut
1552 4796 1707 4864 hujus
1749 4770 1918 4859 sancti
1965 4827 2108 4863 eom-

553 4865 736 4917 mercii
764 4882 864 4918 non
888 4870 1166 4940 immemor
1189 4879 1279 4942 sis,
1308 4885 1484 4950 populi
1507 4888 1575 4941 ab
1596 4890 1748 4946 hoste
1773 4894 1940 4952 leonis
1960 4916 2107 4973 περ

552 4964 654 5055 tor,
705 4958 794 5023 qui
841 4957 984 5055 fuisti
1023 4970 1290 5032 quondam
1329 4978 1571 5041 patribus
1599 4983 1654 5036 in
1683 4991 1733 5039 te
1768 4957 2105 5055 sperantibus

550 5042 820 5100 liberator.
855 5048 956 5103 l’cr
985 5052 1284 5112 Dominum.

1155 5187 1489 5252 PSALMUS.

624 5303 788 5366 ίΡελι.
824 5317 996 5380 mn.)
1035 5314 1237 5373 Exaudi
1277 5321 1413 5378 Deus
1450 5332 1746 5390 orationem
1776 5357 1949 5400 meam
1974 5358 2097 5402 cum

552 5393 837 5456 deprecor:
871 5415 898 5451 a
943 5403 1128 5459 timore
1179 5408 1378 5467 inimici
1430 5419 1576 5487 eripe
1621 5426 1848 5484 animam
1900 5451 2091 5493 meam.

551 5481 830 5538 l‘rutexisti
872 5507 950 5544 rm;
979 5511 1005 5546 ει
1034 5513 1293 5557 conventu
1327 5510 1729 5581 mal’gnantium
1759 5542 1769 5573 :
1798 5540 1824 5576 a
1859 5531 2096 5585 multitu-

2229 1732 2436 1784 omnes,
2461 1720 2555 1790 qui
2574 1721 2838 1776 noverunt
2859 1738 3050 1776 nomen
3077 1732 3228 1778 tuum
3255 1725 3508 1794 Domine;
3534 1731 3788 1798 quoniam

2226 1822 2334 1860 non
2363 1808 2695 1878 dercliquisti
2724 1821 3026 1879 querentes
3056 1821 3126 1879 te,
3147 1813 3393 1871 Domine.
3417 1815 3560 1872 Deus
3588 1820 3682 1889 qui
3705 1835 3793 1875 se-

2227 1896 2320 1951 des
2342 1913 2502 1967 super
2531 1900 2802 1961 thronum.
2833 1908 2888 1955 et
2907 1901 3121 1971 iudicas
3143 1905 3471 1974 equitatem,
3501 1916 3618 1963 esto
3646 1908 3788 1964 refu-

2227 1987 2372 2056 gium
2416 2002 2736 2058 pauperum,
2785 1991 2910 2060 quia
2940 2001 2994 2047 tu
3015 1981 3170 2048 solus
3203 1992 3443 2050 laborem
3468 2005 3525 2052 et
3547 1997 3786 2054 dolorem

2225 2077 2556 2134 consideras.

2298 2165 2502 2222 Oratio.
2562 2168 2747 2224 Tutela
2797 2172 3035 2226 omnium
3080 2175 3438 2242 credentium,
3479 2179 3642 2245 Deus,
3699 2197 3792 2236 cu-

2225 2255 2366 2328 stodi
2391 2257 2685 2312 Ecclesiam
2707 2270 2851 2341 tuam
2879 2277 2906 2313 a
2933 2275 3194 2320 conventu
3226 2268 3658 2339 malignantium,
3699 2273 3790 2341 qui

2225 2359 2344 2398 eam
2379 2346 2606 2400 occultis
2644 2340 2848 2416 jaculis'
2876 2366 3182 2421 oppugnare
3215 2356 3458 2413 nituntur
3490 2377 3501 2411 :
3535 2369 3595 2415 ut
3627 2371 3678 2416 te
3709 2340 3790 2417 sa-

2225 2433 2366 2490 lubri
2396 2445 2650 2507 rectoque
2684 2443 2919 2495 retinens
2948 2443 3238 2510 intellectu,
3277 2445 3547 2515 justorum
3575 2452 3788 2508 meritis

2224 2526 2606 2596 perpetualiter
2633 2529 2944 2585 colketetur.

2769 2641 2873 2711 ει
2909 2641 3248 2701 PSALMUS.

2297 2740 2474 2824 (Psat.
2513 2747 2762 2819 uxvin.)
2813 2748 3030 2806 Salvum
3072 2769 3157 2808 me
3202 2752 3290 2809 fac
3331 2756 3473 2812 Dens
3498 2776 3511 2812 :
3541 2762 3792 2828 quoniam

2191 2851 2203 2858 ί
2228 2834 2564 2892 intraverunt
2591 2855 2745 2908 aqua:
2776 2857 2944 2912 usque
2969 2846 3036 2900 ad
3072 2846 3308 2901 animam
3353 2865 3549 2905 meam.
3594 2853 3792 2909 Inﬁma

2227 2941 2343 2979 sum
2372 2928 2426 2982 in
2457 2928 2585 2984 limo
2621 2931 2868 3000 profundi
2894 2955 2907 2986 ;
2939 2944 2994 2989 et
3030 2951 3135 2990 non
3168 2947 3252 2992 est
3284 2942 3602 2996 substantia.
3649 2929 3787 3000 Veni

2224 3013 2278 3069 in
2307 3015 2641 3074 altitudinem
2691 3025 2893 3078 maris:
2925 3033 2980 3079 et
3033 3036 3321 3098 tempestas
3374 3031 3632 3088 demersit
3679 3050 3785 3090 me.

2221 3105 2484 3164 Laboravi
2513 3111 2769 3179 clamans,
2815 3098 2990 3170 raucae
3034 3116 3190 3173 facta:
3231 3131 3356 3176 sunt
3399 3123 3581 3180 fauces
3618 3141 3787 3182 mete:

2223 3196 2536 3254 defecerunt
2553 3203 2693 3256 oculi
2715 3207 2981 3270 mei,dum
3000 3223 3160 3276 spero
3182 3211 3234 3264 in
3256 3212 3421 3266 Deum
3444 3230 3642 3269 meum.
3665 3217 3791 3271 Mul-

2223 3289 2446 3360 tiplicati
2481 3303 2606 3349 sunt
2633 3311 2796 3366 super
2825 3300 3047 3369 capillos
3075 3304 3267 3373 capitis
3295 3308 3420 3372 mei,
3449 3310 3540 3376 qui
3560 3311 3792 3366 oderunt

2221 3395 2308 3435 me
2333 3384 2520 3451 gratis.
2547 3385 2848 3444 Confortati
2871 3401 2999 3446 sunt
3021 3395 3113 3462 qui
3139 3399 3404 3464 persecuti
3435 3409 3560 3454 sunt
3577 3417 3663 3456 me
3680 3402 3786 3458 ini-

2222 3475 2346 3527 mici
2369 3477 2473 3530 mei
2496 3477 2727 3547 injuste:
2754 3498 2874 3552 qua:
2905 3498 3011 3538 non
3045 3489 3218 3556 rapui,
3257 3499 3380 3546 tunc
3420 3492 3784 3550 exsolvebam.

2222 3562 2361 3618 Deus
2374 3573 2429 3619 tu
2444 3567 2550 3623 scis
2568 3569 2926 3641 insipientiam
2948 3592 3140 3645 meam;
3159 3590 3213 3634 et
3232 3582 3421 3636 delicta
3439 3599 3559 3640 mea
3571 3602 3600 3639 a
3616 3595 3668 3643 te
3679 3603 3787 3644 non

2221 3660 2684 3716 suntabscondita.
2702 3663 2816 3720 Non
2834 3671 3155 3725 erubescant
3169 3673 3220 3725 in
3243 3688 3350 3741 me,
3363 3677 3454 3745 qui
3473 3687 3784 3748 exspectant

2222 3757 2275 3802 te
2297 3749 2519 3806 Domine
2531 3754 2812 3810 virtutum.
2829 3757 2943 3812 Non
2964 3760 3359 3818 confundantur
3379 3782 3540 3837 super
3556 3784 3668 3836 me,
3691 3773 3783 3840 qui

2218 3849 2464 3907 quaerunt
2490 3851 2562 3906 te,
2607 3845 2745 3901 Deus
2781 3847 2960 3902 Israel.
2995 3850 3254 3917 Quoniam
3297 3867 3517 3924 propter
3541 3868 3594 3913 te
3623 3862 3783 3916 susti—

2219 3929 2310 3982 nui
2352 3934 2694 4000 opprobrium
2727 3954 2740 3986 :
2772 3942 2984 4006 operuit
3029 3941 3272 3997 confusio
3328 3944 3518 4000 faciem
3576 3965 3771 4006 meam.

2181 4053 2184 4056 η
2220 4019 2518 4075 Extraneus
2557 4022 2726 4079 factus
2753 4042 2869 4080 sum
2908 4027 3160 4086 fratribus
3187 4033 3322 4088 meis
3348 4052 3360 4087 :
3387 4044 3440 4088 et
3465 4039 3781 4109 peregrinus

2219 4110 2341 4164 liliis
2371 4107 2558 4167 matris
2583 4131 2732 4170 mem.
2779 4119 3040 4183 Quoniam
3080 4122 3222 4176 zelus
3250 4125 3440 4179 domus
3466 4137 3569 4182 tua:
3597 4145 3778 4184 come—

2219 4201 2294 4253 dit
2322 4218 2406 4255 me
2432 4221 2444 4255 :
2470 4213 2524 4256 et
2567 4208 2847 4273 opprobria
2890 4213 3324 4278 exprobrantium
3353 4217 3448 4270 tibi
3471 4220 3780 4276 ceciderunt

2216 4303 2374 4356 super
2403 4307 2506 4344 me.
2541 4292 2606 4345 Et
2650 4297 2833 4363 operui
2881 4299 2933 4351 in
2972 4299 3177 4368 jejunio
3223 4307 3454 4360 animam
3500 4325 3692 4375 meam,
3723 4322 3780 4366 et

2215 4379 2413 4432 factum
2448 4390 2529 4434 est
2565 4385 2616 4437 in
2653 4388 2993 4454 cpprobrium
3028 4394 3175 4446 mihi.
3207 4395 3271 4447 Et
3299 4399 3450 4464 posui
3489 4403 3776 4457 vestimen-

2216 4476 2325 4518 tum
2357 4484 2530 4522 meum
2560 4473 2610 4524 in
2645 4475 2876 4531 cilicium
2904 4495 2915 4530 :
2946 4493 2998 4532 et
3044 4482 3214 4537 factus
3259 4503 3374 4541 sum
3408 4490 3508 4543 illis
3535 4494 3587 4545 in
3614 4510 3771 4562 para-

2212 4555 2404 4609 bolam.
2437 4559 2731 4617 Adversum
2764 4584 2844 4620 me
2877 4571 3251 4640 loquebantur,
3297 4581 3387 4646 qui
3427 4555 3682 4636 sedebant
3718 4584 3772 4637 in

2212 4657 2389 4716 porta,
2412 4660 2467 4704 et
2490 4652 2539 4705 in
2573 4671 2654 4708 me
2683 4661 2993 4727 psallebant,
3028 4668 3116 4729 qui
3146 4666 3398 4722 bibebant
3426 4671 3623 4726 vinum.
3658 4674 3769 4747 Ego

2209 4750 2335 4790 vero
2365 4742 2659 4796 orationem
2699 4763 2868 4800 meam
2901 4753 2964 4802 ad
2994 4760 3044 4803 te
3071 4751 3294 4809 Domine
3323 4774 3334 4808 :
3371 4767 3578 4831 tempus
3604 4742 3767 4819 bene-

2205 4827 2384 4896 placiti
2410 4831 2567 4885 Deus.
2598 4834 2651 4887 In
2680 4839 3010 4893 multitudine
3035 4843 3416 4904 miscricordiic
3446 4860 3546 4908 tua:
3573 4856 3763 4909 exaudi

2205 4932 2331 4970 me:
2369 4920 2419 4971 in
2448 4924 2675 4977 veritate
2723 4928 2910 4982 salutis
2958 4938 3076 4984 tua).
3127 4935 3285 5003 hripe
3335 4956 3420 4994 me
3463 4938 3678 5004 deluto.
3710 4956 3766 4998 ut

2204 5024 2307 5060 non
2343 5010 2532 5081 inﬁgar
2557 5032 2566 5062 :
2595 5015 2754 5067 libera
2807 5035 2888 5070 me
2930 5026 2993 5074 ab
3045 5026 3142 5084 his,
3183 5031 3274 5095 qui
3315 5033 3541 5088 oderunt
3570 5053 3671 5097 mc,
3711 5046 3766 5089 ct

2205 5096 2268 5148 de
2298 5097 2573 5161 profundis
2614 5117 2891 5168 aqmrum.
2930 5110 3038 5162 Non
3069 5129 3149 5165 me
3173 5115 3446 5186 demerget
3472 5129 3762 5192 tempestas

2202 5199 2373 5252 aqua,
2414 5204 2584 5253 neque
2640 5197 2920 5249 avsorbeat
3082 5204 3402 5270 profundum
3433 5229 3445 5261 :
3475 5226 3646 5282 neque
3671 5232 3760 5269 ur-

2200 5286 2320 5344 geat
2372 5293 2528 5346 super
2579 5299 2660 5332 nw
2708 5296 2897 5351 puteus
2941 5305 3000 5343 os
3048 5309 3219 5364 suum.
3270 5297 3475 5355 Exaudi
3526 5319 3630 5368 me,
3661 5307 3761 5360 Do-

2200 5365 2360 5427 mine,
2412 5371 2658 5435 quapiam
2706 5372 2931 5442 benigna
2980 5388 3062 5432 est
3111 5383 3474 5442 misericordia
3516 5403 3758 5448 tua:se-

2197 5457 2423 5508 cundum
2457 5461 2844 5516 multitudinem
2877 5469 3276 5527 miserationum
3311 5488 3414 5532 illul
3436 5499 3518 5534 um
3551 5486 3758 5551 respice

2196 5540 2248 5593 in
2281 5559 2380 5597 ius.
2416 5546 2472 5598 Et
2509 5563 2571 5597 nr
2600 5561 2808 5604 τικίρῑῑρη
2847 5553 3031 5610 ἷηίγρεη
3066 5573 3203 5615 utam
3231 5580 3256 5616 a
3287 5584 3448 5634 puero
3476 5581 3564 5626 tuo
3592 5590 3601 5601 ’
3628 5589 3758 5642 quo-
