4262 6236
546 244 650 318 549
781 248 836 269 ”
1523 218 1917 314 mortem.
1956 280 2028 291 —
2061 246 2331 305 ornem
2366 246 2505 302 pen
2537 245 2804 301 renus.
3356 280 3365 287 ι
3678 245 3783 300 550

548 380 695 436 niam
725 375 977 442 tribulor,
1003 373 1263 430 velociter
1286 371 1482 429 exaudi
1520 384 1624 425 me.
1669 368 1889 425 Intende
1921 366 2116 422 anima:
2144 365 2188 420 Α
2217 373 2339 413 cum
2369 358 2445 412 sis
2474 372 2633 421 unIIS,
2664 357 2717 410 in
2746 364 2929 411 sancta
2963 354 3226 411 Trinitate
3249 356 3529 412 confiteor.
3557 354 3791 426 Frange,

447 443 451 447 ’
550 483 685 525 mea
719 475 777 524 et
814 467 981 532 libera
1028 480 1148 523 eam
1171 472 1427 536 :propter
1477 463 1726 518 inimicos
1773 474 1922 515 meos
1964 461 2118 528 eripe

548 575 657 617 me.
703 558 789 616 Tu
831 559 908 615 sis
950 557 1335 629 improperium
1379 568 1560 609 meum
1585 572 1600 608 :
1629 560 1686 608 et
1741 549 2116 607 confusionem

546 665 743 715 meam,
777 657 837 707 et
856 650 1215 705 reverentiam
1238 660 1436 702 meam.
1462 645 1522 700 In
1548 653 1841 714 conspectu
1868 650 1965 698 tuo
1991 649 2117 715 sunt

545 754 754 808 omnes,
794 742 887 812 qui
919 740 1178 796 tribulant
1208 753 1297 795 me
1321 754 1337 793 :
1361 737 1748 809 improperium
1781 736 2117 805 exspectavit

545 827 849 890 cor'meum
873 838 931 888 et
956 831 1249 888 miseriam.
1287 829 1357 885 Et
1383 829 1629 892 sustinui,
1667 829 1760 898 qui
1796 825 1954 883 simul
1981 843 2114 882 con-

486 930 487 933 ‘
546 924 874 988 tristaretur,
915 930 971 979 et
1008 937 1116 977 non
1142 920 1241 976 fuit
1264 940 1279 974 :
1302 929 1360 976 et
1385 921 1478 991 qui
1503 917 1890 983 consolaretur,
1925 926 1976 974 et
2007 932 2115 973 non

455 1057 466 1066 .
546 1013 748 1076 inveni.
788 1013 859 1068 Et
897 1013 1159 1068 dederunt
1180 1012 1236 1066 in
1279 1024 1461 1066 escam
1499 1024 1678 1065 meam
1720 1008 1791 1063 fel
1817 1027 1833 1063 :
1858 1017 1913 1064 et
1939 1010 1994 1064 in
2025 1011 2114 1065 siti

532 1099 666 1160 mea
687 1112 1011 1175 putaverunt
1033 1115 1119 1158 me
1143 1108 1317 1157 aceto.
1347 1099 1471 1155 Fiat
1497 1113 1684 1155 mensa
1711 1114 1897 1155 eorum
1927 1114 2113 1155 coram

544 1192 677 1262 ipsis
702 1193 759 1248 in
782 1193 1158 1262 laqueum:et
1181 1191 1236 1246 in
1262 1189 1648 1246 retributiones
1689 1197 1743 1246 et
1784 1190 1840 1244 in
1881 1189 2115 1245 scanda-

546 1282 677 1340 lum.
720 1282 1090 1349 obscurentur
1126 1280 1268 1337 oculi
1308 1294 1521 1346 eorum,
1549 1295 1619 1335 ne
1638 1280 1877 1344 videant,
1908 1288 1960 1334 et
1992 1280 2116 1341 dor-

542 1389 662 1431 sum
689 1384 879 1430 eorum
903 1388 1116 1444 semper
1142 1374 1384 1428 incurva.
1416 1369 1644 1428 Effunde
1668 1386 1831 1441 super
1855 1385 1952 1426 eos
1975 1371 2113 1426 iram

543 1473 737 1519 tuam:
767 1470 824 1518 et
860 1460 1015 1519 furor
1058 1463 1177 1525 irae
1208 1471 1316 1519 tua:
1370 1462 1793 1534 comprehendat
1832 1478 1945 1518 eos.
1992 1462 2115 1517 Fiat

540 1553 806 1611 habitatio
834 1565 1020 1611 eorum
1046 1555 1261 1612 deserta
1294 1575 1308 1611 :
1338 1564 1394 1611 et
1438 1556 1493 1611 in
1535 1555 1897 1612 tabernaculis
1924 1571 2112 1611 eorum

541 1659 648 1700 non
687 1644 779 1711 sit,
835 1646 926 1716 qui
970 1645 1252 1719 inhabitet.
1297 1644 1562 1714 Quoniam
1603 1660 1765 1716 quem
1800 1657 1856 1701 tu
1882 1662 2107 1718 percus-

538 1736 679 1804 sisti,
724 1740 993 1810 persecuti
1036 1747 1201 1796 sunt:
1230 1747 1287 1798 et
1328 1755 1493 1811 super
1537 1739 1776 1796 dolorem
1826 1739 2109 1796 vulnerum

446 1892 449 1895 _
537 1841 785 1884 meorum
826 1829 1162 1891 addidemnt.
1205 1830 1428 1902 Appone
1470 1831 1803 1909 iniquitatem
1825 1846 1990 1902 super
2011 1831 2114 1886 ini-

536 1918 801 1988 quitatem
832 1935 1060 1977 eorum:
1083 1930 1141 1979 et
1180 1938 1287 1979 non
1334 1925 1535 1980 intrent
1569 1925 1623 1979 in
1647 1925 2106 1996 justitiamxtuam.

537 2010 830 2068 Deleantur
876 2012 943 2068 de
985 2011 1126 2069 libro
1169 2014 1462 2069 viventium
1492 2031 1507 2068 :
1532 2023 1587 2069 et
1629 2029 1753 2070 cum
1794 2013 1956 2085 justis
2001 2029 2111 2070 non

537 2101 863 2158 scribantur.
904 2102 1018 2174 Ego
1067 2116 1188 2158 sum
1230 2118 1439 2174 pauper
1480 2112 1537 2159 et
1578 2102 1805 2160 dolens:
1836 2104 1985 2163 salus
2020 2113 2110 2161 tua

535 2191 681 2251 Dem
717 2193 953 2264 suscepit
995 2208 1102 2249 me.
1147 2190 1402 2249 Laudabo
1443 2209 1637 2250 nomen
1675 2194 1771 2249 Dei
1806 2209 1930 2250 cum
1976 2211 2108 2251 can-

535 2280 647 2337 tico
671 2298 686 2335 :
708 2288 767 2337 et
794 2281 1151 2353 magnidcaho
1191 2297 1315 2339 eum
1342 2282 1397 2338 in
1426 2281 1600 2339 laude.
1644 2282 1710 2337 Et
1737 2281 1971 2353 placebit
2000 2281 2110 2339 Deo

535 2385 702 2442 super
726 2372 948 2433 vitulum
975 2372 1263 2438 novellum,
1302 2374 1906 2444 cornuaproducentem
1932 2382 1988 2430 et
2011 2390 2111 2429 un-

535 2462 706 2537 gulas.
733 2461 963 2517 Videant
979 2476 1245 2533 pauperes
1270 2471 1325 2517 et
1350 2462 1633 2532 laetentur:
1661 2464 1888 2534 quaerite
1914 2464 2104 2531 Deum,

534 2561 595 2607 et,
611 2551 757 2607 vivet
778 2551 956 2606 anima
989 2558 1191 2607 vestra.
1227 2550 1493 2618 Quoniam
1534 2552 1812 2608 exaudivit
1845 2568 2110 2624 pauperes

535 2639 799 2698 Dominus
824 2659 841 2696 :
866 2650 923 2697 et
966 2641 1177 2699 vinctos
1229 2656 1357 2698 suos
1400 2657 1508 2698 non
1554 2643 1815 2721 despexit.
1866 2643 2111 2699 Laudent

536 2730 687 2787 illum
730 2729 852 2786 cteli
876 2738 933 2786 et
957 2738 1100 2787 terra
1126 2749 1140 2785 :
1172 2746 1343 2798 mare,
1382 2740 1438 2787 et
1470 2732 1651 2803 omnia
1678 2733 1891 2802 reptilia
1920 2733 1975 2791 in
2004 2734 2104 2789 eis.

533 2818 799 2887 Quoniam
823 2819 969 2874 Deus
994 2819 1195 2875 salvam
1227 2818 1390 2875 faciet
1416 2818 1546 2875 Sino
1569 2835 1584 2874 :
1605 2828 1661 2875 et
1698 2819 2108 2876 :edilicabuntur

533 2907 784 2965 civitates
820 2906 989 2966 Iudae.
1028 2908 1100 2964 Et
1136 2906 1510 2965 inhabitabunt
1553 2909 1650 2975 ibi,
1691 2917 1747 2964 et
1793 2909 2106 2965 haereditate

534 2998 818 3107 requirent
856 2998 1333 3107 eam..thsemen
1376 3011 1655 3098 servorum
1705 2997 1821 3107 ejus
1855 2996 2103 3107 posside-
2127 3038 2176 3107 Ο

534 3086 616 3143 bit
655 3102 801 3154 eam,
848 3094 906 3144 et
940 3087 1034 3159 qui
1080 3087 1308 3160 diligunt
1353 3103 1551 3144 nomen
1592 3086 1731 3159 ejus,
1782 3088 2103 3146 habitabant

535 3177 594 3234 ‘n
608 3195 893 3340 17..."...
932 3269 991 3326 In
1029 3228 1371 3327 tribulatione
1418 3271 1661 3327 invocavi
1702 3270 2010 3336 Dominum,
2047 3280 2107 3339 et

535 3357 604 3412 ad
632 3356 803 3412 Deum
839 3373 1019 3416 meum
1062 3359 1313 3414 clamavi.
1364 3360 1433 3415 Et
1476 3358 1753 3414 exaudivit
1794 3359 1862 3414 de
1904 3358 2107 3431 templo

535 3454 724 3502 sancto
747 3462 845 3503 suo
874 3461 1060 3503 vocem
1099 3463 1300 3514 meam,
1348 3456 1404 3505 et
1442 3449 1648 3504 clamor
1688 3463 1844 3505 meus
1885 3450 1942 3505 in
1977 3464 2108 3506 con-

454 3546 459 3549 '
535 3544 723 3608 specto
744 3538 860 3608 ejus
885 3538 1129 3595 introibit
1149 3539 1205 3594 in
1230 3528 1394 3596 aures
1417 3542 1551 3610 ejus.
1578 3540 1721 3597 Deus
1744 3549 1932 3599 noster
1954 3542 2111 3599 refu-

536 3629 685 3699 gium
722 3637 779 3685 et
815 3630 989 3685 virtus
1016 3648 1032 3684 :
1064 3630 1282 3700 adiutor
1305 3631 1360 3686 in
1384 3629 1841 3699 tribulationibus,
1886 3648 2006 3705 quae
2026 3633 2109 3689 in-

536 3728 804 3777 venerunt
832 3735 933 3778 nos
954 3721 1139 3778 nimis.
1206 3770 1207 3773 η

609 3807 819 3864 Oratio.
858 3810 1249 3882 Beuignissims
1290 3813 1518 3868 Domine
1550 3815 1746 3869 exaudi
1785 3827 1885 3868 nos
1932 3810 1990 3869 in
2013 3828 2107 3868 ve-

538 3899 700 3956 ritate
737 3900 928 3955 salutis
967 3909 1095 3966 tua,
1139 3910 1201 3956 ut
1225 3904 1365 3957 eruti
1389 3903 1459 3956 ah
1482 3902 1733 3972 squalore
1760 3902 1967 3971 peccati
1994 3917 2107 3958 me-

537 4005 759 4047 reamur
780 3989 836 4046 in
863 3989 1001 4045 libro
1023 3991 1149 4045 vita
1170 3991 1338 4064 digito
1362 3992 1566 4047 ctelesti
1596 3992 1882 4048 conscribi.
1909 3992 2031 4050 Per.

610 4082 817 4138 Educes
840 4082 912 4137 de
939 4081 1285 4138 tribulatione
1323 4083 1557 4139 animam
1585 4099 1779 4139 meam.
1824 4086 1890 4140 Et
1911 4088 2106 4156 perdes

539 4187 749 4240 Omnes,
794 4172 888 4243 qui
933 4171 1195 4227 tribulam
1230 4173 1467 4227 anituam
1498 4188 1693 4229 meam.
1726 4174 1934 4231 Exaudi
1961 4175 2106 4234 Deus

538 4252 836 4321 orationem
861 4277 1057 4330 meam,
1090 4278 1215 4320 cum
1240 4248 1520 4335 deprecor.

670 4362 677 4373 ’
828 4389 1118 4447 κοιιΑτιο
1153 4391 1398 4448 ssnon
1433 4385 1776 4453 AMBsosu.

611 4524 825 4580 Christe
867 4537 1074 4577 summa
1102 4523 1198 4577 Dei
1223 4524 1415 4584 virtus,
1457 4539 1564 4579 una
1584 4532 1642 4581 et
1675 4524 1966 4582 indiscreta
1990 4522 2106 4583 ma-

536 4617 728 4686 instas,
757 4610 1014 4670 orationis
1041 4629 1175 4669 meae
1196 4622 1308 4669 tota
1343 4615 1665 4680 substantia,
1696 4603 1887 4671 invoco
1911 4633 2105 4674 nomen

541 4720 786 4764 sanctum
823 4717 1013 4762 tuum:
1042 4706 1234 4761 exaudi
1281 4720 1369 4760 me
1409 4720 1529 4759 meo
1575 4720 1783 4761 mecum
1816 4709 1978 4763 corde
2024 4710 2106 4762 lu-

543 4808 798 4862 ctantem,
826 4805 1204 4869 agnoscentem
1228 4804 1449 4865 peccata
1485 4794 1804 4859 facinorum,
1834 4805 1891 4849 et
1908 4794 2106 4867 cogita;

543 4894 745 4947 tionum
792 4890 1014 4943 crimina
1049 4888 1412 4943 confitentem.
1457 4887 1565 4956 82
1597 4885 1827 4955 Frange,
1856 4885 2099 4950 Domine,

462 4974 475 4979 “
512 4994 689 5042 ,ιιι-ωε
729 4978 957 5043 diaboli;
997 4979 1151 5048 ﬁngit
1196 4981 1339 5033 enim
1376 4978 1532 5033 labiis
1567 4961 1709 5030 aliud
1748 4977 2100 5045 suggerendo,

543 5068 822 5143 ipsamque
870 5067 1169 5123 orationem
1228 5070 1479 5136 captivat.
1532 5066 1788 5135 Respice,
1840 5064 2099 5130 Domine,

540 5163 649 5216 mei
693 5160 948 5231 supplicis
989 5157 1291 5226 lacrymss;
1318 5166 1373 5210 et
1409 5172 1530 5211 eum
1554 5156 1802 5226 lacrymze.
1829 5168 1935 5209 non
1969 5156 2097 5218 sint,

543 5251 884 5321 indulgentia
928 5259 1033 5305 tute
1072 5249 1324 5319 pietatem
1354 5242 1605 5301 infunde.
1657 5245 1876 5317 Custodi
1919 5247 1971 5299 in
2016 5261 2102 5300 me

544 5332 942 5396 immaculatum
980 5340 1162 5403 fidem,
1207 5352 1397 5405 meque
1438 5353 1559 5393 cum
1599 5338 1856 5407 proximis
1892 5352 2105 5405 semper

542 5429 599 5484 in
647 5442 781 5497 pace
827 5430 1130 5484 reconcilia.
1183 5427 1447 5480 Fructuos
1487 5427 1603 5498 [F.,
1634 5445 1695 5483 os
1720 5426 1945 5497 fructus]
1986 5436 2105 5483 tuos

541 5518 716 5589 panis.
748 5557 764 5570 .
790 5556 803 5569 .
829 5558 841 5569 .
869 5558 882 5571 .
910 5521 1125 5587 propria
1163 5518 1409 5587 largitate
1450 5520 1725 5573 distribue.
1757 5518 1874 5572 Tibi
1906 5518 2102 5571 inclina

545 5608 829 5663 cervicem.
887 5606 1005 5660 Tibi
1054 5622 1221 5675 genua
1255 5606 1425 5660 flecto.
1472 5606 1544 5661 Te
1586 5609 1864 5663 Dowinum
1911 5608 2099 5673 Deum,

2217 450 2464 514 Domine,
2508 458 2698 504 contra
2748 462 2837 503 me
2890 447 3235 503 inimicorum
3284 456 3613 519 potestates,
3662 464 3795 513 erue

2217 556 2306 597 me
2330 541 2397 595 de
2425 539 2692 612 periculis,
2732 548 2883 594 tuere
2924 555 3012 594 me
3049 539 3105 594 in
3150 540 3401 596 omnibus
3426 541 3624 603 causis,
3654 548 3710 595 et
3740 541 3795 595 in

2214 628 2592 684 criminatione
2641 626 2888 683 defende.
2938 627 3107 699 Egro
3152 644 3239 683 me
3277 628 3496 698 jacente
3519 670 3535 693 ,
3581 640 3639 685 et
3690 645 3793 695 ea,
3873 668 3877 672 ι

2214 733 2336 788 qua:
2365 719 2584 790 explere
2629 734 2739 774 non
2774 733 2994 790 possum
3025 760 3041 786 ,
3077 722 3232 790 quasi
3267 720 3377 777 sint
3413 724 3630 794 expleta
3659 741 3778 782 con-

2213 810 2363 865 cede.

2902 941 3119 985 οιΑτιο.

2215 1033 2326 1088 Pro
2361 1033 2709 1103 familiaribus
2735 1038 2924 1092 nostris
2946 1048 2994 1092 et
3019 1040 3216 1095 cunctis
3246 1040 3489 1109 ﬁdelibus
3513 1042 3792 1113 defunctis.

2284 1121 2379 1186 Te,
2404 1121 2631 1177 Domine
2654 1132 2842 1179 sancte
2869 1125 3032 1180 Pater
3053 1126 3393 1197 omnipotens
3411 1140 3611 1185 :rtcrnc
3628 1131 3794 1197 Deus,

2212 1213 2486 1287 supplices
2520 1213 2874 1284 deprecamur
2911 1230 3011 1284 pro
3055 1217 3337 1287 spiritibus
3375 1218 3697 1276 famulorum
3740 1230 3798 1279 et

2212 1301 2536 1360 famularum
2566 1312 2801 1371 tuarum,
2828 1321 2963 1375 quos
2999 1305 3069 1362 ab
3093 1309 3305 1380 origine
3332 1309 3510 1365 saeculi
3539 1309 3698 1382 hujus
3727 1312 3798 1367 ad

2213 1402 2268 1451 te
2305 1396 2573 1451 accersire
2610 1397 2940 1467 praecepisti;
2979 1408 3042 1453 ut
3078 1399 3348 1472 digneris,
3377 1401 3634 1472 Domine,
3664 1405 3798 1461 dare

2211 1486 2294 1542 eis
2315 1486 2491 1542 locum
2518 1486 2777 1554 lucidum,
2806 1488 2983 1545 locum
3014 1491 3284 1563 refrigerii
3310 1501 3368 1549 et
3389 1494 3619 1566 quietis;
3647 1506 3706 1554 et
3735 1506 3797 1552 ut

2212 1577 2373 1633 liceat
2406 1578 2489 1633 eis
2518 1578 2747 1634 transire
2780 1587 2965 1649 portas
3004 1581 3375 1649 infernarum,
3402 1593 3459 1639 et
3492 1587 3610 1652 vias
3634 1588 3799 1646 tene-

2140 1709 2189 1770 n
2211 1669 2429 1724 brorum
2448 1710 2463 1735 ,
2487 1678 2850 1740 maneantque
2875 1672 2930 1726 in
2952 1673 3327 1731 mansionibus
3353 1685 3667 1735 sanctorum
3688 1720 3706 1747 ,
3739 1687 3800 1749 et

2212 1761 2268 1817 in
2294 1761 2414 1818 luce
2439 1771 2625 1819 sancta
2643 1804 2660 1829 ,
2686 1780 2850 1834 quam
2880 1763 3007 1820 olim
3032 1762 3264 1823 Abrahae
3297 1768 3594 1838 promisisti
3622 1780 3679 1828 et
3704 1787 3796 1828 se-

2208 1852 2342 1907 mini
2375 1851 2515 1920 ejus.
2552 1851 2771 1914 Nullam
2813 1853 3088 1911 lmsionem
3120 1857 3428 1916 sustineant
3465 1860 3660 1928 anima:
3701 1878 3799 1919 eo-

2208 1961 2351 2010 rum,
2378 1946 2473 2000 sed
2499 1960 2623 2001 cum
2655 1931 2883 2017 magnus
2915 1947 3006 2003 ille
3030 1947 3146 2006 dies
3181 1954 3596 2012 resurrectionis
3620 1966 3689 2014 ac‘
3714 1973 3799 2014 re-

2208 2034 2600 2091 munerationis
2624 2036 2923 2104 advenerit,
2950 2033 3396 2099 resuscitaré-eos
3424 2042 3662 2114 digneris
3693 2046 3799 2103 Do-

2208 2124 2384 2190 mine,
2408 2141 2513 2180 una
2543 2140 2667 2182 cum
2700 2128 2905 2183 sanctis
2949 2136 3006 2183 ct
3037 2129 3226 2186 electis
3261 2132 3371 2188 tuis
3396 2147 3412 2187 :
3435 2141 3491 2189 ct
3522 2143 3582 2189 ut
3610 2136 3796 2192 deleas

2207 2229 2396 2271 eorum
2438 2217 2635 2275 delicta
2668 2227 2835 2290 atque
2856 2227 3078 2290 peccata
3096 2263 3113 2288 ,
3146 2238 3320 2294 usque
3341 2225 3411 2279 ad
3439 2225 3795 2283 novissimum

2207 2305 2592 2373 quadrantem,
2629 2314 2913 2378 tecumque
2945 2307 3370 2367 immortalitatis
3405 2313 3574 2376 vitam
3611 2321 3669 2370 et
3710 2330 3797 2371 re-

2208 2411 2370 2465 gnum
2400 2406 2802 2467 consequantur
2823 2393 3106 2456 aeternum.

2189 2544 2193 2548 _
2281 2484 2348 2541 Ut
2389 2505 2568 2559 supra.
2606 2488 2683 2545 Nc
2720 2492 2903 2547 tradas
2944 2490 3159 2549 bestiis.
3204 2492 3468 2567 Requiem
3509 2505 3790 2553 πίει-πω.

2207 2575 2484 2633 Justorum
2507 2580 2722 2636 animm.

2537 2777 2541 2781 ,
2835 2709 3179 2768 pSALuus.

2274 2805 2465 2875 (Pass.
2495 2806 2585 2878 v.)
2620 2807 2795 2864 Verba
2831 2825 2953 2865 mea
2985 2812 3208 2868 auribus
3240 2814 3480 2885 percipe,
3510 2815 3736 2874 Domine
3767 2835 3785 2871 :

2205 2894 2447 2967 intelligo
2457 2896 2750 2954 clamorem
2766 2915 2967 2956 meum.
2982 2902 3205 2960 Intende
3227 2906 3345 2962 voci
3358 2908 3621 2965 orationis
3634 2924 3789 2975 tua,

2204 2982 2322 3039 Rex
2337 3000 2490 3040 mens
2515 2995 2573 3042 et
2595 2988 2737 3043 Deus
2759 3005 2931 3046 meus.
2953 2989 3219 3058 Quoniam
3238 2995 3307 3050 ad
3335 3003 3388 3050 te
3408 2997 3665 3064 adorabo,
3685 2998 3793 3053 Do-

2205 3077 2351 3131 mine
2392 3096 2406 3131 :
2446 3094 2605 3135 mane
2646 3080 2906 3136 exaudies
2945 3097 3136 3140 vocem
3173 3099 3371 3140 meam.
3411 3085 3569 3141 Isne
3600 3089 3792 3144 astabo

2205 3165 2306 3221 tibi
2326 3174 2385 3221 et
2407 3167 2606 3223 videbo
2629 3188 2645 3222 :
2668 3163 2925 3237 quoniam
2943 3185 3053 3224 non
3077 3170 3223 3227 Deus
3241 3172 3428 3230 volens
3448 3174 3791 3245 iniquitatem

2204 3263 2268 3310 tn
2287 3270 2369 3311 es.
2392 3255 2578 3326 Neque
2594 3257 2865 3315 habitabit
2880 3258 3038 3328 juxta
3059 3268 3113 3316 te
3132 3261 3409 3334 malignus
3434 3282 3449 3320 :
3478 3281 3654 3338 neque
3671 3282 3796 3338 per-

2203 3345 2500 3400 manebunt
2526 3347 2712 3417 iniusti
2735 3357 2862 3406 ante
2879 3350 3067 3407 oculos
3094 3360 3240 3409 tuos.
3267 3353 3444 3412 Odisti
3479 3370 3671 3414 omnes
3696 3358 3791 3428 qui

2202 3445 2497 3507 operantur
2517 3438 2858 3509 iniquitatem
2896 3459 2911 3496 :
2944 3442 3144 3512 perdes
3166 3458 3360 3502 omnes
3385 3447 3479 3517 qui
3497 3446 3792 3518 loquunttrr

2204 3529 2569 3586 mendacium.
2593 3532 2783 3588 Virum
2810 3536 3134 3606 ssnguinum
3159 3545 3215 3592 et
3243 3538 3489 3595 ᾶοΙοωιι
3512 3541 3792 3599 abomina-

2203 3616 2353 3672 bitur
2377 3616 2660 3675 Dominus.
2682 3620 2795 3690 Ego
2818 3630 3002 3677 autem
3031 3623 3087 3678 in
3116 3624 3461 3682 multitudine
3484 3626 3791 3683 misericor5

2204 3707 2309 3763 dia:
2342 3716 2448 3763 tua:
2473 3708 2711 3764 introibo
2738 3710 2796 3767 in
2826 3711 3044 3767 domum
3069 3721 3260 3769 tuam:
3290 3714 3526 3772 adorabo
3550 3718 3619 3773 ad
3652 3728 3790 3774 tem-

2201 3798 2351 3868 plum
2371 3808 2617 3855 sanctnm
2639 3809 2789 3857 tuum
2818 3802 2875 3857 in
2894 3804 3089 3859 timore
3108 3814 3221 3861 tuo.
3252 3806 3480 3865 Domine
3506 3810 3679 3868 deduc
3698 3819 3788 3870 me

2152 3934 2164 3946 .
2205 3886 2261 3943 in
2280 3888 2491 3960 iustitia
2514 3905 2606 3946 tua
2642 3910 2656 3946 :
2684 3902 2904 3963 propter
2926 3895 3177 3953 inimicos
3203 3914 3352 3955 meos
3376 3901 3551 3973 dirige
3576 3902 3634 3959 in
3654 3918 3787 3961 con-

2205 3982 2511 4059 spectu'tu‘o
2546 3985 2689 4039 viam
2722 4002 2917 4045 meam.
2938 3987 3219 4055 Quoniam
3257 4008 3363 4047 non
3389 4001 3477 4049 est
3499 3994 3554 4049 in
3579 4010 3675 4050 ore
3698 4012 3785 4051 eo-

2204 4088 2326 4128 rum
2354 4075 2557 4131 veritas
2584 4095 2598 4130 :
2622 4092 2720 4131 cor
2755 4092 2941 4133 eorum
2972 4095 3167 4134 vanum
3201 4088 3304 4136 est.
3336 4080 3654 4151 Sepulcrum
3690 4100 3782 4153 pa-

2206 4170 2327 4217 tens
2353 4170 2441 4217 est
2465 4172 2649 4233 guttur
2672 4179 2859 4221 comm
2892 4184 2905 4219 :
2939 4165 3138 4237 linguis
3167 4169 3282 4222 suis
3309 4168 3495 4227 dolose
3529 4172 3781 4242 agebam,

2176 4250 2379 4319 'judica
2420 4251 2541 4306 illos
2578 4251 2741 4308 Deus.
2790 4253 3049 4309 Decidant
3102 4271 3130 4309 ’λ
3174 4257 3592 4326 cogitationibus
3635 4263 3778 4329 suis,

2127 4376 2181 4439 Β
2207 4341 2500 4399 secundum
2536 4342 2931 4399 multitudinem
2977 4346 3314 4417 impietatum
3352 4364 3538 4405 eorum
3572 4353 3781 4422 expelle

2204 4450 2329 4499 eos,
2370 4434 2623 4503 quoniam
2661 4435 3010 4492 irritaverunt
3049 4447 3100 4492 te
3144 4439 3387 4509 Domine.
3429 4441 3500 4498 Et
3532 4442 3782 4499 laetentur

2204 4540 2415 4590 omnes,
2433 4525 2524 4595 qui
2539 4534 2763 4594 sperant
2781 4527 2836 4581 in
2867 4535 2921 4582 te
2954 4547 2968 4582 :
2999 4530 3052 4584 in
3082 4539 3341 4585 :eternum
3361 4533 3707 4603 exsultabunt
3724 4544 3781 4591 et

2205 4616 2476 4671 habitabis
2506 4616 2557 4669 in
2588 4616 2687 4670 eis.
2713 4615 2781 4673 Et
2798 4617 3167 4687 gloriabuntur
3187 4621 3241 4674 in
3269 4628 3325 4676 te
3346 4632 3557 4687 omnes,
3578 4624 3672 4692 qui
3700 4624 3781 4678 di-

2203 4707 2378 4777 ligunt
2403 4721 2597 4762 nomen
2642 4713 2791 4761 tuum
2830 4724 2845 4760 :
2887 4710 3141 4777 quoniam
3187 4717 3246 4764 tu
3291 4711 3579 4767 benedices
3608 4695 3775 4780 justo.

2204 4797 2433 4852 Domine
2467 4808 2528 4853 ut
2558 4804 2710 4850 scuto
2738 4795 2890 4849 boum
2909 4798 3206 4855 voluntatis
3235 4807 3337 4855 tua
3355 4803 3628 4857 coronasli
3656 4819 3775 4861 nos.

2276 4885 2348 4941 ιιι
2372 4904 2549 4958 supra.
2579 4887 2622 4939 Α
2649 4893 2804 4955 porta
2834 4885 3016 4941 inferi.
3034 4889 3274 4945 Pretiosa
3297 4898 3384 4946 est
3404 4891 3460 4945 in
3487 4906 3777 4963 conspectu

2206 4973 2440 5029 Domini.

2277 5063 2479 5118 Oratio.
2513 5063 2607 5117 Pie
2642 5063 2902 5132 Domine,
2940 5069 3031 5135 qui
3068 5069 3238 5123 attriti
3278 5070 3457 5126 cordis
3494 5072 3773 5138 gemitum,

2204 5154 2518 5222 priusquam
2532 5152 2845 5221 .profcratur
2865 5196 2878 5219 ,
2909 5155 3196 5227 intelligis,
3225 5158 3374 5215 cnice
3408 5175 3507 5216 nos
3526 5200 3540 5223 ,
3572 5176 3772 5229 quaeso,
3860 5214 3869 5224 ,

2207 5246 2462 5314 templum
2490 5245 2743 5300 Paracliti
2763 5288 2776 5309 ,
2806 5256 2869 5301 ut
2895 5262 3201 5303 mereamur
3236 5259 3391 5303 scuto
3419 5249 3656 5304 cmlestis
3690 5252 3775 5305 be-

2204 5336 2522 5390 nevolentia
2547 5336 2816 5390 coronari.
2840 5335 2962 5390 Per.

2273 5426 2392 5479 Alia
2411 5427 2597 5479 oratio.
2625 5422 3117 5493 Supplicationibus
3141 5424 3393 5480 clamoris
3418 5426 3608 5487 nostri,
3632 5443 3775 5496 qum-

2203 5531 2409 5579 sumus,
2430 5515 2676 5576 Domine,
2691 5529 2853 5568 aures
2883 5523 2986 5567 tuaa
3007 5513 3224 5582 pietatis
3251 5514 3542 5569 clementer
3562 5532 3774 5571 acrom-

2202 5607 2355 5661 modo
2391 5624 2400 5657 :
2436 5612 2493 5657 ut
2519 5604 2708 5659 animae
2737 5602 3055 5657 famulorum
3085 5602 3769 5674 famularumque-duarum,
