4262 6200
596 258 691 310 551

1427 245 1483 297 Β.
1525 244 1582 296 F.
1624 240 1845 295 ALBINI
1884 239 2011 294 ΞΕιῖ
2048 236 2317 292 ALCUINI
2369 230 2649 288 OPERUM
2686 230 2860 285 PARS
2897 228 2973 283 ιν.

3706 224 3807 281 552

598 367 832 424 ninnium
867 363 1282 420 Christianorum
1306 398 1318 420 ,
1348 358 1413 409 ab
1442 353 1585 408 omni
1616 352 1803 407 mortis
1832 358 2003 403 exuta:
2030 364 2156 401 con-
2186 364 2231 417 Α
2262 345 2401 398 mine
2446 346 2512 397 ad
2550 342 2901 412 adjuvandum
2947 354 3030 394 me
3059 340 3279 410 respice.
3313 339 3717 396 Confundantur
3758 355 3812 398 et

602 460 761 529 tagio.
790 454 995 509 ctelesli
1024 449 1223 521 perfrui
1250 464 1413 517 regno
1444 451 1763 497 mercantur.
1798 439 1896 491 Per
1922 450 1969 491 te
1999 438 2153 490 Chri—

602 559 682 602 ste
708 547 831 600 Jesu
858 545 946 613 qui
972 542 1105 595 vivis
1134 548 1187 596 et
1213 551 1420 607 regnas.

1201 696 1551 760 .I‘SALML’S.

677 824 853 895 (Pstt.
895 823 991 890 vi.)
1031 820 1253 875 Domine
1292 834 1357 870 ne
1400 818 1452 870 in
1489 816 1668 870 furore
1694 822 1783 866 tuo
1810 827 2005 880 arguas
2035 824 2156 863 me:

609 929 780 983 neque
809 915 860 967 in
892 914 967 965 ira
1016 922 1104 965 tua
1146 911 1405 978 corripias
1451 923 1552 961 me.
1611 906 1865 959 Miserere
1912 903 2011 955 mei
2062 901 2164 953 Do-

609 1005 787 1069 mine,
836 1003 1084 1073 quoniam
1132 1000 1375 1054 infirmus
1405 1013 1562 1053 sum:
1612 1011 1741 1049 sana
1789 1008 1871 1047 me
1920 992 2163 1050 Domine,

612 1093 861 1160 quoniam
892 1091 1204 1144 conturbata
1248 1095 1372 1143 sunt
1411 1101 1533 1139 ossa
1573 1099 1709 1138 mea.
1742 1082 1807 1134 Et
1848 1081 2022 1133 anima
2049 1091 2165 1130 mea

613 1181 825 1233 turbata
866 1188 950 1234 est
994 1178 1183 1232 valde:
1216 1175 1308 1230 sed
1342 1184 1397 1228 tu
1433 1172 1655 1226 Domine
1690 1167 2001 1237 usquequo?
2035 1165 2168 1219 Con-

610 1276 825 1323 vertere
871 1268 1108 1329 Domine,
1163 1274 1218 1319 et
1256 1265 1403 1333 eripe
1447 1263 1679 1316 animam
1721 1272 1913 1318 meam,
1964 1255 2166 1308 salvum

614 1373 702 1413 me
745 1356 828 1412 fac
862 1365 1081 1427 propter
1117 1354 1539 1409 misericordiam
1583 1360 1748 1404 tuam.
1775 1347 2034 1414 Quoniam
2063 1362 2167 1400 non

615 1455 700 1502 est
724 1449 776 1501 in
808 1456 999 1511 morte,
1038 1446 1129 1517 qui
1164 1460 1369 1499 memor
1398 1446 1467 1499 sit
1499 1444 1571 1496 tui
1599 1461 1610 1495 :
1642 1442 1693 1495 in
1739 1440 1947 1495 inferno
1992 1447 2169 1507 autem

617 1537 739 1605 quis
772 1534 1117 1589 conﬁtebitur
1152 1535 1283 1589 tibi?
1319 1534 1578 1588 Laboravi
1607 1533 1657 1586 in
1686 1532 1883 1603 gemitu
1911 1545 2052 1593 meo,
2091 1528 2169 1581 la-

618 1627 753 1681 vabo
778 1642 873 1695 per
899 1626 1132 1697 singulas
1174 1634 1359 1690 noctes
1392 1622 1499 1696 83
1530 1625 1727 1678 lectum
1758 1638 1935 1676 meum
1961 1641 1971 1674 :
2002 1621 2173 1690 lacry-

2258 442 2597 487 revereantur
2619 432 2776 486 simul
2801 448 2814 485 :
2839 431 2929 500 qui
2976 439 3219 499 quaerunt
3260 432 3491 484 animam
3532 447 3727 498 meum,
3758 443 3813 486 ut

2258 522 2497 577 auferant
2516 536 2654 576 eam.
2671 521 3061 575 Convertuntur
3075 528 3365 585 retrorsum
3380 530 3432 575 et
3447 530 3811 586 revereantur,

2260 612 2348 682 qui
2376 611 2554 665 volunt
2577 610 2707 664 milii
2735 610 2891 663 mala.
2918 609 3115 664 Ferant
3141 610 3417 665 confestim
3448 611 3813 669 confusionem

2208 700 2211 703 ’
2261 717 2434 766 suam,
2457 701 2545 770 qui
2568 702 2749 756 dicunt
2773 701 2899 754 mihi
2925 719 2936 753 :
2969 702 3134 771 Euge,
3163 716 3316 772 euge.
3350 703 3634 759 Exsultent
3654 712 3713 760 et
3732 702 3817 759 lae-

2265 803 2441 848 tentur
2485 808 2643 861 super
2671 802 2719 846 te
2744 808 2927 847 omnes
2951 804 3251 862 quaerentes
3298 804 3371 859 te,
3399 806 3453 850 et
3472 796 3652 851 dicant
3684 812 3820 855 sem-

2263 897 2400 949 per:
2442 880 2809 948 Magniﬁcetur
2854 880 3128 945 Dominus,
3184 878 3276 949 qui
3328 880 3552 951 diligunt
3588 884 3821 940 salutare

2264 980 2433 1024 tuum.
2466 969 2576 1027 Ean
2602 976 2779 1022 autem
2820 968 3095 1024 mendicus
3128 983 3248 1023 sum
3275 978 3329 1024 et
3378 985 3616 1039 pauper:
3642 971 3821 1028 Domi-

2266 1076 2368 1115 nus
2408 1060 2666 1115 sollicitus
2714 1068 2796 1114 est
2841 1060 2967 1114 mei.
3019 1058 3245 1127 Adiutor
3284 1075 3435 1116 meus
3458 1070 3512 1116 et
3552 1073 3825 1134 protector

2267 1162 2416 1201 meus
2436 1158 2492 1201 tu
2521 1162 2578 1201 es
2608 1165 2619 1198 :
2652 1147 2792 1201 Deus
2818 1161 2967 1200 meus
2987 1161 3053 1200 ne
3083 1146 3400 1201 tardaveris.

2339 1236 2403 1290 Ut
2447 1253 2626 1305 supra.
2674 1236 2942 1306 Exsurge,
2986 1235 3228 1300 Domine,
3273 1236 3326 1289 in
3379 1237 3619 1307 requiem
3657 1248 3824 1295 tuam.

2267 1324 2403 1381 Justi
2426 1327 2479 1379 in
2507 1334 2822 1397 perpetuum
2855 1326 3053 1380 vivent.

2344 1418 2545 1472 Oratio.
2595 1417 2807 1471 Partem
2862 1419 3031 1473 beata:
3085 1419 3496 1475 resurrectionis
3532 1421 3826 1489 obtineant,

2270 1506 2511 1569 Domine,
2562 1507 2750 1559 animae
2802 1520 3077 1562 servorum
3124 1507 3657 1577 tuorum,vitamque
3680 1518 3812 1563 teter

2253 1614 2397 1651 niam
2427 1598 2624 1651 habere
2644 1604 2951 1651 mereantur
2976 1596 3029 1651 in
3050 1596 3218 1662 coalis,
3253 1612 3349 1667 per
3377 1605 3430 1650 te
3456 1596 3666 1651 Christe
3686 1596 3833 1668 Jesu,

622 1717 724 1770 mis
772 1718 906 1773 meis
948 1726 1175 1773 stratum
1222 1733 1401 1772 meum
1441 1716 1645 1785 rigabo.
1699 1713 1966 1767 Turbatus
2009 1720 2095 1769 est
2142 1726 2170 1763 a
2203 1695 2231 1753 ε

2217 1695 2245 1753 Β
2274 1688 2363 1756 qui
2395 1687 2530 1740 vivis
2574 1696 2628 1740 et
2675 1699 2865 1751 regnas
2891 1702 3012 1747 cum
3043 1687 3151 1743 Deo
3176 1688 3336 1742 Patre
3379 1689 3433 1742 in
3464 1690 3669 1744 unitate
3718 1688 3836 1760 Spi-

622 1808 800 1863 furore
828 1808 1011 1863 oculus
1038 1824 1187 1863 meus
1216 1826 1228 1860 :
1263 1805 1553 1861 inveteravi
1586 1805 1727 1858 inter
1765 1817 1950 1857 omnes
1999 1800 2176 1855 inimi-

528 1906 531 1913 ’
624 1912 716 1951 cos
756 1912 920 1951 meos.
970 1896 1235 1963 Discedite
1267 1910 1297 1948 α
1330 1910 1435 1959 me,
1487 1910 1675 1951 omnes
1737 1893 1827 1962 qui
1880 1890 2175 1962 operamini

612 1984 960 2057 iniquitatem
1002 2006 1014 2041 :
1061 1987 1312 2058 quoniam
1361 1984 1633 2039 exaudivit
1674 1983 1928 2038 Dominus
1992 1996 2175 2037 vocem

623 2076 777 2132 ﬂetus
798 2078 920 2132 mei.
940 2077 1223 2131 Exaudivit
1244 2076 1499 2131 Dominus
1520 2074 1945 2145 deprecationem
1970 2087 2141 2127 meam
2162 2090 2173 2124 :

622 2165 879 2221 Dominus
902 2166 1199 2220 orationem
1230 2180 1404 2219 meam
1446 2164 1698 2232 suscepit.
1756 2160 2087 2217 Erubescant
2126 2170 2179 2214 et

627 2254 1011 2310 conturbentur
1050 2233 1605 2308 vehementer'omnes
1636 2252 1837 2306 inimici
1870 2252 1973 2306 mei
2008 2270 2019 2303 :
2058 2266 2180 2305 con-

626 2350 903 2397 vertantur
934 2352 989 2398 et
1009 2342 1326 2396 erubescant
1351 2340 1504 2395 valde
1528 2340 1799 2394 velociter.

695 2429 761 2483 Ut
788 2448 963 2501 supra.
990 2431 1045 2485 in
1075 2431 1330 2485 memoria
1367 2438 1565 2485 :eterna
1584 2430 1689 2483 erit
1730 2427 1926 2499 justus.
1973 2428 2178 2482 Animae

626 2533 811 2571 eorum
840 2519 894 2571 in
915 2519 1071 2573 bonis
1100 2519 1531 2573 demorabuntur.

698 2608 898 2661 Oratio.
936 2607 1005 2662 Ut
1034 2623 1099 2662 ne
1124 2609 1177 2660 in
1208 2608 1388 2661 furore
1427 2616 1480 2660 et
1518 2608 1593 2660 ira
1638 2616 1725 2660 tua
1757 2608 1962 2660 animas
2011 2605 2183 2660 famu-
2218 2644 2219 2647 η

622 2697 797 2752 lorum
847 2706 1076 2761 tuorum,
1124 2697 1362 2757 Domine,
1410 2711 1619 2765 arguas,
1669 2696 2181 2764 deprecamurzsed

628 2797 821 2842 cuncta
867 2788 1229 2854 peccaminum
1277 2786 1394 2839 labe
1446 2788 1749 2847 mundatus,
1815 2793 1918 2839 tua:
1972 2787 2184 2855 pietatis

632 2878 770 2931 dono
797 2875 1056 2947 refrigerii
1082 2878 1251 2929 locum
1276 2876 1529 2930 concede.
1556 2876 1671 2945 Per
1700 2876 2000 2929 Dominum.

1244 3028 1577 3083 PSALMUS.

705 3169 879 3237 (PSAL.
927 3166 1137 3237 χχχιι.)
1179 3166 1505 3235 Exspectans
1524 3164 1825 3233 exspectavi
1862 3164 2182 3219 Dominum:

628 3268 688 3311 et
712 3256 937 3310 intendit
959 3257 1105 3309 mihi.
1134 3256 1199 3309 Et
1220 3256 1487 3309 exaudivit
1514 3269 1699 3323 preces
1728 3268 1890 3315 meas,
1930 3263 1981 3307 et
2009 3255 2191 3309 eduxit

637 3364 721 3400 me
749 3347 810 3403 de
834 3346 951 3401 lacu
977 3347 1224 3408 miserire,
1253 3354 1303 3398 et
1326 3346 1389 3396 de
1412 3345 1521 3397 luto
1544 3344 1705 3397 fretis.
1729 3345 1795 3398 Et
1816 3346 2001 3398 statuit
2029 3360 2189 3413 supra

634 3446 841 3504 petram
867 3436 1026 3505 pedes
1054 3449 1217 3496 meos,
1243 3441 1295 3487 et
1316 3432 1509 3486 direxit
1532 3426 1750 3502 ‘gressns
1798 3446 1964 3485 meos.
1995 3432 2057 3484 Et
2090 3434 2187 3485 im-

634 3528 784 3581 misit
825 3526 879 3579 in
923 3540 983 3578 os
1026 3540 1201 3578 meum
1256 3524 1519 3577 canticum
1552 3538 1779 3585 novum,
1829 3539 2045 3576 carmen
2086 3522 2193 3577 Deo

614 3627 839 3682 ,nostro.
867 3618 1132 3671 Videbunt
1157 3616 1305 3669 multi
1333 3624 1386 3669 et
1408 3616 1669 3669 timebunt
1697 3633 1708 3667 :
1738 3624 1791 3668 et
1810 3614 2099 3683 sperabunt
2141 3615 2191 3667 in

640 3708 881 3761 Domino.
910 3707 1107 3760 Beatus
1134 3708 1235 3769 vir,
1264 3705 1417 3773 cujus
1462 3713 1542 3757 est
1584 3720 1775 3757 nomen
1818 3704 2026 3757 Domini
2076 3718 2195 3772 spes

630 3795 755 3861 .ejus
787 3813 798 3846 :
831 3803 884 3847 et
913 3810 1015 3847 non
1039 3795 1269 3861 respexit
1290 3795 1342 3846 in
1370 3795 1651 3856 vanitates,
1677 3800 1731 3844 et
1752 3793 1989 3846 insanias
2011 3792 2193 3867 falsas.

644 3885 803 3937 Multa
856 3882 1024 3937 fecisti
1060 3894 1115 3936 tu
1147 3885 1366 3936 Domine
1420 3882 1560 3934 Deus
1610 3895 1757 3936 meus
1784 3881 2057 3948 mirabilia
2086 3889 2195 3943 tua,

643 3986 699 4028 et
745 3976 1149 4046 cngitationibus
1200 3974 1303 4026 tuis
1340 3988 1445 4025 non
1495 3981 1596 4034 est,
1640 3972 1729 4037 qui
1764 3971 1953 4022 similis
1982 3972 2051 4023 sit
2079 3971 2195 4022 tibi.

646 4066 964 4120 Annuntiavi
1004 4074 1058 4117 et
1078 4063 1285 4116 locutus
1318 4076 1434 4115 sum
1468 4078 1481 4111 :
1512 4058 1846 4127 multiplicati
1877 4068 1999 4111 sunt
2044 4074 2201 4127 super

646 4168 943 4208 numerum.
990 4152 1321 4206 Sacriﬁcium
1351 4158 1405 4206 et
1447 4149 1769 4202 oblationem
1818 4148 2028 4202 noluisti
2064 4167 2074 4201 :
2109 4163 2201 4201 au-

649 4256 735 4295 res
764 4251 937 4295 autern
974 4242 1241 4310 perfecisti
1264 4242 1411 4294 mihi.
1442 4240 1815 4294 Holocaustum
1861 4246 1914 4293 et
1954 4254 2053 4307 pro
2081 4252 2203 4305 pec-

648 4342 772 4385 cato
797 4346 899 4384 non
926 4332 1199 4397 postulasti
1226 4348 1237 4381 :
1273 4340 1397 4383 tunc
1419 4330 1545 4391 dixi,
1578 4341 1701 4382 ecce
1726 4329 1915 4390 venio,
1939 4328 1999 4380 in
2026 4329 2200 4395 capite

648 4422 772 4474 libri
815 4421 1070 4487 scriptum
1116 4418 1293 4471 estde
1346 4430 1451 4481 me,
1501 4424 1559 4469 ut
1604 4415 1833 4469 facerem
1877 4416 2200 4469 voluntatem

654 4521 816 4573 tuam,
852 4511 990 4565 Deus
1009 4525 1159 4563 meus
1177 4508 1335 4569 volui,
1366 4520 1419 4561 et
1448 4508 1613 4577 legem
1637 4515 1779 4559 tuam
1802 4508 1853 4559 in
1890 4508 2065 4560 medio
2085 4522 2203 4560 cor-

650 4605 733 4657 dis
785 4604 908 4655 mei.
936 4603 1255 4656 Annuntiavi
1283 4600 1543 4671 justitiam
1573 4608 1716 4652 tuam
1743 4600 1794 4651 in
1827 4599 2061 4652 Ecclesia
2091 4614 2203 4651 ma-

654 4708 755 4760 gna
776 4710 787 4742 :
812 4706 936 4745 ecce
958 4691 1095 4743 labia
1126 4706 1241 4743 mea
1264 4705 1368 4743 non
1388 4691 1699 4758 prohibebo,
1718 4690 1935 4741 Domine
1956 4699 2007 4740 tu
2034 4688 2207 4741 scisti.

656 4784 924 4835 Justitiam
971 4790 1116 4835 tuam
1152 4795 1254 4834 non
1284 4782 1532 4833 abscondi
1564 4781 1617 4832 in
1644 4780 1801 4831 corde
1826 4794 1945 4829 meo
1970 4798 1981 4829 :
2011 4780 2206 4831 verita-

660 4884 765 4925 tem
790 4883 931 4926 tuam
968 4883 1023 4927 et
1044 4872 1273 4927 salutare
1298 4880 1443 4923 tuum
1476 4870 1601 4922 dixi.
1631 4868 1745 4921 Non
1773 4868 2020 4921 abscondi
2050 4869 2205 4919 mise-

663 4962 947 5015 ricordiam
979 4970 1123 5015 tuam
1151 4970 1205 5015 et
1226 4961 1499 5013 veritatem
1526 4970 1667 5011 tuam
1711 4974 1737 5010 a
1773 4958 1995 5011 consilio
2017 4958 2205 5009 multo.

664 5053 739 5105 Tn
770 5060 942 5103 autem
975 5053 1192 5104 Domine
1220 5065 1285 5103 ne
1319 5050 1473 5117 longe
1496 5048 1658 5101 facias
1688 5048 2059 5100 miserationes
2088 5053 2206 5098 tuas

665 5160 694 5197 a
730 5156 833 5203 me,
875 5141 1231 5193 misericordia
1261 5148 1350 5192 tua
1385 5147 1437 5191 et
1464 5139 1659 5189 veritas
1686 5142 1771 5187 tua
1799 5150 2005 5202 semper
2030 5150 2209 5188 susce-

666 5241 855 5301 perunt
880 5246 981 5284 me.
1014 5229 1270 5294 Quoniam
1296 5227 1753 5282 circumdederunt
1777 5240 1860 5277 me
1900 5226 2057 5287 mala,
2080 5239 2211 5292 quo-

669 5342 785 5377 rum
814 5341 913 5378 non
935 5334 1016 5377 est
1056 5336 1335 5375 numerus:
1374 5316 1881 5387 comprehenderunt
1908 5330 1993 5367 me
2020 5315 2213 5380 iniqui—

664 5426 807 5469 tates
853 5432 1003 5477 meae,
1045 5424 1095 5467 et
1128 5428 1229 5465 non
1274 5412 1419 5478 potui
1450 5422 1505 5463 ut
1554 5410 1807 5462 viderem.
1857 5406 2213 5474 Multiplicata:

675 5516 797 5558 sunt
822 5520 979 5572 super
1003 5504 1220 5572 capillos
1242 5503 1428 5569 capitis
1456 5502 1555 5553 mei
1583 5519 1592 5550 :
1620 5508 1673 5551 et
1699 5513 1789 5551 cor
1814 5512 1986 5549 meum
2024 5493 2214 5548 dereli-
2286 5540 2287 5543 η

676 5594 788 5663 quit
818 5610 918 5647 me.
950 5593 1275 5662 Complaccat
1304 5594 1395 5645 tibi
1427 5591 1643 5644 Domine
1690 5598 1749 5641 ut
1786 5601 1940 5640 eruas
1965 5600 2048 5638 me
2074 5599 2085 5635 :
2116 5584 2217 5637 Do-

2280 1777 2414 1829 ritus
2466 1776 2638 1829 sancti
2665 1816 2678 1839 ,
2743 1792 2839 1847 per
2896 1777 3216 1837 immortalia
3255 1780 3448 1833 saecula
3500 1779 3830 1839 saeculorum.

2276 1865 2467 1919 Amen.

2347 1956 2464 2009 Atia
2494 1959 2679 2010 oratio.
2720 1955 3061 2027 Exspectatio
3083 1970 3292 2016 tuorum
3308 1962 3465 2017 unica
3494 1963 3809 2020 famulorum

2277 2046 2437 2111 Deus,
2459 2062 2617 2118 quem
2642 2059 2927 2103 venturum
2964 2051 3043 2105 in'
3072 2052 3326 2107 mundum
3354 2063 3513 2124 caput
3541 2055 3665 2109 libri
3694 2056 3835 2125 prin-

2279 2140 2463 2208 cipalis
2491 2141 2744 2195 edocuit:
2794 2143 2991 2207 insere,
3033 2162 3333 2213 precamur,
3378 2147 3547 2217 legem
3590 2158 3731 2207 tuam
3782 2150 3823 2205 ir

2281 2229 2456 2287 medio
2494 2230 2670 2284 cordis
2709 2233 2909 2289 nostri.
2933 2239 2992 2284 ut
3029 2240 3260 2288 tuas.....
3310 2236 3620 2290 nuntiantes
3638 2236 3707 2291 ab
3746 2237 3831 2291 im-

2280 2320 2605 2374 minentibus
2632 2312 2884 2389 peric'ulis
2908 2337 3179 2381 eruamur.
3212 2323 3332 2380 Per.

2352 2407 2532 2462 Oratio
2559 2427 2651 2479 pro
2673 2411 3017 2483 qualicunque
3054 2414 3257 2469 homine
3281 2412 3543 2485 defuncto.
3590 2417 3842 2488 Omnipo—

2283 2510 2400 2556 tens
2427 2510 2480 2556 et
2498 2504 2801 2558 misericors
2837 2504 2997 2570 Deus,
3036 2514 3175 2561 tuam
3210 2508 3564 2578 deprecamur
3609 2511 3841 2567 clunem

2283 2592 2439 2657 tiam,
2485 2594 2607 2661 quia
2653 2594 2852 2663 judicio
2882 2603 2973 2649 tuo
3009 2608 3062 2649 et
3091 2602 3361 2652 nascimur
3387 2607 3441 2652 et
3476 2600 3736 2654 [inimum
3772 2610 3842 2656 ut

2287 2681 2518 2737 animam
2549 2683 2729 2737 fratris
2750 2686 2938 2748 nostri,
2972 2700 3128 2753 quem
3176 2697 3261 2740 tua
3296 2690 3468 2758 pietas
3494 2690 3558 2743 de
3608 2690 3840 2755 incolatu

2288 2770 2444 2840 hujus
2476 2773 2656 2827 mundi
2680 2775 2909 2828 transire
2939 2778 3212 2847 prmeepit,
3245 2779 3293 2831 in
3329 2779 3563 2847 requiem
3588 2788 3840 2834 aternam

2286 2866 2565 2936 suscipias,
2595 2875 2649 2920 et
2675 2868 2725 2921 in
2758 2871 3027 2925 consortio
3048 2871 3339 2929 electorum
3365 2880 3574 2927 tuorum
3600 2871 3652 2927 in
3672 2887 3843 2928 retur.

2286 2957 2525 3015 rectione
2550 2958 3068 3028 sociaripermittas,
3102 2971 3163 3015 ut
3205 2963 3255 3014 in
3279 2970 3482 3021 aeterna
3520 2962 3843 3019 beatitudine

2211 3040 2260 3103 C
2291 3061 2396 3100 una
2417 3062 2537 3100 cum
2564 3047 2666 3101 illis
2691 3050 2806 3103 sine
2830 3049 2933 3104 line
2953 3060 3278 3119 permaneat.
3306 3052 3427 3106 Per.

2360 3133 2625 3197 Animam,
2667 3152 2825 3203 quam
2872 3138 3161 3201 redemisti,
3205 3140 3412 3208 suscipe
3457 3140 3695 3206 Domine,
3722 3157 3842 3196 cum

2289 3226 2460 3279 servis
2490 3227 2621 3291 tuis;
2656 3235 2709 3279 et
2736 3229 2827 3295 qui
2853 3236 2901 3281 te
2929 3227 3202 3283 confessus
3228 3239 3309 3284 est
3339 3231 3390 3285 in
3416 3233 3523 3284 vita
3553 3235 3843 3298 communi,

2291 3318 2585 3368 consmuas
2606 3332 2726 3370 eum
2752 3318 2804 3369 in
2825 3318 2932 3371 vita
2956 3321 3194 3387 perenni.
3825 3370 3830 3373 γ

2360 3402 2478 3455 Alia
2499 3405 2685 3456 oratio.
2714 3405 2902 3461 Libera
2924 3443 2938 3469 ι
2972 3408 3206 3472 Domine,
3233 3411 3461 3466 animam
3494 3414 3631 3466 servi
3677 3414 3750 3466 tui
3782 3414 3845 3467 de

2291 3491 2545 3559 periculis
2573 3492 2919 3557 infernornm,
2956 3506 3010 3549 et
3043 3496 3107 3549 de
3130 3500 3380 3565 periculis
3406 3502 3767 3565 tenebrarum,
3792 3512 3847 3555 et

2295 3584 2365 3636 de
2390 3575 2851 3649 persecutionins
2874 3586 3069 3653 multis,
3109 3588 3251 3642 etde
3276 3588 3606 3643 flammarum
3647 3592 3842 3658 gehen-

2298 3686 2377 3723 nae
2400 3674 2625 3739 ignibus.
2654 3674 2859 3738 Libera,
2893 3676 3132 3737 Domine,
3165 3693 3394 3730 animam
3424 3680 3561 3733 servi
3592 3680 3852 3741 ωἰςιεὶριιι

2298 3764 2537 3817 liberasti
2569 3766 2837 3823 Abraham
2866 3766 2976 3837 84
2999 3768 3065 3822 de
3098 3767 3171 3821 Ur
3208 3768 3595 3825 Chaldaeorum.
3640 3771 3848 3828 Libera.

2300 3852 2537 3917 Domine,
2568 3856 2800 3909 animam
2854 3858 2994 3910 servi
3036 3859 3127 3922 tui,
3158 3860 3296 3913 sicut
3338 3860 3581 3919 liberasti
3610 3861 3745 3917 Loth
3788 3862 3853 3917 de

2300 3944 2514 3996 civitate
2539 3943 2908 3999 Sodomorum.
2942 3947 3158 4011 Libera,
3183 3948 3420 4011 Domine,
3457 3952 3691 4004 animam
3711 3953 3852 4007 servi

2301 4032 2400 4096 tui,
2430 4033 2569 4086 sicut
2590 4033 2823 4087 liberasti
2845 4036 3095 4104 populum
3122 4037 3279 4090 lsrael
3312 4040 3373 4093 de
3397 4054 3553 4093 manu
3577 4038 3853 4112 Egyptia-

2301 4138 2437 4176 rum.
2472 4122 2680 4187 Libera,
2712 4122 2954 4188 Domine,
2986 4126 3214 4181 animam
3243 4128 3380 4184 servi
3409 4130 3505 4192 tui,
3538 4131 3675 4184 sicut
3724 4131 3853 4185 iibev

2302 4214 2430 4266 rasti
2464 4202 2691 4283 MOysem
2738 4216 2803 4269 de
2832 4232 2991 4269 manu
3018 4216 3345 4282 Pharaonis,
3377 4221 3471 4288 qui
3510 4220 3854 4274 antecedebat

2302 4306 2549 4374 populum
2578 4306 2734 4358 lsrael
2757 4308 2809 4359 in
2831 4307 3060 4360 deserto.
3086 4307 3305 4370 Libera,
3336 4308 3575 4372 Domine,
3623 4310 3849 4363 animam

2227 4383 2279 4442 θ
2304 4401 2439 4453 servi
2474 4401 2571 4460 tui,
2600 4401 2735 4452 sicut
2782 4398 3018 4453 liberasti
3047 4398 3213 4453 David
3242 4396 3303 4453 de
3356 4416 3512 4454 manu
3558 4401 3753 4467 Saulis,
3801 4414 3852 4456 et

2302 4492 2369 4545 de
2411 4506 2569 4542 manu
2595 4490 2757 4544 Goliae
2805 4492 3051 4561 gigantis.
3098 4493 3285 4547 Libera
3305 4534 3318 4555 ,
3350 4492 3590 4558 Domine,
3623 4494 3850 4547 animam

2303 4585 2441 4637 servi
2468 4585 2566 4646 tui,
2598 4586 2733 4637 sicut
2760 4586 2997 4639 liberasti
3024 4586 3190 4639 Eliam
3214 4596 3266 4639 et
3292 4586 3473 4639 Enoch
3501 4586 3566 4639 de
3588 4587 3856 4655 bocmun-

2305 4675 2392 4728 do.
2420 4671 2629 4738 Libera,
2657 4676 2894 4741 Domine,
2919 4678 3146 4730 animam
3170 4678 3308 4730 servi
3336 4676 3433 4737 tui,
3461 4676 3600 4727 sicut
3620 4674 3853 4727 liberasti

2307 4776 2415 4819 tres
2431 4782 2619 4833 pueros
2638 4768 2701 4819 de
2723 4770 2932 4821 camino
2950 4767 3083 4835 ignis
3104 4765 3355 4833 ardentis.
3381 4765 3591 4829 Libera,
3610 4750 3849 4827 Domine,

2312 4858 2541 4909 animam
2572 4858 2707 4909 servi
2739 4859 2834 4917 tui,
2862 4858 2997 4909 sicut
3024 4856 3254 4909 liberasti
3287 4855 3580 4908 Susannam
3604 4854 3670 4907 de
3696 4870 3852 4907 manu

2312 4948 2625 5014 principum.
2660 4947 2847 4998 Libera
2880 4946 3116 5007 Domine,
3152 4946 3381 4997 animam
3418 4946 3554 4997 servi
3585 4945 3676 5005 tui,
3718 4945 3853 4996 sicut

2311 5037 2550 5089 liberasti
2598 5034 2773 5086 Daniel
2833 5037 2896 5087 de
2942 5034 3057 5087 lacu
3109 5033 3336 5087 leonum.
3390 5034 3538 5087 Sicut
3585 5031 3851 5089 iiberasti,

2314 5126 2553 5185 Domine,
2594 5121 2781 5176 Jonam
2822 5124 2884 5177 de
2914 5136 3096 5187 ventre
3126 5124 3248 5185 ceti,
3300 5125 3375 5177 sic
3409 5124 3641 5175 animam
3674 5120 3855 5171 fratris

2314 5216 2480 5268 nostri
2532 5215 2595 5267 ab
2648 5215 2889 5265 omnibus
2924 5214 3170 5281 periculis
3204 5227 3481 5279 poenarum
3528 5210 3752 5263 liberare
3784 5209 3855 5261 di-

2314 5306 2509 5375 gneris,
2540 5314 2589 5356 et
2620 5306 2771 5357 bonis
2807 5307 3018 5363 aeternis
3045 5319 3166 5358 cum
3185 5305 3368 5358 eiectis
3389 5302 3493 5357 tuis
3515 5316 3631 5355 eam
3654 5298 3853 5370 perfrui

2309 5396 2514 5462 jubeas.
2540 5395 2659 5447 Per.

2384 5486 2439 5537 in
2478 5487 2727 5537 memoria
2771 5496 2982 5541 retcrna.
3014 5486 3267 5553 Requiem
3305 5494 3576 5541 :cternam.
3632 5479 3857 5551 Requie-

2319 5586 2465 5631 scant
2494 5578 2545 5631 in
2566 5590 2711 5643 pace.
2754 5590 2763 5599 '
