4262 6212
378 281 485 342 553

935 410 1228 493 FERIA
1284 416 1375 492 ν.

478 564 812 611 conreser
856 559 1270 609 PBCCATOBUM
1317 566 1465 607 rosr
1511 559 1835 606 aeutmrsu

870 652 879 655 ‘
1002 643 1307 696 QUIETEM.
1834 642 1841 649 ’

456 753 483 784 ι
528 741 798 798 Conﬁteor
855 743 971 809 tibi,
1018 742 1273 809 Domine,
1310 745 1491 799 omnia
1533 752 1754 814 peccata
1804 756 1942 803 mea,

385 845 715 904 quacunque
732 833 864 900 feci,
894 843 949 888 et
975 835 1082 905 egi,
1112 845 1166 890 et
1190 836 1330 907 gessi
1357 836 1603 891 omnibus
1625 836 1810 889 diebus
1828 833 1946 885 vitae

388 943 539 985 meae.
563 922 724 995 Deus,
748 930 839 999 qui
862 930 1055 984 creasti
1075 932 1277 995 omnia,
1309 937 1365 984 tu
1390 930 1526 983 nosti
1549 934 1766 999 peccata
1790 940 1905 979 mea
1931 942 1943 977 :

386 1015 603 1087 indulge
626 1025 681 1071 et
707 1017 960 1072 miserere
1004 1012 1140 1081 mei:
1163 1019 1286 1087 quia
1308 1018 1546 1071 nimium.
1576 1014 1791 1086 peccavi
1830 1013 1947 1075 tibi,

388 1105 633 1172 Domine,
684 1109 939 1162 miserere
960 1108 1084 1161 mei.
1108 1106 1212 1161 Per
1247 1107 1685 1161 intercessionem
1712 1104 1950 1158 omnium

390 1195 698 1265 angelorum
747 1203 907 1264 atque
960 1194 1440 1263 archangelorum,
1496 1194 1755 1246 miserere
1821 1190 1946 1243 mei.

389 1282 493 1338 Per
535 1284 971 1351 intercessionem
1016 1284 1441 1351 patriarcharum
1482 1289 1535 1336 et
1572 1282 1953 1351 prophetarum

392 1375 647 1430 miserere
670 1376 793 1430 mei.
819 1375 919 1429 Per
942 1375 1377 1430 intercessionem
1403 1373 1786 1444 apostolorum,
1812 1385 1953 1424 mar-

394 1472 591 1534 tyrum,
619 1462 983 1519 confessorum
1011 1472 1065 1518 et
1109 1465 1375 1533 virginum
1407 1472 1459 1517 te
1488 1463 1762 1530 deprecor,
1802 1459 1956 1513 mise-

316 1618 317 1621 η
392 1567 515 1608 rere
566 1553 691 1607 mei.
743 1552 988 1616 Domine,
1016 1553 1140 1607 siin
1167 1560 1220 1606 te
1261 1551 1497 1620 peccavi,
1541 1559 1717 1603 tamen
1748 1556 1799 1603 te
1847 1562 1954 1600 non

393 1641 668 1710 dereliqui,
713 1641 842 1698 deos
888 1641 1090 1695 alienos
1115 1655 1221 1695 non
1247 1638 1464 1693 adoravi
1493 1656 1505 1690 :
1542 1638 1801 1691 miserere
1826 1634 1951 1695 mei,

1353 283 1740 345 LITURGICA.
1780 312 1852 332 α·-
1886 284 2151 342 OFFlClA
2193 284 2327 338 PER
2367 282 2631 337 FElliAS.

1967 406 2017 462 Α
2046 407 2150 450 tur.
2215 393 2549 464 Magniﬁeatc
2583 392 2864 446 Dominum
2898 406 3103 446 met-um

3505 284 3605 337 5.35

3149 412 3159 446 :
3216 404 3266 448 et
3315 386 3613 450 evaltcniUs

2045 502 2237 545 nomen
2267 485 2383 556 ejus
2412 488 2463 539 iu
2494 486 2744 554 idipsum.
2776 485 3049 552 lﬁxquisivi
3082 483 3387 551 Dominum,
3418 488 3527 557 85
3556 499 3610 540 et

2044 577 2318 632 exaudivit
2364 591 2448 629 me
2475 593 2487 629 :
2519 586 2572 628 et
2612 591 2679 631 ex
2717 576 2963 629 omnibus
3003 576 3438 632 tribulationibus
3480 580 3615 633 meis

2043 665 2242 734 eripuit
2288 678 2390 718 me.
2423 664 2675 720 Accedite
2707 664 2773 719 ad
2819 677 2973 727 cum,
3018 674 3072 718 et
3102 665 3472 725 illuminamini
3511 688 3521 721 :
3563 679 3617 723 et

2045 751 2212 807 facies
2237 760 2430 806 vestra:
2459 767 2564 806 non
2597 751 3007 807 confundentur.
3047 753 3148 806 Iste
3191 770 3395 823 pauper
3418 757 3617 812 clama-

2045 842 2143 905 vit,
2170 852 2223 896 et
2254 839 2511 896 Dominus
2550 841 2824 895 exaudivit
2852 857 2975 895 eum
3005 860 3018 892 :
3059 852 3112 896 et
3142 859 3206 896 ex
3249 846 3498 899 omnibus
3526 848 3618 899 tri—

2048 927 2411 984 bulationibus
2456 927 2576 995 ejus
2621 928 2855 982 salvavit-
2892 944 3034 983 cum.
3087 930 3343 985 immittet
3375 915 3619 1003 'angelus

2050 1020 2261 1075 Domini
2287 1020 2340 1074 in
2369 1019 2597 1075 circuitu
2639 1018 2938 1073 timentium
2967 1034 3088 1081 eum
3128 1038 3139 1072 ε
3177 1031 3233 1075 et
3272 1025 3461 1091 eripiet
3506 1040 3616 1079 eos.

2043 1110 2275 1165 .Gustate
2321 1118 2375 1161 et
2422 1108 2619 1175 videte,
2665 1096 2918 1177 quoniam
2977 1110 3155 1164 suavis
3206 1120 3290 1166 est
3319 1113 3617 1168 Dominus:

2052 1198 2239 1252 beatus
2257 1197 2339 1250 vir
2358 1197 2447 1264 qui
2476 1204 2656 1265 sperat
2679 1182 2732 1250 in
2755 1210 2839 1251 eo.
2872 1196 3083 1251 Timete
3108 1198 3389 1253 Dominum
3435 1217 3623 1256 omnes

2054 1287 2223 1341 sancti
2270 1286 2386 1353 ejus
2429 1305 2441 1339 :
2485 1286 2739 1355 quoniam
2795 1300 2900 1341 non
2952 1295 3034 1341 est
3087 1289 3263 1358 inopia
3314 1272 3624 1346 timentibus

2053 1394 2194 1431 eum.
2240 1377 2442 1432 Divites
2491 1384 2753 1445 eguerunt
2796 1377 3175 1431 etcsurierunt
3225 1396 3237 1431 :
3296 1380 3628 1448 inquirentes

2055 1477 2230 1521 autem
2259 1466 2540 1530 Dominum
2575 1482 2683 1523 non
2709 1466 3019 1521 minuentur
3055 1467 3205 1533 omni
3230 1469 3387 1522 bono.
3415 1467 3626 1532 Venite,

2057 1556 2170 1618 lilii,
2193 1544 2374 1610 audite
2413 1570 2534 1608 mc:
2571 1555 2821 1608 timorem
2847 1554 3060 1610 Domini
3091 1555 3293 1611 docebo
3336 1572 3452 1612 vos.
3500 1558 3630 1624 Quis

2057 1653 2140 1699 est
2163 1645 2343 1707 homo,
2373 1643 2467 1713 qui
2499 1642 2612 1696 vult
2632 1643 2797 1696 vitam
2828 1660 2838 1696 :
2869 1642 3043 1713 diligit
3074 1644 3187 1699 dies
3207 1645 3389 1699 videre
3431 1646 3632 1700 bonos?

395 1732 639 1799 Domine,
675 1733 884 1788 veniam
917 1741 1040 1801 peto
1067 1746 1097 1785 a
1122 1738 1173 1785 te
1192 1742 1294 1801 pro
1328 1728 1576 1785 omnibus
1596 1726 1766 1795 culpis
1796 1726 1951 1779 ῐῐιθῖει
1986 1736 2031 1795 Β
2060 1736 2293 1790 Prohibe
2336 1735 2576 1804 linguam
2623 1742 2773 1788 tuam
2810 1750 2841 1789 a
2879 1734 3041 1798 malo,
3093 1742 3146 1789 et
3171 1734 3308 1788 labia
3339 1744 3427 1789 tua
3454 1751 3521 1790 ne
3554 1736 3631 1789 lo-

394 1823 522 1879 Pius
545 1824 705 1890 Deus,
735 1825 833 1880 tibi
860 1822 1119 1879 conﬁtear
1144 1828 1361 1892 peccata
1396 1832 1537 1882 mea,
1564 1819 1689 1888 quia
1729 1815 1955 1871 crimina

397 1930 629 1986 agnosco
666 1916 721 1971 in
747 1931 851 1971 me.
883 1915 1023 1971 Deus
1066 1914 1331 1984 propitius
1358 1921 1477 1967 esto
1510 1908 1641 1964 mihi
1685 1906 1957 1979 peccatori

397 2022 552 2062 servo
598 2015 690 2061 tuo
721 2024 736 2060 :
767 2021 872 2060 non
923 2020 1010 2059 me
1062 2004 1295 2064 deseras,
1345 2016 1454 2055 non
1483 2014 1568 2055 me
1595 1998 1957 2067 derelinquas,

395 2100 537 2155 Deus
582 2113 754 2152 meus.
799 2095 928 2150 Pius
955 2094 1117 2158 Deus,
1145 2099 1362 2148 sanctus
1418 2088 1598 2152 fortis,
1649 2095 1867 2144 Sanctus
1906 2093 1961 2141 et

403 2187 721 2244 immortalis
760 2204 774 2240 :
806 2184 1115 2240 misericors
1134 2181 1278 2236 Deus
1305 2179 1737 2241 clementissime,
1768 2176 1959 2246 adiuva

400 2294 487 2335 me
513 2284 849 2347 peccatorem
897 2273 1153 2329 famulum
1178 2279 1347 2327 tuum.
1396 2270 1474 2324 Da
1512 2268 1645 2323 mihi
1668 2281 1783 2332 cor,
1818 2266 1963 2336 quod

400 2366 595 2443 timeat.
635 2372 721 2429 te,
752 2374 967 2418 sensum
1004 2361 1113 2431 qui
1148 2368 1202 2414 te
1233 2359 1512 2429 intelligat,
1562 2358 1745 2414 oculos
1788 2356 1878 2425 qui
1911 2364 1964 2409 te

400 2454 636 2518 videant,
667 2466 824 2509 aures
852 2466 970 2522 quae
995 2461 1046 2506 te
1077 2451 1504 2513 audiant,~nares
1535 2448 1627 2518 qui
1667 2454 1720 2502 te
1744 2447 1961 2502 odorem

402 2544 713 2614 suscipiant.
746 2543 986 2606 Domine,
1038 2540 1287 2597 molliiica
1324 2554 1420 2594 cor
1448 2548 1625 2593 meum
1667 2538 1873 2593 durum.
1911 2544 1967 2591 et

403 2635 682 2706 lapideum,
704 2634 796 2702 qui
819 2648 936 2688 sum
961 2632 1098 2687 cinis
1116 2640 1382 2686 mortuus.
1405 2628 1566 2693 Salva
1590 2638 1694 2693 me,
1719 2626 1963 2690 Domine,

404 2724 733 2795 vigilantem,
763 2722 969 2777 custodi
997 2735 1083 2775 me
1109 2719 1488 2783 dormientem;
1522 2722 1582 2770 ut
1602 2717 1864 2772 dormiam
1908 2716 1965 2771 in

403 2826 554 2882 pace,
598 2820 653 2866 et
689 2811 903 2881 vigilem
949 2812 1004 2864 in
1037 2808 1271 2882 Christo.
1330 2809 1520 2863 Amen.
1574 2809 1842 2876 Deprecor
1891 2814 1966 2871 te,

408 2873 653 2966 Domine,
678 2873 960 2964 utomnes,
983 2899 1074 2967 qui
1099 2899 1230 2952 mihi
1256 2873 1397 2953 bona
1420 2897 1603 2952 volunt
1624 2873 1715 2950 aut
1740 2895 1971 2962 faciunt,

408 2989 568 3045 redde
597 2990 701 3044 illis
726 2990 782 3042 in
805 2997 1061 3043 internum
1088 3007 1101 3041 :
1133 2996 1190 3042 et
1216 2988 1262 3042 si
1305 2988 1395 3056 qui
1443 2987 1574 3041 mihi
1619 2987 1758 3041 mala
1787 2986 1971 3042 volunt

410 3090 501 3136 aut
538 3081 756 3145 faciunt,
796 3080 861 3134 da
900 3079 1003 3147 illis
1042 3080 1438 3151 indulgentiam.
1475 3078 1781 3135 Misericors
1806 3079 1966 3143 Deus,
2000 3055 2046 3116 Ο

410 3170 478 3225 da
525 3171 655 3225 mihi
697 3168 1034 3223 famulostuo
1082 3168 1449 3223 remissionem
1505 3176 1869 3237 peccatorum,
1917 3176 1972 3221 et

414 3258 924 3329 linem'perfectum;
958 3246 1158 3329 perduc
1179 3272 1263 3312 me
1284 3258 1351 3312 ad
1381 3258 1523 3311 viam
1551 3257 1758 3311 salutis.

482 3346 600 3401 Alia
624 3348 811 3400 oratio.
852 3346 971 3400 Fiat
997 3345 1128 3399 mihi
1150 3361 1349 3415 quanto,
1382 3346 1627 3408 Domine,
1657 3344 1789 3399 ﬁdes
1817 3344 1972 3398 ﬁrma

414 3435 475 3490 in‘
498 3436 676 3498 corde,
708 3434 858 3503 galea
887 3432 1073 3509 salutis
1103 3434 1155 3487 in
1196 3434 1391 3502 capite,
1427 3434 1639 3503 signum
1685 3432 1886 3489 Christi
1920 3436 1975 3490 in

417 3527 610 3590 fronte,
658 3526 879 3580 verbum
925 3524 1170 3579 veritatis
1225 3523 1277 3578 in
1306 3539 1420 3587 ore,
1458 3522 1705 3580 voluntas
1752 3526 1891 3580 bona
1922 3525 1976 3579 in

418 3602 614 3680 mente,
658 3616 874 3671 dilectio
899 3616 992 3670 Dei
1032 3616 1082 3669 in
1110 3623 1346 3685 pectore,
1379 3615 1686 3684 praecinctio
1713 3617 1979 3671 castitatis

420 3714 475 3769 in
523 3712 772 3776 circuitu,
801 3712 1051 3766 honestas
1086 3711 1139 3764 in
1192 3711 1421 3774 actione,
1473 3710 1737 3764 sobrietas
1767 3710 1821 3763 in
1848 3725 1978 3764 con-

420 3803 663 3867 scientia,
692 3802 964 3856 humilitas
992 3802 1046 3855 in
1071 3800 1443 3869 prosperitate,
1483 3798 1742 3866 patientia
1788 3798 1842 3851 in
1888 3798 1983 3851 tri-

421 3891 710 3953 bulatione,
742 3904 863 3958 spes
890 3889 941 3941 in
968 3888 1241 3952 Creatore,
1276 3887 1683 3955 perseverantia
1713 3900 1882 3954 usque
1928 3886 1979 3938 in

424 3981 602 4045 tinem,
635 3994 788 4033 amor
814 3979 936 4032 vitze
961 3985 1191 4031 aeterna.
1224 3977 1519 4031 Praestante
1556 3975 1802 4030 Domino.

818 4103 1016 4143 ORATIO
1038 4102 1220 4142 SANCTI
1254 4101 1558 4142 BE‘XEDICTI.

438 4236 439 4239 η
498 4181 737 4251 Digneris
757 4180 887 4233 mihi
915 4180 1133 4243 donare,
1158 4179 1316 4234 Pater
1333 4180 1419 4249 pie
1451 4188 1506 4234 et
1529 4189 1731 4245 sancte,
1776 4181 1985 4237 intelle-

426 4281 591 4336 ctum,
622 4271 712 4340 qui
740 4278 789 4325 te
819 4270 1098 4341 intelligat,
1140 4284 1355 4324 sensum
1400 4270 1489 4339 qui
1522 4278 1576 4323 te
1615 4270 1832 4333 sentiat,
1874 4269 1990 4323 ani-

429 4376 575 4443 mum
619 4362 710 4430 qui
736 4370 789 4415 te
815 4361 1004 4429 sapiat,
1037 4361 1365 4429 diligentiam
1398 4373 1515 4445 qua:
1547 4366 1599 4413 te
1625 4368 1847 4428 quaerat,
1898 4372 1986 4414 sa-
2016 4385 2069 4444 ι)

429 4435 684 4518 pientiam
711 4464 829 4516 qua:
857 4458 910 4503 te
930 4450 1185 4513 inveniat,
1213 4435 1450 4503 animum
1470 4449 1562 4519 qui
1593 4458 1645 4504 te
1675 4456 1981 4518 ceguoscat,
2013 4496 2017 4501 .

430 4538 636 4595 viscera
667 4552 786 4606 quas
805 4545 859 4590 te
877 4546 1218 4600 amentycor
1263 4540 1405 4607 quod
1451 4548 1504 4592 te
1548 4541 1763 4608 cogitet,
1810 4547 1986 4595 actum

432 4630 602 4702 quite
627 4637 840 4699 augeat,
872 4629 1109 4683 auditum
1136 4629 1226 4697 qui
1268 4637 1319 4682 te
1342 4629 1544 4693 audiat,
1572 4631 1757 4685 oculos
1805 4631 1893 4700 qui
1939 4640 1991 4684 te
2026 4640 2036 4652 ‘

433 4720 667 4787 videant,
710 4719 943 4793 linguam
986 4733 1105 4787 qua:
1133 4727 1184 4771 te
1211 4717 1480 4787 pradicet,
1530 4720 1991 4774 conversationem

435 4824 556 4880 qua
580 4810 676 4865 tibi
697 4809 924 4880 placeat,
947 4808 1254 4878 patientiam
1278 4821 1396 4879 quae
1418 4815 1469 4862 te
1500 4808 1781 4873 sustineat,
1812 4824 1994 4879 perse-

439 4899 878 4967 verantiamqua:
905 4906 959 4954 te
984 4905 1278 4968 exspectet,
1306 4896 1466 4953 tinem
1514 4895 1829 4967 perfectum.
1860 4912 1998 4967 prae-

443 4988 667 5043 sentiam
697 4993 844 5040 tuam
880 4996 1143 5053 sanctam,
1199 4988 1641 5044 resurrectionem
1666 4987 1883 5050 bonam,
1916 5002 1999 5040 re-

445 5077 804 5140 tributionem,
834 5077 999 5130 vitam
1021 5085 1295 5133 aeternam.
1323 5079 1512 5134 Amen.

1050 5168 1386 5247 manus.

522 5301 698 5373 (Fsss.
724 5299 944 5372 xum.)
976 5297 1294 5359 Benedtcam
1318 5284 1599 5359 Dominum
1622 5300 1675 5356 in
1706 5297 1851 5377 omni
1876 5307 2006 5356 tem-

456 5405 602 5462 pore,
663 5405 876 5463 semper
924 5391 1041 5445 laus
1096 5388 1211 5457 eius
1265 5388 1318 5446 in
1377 5389 1471 5445 ore
1522 5394 1661 5446 meo.
1692 5386 1749 5444 In
1780 5388 2008 5444 Demino

460 5480 754 5537 laudabitur
796 5481 974 5537 anima
1009 5493 1129 5535 mea
1156 5497 1170 5531 :
1201 5479 1418 5536 audiant
1454 5478 1717 5536 mansueti
1746 5486 1803 5534 et
1825 5477 2011 5533 laeten-

2056 1832 2290 1894 quantur
2311 1825 2511 1879 dolum.
2538 1823 2755 1878 Diverte
2781 1839 2813 1878 a
2836 1824 2978 1878 malo
2994 1832 3049 1879 et
3076 1822 3395 1887 fac-bonum,
3424 1826 3633 1893 inquire.

2058 1931 2269 1987 pacem,
2318 1924 2373 1970 et
2420 1931 2749 1985 persequere
2774 1931 2913 1971 eam.
2943 1916 3095 1972 Oculi
3122 1916 3330 1972 Domini
3364 1918 3631 1988 superiu-

2057 2017 2203 2065 stos:
2237 2016 2292 2063 et
2320 2022 2479 2062 aures
2522 2004 2638 2074 ejus
2676 2007 2732 2061 in
2755 1998 2943 2077 preces
2986 2020 3193 2062 eorum.
3239 2007 3427 2062 Vultus
3456 2017 3635 2063 autem

2058 2098 2269 2153 Domini
2321 2111 2483 2166 super
2518 2095 2777 2153 facientes
2808 2092 2968 2150 mala
3007 2114 3020 2149 :
3054 2105 3112 2150 ut
3165 2097 3356 2166 perdat
3382 2099 3447 2151 de
3492 2108 3634 2151 terra

2059 2188 2376 2243 memoriam
2428 2202 2637 2242 eorum.
2667 2186 3226 2257 Clamaveruntjusti,
3281 2196 3337 2241 et
3382 2187 3637 2243 Dominus

2061 2278 2334 2332 exaudivit
2354 2292 2485 2333 eos:
2521 2286 2576 2333 et
2612 2293 2679 2333 ex
2715 2278 2965 2333 omnibus
2992 2278 3427 2333 tribulationibus
3448 2294 3634 2334 eorum

2062 2365 2311 2422 liberavit
2338 2382 2451 2422 eos.
2502 2366 2662 2422 Juxta
2690 2374 2772 2421 est
2802 2364 3064 2422 Dominus
3099 2368 3206 2431 his,
3248 2368 3340 2436 qui
3387 2366 3639 2423 tribulato

2066 2464 2193 2525 sunt
2220 2456 2381 2512 corde
2411 2475 2422 2508 :
2457 2464 2513 2511 et
2539 2456 2767 2510 humiles
2801 2457 2992 2525 spiritu
3038 2456 3288 2511 salvabit.
3330 2457 3505 2513 Multae
3546 2458 3643 2511 tri—

2066 2543 2367 2599 bulationes
2386 2544 2653 2612 iustorum
2682 2562 2695 2597 ε
2725 2555 2780 2598 et
2799 2545 2865 2599 de
2884 2546 3133 2600 omnibus
3159 2545 3244 2599 his
3270 2546 3515 2600 liberavit
3550 2560 3646 2599 eos

2066 2635 2346 2689 Dominus.
2402 2633 2648 2689 Custodit
2702 2633 2959 2687 Dominus
3009 2634 3185 2686 omnia
3234 2648 3354 2688 ossa
3402 2649 3636 2703 eorum:

2069 2741 2235 2797 unum
2266 2740 2333 2780 ex
2367 2724 2452 2779 his
2478 2739 2586 2777 non
2623 2731 2950 2777 conteretur.
2991 2722 3131 2776 Mors
3158 2732 3499 2793 peccatorum
3517 2740 3641 2793 pes-
3698 2750 3699 2761 ι

2070 2816 2204 2870 sima
2233 2832 2245 2867 :
2286 2821 2342 2868 et
2370 2814 2463 2884 qui
2530 2813 2762 2869 oderunt
2779 2811 3006 2879 justum,
3038 2811 3365 2881 delinquent.
3400 2812 3647 2867 Redimet

2072 2900 2328 2957 Dominus
2378 2901 2586 2956 animas
2641 2916 2920 2955 servorum
2956 2917 3172 2957 suorum
3208 2920 3219 2953 :
3252 2910 3307 2955 et
3334 2918 3439 2957 non
3476 2902 3646 2957 delin-

2074 3004 2238 3064 quent
2258 3009 2461 3057 omnes,
2490 2994 2581 3063 qui
2604 3003 2819 3063 sperant
2844 2994 2896 3047 in
2930 3009 3014 3047 eo.
3592 3039 3597 3043 .
3656 3046 3659 3053 λ

2149 3082 2214 3137 Ut
2267 3099 2445 3152 supra.
2496 3082 2782 3136 Protexisti
2828 3097 2911 3135 me
2963 3097 2991 3133 a
3042 3091 3302 3136 conventu
3344 3081 3640 3150 malignan—

2082 3174 2235 3228 lium.
2971 3162 2975 3167 ’
3385 3236 3389 3241 .

2146 3260 2349 3313 Oratio.
2388 3258 2712 3331 Angelorum
2740 3268 2794 3311 et
2819 3259 2983 3311 totius
3018 3267 3281 3313 creatura:
3315 3260 3652 3327 dispensator

2078 3350 2249 3412 Deus,
2283 3348 2470 3401 emitte
2512 3346 2759 3417 angelum
2791 3356 2936 3399 tuum
2970 3348 3023 3423 in
3052 3347 3282 3402 circuitu
3313 3358 3519 3413 nostro,
3561 3365 3655 3407 cu-

2072 3439 2160 3507 jus
2187 3440 2475 3495 ambitione
2503 3440 2714 3502 muniti,
2741 3453 3043 3493 mereamur
3063 3456 3093 3493 a
3112 3449 3454 3510 peccatorum
3481 3452 3654 3496 morte

2080 3529 2309 3597 pessima
2342 3528 2577 3582 liberari.
2606 3526 2707 3581 Per
2730 3528 3033 3581 Dominum.

2153 3618 2271 3671 Alia
2316 3615 2520 3672 Oratio.
2571 3617 2905 3684 lnquireutes
2957 3628 3029 3679 te,
3081 3616 3326 3679 Domine,
3374 3618 3658 3686 dignanter

2082 3705 2297 3767 exaudi,
2331 3711 2385 3757 et
2413 3713 2473 3756 ut
2517 3703 2898 3756 bencdicamur
2925 3709 3037 3755 tam
3082 3702 3135 3755 in
3188 3703 3447 3769 adversis,
3492 3719 3651 3773 quam

2084 3801 2137 3846 et
2176 3794 2228 3845 in
2259 3791 2549 3859 prosperis,
2577 3791 2838 3860 benignus
2880 3790 3093 3859 indulge
3130 3808 3142 3843 :
3187 3800 3348 3862 atque
3393 3800 3453 3846 ut
3508 3792 3561 3847 in
3605 3802 3660 3848 te

2086 3880 2333 3934 laudetur
2371 3881 2544 3933 anima
2590 3888 2788 3941 nostra,
2829 3880 3093 3948 propitius
3137 3881 3371 3935 indultor
3422 3881 3654 3950 imperti.

2086 3970 2151 4023 Et
2180 3970 2303 4040 quia
2346 3968 2500 4038 juxta
2534 3984 2593 4023 es
2625 3969 2726 4033 his,
2754 3970 2844 4037 qui
2878 3970 3132 4025 tribulato
3178 3971 3513 4035 sunt'cortle,
3564 3986 3657 4025 an-

2090 4074 2202 4113 rem
2240 4069 2383 4113 tuam
2422 4057 2488 4112 ad
2516 4060 2858 4115 contritionis
2909 4070 3107 4119 nostrae
3143 4060 3367 4127 spiritus
3393 4061 3569 4129 aperi;
3609 4072 3664 4114 et

2090 4164 2273 4219 pacem
2294 4156 2462 4211 tuam,
2494 4163 2614 4216 quae
2651 4152 2939 4216 exsuperat
2978 4162 3191 4202 omnem
3237 4162 3453 4201 sensum
3498 4148 3659 4218 [Add.

2092 4236 2343 4301 concede,
2371 4239 2446 4293 eet
2482 4237 2695 4308 simile],
2735 4246 2788 4292 et
2822 4254 3048 4307 corpora
3080 4248 3259 4294 nostra
3289 4249 3341 4292 et
3372 4242 3531 4293 corda
3567 4258 3667 4309 pu-

2096 4329 2283 4384 rii‘tcet.
2319 4328 2440 4383 Per.

2712 4458 3047 4515 PSALMUS.

2167 4578 2343 4648 (PSAL.
2392 4576 2595 4645 cxtlv.)
2632 4573 2894 4629 Exaltabo
2927 4582 3000 4638 te,
3052 4574 3193 4629 Deus
3248 4590 3399 4629 meus
3434 4588 3522 4627 rex
3566 4590 3579 4625 :
3613 4581 3669 4628 et

2097 4668 2410 4725 benedicam
2453 4665 2656 4722 nomini
2708 4670 2800 4720 tuo
2846 4664 2899 4720 in
2939 4664 3215 4729 eteculum,
3243 4674 3297 4720 et
3334 4665 3389 4719 in
3415 4664 3669 4720 secutum
3712 4699 3720 4706 -

2101 4760 2300 4815 saeculi.
2331 4754 2433 4812 Per
2459 4752 2697 4826 singulos
2722 4752 2836 4810 dies
2865 4754 3177 4810 benedicam
3204 4753 3298 4819 tibi
3322 4736 3339 4805 Ξ
3359 4759 3413 4808 et
3435 4750 3671 4810 laudabo

2101 4866 2295 4910 nomen
2320 4858 2469 4907 tuum
2489 4850 2549 4910 in
2578 4850 2851 4915 saculum,
2882 4859 2936 4905 et
2975 4849 3029 4905 in
3051 4844 3299 4904 saeculum
3324 4847 3522 4904 saeculi.
3557 4847 3672 4904 Ma—

2100 4958 2235 5021 gnus
2260 4937 2521 4995 Dominus
2546 4946 2601 4994 et
2628 4935 2911 4996 laudabilis
2951 4937 3135 5000 nimis,
3187 4938 3243 4991 et
3289 4932 3676 5021 magnitudinis

2102 5020 2218 5099 eius
2256 5044 2364 5085 non
2404 5035 2488 5084 est
2534 5022 2678 5085 ﬁnis.
2717 5026 3007 5086 Generatlo
3033 5036 3090 5082 et
3131 5025 3406 5098 generatio
3434 5020 3675 5083 laudabit

2103 5141 2268 5200 opera
2317 5134 2406 5181 tua
2442 5144 2454 5178 :
2494 5133 2547 5180 et
2572 5123 2865 5196 potentiam
2898 5130 3045 5178 tuam
3074 5118 3512 5199 pronuntiabunt.
3561 5116 3673 5175 Ma—

2108 5212 2469 5285 gniﬁcentiam
2518 5213 2700 5283 gloriae
2759 5211 3065 5269 sanctitatis
3110 5219 3214 5267 tua:
3260 5211 3543 5280 loquentur
3580 5222 3678 5265 :et

2113 5294 2376 5360 mirabilia
2421 5310 2510 5356 tua
2568 5303 2883 5357 narrabant.
2942 5299 3011 5359 Et
3059 5299 3311 5357 virtutem
3360 5296 3679 5355 terribilium

2112 5400 2325 5446 tuorum
2367 5392 2543 5445 dicent
2577 5408 2589 5442 :
2618 5396 2673 5443 et
2714 5380 3137 5459 magnitudinem
3176 5396 3321 5443 tuam
3360 5386 3676 5442 narrabunt.

2115 5475 2427 5534 Memoriam
2467 5475 2806 5538 abundantiae
2854 5475 3132 5531 suavitatis
3163 5483 3267 5529 tum
3316 5473 3676 5529 eructabunt:

530 5603 553 5634 δ
579 5589 791 5647 Initium
819 5590 875 5645 in
899 5584 1080 5647 libello
1104 5588 1283 5647 Caroli
1329 5590 1497 5657 calvi,
1545 5607 1665 5664 pag.
1697 5591 1814 5645 H3.
1841 5618 1911 5632 --
1936 5588 2042 5643 Pro
2079 5604 2179 5643 usu
2204 5589 2467 5657 septimo,
2484 5601 2663 5655 supra,
2690 5586 2792 5640 col.
2822 5583 2942 5637 467.

770 5685 1038 5767 Panos.
1083 5684 1182 5747 Cl.

3180 5681 3253 5738 18
