4248 6224
528 212 633 267 εδδ

1390 202 1448 255 Β.
1490 202 1546 253 1³.
1586 195 1809 252 ΑιΒιΝι
1848 193 1977 249 SEU
2020 190 2294 245 ALCUNI
2331 186 2612 243 υῐιιςιιωι
2650 185 2827 238 PARS
2868 182 2955 236 ιγ.

3659 172 3763 229 556

523 338 578 385 et
602 322 880 393 iniustitia
909 327 996 369 tua
1022 315 1379 393 exsultabant.
1412 313 1690 367 Miserator
1710 316 1763 363 et
1785 302 2094 362 misericors
2124 307 2170 364 Α
2198 301 2450 371 repellas;
2490 316 2520 356 a
2572 299 2781 353 cunctis
2807 291 2928 358 'me,
2961 308 3080 363 quae
3108 300 3411 362 supersunt,
3468 288 3767 391 tribulatio-

528 390 800 475 Dominus,
829 407 1035 477 patiens
1061 413 1115 459 et
1138 390 1364 457 multum
1405 400 1734 455 misericors.
1762 396 1954 451 Suavis
1983 394 2093 448 Do-

524 507 701 563 minus
723 498 1023 563 universis:
1055 503 1108 550 et
1147 492 1521 549 miserationes
1565 488 1681 556 ejus
1706 502 1869 556 super
1914 483 2097 539 omnia

526 610 688 667 opera
730 593 863 662 ejus.
894 586 1264 642 Confiteantur
1306 579 1693 646 tibi,Domine,
1716 576 1894 632 omnia
1934 588 2097 643 opera

526 665 618 742 tua
648 704 662 741 ε
688 693 741 740 et
760 681 930 739 sancti
966 679 1040 732 tui
1084 672 1407 731 benedicant
1435 671 1550 725 tibi.
1578 669 1817 725 Gloriam
1849 665 1998 735 regni
2023 665 2098 717 tui

528 776 706 831 dicent
734 792 745 824 :
789 779 841 825 et
862 768 1154 840 potentiam
1180 772 1325 817 tuam
1356 762 1665 830 loquentur.
1698 757 1771 812 Ut
1797 748 1977 809 notam
2023 752 2101 805 fa-

529 866 673 921 ciant
693 861 816 916 tiliis
838 857 1115 913 hominum
1141 852 1437 924 potentiam
1471 856 1619 904 tuam
1639 856 1695 902 et
1721 845 1945 918 gloriam
1990 858 2104 897 ma-

530 952 849 1026 gniﬁcentia:
874 948 1021 1017 regni
1054 946 1149 999 tui.
1174 945 1423 1014 Regnum’
1438 951 1589 995 tuum
1618 952 1837 1007 regnum
1863 936 2102 990 omnium

530 1025 845 1099 saeculorum
875 1056 887 1090 :
918 1046 972 1092 et
994 1033 1287 1090 dominatio
1314 1040 1403 1084 tua
1428 1031 1480 1083 in
1505 1028 1650 1083 omni
1674 1025 2023 1097 generatione
2052 1030 2107 1076 et

533 1131 951 1204 generationem.
1005 1123 1205 1179 Fidelis
1246 1120 1504 1175 Dominus
1537 1119 1591 1191 in
1642 1116 1894 1170 omnibus
1928 1112 2107 1165 verbis

536 1201 682 1277 suis:
718 1228 773 1275 et
804 1224 1021 1272 sanctus
1062 1214 1114 1267 in
1142 1210 1390 1267 omnibus
1439 1206 1693 1277 operibus
1722 1205 1852 1258 suis.
1903 1201 2109 1255 Allevat

534 1310 791 1365 Dominus
817 1318 1023 1366 omnes,
1047 1302 1137 1372 qui
1160 1305 1437 1359 corruunt,
1464 1304 1519 1350 et
1537 1294 1699 1364 erigit
1718 1308 1905 1347 omnes
1925 1291 2105 1345 elisos.

534 1398 687 1459 Oculi
702 1397 939 1454 omnium
957 1395 1010 1448 in
1031 1403 1084 1447 te
1103 1396 1340 1460 sperant,
1362 1386 1585 1440 Domine
1612 1398 1626 1436 :
1651 1392 1706 1438 et
1734 1392 1787 1436 tu
1813 1382 1908 1435 das
1930 1395 2110 1435 escam

539 1492 749 1546 illorum
799 1488 853 1543 in
910 1496 1146 1553 tempore
1192 1486 1511 1550 opportuno.
1554 1474 1746 1544 Aperis
1786 1482 1842 1527 tu
1894 1486 2112 1525 manum

546 1594 690 1637 tuam
722 1598 733 1633 ε
774 1586 829 1632 et
861 1575 1049 1645 imples
1071 1586 1230 1629 omne
1268 1567 1463 1623 animal
1507 1564 1900 1620 benedictione.
1926 1561 2113 1615 Justus

2198 391 2375 455 nibus,
2422 388 2791 458 iniquitatibus
2819 400 2883 440 ac
2911 384 3135 438 diversis
3174 381 3329 443 malis
3350 381 3570 450 eripias.
3609 378 3770 450 Cogio

2201 481 2427 535 lationes
2473 492 2644 542 meas,
2693 475 2992 531 locutiones
3038 472 3243 541 pariter
3294 480 3350 526 et
3388 479 3541 525 actus
3587 468 3642 524 in
3672 479 3766 525 tua

2201 570 2473 625 voluntate
2502 568 2740 637 dirigas;
2773 574 2827 621 et
2850 581 2916 619 ne
2946 558 3163 621 auferas
3196 563 3429 617 animam
3478 574 3656 615 meam
3700 557 3772 615 de

2202 663 2304 717 hoc
2355 662 2573 723 mundo,
2624 645 2937 727 priusquam
2983 654 3258 711 emendari
3310 654 3523 709 studeat
3576 652 3630 707 in
3677 658 3772 706 tua

2204 752 2495 806 voluntate.
2528 748 2674 803 Inter
2700 748 2925 802 adversa
2954 760 3041 806 me
3065 753 3119 799 et
3142 758 3402 816 pr05pera
3430 744 3769 814 gradientem

2204 856 2418 910 semper
2444 846 2499 894 et
2521 838 2720 908 ubique
2739 837 3013 891 custodias
3040 849 3054 887 :
3085 843 3142 889 et
3166 834 3235 901 ad
3284 845 3386 888 tum
3425 848 3513 887 me
3550 832 3774 889 visionis

2206 932 2398 985 iterata
2428 929 2620 998 gaudia
2643 928 2965 997 quandoque
2991 925 3277 995 perducas.
3301 923 3492 978 Amen.

2207 1059 2461 1117 ORATIO
2513 1058 2761 1115 ISIDORI
2812 1056 2949 1113 PRO
2994 1053 3295 1113 OMNIBUS
3323 1052 3770 1110 CHRISTIANIS.
3840 1126 3843 1129 ἱ

2275 1174 2370 1229 Pie
2397 1172 2717 1229 exaudibilis
2739 1170 2984 1236 Domine,
3008 1160 3150 1224 Deus
3174 1177 3359 1223 noster
3381 1167 3510 1223 Jesu
3539 1166 3778 1231 Christe,
3836 1245 3853 1255 ς

2209 1266 2551 1321 clementiam
2592 1272 2738 1321 tuam
2766 1276 2889 1316 cum
2936 1261 3082 1314 omni
3118 1260 3509 1331 supplicatione
3537 1257 3782 1328 deposci-

2212 1371 2353 1419 mus,
2394 1364 2452 1408 ut
2476 1369 2571 1423 per
2610 1353 2970 1407 interventum
3002 1360 3059 1404 et
3090 1353 3343 1406 meritum
3369 1352 3540 1405 beatae
3568 1358 3623 1403 et
3663 1349 3780 1417 glo-

2188 1447 2368 1501 oriosa:
2390 1460 2604 1513 semper
2629 1444 2852 1513 virginis
2876 1442 3079 1507 Mariae,
3103 1443 3451 1511 omniumque
3471 1449 3782 1496 sanctorum

2215 1536 2561 1608 angelorum,
2610 1534 3081 1604 archangelorum,
3138 1534 3601 1602 patriarcharum,
3655 1545 3783 1607 pro-

548 1622 690 1637 ...u...
722 1622 732 1633 .
777 1622 828 1632 ν-
862 1622 1047 1645 .-.τω
1078 1622 1224 1629 --ηη
1304 1622 1313 1623 ,

542 1669 795 1723 Dominus
840 1666 891 1719 in
923 1662 1171 1717 omnibus
1206 1659 1310 1713 viis
1339 1656 1452 1711 suis
1478 1673 1490 1707 :
1525 1662 1580 1709 et
1605 1661 1823 1707 sanctus
1852 1651 1905 1705 in
1934 1650 2106 1703 omni-
2137 1648 2183 1705 B
2212 1644 2216 1661 ‘

2212 1628 2514 1697 phetarum,
2552 1622 2938 1691 apostolorum,
2971 1631 3294 1690 martyrum,
3328 1622 3625 1690 virginum,
3661 1635 3787 1675 cono

540 1759 640 1813 bus
661 1758 912 1827 operibus
940 1754 1068 1807 suis.
1102 1751 1271 1818 Prope
1294 1757 1379 1802 est
1408 1745 1663 1800 Dominus
1687 1743 1936 1798 omnibus
1972 1742 2114 1795 invo-

546 1848 793 1901 cantibus
812 1859 933 1900 eum
955 1862 966 1895 :
988 1841 1235 1897 omnibus
1259 1836 1629 1893 invocantibus
1651 1851 1771 1889 eum
1790 1836 1842 1888 in
1866 1835 2109 1887 veritate.

550 1938 891 1993 Voluntatem
947 1932 1246 1988 timentium
1293 1944 1361 2001 se.
1381 1928 1557 1993 faciet,
1586 1935 1639 1982 et
1686 1914 2113 1994 deprecationem

542 2042 729 2085 eorum
759 2024 1007 2081 exaudiet
1030 2040 1043 2077 :
1068 2030 1123 2077 et
1151 2021 1325 2075 salvos
1354 2017 1517 2073 faciet
1535 2032 1647 2071 eos.
1678 2015 1924 2069 Custodit
1942 2014 2117 2067 Domi-

542 2133 646 2173 nus
674 2131 860 2171 omnes
909 2113 1187 2182 diligentes
1206 2124 1264 2163 se
1289 2127 1317 2160 :~
1341 2117 1397 2162 et
1432 2120 1619 2161 omnes
1648 2114 1962 2173 peccatores
2007 2102 2116 2156 dis-

544 2209 750 2277 perdet.
776 2204 1159 2275 Laudationem
1190 2197 1400 2253 Domini
1440 2197 1688 2265 loquetur
1735 2209 1797 2247 os
1824 2208 2028 2247 meum:
2062 2201 2117 2246 et

549 2295 827 2351 benedicat
846 2293 1021 2348 omnis
1043 2306 1169 2344 caro
1190 2288 1391 2344 nomini
1418 2295 1604 2342 sancto
1621 2286 1735 2353 ejus
1765 2286 1817 2339 in
1840 2284 2113 2348 saeculum,

555 2399 606 2440 rt
632 2389 684 2442 in
714 2386 965 2442 saeculum
998 2382 1196 2437 saeculi.

624 2475 689 2530 Ut
718 2492 895 2543 supra.
924 2474 1067 2527 Misit
1092 2473 1159 2527 de
1181 2486 1412 2535 summo,
1441 2478 1496 2523 et
1518 2468 1725 2536 accepit
1747 2483 1831 2521 me
1862 2484 1875 2519 :
1918 2480 2123 2519 assum-

549 2569 657 2636 psit
686 2582 769 2620 me
794 2566 858 2619 de
882 2565 1035 2634 aquis
1060 2563 1261 2640 multis.
1287 2561 1498 2629 Eripuit
1521 2574 1605 2613 me
1632 2558 1699 2613 dc
1731 2557 1965 2612 inimicis
1986 2555 2123 2612 meis

549 2656 877 2719 fortissimis,
937 2662 992 2707 et
1047 2654 1113 2707 ab
1169 2653 1252 2705 his
1307 2652 1397 2719 qui
1442 2650 1667 2705 oderunt
1719 2663 1822 2709 me,
1867 2646 2120 2717 quoniam

552 2742 973 2816 “confortati
1012 2748 1139 2794 sunt
1184 2754 1345 2807 super
1383 2750 1488 2791 me.
1528 2736 1907 2790 Praevenerunt
1934 2749 2021 2789 me
2064 2732 2121 2786 in

554 2836 641 2890 die
663 2831 961 2886 aﬂlictionis
990 2843 1141 2893 meae,
1174 2836 1228 2882 et
1264 2824 1435 2880 factus
1459 2834 1541 2880 est
1566 2824 1823 2879 Dominus
1853 2830 2126 2892 protector

556 2938 739 2977 1118118..

628 3010 827 3065 Oratio.
892 3009 1159 3079 Regnator
1214 3006 1453 3060 omnium
1511 3003 1849 3066 saeculorum,
1879 3000 2121 3065 Domine,
2154 3015 2199 3077 ρ

556 3103 647 3170 qui
669 3099 999 3168 spiritualem
1037 3097 1212 3150 cibum
1239 3095 1383 3149 omni
1411 3093 1601 3147 animae
1625 3100 1924 3160 opportuno
1970 3092 2128 3145 mini-

558 3199 700 3242 stras
728 3189 779 3241 in
805 3196 1038 3256 tempore
1063 3202 1076 3237 :
1106 3182 1339 3239 concede
1365 3182 1518 3236 nobis
1560 3190 1613 3235 te
1638 3181 2017 3251 perpetualiter
2040 3183 2128 3237 be—

561 3282 824 3343 nedicere,
884 3275 1132 3346 tuamque
1182 3274 1476 3347 potentiam
1528 3289 1651 3328 cum
1700 3273 1887 3328 electis
1929 3272 2036 3326 tuis
2065 3272 2128 3326 (i-

562 3355 842 3426 ducialitcr
881 3371 1137 3426 exaltare.
1182 3368 1281 3421 Per
1327 3367 1611 3421 Dominum
1662 3374 1904 3419 nostrum
1948 3363 2129 3418 Iesum

566 3466 861 3520 Christum.

633 3557 949 3629 Capitulum.
976 3556 1236 3612 Liberasti
1272 3571 1385 3619 nos,
1414 3553 1656 3617 Domine,
1687 3566 1753 3605 ex
1775 3550 2130 3622 aﬂligentihus

565 3665 681 3714 nos,
710 3656 766 3703 et
800 3663 910 3709 eos,
944 3646 1035 3715 qui
1072 3661 1169 3700 nos
1201 3645 1445 3708 oderunt,
1495 3642 1802 3711 confudisti.
1831 3640 1971 3695 Laus
2013 3640 2125 3699 tit-i,

562 3737 787 3794 Domine
816 3736 928 3791 Rex
952 3746 1165 3790 acterna:
1189 3734 1391 3804 gloriae.

1090 3858 1396 3900 ῦιιλτιηωι
1432 3855 1607 3895 Λετιο.

636 3959 753 4015 Tibi
782 3972 881 4029 ago
897 3956 1081 4010 laudes
1099 3963 1152 4009 et
1172 3954 1391 4023 gratias,
1415 3950 1557 4006 Deus
1572 3964 1740 4013 meus,
1765 3948 2133 4003 misericordia

570 4066 705 4113 mea,
733 4050 820 4119 qui
850 4063 934 4102 me
963 4048 1030 4101 ad
1056 4053 1202 4099 tuam
1229 4038 1597 4112 cognitionem
1609 4038 1921 4108 perducere,
1950 4045 2006 4091 et
2040 4052 2136 4106 per

570 4140 709 4193 sacri
760 4152 843 4193 me
882 4132 1218 4205 baptismatis
1255 4129 1579 4185 ablutionem
1634 4128 1773 4182 inter
1828 4126 2135 4197 adoptionis

572 4243 675 4284 tuae
700 4229 834 4283 filios
870 4239 1158 4296 aggregare
1185 4224 1433 4292 dignatus
1460 4236 1537 4275 es.
1581 4219 1702 4274 Tibi
1728 4235 1827 4291 ago
1874 4219 2059 4274 laudes
2084 4226 2139 4273 et

572 4320 789 4387 gratias,
818 4317 909 4386 qui
935 4330 1021 4369 me
1047 4316 1113 4368 ab
1144 4314 1272 4382 ipsis
1317 4312 1637 4366 rudimentis
1679 4308 1919 4364 infantia:
1965 4325 2136 4379 usque
2172 4349 2216 4407 υ

574 4410 640 4461 ad
668 4408 807 4460 hanc
834 4405 1020 4458 horam
1040 4416 1137 4472 per
1157 4399 1323 4454 multa
1349 4398 1667 4453 defluentem
1691 4397 1841 4462 vitia,
1864 4410 2136 4451 immensa:

574 4496 827 4552 bonitatis
866 4503 970 4549 ture
994 4491 1251 4562 patientia
1280 4489 1344 4543 ad
1382 4488 1810 4543 emendationem
1838 4496 2138 4557 exspectas.

574 4586 650 4640 Te
678 4585 834 4640 laudo
880 4592 933 4637 et
952 4581 1214 4652 glorifico,
1240 4580 1332 4649 qui
1382 4593 1468 4633 me
1512 4576 1807 4645 saepissime
1852 4576 1918 4629 de
1962 4575 2148 4629 multis

575 4671 1010 4727 tribulationibus
1033 4678 1089 4722 et
1122 4667 1403 4738 angustiis,
1433 4663 1835 4721 calamitatibus
1885 4673 1940 4717 et
1985 4663 2142 4717 mise-

578 4766 674 4817 riis
698 4761 957 4827 liberasti,
987 4760 1079 4829 qui
1106 4772 1188 4811 me
1217 4758 1472 4811 hactenus
1509 4757 1574 4810 de
1612 4755 1827 4809 aeternis
1850 4752 2141 4823 suppliciis,

584 4855 648 4907 de
680 4851 917 4921 corporis
938 4849 1095 4919 hujus
1117 4844 1444 4921 cruciatibus
1478 4844 1744 4897 exemisti.
1774 4842 1849 4896 Te
1898 4840 2058 4895 laudo
2093 4849 2147 4895 et

580 4916 840 5012 gloriﬂeo,
870 4938 961 5007 qui
983 4916 1116 4991 mihi
1138 4916 1453 5003 sospitatem
1473 4931 1860 5005 membrorum,
1893 4931 2147 5001 tranquil-

580 5037 784 5089 litatem
816 5039 1135 5097 temporum,
1158 5034 1211 5081 et
1252 5026 1533 5085 honorem,
1562 5019 1808 5077 affectum
1833 5031 1887 5075 et
1913 5012 2148 5076 charita-

585 5133 729 5178 tem:
769 5122 814 5176 si
842 5133 948 5188 qua
994 5115 1157 5168 etiam
1198 5115 1333 5167 dona
1364 5119 1489 5167 sunt
1533 5110 1587 5162 in
1626 5124 1712 5162 me
1762 5116 1862 5162 tute
1904 5110 2138 5178 pietatis,

586 5210 825 5265 conferre
847 5208 1096 5276 dignatus
1116 5216 1193 5254 es.
1219 5200 1427 5265 Qumso,
1472 5198 1696 5276 Domine
1742 5193 1903 5262 Deus,
1952 5198 2122 5251 inaesti

586 5298 834 5351 mabilem
884 5273 1165 5366 suavitatis
1226 5296 1329 5341 tua:
1384 5273 1751 5349 clementiam;
1808 5294 1865 5339 ut
1900 5286 2147 5341 inchoata

588 5385 644 5438 in
669 5400 751 5440 me
779 5387 916 5440 bona
943 5381 1210 5452 perficias.
1241 5377 1509 5445 Quidquid
1539 5378 1590 5428 in
1632 5392 1715 5431 me
1742 5377 1832 5429 tibi
1887 5376 2146 5444 displicet,

658 5527 688 5556 ι
716 5514 964 5585 Martem,
990 5515 1091 5567 loc.
1119 5515 1235 5575 cit.,
1266 5525 1387 5579 pag.
1413 5508 1538 5561 6'24.

2214 1716 2500 1777 fessorum,
2546 1713 2965 1773 monachorum,
3002 1719 3057 1763 et
3084 1711 3325 1764 omnium
3353 1710 3549 1763 civium
3594 1722 3784 1779 super-

2213 1820 2424 1869 norum,
2455 1803 2708 1859 Ecclesize
2724 1811 2829 1855 tum
2857 1808 3059 1854 sanctae
3080 1800 3362 1854 catholica:
3384 1801 3542 1854 (idem
3566 1814 3785 1868 augeas,

2213 1910 2399 1965 pacem
2428 1894 2632 1947 tribuas
2667 1891 2969 1946 rectoribus
2990 1890 3212 1955 nostris,
3238 1898 3290 1944 et
3323 1890 3480 1945 nobis
3508 1888 3787 1959 indulgen-

2214 1986 2345 2038 tiam
2372 1992 2429 2041 et
2457 1983 2825 2037 remissionem
2854 1989 3203 2050 peccatorum
3232 1980 3495 2036 concedas
3520 1998 3531 2031 :
3560 1979 3790 2034 infirmis

2216 2073 2462 2133 salutem,
2496 2071 2660 2139 lapsis
2682 2070 3095 2139 reparationem,
3126 2086 3311 2124 aerum
3329 2070 3786 2131 commoditatem,

2218 2166 2593 2235 navigantibus
2614 2172 2776 2233 atque
2798 2162 3174 2217 itinerantibus
3197 2161 3443 2215 fidelibus
3472 2168 3789 2230 pro‘sperum

2219 2257 2321 2310 iter
2350 2270 2413 2309 ac
2449 2254 2636 2310 salutis
2673 2262 2908 2322 portum,
2942 2252 3323 2308 tribulantibus
3354 2250 3462 2322 [L.,
3495 2248 3790 2321 tribulatis]

2219 2347 2487 2419 gaudium,
2516 2346 2787 2415 oppressis
2834 2343 3235 2406 relevationem,
3283 2341 3527 2411 captivis,
3575 2339 3790 2402 vinctis,

2220 2446 2275 2491 et
2298 2436 2593 2507 peregrinis
2616 2436 3006 2498 remissionem,
3032 2434 3447 2498 absolutionem,
3474 2433 3539 2487 ad
3563 2432 3792 2503 patriam

2222 2529 2603 2589 reversionem,
2625 2534 2866 2579 mutuam
2892 2524 3323 2579 discordantibus
3352 2524 3694 2587 charitatem,
3716 2508 3794 2576 in-

2224 2616 2467 2671 fidelibus
2488 2631 2673 2670 veram
2695 2616 2871 2677 tidem,
2900 2622 2956 2670 et
2971 2613 3239 2668 defunctis
3266 2612 3510 2669 fidelibus
3528 2612 3790 2682 requiem.

2221 2705 2481 2777 Angelum
2513 2716 2662 2760 tuum
2701 2712 2952 2761 sanctum
2985 2706 3141 2760 nobis
3170 2706 3257 2759 hic
3281 2714 3336 2759 et
3381 2704 3581 2775 ubique
3614 2710 3795 2758 custo-

2223 2798 2427 2855 demet
2474 2798 2813 2854 defensorem
2855 2799 3118 2867 propitius
3144 2798 3347 2851 donare
3393 2796 3651 2866 digneris,
3698 2794 3792 2864 qui

2220 2902 2347 2944 cum
2374 2888 2534 2943 Patre
2552 2897 2608 2942 et
2632 2887 2833 2957 Spiritu
2868 2896 3053 2942 sancto
3088 2888 3222 2941 vivis
3249 2896 3303 2941 et
3325 2902 3515 2957 regnas
3538 2886 3677 2941 Deus
3699 2899 3796 2953 per

2229 2977 2408 3032 omnia
2434 2978 2623 3031 saecula
2654 2978 2989 3033 seculorum.
3020 2979 3211 3031 Amen.
3806 2978 3823 2983 “

2296 3111 2581 3167 HYMNUS
2612 3112 2860 3167 SANCTI
2880 3111 3207 3168 AMBROSII
3234 3111 3369 3167 PRO
3400 3108 3721 3167 INFIRMIS.

2297 3235 2321 3263 ι
2344 3224 2556 3279 Christe
2584 3227 2838 3290 caelestis,
2865 3228 3131 3281 medicina
3160 3226 3361 3288 Patris,

2299 3310 2469 3367 Verus
2499 3315 2746 3369 humanae
2776 3315 3014 3371 Medicus
3036 3317 3226 3371 salutis
3255 3336 3267 3371 :

2297 3401 2539 3458 Providaa
2562 3404 2700 3473 plebi
2728 3405 2975 3476 precibus
2990 3416 3238 3477 potenter

2581 3493 2759 3549 Pande
2789 3494 3038 3551 favorem.

2299 3578 2376 3632 En
2398 3576 2467 3635 ob
2490 3581 2729 3637 infirmos
2755 3593 2858 3639 tuae
2886 3584 3158 3655 [Marteu.,
3192 3586 3311 3659 tibi]
3339 3587 3726 3657 supplicamus,

2300 3667 2444 3734 Quos
2473 3684 2672 3724 nocens
2694 3674 2862 3742 pestis
2885 3674 3131 3730 valetudo
3155 3688 3376 3745 quassat
3401 3694 3413 3729 :

2303 3755 2370 3811 Ut
2402 3757 2524 3825 pius
2546 3760 2794 3815 morbum
2826 3762 3031 3818 releves
3053 3764 3341 3833 jacentem,

2582 3847 2698 3913 Quo
2733 3852 3029 3918 patiuntur.

2302 3936 2402 4003 Qui
2426 3947 2694 4007 potestate
2724 3943 3041 3999 manifestus
3065 3956 3303 4012 exstans,

2305 4026 2425 4080 Mox
2449 4027 2593 4085 Petri
2620 4045 2832 4084 socrum
2862 4020 3103 4089 febribus
3118 4036 3406 4105 jacentem,

2304 4115 2491 4185 Reguli
2526 4119 2751 4186 prolem,
2778 4136 3105 4194 puerumque
3131 4128 3306 4182 salvas

2595 4212 2956 4271 Centurionis.

2309 4300 2467 4356 Ferto
2496 4301 2769 4371 [Marten.,
2802 4302 2962 4375 festo]
2998 4305 3269 4375 languenti
3310 4308 3505 4377 p0pnlo
3538 4310 3796 4381 vigorem,

2312 4392 2478 4445 Elllue
2505 4390 2707 4460 largam
2733 4392 2926 4461 populo
2949 4395 3173 4448 salutem
3196 4415 3207 4448 :
3806 4384 3811 4388 ’

2314 4479 2561 4533 Pristinis
2580 4493 2731 4533 more
2769 4480 2925 4537 solito
2951 4481 3247 4539 reformatis

2599 4568 2807 4626 Viribus
2825 4588 3013 4642 aegros.

2314 4660 2611 4729 Corporum
2640 4658 2874 4729 morbos,
2910 4665 3254 4735 animumque
3296 4666 3565 4737 [Marten.,
3590 4667 3803 4723 animab-

3418 4757 3543 4832 φὶς]
3578 4772 3730 4817 sana.

2321 4840 2605 4896 Vulnerum
2634 4844 2810 4897 eansis
2841 4845 3033 4898 adhibe
3063 4844 3321 4900 medelam

2318 4928 2393 4981 Ne
2416 4931 2533 4985 sine
2556 4931 2729 4985 fructu
2765 4933 3033 4987 cruciatus
3057 4944 3174 4986 ιιι-θ’

2599 5018 2832 5087 Corpora
2864 5030 3066 5075 nostra.

2298 5134 2299 5137 η
2318 5104 2501 5161 Omnis
2520 5107 2777 5177 impulsus
2794 5112 3063 5177 perimens
3093 5114 3330 5183 recedat,

2318 5194 2503 5250 Omnis
2533 5197 2777 5252 incursus
2798 5196 3044 5276 crucians
3072 5204 3353 5276 liquescat,

2325 5286 2485 5355 Vigor
2502 5296 2695 5355 optata:
2719 5287 2892 5343 foveat
2921 5274 3107 5357 salutis

2600 5378 2833 5433 Membra
2866 5382 3106 5439 dolentis.
