4262 6252
2937 52 3080 58 ____._.__
3153 52 3164 56 _
3219 52 3288 58 ---
3441 52 3496 58 ..-
3531 52 3718 64 υ-ι---,ε⁴;
3801 52 4105 72 ———I“-—'~"—':

1531 74 1564 80 __
1595 52 2484 86 mnf!“
2495 52 2516 86 ,τ
2531 79 2590 88 ,ιη
2605 52 2742 86 ...ρ-μμ--.-
2755 52 2772 56 r
2813 52 2842 86 ,ξ
2865 75 3002 88 ...ιιι-...ην-
3021 79 3024 82 -
3041 52 3264 88 τρι--ρ--Σ-ι-
3285 71 3298 82 ‘-
3329 66 3614 109 --ι-ηὲπδιξιωξ
3627 69 3796 98 ’πη-ἰ”-,“
3815 69 3830 84 ·’
3855 73 3862 80 ¹
3883 73 3894 84 ⁷
3907 77 3990 86 ⁸⁵⁸⁸⁵·-
4031 73 4105 96 ﬂ,

1430 76 1530 84 -—-'_
1565 72 1592 79 -
1647 87 1662 90 .—
1695 89 1702 91 _
1747 87 1796 92 __-—
1817 85 2104 95 ς-ι-...τανμ--ι-ι-υ-
2119 81 2178 96 ’.ξ-εν
2199 81 2230 96 ..⁵⁸
2355 81 2374 98 IT
2395 85 2400 87 '
2491 83 2538 98 ’.ι-
2621 96 2624 97 ν
2699 101 2708 104 _
2759 95 2764 98 -
2793 93 2800 96 -
2825 95 2874 101 —_
2891 93 3190 112 α-ιι-..ι-ιι-μμ-μ-μ-
3783 99 3900 111 ..δην-η.
3883 99 4105 114 ,μς-*τιιῇ

2251 103 2254 111 ι

527 276 629 331 33ἐῖ

1486 279 1876 365 LlTURGlCA.
1916 313 1985 324 ——
2024 281 2292 340 OFFICIA
2332 283 2469 340 PER
2507 285 2778 342 FERIAS.
3673 302 3781 361 558

591 395 700 468 87
730 393 850 457 Jam
878 393 1020 449 Deus
1040 402 1224 448 noster
1242 397 1495 450 miserate
1521 394 1675 452 ﬂetus
1693 440 1708 464 ,

506 552 518 564 _
593 486 684 543 Sic
711 484 903 556 quibus
927 493 986 539 te
1015 501 1159 540 nunc
1185 487 1418 556 petimus
1448 488 1684 555 medere,

594 577 666 636 Ut
693 587 841 634 tuam
862 578 1041 633 omnis
1068 579 1334 634 recubans
1359 581 1621 636 medelam

2128 416 2174 473 Α
2203 415 2304 471 gue
2334 400 2444 454 ﬁat.
2474 401 2699 456 Tribuat
2727 402 2820 457 tibi
2861 405 3157 459 secundum
3196 423 3291 463 cor
3321 421 3466 467 tuum
3493 434 3505 468 :
3538 425 3592 472 et
3620 435 3781 478 omne

2201 488 2485 543 consilium
2537 498 2685 544 tuum
2739 491 3041 548 conﬁrmet.
3083 494 3408 556 Lictabimur
3450 504 3503 558 in
3555 509 3779 566 salutari

2163 567 2167 570 ’
2203 585 2294 632 ιιιο
2325 595 2338 630 :
2369 588 2424 633 et
2476 581 2529 634 in
2565 595 2784 636 nomme
2826 584 2920 639 Dei
2960 581 3128 642 nostri
3161 592 3643 662 magniﬁcabimur.
3676 599 3778 667 lm-

2198 662 2342 734 pleat
2366 668 2624 725 Dominus
2656 687 2847 727 omnes
2869 676 3157 758 petitiones
3198 688 3349 736 tuas:
3381 699 3523 740 nunc
3551 662 3777 759 cognovi

2197 755 2454 821 quoniam
2505 757 2713 814 salvum
2775 759 2903 816 fecit
2959 755 3217 821 Dominus
3263 767 3533 828 Christum
3594 755 3771 831 suum.

2199 841 2467 901 Exaudiet
2502 847 2648 902 illum
2678 851 2743 905 de
2770 835 3135 911 coelosancto
3178 874 3277 914 suo
3318 861 3372 915 in
3412 867 3776 932 potentatibus

2198 932 2345 988 salus
2372 933 2609 991 dextera:
2655 936 2790 1006 ejus.
2819 940 2884 995 lli
2915 943 2970 996 in
2996 945 3275 1015 curribus,
3318 959 3374 1003 et
3405 952 3459 1005 bi
3495 951 3548 1006 in
3578 957 3730 1026 equis
3757 973 3770 1010 :

2200 1037 2297 1078 nos
2325 1032 2504 1079 autem
2543 1027 2598 1080 in
2636 1029 2853 1086 nomine
2898 1031 3111 1090 Domini
3149 1035 3246 1092 Dei
3281 1043 3455 1097 nostri
3502 1044 3776 1104 invocabi-

2199 1127 2338 1167 mus.
2396 1113 2501 1184 Ipsi
2547 1116 2767 1189 obligati
2812 1130 2941 1176 sunt
2980 1133 3036 1178 et
3062 1126 3412 1184 ceciderunt:
3446 1148 3544 1189 nos
3594 1144 3774 1192 autem

2197 1205 2534 1260 surreximus
2561 1215 2618 1260 et
2654 1211 2821 1264 erecti
2845 1226 3049 1269 sumus.
3076 1214 3320 1285 Domine,
3343 1221 3550 1278 salvum
3577 1224 3660 1281 fac
3690 1243 3774 1284 re-

2124 1307 2129 1311 '
2195 1300 2315 1362 gem
2346 1311 2359 1347 :
2387 1303 2439 1348 et
2469 1297 2662 1352 exaudi
2691 1313 2790 1354 nos
2819 1299 2874 1354 in
2899 1303 3008 1369 die,
3038 1321 3145 1375 qua
3167 1307 3596 1370 invocaverimus
3629 1326 3700 1371 te.

2267 1381 2336 1436 Ut
2351 1401 2526 1454 supra.
2546 1386 2668 1442 Fiat
2690 1391 3064 1449 misericordia
3082 1404 3192 1465 tua,
3211 1398 3455 1470 Domine,
3474 1422 3635 1476 super
3650 1424 3768 1464 nos.

2269 1472 2471 1528 Oratio.
2510 1476 2693 1547 lmple,
2726 1479 2973 1550 Domine,
2995 1489 3285 1555 petitiones
3305 1472 3555 1563 nostras;
3571 1509 3624 1553 et
3654 1509 3773 1554 tan-

2195 1579 2358 1633 quam
2406 1566 2820 1637 pinguissimtIm
2869 1582 2968 1629 nos
3011 1577 3388 1639 holocaustum
3433 1603 3669 1655 assume,
3714 1603 3772 1646 ut

2196 1652 2535 1710 inimicorum
2579 1661 2828 1718 curribus
2856 1664 3134 1736 obligatis,
3164 1672 3415 1729 salutaris
3446 1681 3519 1733 tui
3542 1652 3770 1749 opitula-

2117 1757 2166 1819 Β
2190 1739 2337 1798 tione
2358 1743 2616 1801 lzetemur.
2637 1747 2760 1804 Per.

736 668 946 726 Sentiat
972 687 1131 743 aeger.
1547 737 1553 742 ,

593 760 709 828 Quo
731 777 830 832 per
850 762 993 816 illata
1017 763 1159 818 mala
1187 763 1314 818 dum
1340 771 1586 820 teruntur
1601 807 1615 831 ,

592 852 938 910 Eruditorum
965 871 1190 911 numero
1210 856 1412 922 decori,
1586 917 1588 920 ,

592 941 882 1014 Compotes
908 945 1112 1000 intrent
1139 946 1382 1002 sociante
1405 945 1590 1003 fructu

597 1013 604 1018 δ
729 1013 916 1106 Regna
954 1036 1218 1104 polorum.

590 1120 770 1176 Gloria
796 1123 963 1189 Patri,
985 1127 1470 1196 genitmqueProli,

590 1211 658 1266 Et
684 1211 756 1266 ibi
782 1203 1005 1282 compar
1030 1216 1310 1287 utriusque
1341 1235 1555 1289 semper

591 1299 824 1372 Spiritus
853 1303 1011 1370 alme,
1044 1305 1188 1362 Deus
1217 1323 1358 1364 unus
1384 1311 1531 1366 omni

728 1392 995 1462 Tempore
1016 1395 1161 1450 secli.

551 1533 554 1536 λ
586 1481 768 1539 Gloria
795 1485 990 1554 psallat
1013 1487 1233 1554 chorus,
1260 1501 1318 1546 et
1346 1493 1589 1561 resultet,

586 1573 824 1631 Gloriam
871 1577 1041 1647 dicat,
1090 1589 1254 1636 canat
1309 1592 1362 1639 et
1403 1587 1657 1653 resolvat,
1709 1587 1960 1661 [Μανιεη.
2011 1611 2096 1649 re-

1878 1683 2023 1738 volat
2049 1684 2090 1756 ],

585 1755 816 1826 Spiritus
842 1760 1000 1828 alme,
1029 1761 1173 1820 Deus
1191 1781 1330 1821 unus
1355 1770 1500 1823 onmi

725 1847 989 1920 Tempore
1008 1852 1159 1908 secli.

910 1977 1010 2018 rso
1044 1959 1420 2022 nmeumsus
1455 1984 1673 2026 onum.

580 2067 774 2124 Libera
801 2084 922 2135 nos,
953 2087 1281 2141 quaasumus,
1313 2075 1539 2134 Domine
1567 2092 1754 2138 sancte
1784 2085 1946 2140 Pater
1971 2103 2087 2142 om-

511 2157 776 2227 nipotens,
799 2167 999 2214 aeterne
1029 2161 1190 2228 Deus,
1222 2164 1291 2218 ab
1315 2169 1564 2224 omnibus
1587 2173 1730 2228 vitiis
1776 2184 1830 2229 et
1854 2177 1921 2231 de
1950 2180 2083 2234 insi-

509 2247 612 2302 diis
642 2248 862 2303 inimici.
892 2248 1119 2322 Protege
1147 2269 1245 2308 nos
1275 2256 1343 2309 ab
1374 2260 1518 2312 omni
1551 2261 1892 2319 tribulatione.
1914 2276 1968 2321 et
1993 2283 2084 2338 po.

509 2344 705 2391 testate
732 2339 948 2408 iniqua,
980 2348 1040 2393 ut
1075 2344 1452 2413 magniﬁcetur
1481 2365 1675 2406 nomen
1705 2364 1852 2410 tuum
1887 2366 1940 2412 et
1970 2374 2084 2412 ma-

506 2427 675 2497 iestas
698 2436 788 2482 tua
813 2447 826 2480 :
868 2443 934 2483 ne
974 2431 1160 2486 dicant
1183 2444 1371 2503 gentes
1393 2478 1407 2500 ,
1442 2438 1540 2492 Ubi
1569 2451 1652 2494 est
1682 2443 1824 2499 Deus
1852 2452 2084 2505 eorum?

506 2515 648 2572 Deus
687 2528 866 2572 autem
903 2531 1088 2576 noster
1119 2522 1171 2575 in
1201 2524 1359 2588 corio,
1394 2529 1574 2583 omnia
1614 2547 1948 2607 quzecunque
1983 2555 2079 2594 vo-

442 2624 448 2629 '
505 2606 621 2671 luit,
647 2607 791 2662 fecit.
824 2609 1044 2665 Custodi
1081 2625 1200 2678 nos,
1245 2613 1498 2682 Domine,
1543 2628 1601 2674 ut
1625 2606 1878 2691 pupillam
1903 2628 2076 2694 'oculi,

504 2700 604 2752 sub
638 2700 827 2754 umbra
858 2701 1065 2757 alarum
1107 2714 1317 2761 tuarum
1348 2719 1569 2782 protege
1600 2729 1699 2769 nos
1723 2734 1737 2772 :
1764 2731 1831 2770 ne
1857 2718 1958 2772 ulla
1986 2715 2081 2789 po-

504 2797 674 2848 testas
693 2791 928 2846 humana
967 2795 1151 2864 iniqua
1185 2798 1338 2852 nobis
1359 2815 1553 2866 nocere
1583 2804 1759 2859 valeat
1786 2809 1841 2862 in
1873 2811 2074 2876 anima,

503 2880 556 2933 in
584 2895 833 2950 corpore,
859 2883 911 2937 in
938 2893 1138 2951 mente,
1185 2887 1238 2940 in
1273 2889 1614 2955 ambulando,
1648 2895 1700 2948 in
1739 2896 2073 2966 dormiendo,

502 2971 556 3025 in
583 2975 795 3039 stando,
830 2976 886 3030 in
907 2977 1166 3044 sedendo,
1204 2979 1258 3033 in
1290 2979 1407 3035 visu
1427 3023 1442 3045 ,
1475 2983 1527 3037 in
1558 2985 1742 3040 auditu
1762 3023 1778 3051 ,
1822 2989 1876 3043 in
1906 2998 2071 3056 tactu,

501 3061 556 3115 in
583 3063 831 3131 odoratu,
876 3067 931 3121 in
969 3077 1148 3138 gustu,
1182 3070 1236 3123 in
1267 3079 1413 3140 potu,
1442 3073 1494 3126 in
1529 3090 1650 3140 usu,
1693 3077 1748 3131 in
1778 3094 1985 3150 gressu,
2018 3085 2072 3137 in
2101 3096 2149 3159 ο

501 3148 746 3218 lectione,
777 3156 830 3208 in
855 3157 1130 3223 oratione,
1162 3158 1217 3212 in
1246 3175 1439 3226 sensu,
1473 3162 1525 3216 in
1555 3164 1854 3235 locutione,
1889 3171 1942 3225 in
1981 3187 2074 3226 co-

498 3243 778 3316 gitatione,
809 3245 862 3314 in
905 3248 1273 3315 separatione,
1316 3250 1369 3303 in
1412 3255 1846 3325 congregatione,
1888 3259 1943 3312 in
1984 3260 2073 3314 iti-

499 3348 653 3398 nere,
682 3335 736 3387 in
769 3336 1126 3405 navigatione.
1166 3338 1362 3396 Libera
1391 3357 1510 3407 nos,
1541 3344 1778 3402 clemens
1808 3349 2064 3413 Trinitas,

499 3421 567 3476 ab
587 3410 736 3478 omni
773 3423 914 3477 malo
937 3426 1229 3503 przeterito,
1278 3433 1550 3497 przesenti,
1578 3442 1636 3487 et
1674 3433 1854 3490 futuro
1884 3452 1900 3490 :
1929 3440 2070 3494 sicut

497 3514 737 3568 liberasti
765 3529 954 3569 servos
981 3522 1103 3570 tuos
1127 3517 1196 3571 ab
1223 3518 1376 3573 initio
1403 3523 1624 3587 mundi,
1653 3523 1764 3579 Noe
1789 3540 1820 3578 a
1845 3527 2062 3592 diluvio,

493 3602 766 3657 Abraham
795 3603 861 3658 de
898 3603 974 3658 Ur
1011 3598 1399 3674 Chaldmorum,
1440 3610 1540 3666 Lot
1563 3613 1630 3668 de
1655 3614 1872 3672 civitate
1897 3617 2065 3672 δοτιοο

494 3707 723 3756 morum,
754 3691 970 3762 Moysen
997 3703 1054 3749 et
1080 3697 1329 3766 populum
1354 3699 1520 3754 Israel
1547 3703 1613 3756 de
1641 3705 1778 3758 mari
1802 3705 1986 3761 Rubro
2011 3718 2067 3762 et

493 3781 560 3837 de
581 3781 829 3837 manibus
854 3783 1175 3852 Pharaonis,
1200 3787 1368 3845 David
1399 3791 1468 3846 de
1494 3809 1658 3848 manu
1681 3795 1857 3852 Saulis
1877 3807 1932 3852 et
1956 3799 2063 3853 Go—
2150 3836 2153 3840 -

491 3867 594 3932 lim,
637 3870 808 3926 Etiam
844 3881 900 3928 et
936 3874 1119 3931 Enoch
1145 3877 1214 3932 de
1240 3879 1340 3933 hoc
1374 3883 1595 3948 mundo,
1625 3883 1847 3939 Tobiam
1873 3888 1940 3941 de
1967 3890 2062 3942 do-

490 3949 604 4014 lore
627 3961 922 4028 oculorum,
953 3973 1066 4019 tres
1087 3981 1284 4034 pueros
1305 3969 1372 4022 de
1397 3971 1612 4027 camino
1633 3973 1774 4043 ignis
1796 3966 2055 4040 ardentis,

491 4050 796 4106 Susannam
825 4053 893 4108 de
928 4070 1094 4109 manu
1125 4057 1452 4127 principum,
1483 4060 1672 4119 Daniel
1697 4065 1766 4120 de
1798 4065 1917 4122 lacu
1948 4068 2058 4123 leo-

489 4154 638 4203 num,
667 4139 858 4195 .lonam
899 4142 966 4196 de
1007 4152 1200 4199 ventre
1240 4147 1365 4212 ceti,
1405 4149 1694 4207 Ezechiam
1733 4154 1800 4209 de
1831 4154 2056 4210 inﬁrmi-

489 4235 618 4295 tate,
650 4227 889 4285 Naaman
920 4231 1114 4302 Syrum
1138 4230 1206 4290 de
1231 4234 1565 4306 egritudine,
1595 4248 1650 4295 et
1673 4223 1858 4298 iesum
1887 4244 2052 4301 illium

485 4317 606 4376 Non
647 4321 715 4376 de
744 4323 946 4391 praeliis
981 4324 1426 4394 Chananaeorum,
1472 4330 1720 4388 Ninivem
1767 4335 1835 4390 de
1878 4347 2052 4393 morte

2260 1833 2379 1886 Alia
2402 1835 2606 1892 Oratio.
2632 1839 2815 1910 lmple,
2856 1842 3103 1913 Domine,
3128 1853 3416 1920 petitiones
3446 1868 3684 1928 nostras,
3714 1874 3768 1918 et

2189 1920 2345 1976 mitte
2376 1925 2537 1980 nobis
2565 1929 2823 1984 auxilium
2863 1935 2930 1989 de
2961 1947 3189 1995 sancto:
3223 1958 3432 2000 memor
3457 1959 3576 2004 esto
3602 1957 3766 2009 sacri-

2189 2009 2298 2064 ﬁcii
2345 2014 2545 2082 nostri,
2575 2020 2719 2086 quod
2765 2022 2858 2076 tibi
2906 2041 3016 2081 non
3048 2029 3222 2084 solum
3267 2034 3538 2104 oblatione
3565 2057 3620 2099 et
3647 2063 3766 2101 ora-

2190 2097 2335 2155 tione
2377 2101 2622 2173 oll‘ertur,
2651 2123 2715 2163 ac
2738 2125 2930 2180 preces
2976 2128 3224 2188 nostras,
3270 2141 3407 2196 quas
3443 2131 3498 2186 in
3529 2151 3765 2206 quacun-

2186 2205 2293 2259 que
2333 2193 2419 2248 die
2456 2194 2551 2251 tibi
2576 2204 2687 2252 tam
2726 2216 2892 2268 manu
2939 2204 3154 2277 lingua,
3200 2193 3362 2281 quam
3407 2193 3563 2290 genu.
3586 2229 3765 2282 contis

2185 2281 2481 2353 oil‘et'imus,
2511 2290 2776 2359 propitius
2798 2295 2984 2352 audire
3006 2299 3250 2371 dignare.
3275 2281 3419 2381 Pen:

2725 2448 2840 2520 ss
2877 2449 3213 2533 PSALMUS.

2254 2555 2448 2629 (PssL.
2483 2562 2607 2634 χι..)
2645 2564 2845 2623 Beatus
2886 2569 3000 2636 vir,
3040 2574 3134 2642 qui
3172 2575 3421 2651 intelligit
3452 2598 3615 2655 super
3645 2603 3760 2660 ege-

2181 2659 2310 2699 num
2337 2656 2394 2702 et
2425 2665 2718 2720 pauperem
2745 2674 2757 2708 :
2783 2657 2840 2710 in
2859 2659 2948 2714 die
2975 2663 3113 2716 mala
3141 2664 3392 2723 liberabit
3423 2687 3546 2728 eum
3581 2656 3760 2737 Domi~

2181 2751 2302 2791 nus.
2342 2739 2602 2798 Dominus
2657 2737 2947 2805 conservet
2985 2769 3131 2819 eum,
3161 2763 3216 2809 et
3245 2758 3479 2818 vivificet
3521 2781 3665 2835 eum,
3705 2785 3759 2831 ct

2179 2827 2395 2885 beatum
2443 2833 2606 2889 faciat
2645 2853 2769 2893 eum
2799 2841 2852 2895 in
2887 2850 3030 2900 terra
3061 2865 3075 2900 :
3107 2856 3164 2902 et
3200 2863 3307 2907 non
3338 2858 3516 2916 tradat
3551 2827 3673 2918 eum
3706 2868 3757 2921 in

2178 2921 2414 2981 animam
2456 2925 2797 2986 inimicorum
2839 2932 2974 3002 eius.
3006 2939 3268 3002 Dominus
3308 2964 3465 3020 opem
3507 2952 3643 3009 ierat
3687 2957 3757 3010 illi

2177 3028 2340 3084 super
2367 3016 2564 3074 lectum
2601 3021 2804 3080 doloris
2848 3029 2966 3098 ejus
2998 3049 3012 3085 :
3041 3016 3360 3095 universum
3379 3052 3609 3100 stratum
3641 3049 3758 3116 ejus

2177 3107 2407 3160 versasti
2430 3108 2815 3170 inintirmitate
2831 3115 2968 3184 ejus.
2997 3121 3107 3192 Ego
3136 3126 3245 3182 dixi
3276 3146 3290 3181 :
3315 3131 3559 3201 Domine,
3589 3107 3755 3192 mise-

2175 3209 2297 3250 rere
2347 3200 2452 3253 mei
2481 3218 2495 3252 :
2523 3215 2656 3256 sana
2686 3206 2925 3262 animam
2966 3227 3163 3298 meam,
3215 3221 3342 3288 quia
3372 3200 3590 3293 peccavi
3637 3231 3751 3283 tibi.

2171 3283 2376 3340 inimici
2420 3291 2525 3344 mei
2559 3292 2812 3349 dixerunt
2848 3298 2988 3354 mala
3015 3283 3162 3360 ‘mibi
3196 3283 3458 3380 {quan-do
3495 3319 3756 3373 morietur

2170 3382 2226 3426 et
2252 3377 2447 3443 peribit
2474 3395 2669 3437 nomen
2710 3383 2873 3454 ejus?
2899 3389 2968 3444 Et
2995 3393 3040 3446 si
3071 3377 3491 3470 ingrediebatur,
3521 3417 3580 3461 ut
3602 3410 3752 3474 vide-

2145 3475 2272 3532 ret,
2307 3481 2442 3524 vana
2471 3472 2789 3542 loquebatur
2819 3494 2834 3530 :
2858 3495 2954 3538 cor
2978 3483 3095 3553 ejus
3119 3495 3467 3566 congregavit
3494 3472 3751 3572 iniquita-

2169 3570 2278 3616 tem
2325 3565 2445 3620 sibi.
2476 3568 2867 3639 Egrediebatur
2903 3575 3052 3635 l’oras
3086 3599 3099 3634 :
3131 3591 3187 3638 et
3215 3585 3533 3656 loquebatur
3571 3565 3643 3647 ﬁ»
3671 3598 3749 3649 iet-

2167 3653 2361 3723 ipsum.
2415 3659 2716 3717 Adversum
2769 3681 2860 3721 me
2906 3675 3266 3730 susurrabant
3310 3693 3498 3736 omnes
3543 3685 3744 3742 inimici

2166 3749 2311 3798 mei:
2343 3747 2627 3804 adversum
2673 3768 2761 3808 me
2793 3757 3104 3827 cogitabant
3144 3766 3285 3822 mala
3324 3771 3473 3826 mihi.
3510 3773 3743 3832 Verbum

2165 3835 2407 3906 iniquum
2437 3843 2837 3902 constituerunt
2885 3851 3170 3910 adversum
3202 3873 3325 3914 me:
3359 3861 3607 3936 Nunquid
3649 3874 3741 3939 qui

2162 3927 2379 3995 dormit,
2421 3946 2528 3987 non
2573 3934 2788 4004 adjiciet
2814 3949 2874 3994 ut
2895 3948 3185 4016 resurgat?
3211 3950 3422 4008 Etenim
3453 3927 3617 4013 homo
3645 3927 3741 4031 pas

2159 4016 2240 4070 cis
2285 4032 2417 4074 mea:
2443 4021 2497 4076 in
2543 4038 2652 4092 quo
2701 4032 3078 4104 speravizqui
3120 4039 3316 4095 edebat
3349 4059 3520 4114 panes
3565 4016 3736 4115 meos,

2159 4109 2522 4178 magniﬁcavit
2559 4129 2722 4185 super
2758 4133 2846 4172 me
2884 4109 3392 4192 supplantationem.
3427 4134 3504 4188 Tu
3533 4109 3736 4207 autem,

2158 4195 2400 4261 Domine,
2442 4203 2699 4258 miserere
2745 4207 2877 4279 mei,
2910 4219 2966 4263 et
3006 4219 3270 4272 resuscita
3313 4221 3444 4277 me':
3477 4234 3534 4280 et
3577 4195 3753 4288 retril‘

2155 4286 2316 4342 buam
2361 4290 2460 4344 eis.
2506 4291 2562 4346 ln
2606 4294 2710 4351 hoc
2742 4303 2992 4370 cognovi,
3040 4309 3295 4375 quoniam
3341 4314 3553 4373 voluisti
3603 4338 3728 4378 me:

484 4381 762 4475 minante;
783 4413 936 4472 Isaac
976 4416 1044 4471 de
1070 4381 1438 4489 gladio
2081 4381 2829 4489 01332331339313anch
2856 4392 3105 4489 inimicus
3124 4414 3275 4456 meus
3303 4417 3467 4473 “per
3506 4423 3610 4463 "'9'
3644 4412 3730 4469 Μο

482 4497 720 4556 tionibus
746 4503 877 4566 suis,
907 4499 1122 4560 Gedeon
1154 4509 1219 4562 de
1253 4508 1516 4577 barbaris,
1543 4513 1759 4569 Petrum
1789 4516 1855 4572 de
1881 4514 2053 4587 ﬂucti-

471 4579 583 4648 bus
609 4594 776 4650 maris
802 4603 858 4650 et
884 4596 952 4652 de
989 4613 1230 4664 carcere.
1254 4603 1476 4660 Paulum
1505 4609 1572 4662 de
1610 4610 1794 4667 multis
1830 4582 2052 4669 tribula-

481 4682 716 4738 tionibus
759 4689 816 4738 et
858 4686 1128 4755 periculis.
1180 4688 1271 4744 Sic
1327 4701 1512 4747 sancta
1565 4696 1803 4754 Trinitas
1848 4711 2048 4757 mterne

480 4771 647 4848 Dens,
688 4789 791 4831 nos
819 4775 1046 4833 famulos
1077 4787 1198 4835 tuos
1241 4780 1310 4835 ab
1348 4784 1596 4850 omnibus
1635 4787 1688 4842 in
1718 4788 1823 4845 hoc
1848 4794 2048 4848 saeculo

478 4862 689 4919 insidiis
714 4856 912 4924 diaboli
947 4867 1198 4936 liberare,
1219 4878 1275 4927 et
1299 4869 1350 4926 in
1379 4881 1472 4928 tuo
1506 4883 1694 4930 sancto
1719 4891 2043 4936 conservare

477 4950 711 5024 digneris
734 4954 931 5013 illaesos
949 4961 1172 5016 servitio
1199 4979 1214 5015 :
1243 4970 1303 5018 ut
1329 4964 1383 5018 in
1412 4963 1592 5021 futuro
1620 4975 1796 5023 tecum
1822 4973 2041 5040 praemia

476 5043 730 5112 consequi
765 5056 1311 5116 mereamur'cterna,
1353 5055 1445 5124 qui
1487 5054 1623 5109 vivis
1659 5065 1716 5110 et
1752 5073 1944 5128 regnas
1986 5063 2041 5117 in

476 5133 674 5210 secula
697 5132 1031 5190 sculorum.
1062 5139 1254 5196 Amen.

1084 5241 1422 5309 PSALIIUS.

544 5346 733 5422 (Pun.
763 5366 878 5407 nx.
901 5352 922 5426 )
948 5352 1215 5411 Exaudiat
1239 5365 1291 5412 te
1327 5359 1587 5420 Dominus
1615 5365 1670 5420 in
1702 5365 1788 5419 die
1820 5366 2038 5424 tribula-

477 5434 674 5493 tionis:
700 5445 947 5511 protegat
997 5451 1052 5499 te
1103 5460 1297 5502 nomen
1345 5449 1439 5505 Dei
1489 5451 1672 5508 Iacob.
1696 5531 1700 5534 _
1725 5455 1901 5510 Mittat
1943 5458 2037 5513 tibi

474 5523 729 5581 auxilium
753 5526 823 5581 de
865 5538 1054 5586 sancto
1085 5541 1179 5589 :et
1216 5536 1283 5590 de
1299 5535 1441 5594 Sion
1473 5531 1782 5597 tueatur-te.
1834 5542 2039 5599 Memor

475 5612 552 5675 sit
572 5615 746 5674 omnis
788 5618 1036 5696 sacriﬁcii
1078 5624 1192 5679 tui:
1227 5635 1282 5681 et
1319 5629 1685 5688 holocaustum
1729 5644 1878 5688 tuum
1918 5635 2029 5705 pin-

2153 4471 2335 4519 autem
2379 4478 2600 4540 propter
2649 4475 3015 4538 innocentiam
3056 4492 3338 4560 suscepisti
3371 4471 3394 4548 ﬁ:
3427 4506 3483 4551 et
3529 4501 3728 4556 contir-

2151 4555 2311 4608 masti
2339 4571 2426 4612 me
2454 4559 2508 4614 in
2551 4576 2844 4634 conspectu
2885 4578 2976 4626 tuo
3004 4574 3058 4628 in
3086 4555 3365 4635 aeternum.
3409 4581 3755 4645 Benedictus

2148 4638 2410 4702 Dominus
2434 4646 2574 4705 Deus
2605 4651 2767 4709 Israel
2794 4671 2827 4710 a
2853 4661 3051 4716 saeculo
3079 4674 3135 4718 et
3162 4683 3332 4738 usque
3357 4673 3409 4724 in
3435 4676 3720 4732 smculum:

2148 4733 2238 4754 ﬂ“
2295 4735 2382 4754 ﬂ”
3669 4752 3672 4754 ν

2146 4733 2261 4800 ﬁat,
2293 4735 2403 4791 ﬁat.
3143 4785 3152 4793 -
3243 4733 3259 4738 -
3555 4775 3603 4786 ’·
3668 4752 3677 4770 ³

2214 4823 2283 4930 Ψ
2311 4844 2490 4898 supra.
2521 4815 2804 4904 Dispersit,
2831 4838 2981 4899 dedit
3001 4849 3342 4917 pauperibus.
3802 4925 3807 4930 δ

2221 4913 2424 4972 Oratio.
2490 4919 2808 4982 Nostrorum
3277 4939 3426 4996 mitis
3462 4943 3717 5015 indultur.

2147 5102 2378 5200 rieordia
2405 5104 2763 5179 subsequatur
2778 5125 3005 5184 egenum
3035 5114 3153 5172 :fer
3177 5134 3355 5192 opem,
3384 5143 3714 5200 quaesumus,

2145 5189 2418 5283 doloribus
2461 5200 2682 5266 nostris,
2725 5212 2784 5257 ut
2820 5204 2947 5261 dum
2974 5189 3230 5269 carnalia:
3254 5189 3445 5276 delicta
3473 5189 3711 5283 clemen:

2041 5308 2046 5314 .
2145 5286 2228 5335 rer
2250 5277 2451 5353 arguis,
2485 5289 2936 5349 medicamentum
2981 5301 3175 5358 animas
3225 5277 3704 5375 placabiliter-dar-

2137 5369 2318 5436 giaris.
2344 5372 2450 5429 Per
2468 5375 2771 5434 Dominum.

2209 5459 2345 5512 Alia.
2371 5461 2644 5560 Contirtna
2683 5484 2783 5526 nos
2820 5473 2875 5530 in
2903 5489 3194 5549 conspectu
3227 5492 3338 5552 tuo,
3377 5489 3623 5560 Domine,
3656 5499 3711 5553 iu

2136 5556 2426 5614 atemum;
2455 5561 2516 5605 ut
2543 5553 2777 5613 deﬁxum
2807 5563 2912 5618 iter
2938 5578 3180 5623 nostrum
3209 5573 3355 5630 nullo
3392 5578 3568 5635 alieno
3595 5553 3704 5639 sul-

2135 5637 2367 5692 licitetur
2391 5651 2626 5711 asper-tu.
2660 5644 2781 5702 Per.
