4262 6210
505 445 607 499 559

1114 541 1447 598 PSALMUS.

578 667 762 740 (Pssc.
790 659 969 731 LXVI.)
1005 659 1142 711 Deus
1171 655 1486 708 misereatur
1518 647 1682 702 nostri
1717 663 1728 697 :
1757 651 1812 696 et
1842 639 2055 696 benedi—

506 730 596 814 cat
617 755 773 812 nobis
804 771 817 806 :
848 730 1105 806 illuminet
1133 745 1330 798 vultum
1359 754 1512 794 suum
1542 751 1700 806 super
1724 749 1841 797 nos,
1882 737 1936 786 et
1955 730 2055 783 mi-

509 856 750 906 sereatur
772 843 958 899 nostri.
983 840 1047 896 Ut
1075 846 1457 907 cognoscamus
1484 830 1535 883 in
1562 837 1707 882 terra
1720 825 1861 880 viam
1883 832 2056 876 tuam:

508 942 564 994 in
614 932 858 992 omnibus
903 930 1148 1004 gentibus
1198 924 1430 980 salutare
1481 929 1647 974 tuum.
1697 914 2065 972 Confiteantur

509 1032 602 1084 tibi
646 1025 845 1099 populi,
884 1024 1026 1077 Deus
1059 1039 1072 1072 :
1101 1016 1452 1073 confiteantur
1495 1011 1586 1065 tibi
1630 1007 1809 1079 populi
1855 1017 2059 1059 omnes.

511 1096 780 1175 Larte—ntur
809 1124 860 1170 et
901 1111 1168 1181 exsultent
1196 1114 1410 1179 gentes,
1457 1101 1710 1172 quoniam
1732 1096 1940 1164 judicas
1968 1107 2062 1162 po-

511 1207 663 1280 pulos
704 1206 757 1258 in
783 1202 1053 1271 mquitate,
1081 1180 1138 1252 et
1164 1203 1350 1266 gentes
1390 1194 1442 1246 in
1486 1199 1626 1244 terra
1667 1185 1867 1254 dirigis.
1891 1180 2067 1236 Confi-

513 1271 729 1352 teantur
773 1293 866 1345 tibi
906 1288 1104 1360 populi,
1136 1286 1308 1346 Deus,
1356 1279 1710 1336 confiteantur
1755 1275 1848 1329 tibi
1894 1271 2067 1342 populi

515 1402 716 1446 omnes.
774 1393 913 1436 terra
959 1379 1104 1430 dedit
1156 1374 1383 1428 fructum
1430 1386 1605 1423 suum.
1646 1365 1929 1420 Benedicat
1973 1376 2078 1414 nos.

516 1477 678 1538 Deus,
709 1473 847 1526 Deus
879 1477 1088 1532 noster,
1119 1465 1401 1520 benedicat
1425 1476 1523 1515 nos
1547 1458 1686 1512 Deus
1705 1498 1718 1522 ,
1752 1466 1805 1511 et
1835 1460 2071 1508 metuant

515 1580 637 1618 eum
665 1576 852 1618 omnes
889 1559 1020 1612 fines
1043 1566 1219 1611 tet-rce.

589 1653 655 1706 Ut
704 1669 880 1722 supra.
938 1647 1270 1717 Adjutorium
1316 1651 1556 1698 nostrum
1603 1641 1658 1694 in
1704 1638 1919 1693 nomine
1971 1635 2073 1689 Do-

523 1761 672 1800 mim.

593 1837 792 1890 Oratio.
847 1832 1109 1894 lilumina,
1159 1828 1414 1890 Domine,
1461 1823 1666 1877 vultum
1720 1828 1868 1872 tuum
1917 1830 2078 1884 super
2107 1851 2152 1910 Β

522 1944 641 1989 nos,
669 1935 723 1980 et
745 1920 1164 1978 misericordiam
1192 1917 1344 1972 nobis
1371 1915 1609 1976 uberem,
1630 1908 2079 1964 benedictionem-

529 2034 630 2088 qne
655 2017 867 2085 largire.
893 2014 1013 2066 Per.

596 2105 709 2156 Alia
763 2101 962 2156 Oratio.
1005 2098 1397 2168 Cognoseentes
1437 2093 1491 2145 in
1536 2100 1678 2144 terra
1723 2089 1863 2142 viam
1912 2093 2077 2147 tuam,

526 2195 765 2258 Domine,
797 2194 846 2246 in
893 2190 1138 2244 omnibus
1167 2185 1411 2259 gentibus
1442 2183 1674 2239 salutare
1707 2189 1876 2242 tuum,
1922 2176 2082 2232 Chri-

531 2294 668 2336 stum
694 2282 994 2342 Dominum,
1038 2287 1091 2334 et
1113 2278 1253 2330 viam
1280 2289 1399 2328 esse
1423 2270 1737 2326 confitemur
1758 2275 1811 2320 et
1833 2265 2083 2334 patriam,

534 2389 629 2438 per
669 2385 834 2439 quem
883 2370 934 2420 in
964 2367 1222 2419 directum
1264 2362 1550 2432 gradimnr,
1601 2366 1654 2411 et
1684 2356 1747 2409 ad
1789 2353 2086 2422 profectum

533 2461 898 2529 plenissimum
927 2454 1285 2526 pervenimus.
1322 2450 1441 2504 Per.
1734 2437 1742 2446 ’

1143 2581 1477 2637 ΡΞΑΙΛΙΕΞ.

603 2702 792 2772 (Ρδλι.
825 2697 1030 2764 cxm.)
1076 2695 1369 2756 Memento,
1413 2691 1653 2753 Domine,
1687 2691 1870 2753 David,
1902 2699 1957 2743 et
1981 2705 2092 2745 om-

534 2791 622 2846 nis
657 2784 1078 2842 mansuetudinis
1123 2781 1255 2849 ejus.
1301 2779 1446 2833 Sicut
1475 2779 1672 2849 juravit
1715 2779 1956 2843 Domino,
2002 2793 2095 2832 vo—

534 2892 648 2934 tum
692 2878 836 2932 vovit
863 2876 972 2927 Deo
999 2873 1182 2945 Jacoh.
1237 2870 1293 2923 Si
1335 2871 1588 2924 introiero
1620 2869 1671 2922 in
1700 2867 2096 2922 tabernaculum

541 2972 729 3024 domus
757 2982 904 3027 mere.
956 2966 1000 3018 si
1046 2963 1338 3017 ascendere
1364 2962 1415 3013 in
1446 2961 1637 3014 lectum
1682 2959 1836 3012 strati
1881 2959 2000 3011 mei.
2041 2958 2098 3009 Si

543 3058 738 3110 dedero
769 3070 1012 3110 somnum
1040 3053 1206 3107 oculis
1239 3052 1389 3114 meis,
1423 3059 1476 3104 et
1502 3050 1767 3118 palpebris
1806 3051 1940 3102 meis
1974 3048 2096 3102 dor-

1349 430 1404 481 U.
1447 426 1501 478 Ε.
1535 416 1754 474 ALBINI
1793 413 1920 469 SEU
1961 407 2231 465 ALCUINI
2276 401 2554 460 OPERUM
2593 397 2769 452 PARS
2808 394 2891 448 IV.
3009 477 3012 481 _
3603 377 3704 436 560
3791 464 3802 474 ο

2048 521 2458 585 ’Δηοςιτοιδιιιη
2500 516 2738 577 lucerna,
2791 510 3034 564 Christus
3087 504 3338 557 Dominus
3388 506 3599 563 noster;
3651 504 3711 551 ut

2156 613 2265 666 lircc
2308 625 2371 664 eo
2414 612 2778 678 praeparante,
2825 599 2997 653 fructu
3036 595 3253 664 justitizc
3298 591 3595 662 repleamur
3641 588 3709 644 ad

2157 700 2401 770 gratiam,
2449 704 2502 750 et
2540 694 2703 748 verbo
2753 690 2873 744 vita:
2925 686 3297 742 contineamur
3349 680 3414 734 ad
3464 677 3706 749 gloriam.

2156 791 2280 845 Per.

2773 867 3108 926 PSA-LMUS.

2233 991 2426 1062 (Psst.
2474 987 2707 1056 cxxxn.)
2748 984 2884 1038 Ecce
2927 994 3085 1049 quam
3119 977 3319 1031 bonum
3350 982 3403 1027 et
3442 985 3602 1042 quam
3631 969 3718 1038 ju-

2161 1082 2413 1140 cundum,
2465 1077 2707 1132 habitare
2740 1074 2935 1129 fratres
2971 1072 3021 1124 in
3057 1083 3239 1121 unum.
3290 1064 3442 1120 Sicut
3477 1075 3720 1133 unguen-

2166 1181 2274 1225 tum
2291 1172 2362 1223 “in
2401 1169 2604 1237 capite,
2638 1165 2779 1234 quod
2807 1160 3082 1217 descendit
3120 1159 3171 1212 in
3209 1156 3458 1218 barbari,
3498 1151 3717 1205 barbam

2165 1263 2364 1314 Aaron.
2410 1258 2559 1324 Quod
2608 1254 2880 1310 descendit
2929 1251 2980 1304 in
3035 1263 3185 1302 oram
3224 1243 3523 1300 vestimenti
3565 1239 3717 1307 ejus:

2168 1353 2307 1404 sicut
2349 1365 2437 1403 ros
2480 1347 2735 1407 Hermon,
2772 1343 2860 1411 qui
2900 1338 3169 1393 descendit
3203 1337 3270 1406 in
3297 1343 3531 1388 montem
3567 1329 3718 1384 Sion.

2169 1441 2428 1506 Quoniam
2467 1437 2571 1490 illic
2601 1432 2872 1488 mandavit
2908 1427 3160 1482 Dominus
3199 1423 3638 1483 benedictionem,
3674 1424 3758 1471 et-

2128 1530 2152 1538 "
2172 1533 2341 1583 vitam
2367 1543 2533 1597 usque
2563 1527 2615 1580 in
2650 1523 2918 1579 saeculum.

2243 1619 2309 1673 Ut
2332 1636 2508 1688 supra.
2543 1616 2658 1670 Non
2685 1614 2879 1668 mortui
2901 1606 3195 1663 laudabunt
3221 1614 3290 1670 te,
3317 1603 3557 1658 Domine.

2245 1711 2444 1764 Oratio.
2461 1703 2958 1767 lnfunde,Domine,
2990 1701 3041 1753 in
3067 1697 3360 1752 Ecclesiam
3384 1702 3528 1748 tuam
3556 1689 3733 1744 chari-

2179 1809 2339 1856 tatem
2356 1796 2707 1852 fraternitatis
2723 1803 2774 1848 et
2791 1794 2955 1862 pacis,
2980 1799 3040 1843 ut
3054 1802 3174 1844 rore
3199 1784 3455 1856 spiritalis
3479 1779 3734 1852 unguenti

2178 1884 2814 1961 aSpersi,'benedictionis
2845 1890 2946 1948 tua:
2980 1880 3148 1948 gratia
3169 1874 3543 1942 jucundemur.
3575 1869 3696 1922 Per.

2248 1978 2385 2030 Alia.
2421 1974 2634 2028 Christe
2679 1971 2918 2030 Domine,
2949 1966 3099 2033 cujus
3139 1978 3352 2016 sacrum
3396 1973 3610 2022 nomen,
3638 1971 3738 2012 un-

2180 2063 2376 2137 guento
2424 2061 2610 2124 effuso,
2667 2057 2941 2126 sapientia:
2975 2052 3305 2122 comparavit
3349 2049 3599 2112 odorem;
3645 2046 3734 2109 da,
3771 2072 3773 2074 -

2182 2167 2504 2224 quresumus,
2538 2157 2860 2220 unguentum
2893 2146 3106 2200 verticis
3139 2144 3210 2197 tui
3250 2143 3303 2196 in
3331 2139 3553 2195 barbam
3577 2138 3740 2192 deco-

2182 2246 2256 2299 ris
2301 2243 2476 2312 populi
2511 2241 2604 2305 tui,
2645 2247 2698 2292 te
2746 2235 3118 2306 profundente,
3179 2231 3522 2291 descendere,
3578 2243 3643 2280 ac
3687 2226 3741 2296 in

2185 2336 2300 2405 ipsa
2345 2329 2652 2386 vestimenti
2701 2344 2819 2390 ora,
2861 2341 2978 2394 qua:
3009 2321 3287 2391 prmscntis
3334 2321 3455 2373 vita:
3487 2318 3742 2380 induitur,

2186 2411 2486 2495 pervenire.
2518 2420 2622 2473 Per
2645 2417 2942 2472 Dominum.

2757 2537 2766 2540 '
2799 2525 3130 2579 PSALMUS.

2261 2625 2448 2697 (PSAL
2487 2617 2748 2685 cxxxui.)
2779 2618 2914 2670 Ecce
2940 2629 3080 2668 nunc
3103 2610 3398 2666 benedicite
3427 2608 3708 2661 Dominum
3731 2645 3746 2668 ,

2190 2731 2379 2772 omnes
2405 2715 2547 2768 servi
2573 2710 2801 2764 Domini.
2836 2707 2936 2774 Qui
2972 2706 3124 2759 statis
3151 2705 3202 2757 in
3239 2704 3395 2756 domo
3427 2699 3670 2761 Domini,
3697 2698 3751 2750 iu

2195 2807 2345 2860 atriis
2373 2805 2563 2857 domus
2597 2801 2690 2854 Dei
2718 2800 2908 2853 nostri.
2950 2798 3005 2850 In
3031 2795 3280 2851 noctibus
3301 2791 3537 2846 extollite
3564 2803 3754 2842 manus

2196 2903 2408 2949 vestras
2444 2893 2497 2946 in
2530 2898 2715 2946 sancta
2750 2903 2763 2940 :
2792 2897 2847 2942 et
2868 2886 3169 2940 benedicite
3198 2883 3499 2936 Dominum.
3528 2876 3756 2931 Benedi—

2198 2994 2285 3040 cat
2316 2984 2651 3038 te-Dominus
2683 2996 2748 3034 ex
2775 2978 2902 3031 Sion
2932 2994 2944 3029 :
2983 2976 3074 3044 qui
3100 2955 3224 3027 fecit
3243 2971 3436 3025 ccelnm
3458 2977 3512 3022 et
3536 2976 3754 3020 terram.

2270 3072 2338 3126 Ut
2399 3085 2575 3139 supra.
2641 3061 2876 3136 Propter
2924 3065 3118 3118 fratres
3169 3076 3318 3114 meos
3378 3067 3432 3112 et
3488 3056 3761 3126 proximos

456 3152 463 3158 '
544 3148 889 3200 mitationem.
911 3145 973 3196 Et
1002 3144 1237 3211 requiem
1256 3141 1592 3223 emporibus
1616 3139 1749 3191 meis
1779 3137 1990 3191 z'donec
2021 3139 2100 3191 in-
2126 3187 2173 3250 C
2203 3178 2369 3218 meos.

652 3241 661 3250 ο
804 3237 814 3250 ι
1028 3236 1064 3250 ιχ
1163 3236 1172 3245 ο
1321 3231 1712 3250 .,l,A,,,--A_I_-__
1763 3230 1864 3250 η--
1923 3228 2071 3250 1---ι

545 3241 752 3292 veniam
804 3237 976 3290 locum
1028 3236 1268 3297 Domino,
1319 3231 1717 3285 tabernaculum
1763 3230 1870 3283 Deo
1915 3228 2096 3282 Jacob.

547 3329 683 3381 l-lcce
713 3327 1008 3378 audivimus
1034 3340 1150 3376 eam
1181 3325 1231 3376 in
1261 3323 1492 3391 Eplirata
1526 3338 1536 3372 ε
1573 3320 1870 3372 invenimus
1899 3334 2016 3371 eam
2048 3319 2100 3370 in

549 3417 752 3483 rumpis
799 3416 961 3467 SlthB.
1009 3415 1347 3467 lntroibimus
1395 3413 1447 3464 in
1503 3410 1896 3464 tabernaculum
1947 3411 2098 3478 ejus:

552 3504 895 3559 adorabimus
921 3504 973 3554 in
997 3502 1130 3564 loco,
1160 3502 1246 3554 ubi
1276 3508 1540 3553 steterunt
1566 3500 1729 3567 pedes
1750 3499 1881 3564 ejus.
1914 3500 2102 3566 Surge,

556 3594 798 3655 Lumine,
831 3593 883 3644 in
917 3592 1151 3659 requiem
1183 3598 1326 3641 tuam
1359 3602 1371 3639 :
1410 3596 1459 3639 tu
1491 3595 1543 3639 et
1578 3601 1699 3637 arca
1734 3584 2109 3637 sanctificatio-

556 3693 638 3742 nis
700 3694 820 3739 tute.
890 3683 1201 3736 Sacerdotes
1250 3681 1326 3731 tui
1383 3678 1672 3731 induantur
1718 3676 1980 3743 justitiam
2016 3692 2024 3724 :
2060 3682 2113 3726 et

559 3778 731 3830 sancti
756 3777 827 3828 tui
851 3772 1128 3828 exsultent.
1149 3769 1371 3837 PrOpter
1391 3767 1554 3820 David
1577 3781 1787 3818 servum
1816 3774 1980 3825 tuum,
2007 3777 2112 3816 non

563 3877 771 3920 avertas
814 3865 998 3917 faciem
1039 3861 1237 3915 Christi
1270 3861 1365 3912 tui.
1405 3858 1611 3912 Iuravit
1655 3856 1907 3909 Dominus
1949 3855 2114 3908 David

567 3956 863 4015 veritatem,
894 3961 947 4004 et
972 3965 1076 4002 non
1117 3946 1459 3999 frustrabitur
1492 3960 1609 3997 eam
1640 3961 1654 3998 :
1682 3945 1745 3997 de
1782 3943 1953 3996 fructu
1994 3958 2118 3995 ven-

568 4047 663 4099 tris
691 4045 765 4097 tui
796 4057 986 4110 ponam
1032 4053 1192 4107 super
1238 4037 1420 4090 sedem
1460 4044 1621 4088 tuam.
1671 4036 1725 4088 Si
1771 4035 2121 4089 custodierint

570 4137 660 4189 filii
690 4134 764 4187 tui
797 4139 1170 4186 testamentum
1199 4141 1374 4181 meum
1402 4140 1415 4176 :
1442 4134 1496 4178 et
1517 4125 1822 4179 testimonia
1839 4139 1956 4178 mea
1986 4126 2118 4189 lucc,

570 4240 688 4295 qua
714 4222 914 4278 docebo
954 4236 1064 4274 eos.
1107 4219 1173 4271 Et
1201 4217 1291 4270 ﬁlii
1341 4230 1526 4269 eorum
1563 4229 1730 4282 usque
1768 4216 1819 4267 in
1850 4215 2120 4278 saeculum,

575 4315 826 4370 sedebunt
851 4327 1010 4380 super
1043 4309 1223 4364 sedem
1262 4317 1426 4362 tuam.
1459 4307 1719 4372 Quoniam
1764 4307 1921 4376 elegit
1949 4307 2125 4359 Domi-

576 4422 674 4460 nus
703 4403 831 4458 Sion
864 4422 875 4454 :
908 4404 1066 4472 elegit
1092 4416 1212 4455 eam
1237 4402 1291 4453 in
1325 4398 1706 4453 habitationem
1735 4391 1853 4451 sibi.
1898 4396 2019 4452 Haec
2042 4412 2124 4451 re—

577 4498 725 4565 quies
762 4507 880 4547 mea
922 4494 977 4544 in
1015 4489 1266 4543 sarculum
1299 4484 1478 4540 seculi
1507 4486 1632 4539 :hic
1671 4486 1938 4550 habitabo,
1988 4499 2123 4555 quo-

579 4584 722 4638 niam
752 4581 880 4650 elegi
908 4595 1044 4633 eam.
1079 4577 1190 4648 89
1213 4576 1436 4630 Viduam
1470 4574 1585 4641 ejus
1622 4575 1938 4629 benedicens
1966 4577 2126 4630 bene—

584 4677 754 4727 dicam
785 4691 795 4723 :
828 4683 1084 4740 pauperes
1112 4667 1224 4734 ejus
1267 4667 1517 4720 saturabo
1542 4665 1784 4733 panibus.
1819 4663 2131 4718 Sacerdotes

586 4762 920 4827 ejusinduam
946 4758 1260 4812 salutari:et
1282 4755 1453 4809 sancti
1484 4756 1557 4807 tui
1583 4754 1932 4806 exsultatione
1953 4752 2129 4805 exsul-

590 4849 791 4899 tabunt.
825 4845 949 4897 Illuc
988 4844 1278 4911 producam
1314 4857 1481 4895 cornu
1510 4840 1694 4905 David,
1739 4842 1920 4909 paravi
1965 4841 2136 4893 lucer-

593 4953 714 4990 nam
740 4935 954 4988 Christo
975 4947 1109 4986 meo.
1143 4931 1386 4984 Inimicos
1406 4929 1523 4998 eius
1544 4931 1757 4984 induam
1781 4930 2091 4984 confusione
2119 4949 2130 4979 :

595 5043 754 5097 super
781 5030 950 5094 ipsum
979 5023 1152 5079 autem
1176 5022 1432 5077 efIlorebit
1458 5022 1802 5075 sanctificatio
1831 5037 1965 5075 mea.

667 5114 735 5167 Ut
764 5130 939 5181 supra.
968 5112 1153 5165 Salvos
1175 5111 1255 5163 fac
1289 5123 1408 5171 nos,
1437 5107 1656 5162 Domine
1684 5109 1823 5164 Deus
1847 5117 2046 5162 noster.

671 5204 870 5257 Oratio.
893 5202 954 5254 lsi
982 5203 1123 5254 omni
1148 5202 1385 5269 ingressu
1409 5205 1594 5252 nostro
1613 5211 1814 5253 memor
1834 5207 1951 5254 esto
1973 5199 2143 5259 nobis,

603 5293 937 5362 omnipotens
996 5299 1190 5342 aeterne
1242 5288 1416 5351 Deus;
1473 5287 1632 5340 indue
1685 5300 1784 5338 nos
1833 5287 2145 5341 sacerdotali

599 5382 827 5450 justitia,
857 5390 915 5434 ut
953 5379 1127 5433 induci
1158 5392 1454 5431 mereamur
1491 5378 1546 5431 in
1584 5376 1919 5429 tabernacula
1957 5379 2150 5448 θεωρῇ

605 5479 774 5525 terna.
811 5472 932 5524 Pen.

678 5561 815 5614 Alia.
844 5562 1103 5629 Exsurge,
1133 5557 1373 5620 Domine,
1416 5565 1472 5610 et
1494 5559 1653 5612 corda
1683 5567 1867 5612 nostra
1899 5559 1991 5612 tibi
2017 5571 2150 5626 prm-

604 5657 866 5719 parentur
909 5652 962 5704 in
995 5650 1269 5718 requiem;
1303 5647 1480 5716 sitque
1521 5645 1577 5698 in
1609 5646 1827 5715 singulis
1875 5661 2013 5700 area:
2047 5652 2151 5699 tua:

604 5739 982 5808 sanctiﬁcatio,
1033 5739 1410 5807 meditatioque
1461 5737 1760 5792 sanctitatis
1786 5777 1800 5802 ,
1836 5745 1890 5792 et
1930 5750 2148 5804 operum

2275 3251 2474 3306 Oratio.
2505 3247 2887 3300 Benedicentes
2922 3252 2972 3296 te
2998 3256 3180 3296 omnes
3206 3239 3344 3294 servi
3381 3223 3478 3302 tui,
3517 3236 3758 3300 Domine,

2205 3346 2587 3412 deprecamur,
2642 3346 2700 3390 ut
2749 3353 2845 3391 nos
2878 3336 3056 3388 mundi
3096 3333 3249 3401 hujus
3297 3340 3455 3385 nocte
3489 3335 3766 3384 contectus

2207 3433 2504 3486 illuminare
2542 3429 2792 3497 digneris,
2843 3435 3102 3495 quatenus
3146 3425 3270 3477 dum
3317 3436 3505 3476 manus
3553 3428 3766 3474 nostras

2209 3523 2260 3574 in
2287 3522 2439 3574 bonis
2469 3518 2716 3588 operibus
2749 3516 3036 3577 elevamus,
3072 3512 3497 3566 benedictionem
3525 3524 3553 3562 a
3586 3516 3642 3564 te
3663 3508 3771 3562 lar-

2211 3612 2481 3681 giSsimam
2511 3600 2919 3676 consequamur.
2953 3605 3070 3658 Per.

2283 3701 2401 3751 Alia
2431 3698 2632 3751 Oratio.
2655 3698 2877 3758 Praesta,
2917 3696 3156 3756 Domine,
3190 3701 3250 3745 ut
3284 3691 3491 3745 cunctis
3519 3690 3768 3760 gradibus

2213 3787 2552 3856 perfectionis
2582 3787 2818 3839 ascensis
2857 3785 2907 3836 in
2936 3785 3186 3837 virtutum
3210 3781 3467 3842 culmine,
3505 3786 3557 3830 te
3596 3777 3776 3830 laude-

2217 3891 2364 3940 mus;
2409 3885 2458 3929 et
2507 3884 2712 3927 stantes
2756 3874 2806 3926 in
2854 3873 3009 3925 domo
3057 3879 3148 3923 tua
3193 3878 3352 3938 atque
3381 3870 3430 3921 in
3455 3867 3602 3921 atriis
3649 3865 3773 3929 tuis,

2218 3980 2408 4019 manus
2437 3973 2648 4020 nostras
2679 3963 2746 4015 ad
2775 3971 2826 4014 te
2857 3961 3273 4014 benedicendum
3303 3959 3486 4012 diebus
3515 3973 3575 4011 ac
3609 3955 3779 4010 nocti—

2217 4058 2316 4111 bus
2342 4056 2708 4117 extendamus,
2748 4052 3115 4106 benedictione
3138 4066 3166 4104 a
3194 4060 3245 4105 te
3270 4057 3540 4119 percepta,
3570 4046 3689 4102 cmll
3717 4059 3780 4100 ac

2224 4156 2378 4198 terra:
2399 4145 2624 4198 Domino
2652 4151 2706 4195 et
2734 4142 3026 4196 Salvatore.

2796 4265 3221 4324 DEPRECATIO

2229 4381 2400 4445 Quam
2433 4400 2570 4448 papa
2615 4380 2852 4434 Gelasius
2882 4397 2975 4450 pro
3013 4378 3290 4450 universali
3327 4377 3562 4431 Ecclesia
3591 4378 3784 4432 conuii

2727 4451 2823 4501 ruit
2850 4449 3135 4502 canendum
3159 4463 3288 4501 esse.

2302 4561 2550 4616 Dicamus
2571 4576 2775 4623 omnes,
2803 4560 3047 4622 Domine,
3069 4559 3260 4614 exaudi
3285 4569 3338 4613 et
3361 4562 3636 4618 miserere.

2306 4646 2828 4738 Patrem'unigeniti,
2860 4663 2912 4706 et
2937 4651 3029 4706 Dei
3059 4651 3244 4706 Filium
3270 4653 3522 4722 genitoris
3547 4651 3788 4725 inﬁniti.

2236 4757 2290 4800 et
2326 4753 2571 4798 sanctum
2616 4735 2780 4796 Deum
2825 4742 3080 4813 Spiritum
3121 4740 3360 4817 fidelibus
3401 4742 3595 4796 animis
3642 4733 3804 4795 inve»

2237 4847 2436 4887 eamus.

2308 4921 2412 4978 Pro
2456 4923 2791 4976 immaculata
2836 4921 2924 4974 Dei
2971 4921 3076 4972 vivi
3110 4919 3383 4984 Ecclesia,
3434 4916 3807 4975 sacerdotibus,

2239 5029 2300 5066 ac
2345 5011 2621 5072 ministris,
2667 5010 2896 5064 divinam
2946 5007 3200 5061 bonitatis
3238 5004 3563 5077 opulentiam
3611 5006 3797 5077 depre-

2158 5163 2164 5169 _
2243 5119 2444 5158 camur.

2315 5193 2419 5248 Pro
2459 5194 2662 5248 sanctis
2705 5190 2796 5243 Dei
2833 5190 3006 5259 magni
3038 5190 3400 5246 sacerdotibus
3433 5199 3490 5244 et
3518 5188 3794 5249 ministris.

2249 5282 2559 5348 cunctisque
2605 5280 2770 5330 Deum
2810 5292 2994 5331 verum
3038 5277 3331 5345 colentibus
3359 5276 3597 5346 populis,
3641 5275 3794 5330 Chri-

2255 5379 2394 5424 stum
2431 5369 2714 5424 Dominum
2750 5366 3133 5433 supplicamus.
3170 5347 3174 5352 ’

2323 5460 2426 5516 Pro
2453 5459 2715 5513 universis
2744 5467 2888 5513 recte
2921 5459 3268 5512 tractantibus
3294 5449 3512 5512 verbum
3539 5455 3802 5523 veritatis,

2255 5548 2632 5604 multiformem
2666 5542 2823 5602 Verbi
2857 5548 2950 5602 Dei
2985 5541 3676 5617 saplentia'm'pccuiiariter
3710 5546 3806 5602 0b-

2255 5657 2530 5697 secramus
2538 5683 2550 5693 .

2324 5734 2427 5788 Pro
2464 5728 2569 5797 his,
2612 5732 2700 5800 qui
2748 5747 2805 5786 se
2849 5742 3024 5786 mente
3055 5739 3108 5788 et
3136 5702 3358 5800 corpore
3390 5739 3603 5801 propter
3649 5725 3807 5782 eclo-
