  <div class='ocr_page' id='page_1' title='image "/cluster/home/n/w/nwhite01/storage/ocr_20150623/101/uva.x000834944/288.png"; bbox 0 0 4262 6204; ppageno 0'>
   <div class='ocr_carea' id='block_1_1' title="bbox 583 175 680 230">
    <p class='ocr_par' dir='ltr' id='par_1_1' title="bbox 583 175 680 230">
     <span class='ocr_line' id='line_1_1' title="bbox 583 175 680 230; baseline -0.01 0"><span class='ocrx_word' id='word_1_1' title='bbox 583 175 680 230; x_wconf 71' lang='grc'><strong>561</strong></span> 
     </span>
    </p>
   </div>
   <div class='ocr_carea' id='block_1_2' title="bbox 1528 173 2800 261">
    <p class='ocr_par' dir='ltr' id='par_1_2' title="bbox 1528 173 2800 261">
     <span class='ocr_line' id='line_1_2' title="bbox 1528 173 2800 261; baseline 0.004 -30"><span class='ocrx_word' id='word_1_2' title='bbox 1528 178 1918 234; x_wconf 65' lang='grc' dir='ltr'><strong>ιιῑυιιιιιω.</strong></span> <span class='ocrx_word' id='word_1_3' title='bbox 1969 209 2030 261; x_wconf 47' lang='grc' dir='ltr'><strong>-τ</strong></span> <span class='ocrx_word' id='word_1_4' title='bbox 2067 173 2330 236; x_wconf 62' lang='lat' dir='ltr'><strong>OFFlClA</strong></span> <span class='ocrx_word' id='word_1_5' title='bbox 2371 181 2502 236; x_wconf 76' lang='lat' dir='ltr'><strong>PER</strong></span> <span class='ocrx_word' id='word_1_6' title='bbox 2536 181 2800 242; x_wconf 65' lang='lat' dir='ltr'><strong>EERIAS.</strong></span> 
     </span>
    </p>
   </div>
   <div class='ocr_carea' id='block_1_3' title="bbox 3692 179 3794 232">
    <p class='ocr_par' dir='ltr' id='par_1_3' title="bbox 3692 179 3794 232">
     <span class='ocr_line' id='line_1_3' title="bbox 3692 179 3794 232; baseline -0.01 0"><span class='ocrx_word' id='word_1_7' title='bbox 3692 179 3794 232; x_wconf 69' lang='grc' dir='ltr'><strong>ὕὺὲ</strong></span> 
     </span>
    </p>
   </div>
   <div class='ocr_carea' id='block_1_4' title="bbox 1170 249 1181 272">
    <p class='ocr_par' dir='ltr' id='par_1_4' title="bbox 1170 249 1181 272">
     <span class='ocr_line' id='line_1_4' title="bbox 1170 249 1181 272; baseline 0 0"><span class='ocrx_word' id='word_1_8' title='bbox 1170 249 1181 272; x_wconf 74' lang='grc' dir='ltr'>ι</span> 
     </span>
    </p>
   </div>
   <div class='ocr_carea' id='block_1_5' title="bbox 584 285 3803 365">
    <p class='ocr_par' dir='ltr' id='par_1_5' title="bbox 584 285 3803 365">
     <span class='ocr_line' id='line_1_5' title="bbox 584 285 3803 365; baseline 0.002 -24"><span class='ocrx_word' id='word_1_9' title='bbox 584 301 702 341; x_wconf 89' lang='lat' dir='ltr'><strong>rum</strong></span> <span class='ocrx_word' id='word_1_10' title='bbox 735 299 896 356; x_wconf 87' lang='lat' dir='ltr'><strong>regna</strong></span> <span class='ocrx_word' id='word_1_11' title='bbox 930 285 1248 350; x_wconf 87' lang='lat' dir='ltr'><strong>castificant,</strong></span> <span class='ocrx_word' id='word_1_12' title='bbox 1283 298 1337 341; x_wconf 90' lang='lat' dir='ltr'><strong>ct</strong></span> <span class='ocrx_word' id='word_1_13' title='bbox 1375 289 1726 357; x_wconf 78' lang='lat' dir='ltr'><strong>spiritualium</strong></span> <span class='ocrx_word' id='word_1_14' title='bbox 1765 291 1948 348; x_wconf 90' lang='lat' dir='ltr'><strong>labore</strong></span> <span class='ocrx_word' id='word_1_15' title='bbox 1986 292 2143 346; x_wconf 83' lang='lat' dir='ltr'><strong>desu-</strong></span> <span class='ocrx_word' id='word_1_16' title='bbox 2173 296 2215 349; x_wconf 79' lang='grc' dir='ltr'>Α</span> <span class='ocrx_word' id='word_1_17' title='bbox 2245 296 2594 359; x_wconf 82' lang='lat' dir='ltr'><strong>orationibus,</strong></span> <span class='ocrx_word' id='word_1_18' title='bbox 2644 312 2741 354; x_wconf 81' lang='lat' dir='ltr'><strong>nec</strong></span> <span class='ocrx_word' id='word_1_19' title='bbox 2792 311 2895 348; x_wconf 91' lang='lat' dir='ltr'><strong>non</strong></span> <span class='ocrx_word' id='word_1_20' title='bbox 2946 311 3042 365; x_wconf 80' lang='lat' dir='ltr'><strong>pro</strong></span> <span class='ocrx_word' id='word_1_21' title='bbox 3101 296 3347 349; x_wconf 86' lang='lat' dir='ltr'><strong>omnibus</strong></span> <span class='ocrx_word' id='word_1_22' title='bbox 3387 305 3471 347; x_wconf 86' lang='lat' dir='ltr'><strong>tua</strong></span> <span class='ocrx_word' id='word_1_23' title='bbox 3518 302 3803 361; x_wconf 57' lang='lat' dir='ltr'><strong>priestante</strong></span> 
     </span>
    </p>
   </div>
   <div class='ocr_carea' id='block_1_6' title="bbox 582 375 2143 446">
    <p class='ocr_par' dir='ltr' id='par_1_6' title="bbox 582 375 2143 446">
     <span class='ocr_line' id='line_1_6' title="bbox 582 375 2143 446; baseline 0.005 -17"><span class='ocrx_word' id='word_1_24' title='bbox 582 376 732 440; x_wconf 87' lang='lat' dir='ltr'><strong>dant,</strong></span> <span class='ocrx_word' id='word_1_25' title='bbox 762 375 1071 446; x_wconf 81' lang='lat' dir='ltr'><strong>largitorem</strong></span> <span class='ocrx_word' id='word_1_26' title='bbox 1104 377 1420 446; x_wconf 73' lang='lat' dir='ltr'><strong>spiritalium</strong></span> <span class='ocrx_word' id='word_1_27' title='bbox 1461 395 1741 436; x_wconf 88' lang='lat' dir='ltr'><strong>munerum</strong></span> <span class='ocrx_word' id='word_1_28' title='bbox 1777 382 2143 437; x_wconf 81' lang='lat' dir='ltr'><strong>obsecramus.</strong></span> 
     </span>
    </p>
   </div>
   <div class='ocr_carea' id='block_1_7' title="bbox 651 466 2150 541">
    <p class='ocr_par' dir='ltr' id='par_1_7' title="bbox 651 466 2150 541">
     <span class='ocr_line' id='line_1_7' title="bbox 651 466 2150 541; baseline 0.007 -23"><span class='ocrx_word' id='word_1_29' title='bbox 651 466 754 519; x_wconf 79' lang='lat' dir='ltr'><strong>Pro</strong></span> <span class='ocrx_word' id='word_1_30' title='bbox 807 466 1068 536; x_wconf 76' lang='lat' dir='ltr'><strong>religiosis</strong></span> <span class='ocrx_word' id='word_1_31' title='bbox 1115 469 1460 538; x_wconf 81' lang='lat' dir='ltr'><strong>principibus,</strong></span> <span class='ocrx_word' id='word_1_32' title='bbox 1521 473 1772 541; x_wconf 89' lang='lat' dir='ltr'><strong>omnique</strong></span> <span class='ocrx_word' id='word_1_33' title='bbox 1823 473 2012 528; x_wconf 87' lang='lat' dir='ltr'><strong>militia</strong></span> <span class='ocrx_word' id='word_1_34' title='bbox 2059 489 2150 529; x_wconf 88' lang='lat' dir='ltr'><strong>eo-</strong></span> 
     </span>
    </p>
   </div>
   <div class='ocr_carea' id='block_1_8' title="bbox 580 555 2150 637">
    <p class='ocr_par' dir='ltr' id='par_1_8' title="bbox 580 555 2150 637">
     <span class='ocr_line' id='line_1_8' title="bbox 580 555 2150 637; baseline 0.005 -26"><span class='ocrx_word' id='word_1_35' title='bbox 580 570 722 618; x_wconf 84' lang='lat' dir='ltr'><strong>rum,</strong></span> <span class='ocrx_word' id='word_1_36' title='bbox 753 555 842 624; x_wconf 87' lang='lat' dir='ltr'><strong>qui</strong></span> <span class='ocrx_word' id='word_1_37' title='bbox 867 555 1124 624; x_wconf 87' lang='lat' dir='ltr'><strong>judicium</strong></span> <span class='ocrx_word' id='word_1_38' title='bbox 1170 559 1500 629; x_wconf 86' lang='lat' dir='ltr'><strong>etjustitia-m</strong></span> <span class='ocrx_word' id='word_1_39' title='bbox 1530 562 1784 633; x_wconf 87' lang='lat' dir='ltr'><strong>diligunt,</strong></span> <span class='ocrx_word' id='word_1_40' title='bbox 1817 565 2025 621; x_wconf 86' lang='lat' dir='ltr'><strong>Domini</strong></span> <span class='ocrx_word' id='word_1_41' title='bbox 2056 555 2150 637; x_wconf 68' lang='lat' dir='ltr'><strong>p&#39;o-</strong></span> 
     </span>
    </p>
   </div>
   <div class='ocr_carea' id='block_1_9' title="bbox 584 648 1212 705">
    <p class='ocr_par' dir='ltr' id='par_1_9' title="bbox 584 648 1212 705">
     <span class='ocr_line' id='line_1_9' title="bbox 584 648 1212 705; baseline 0.003 -2"><span class='ocrx_word' id='word_1_42' title='bbox 584 648 806 704; x_wconf 83' lang='lat' dir='ltr'><strong>tentiam</strong></span> <span class='ocrx_word' id='word_1_43' title='bbox 829 649 1212 705; x_wconf 80' lang='lat' dir='ltr'><strong>obsecramus.&#39;</strong></span> 
     </span>
    </p>
   </div>
   <div class='ocr_carea' id='block_1_10' title="bbox 653 737 2149 816">
    <p class='ocr_par' dir='ltr' id='par_1_10' title="bbox 653 737 2149 816">
     <span class='ocr_line' id='line_1_10' title="bbox 653 737 2149 816; baseline 0.005 -24"><span class='ocrx_word' id='word_1_44' title='bbox 653 737 758 793; x_wconf 88' lang='lat' dir='ltr'><strong>Pro</strong></span> <span class='ocrx_word' id='word_1_45' title='bbox 786 739 1122 808; x_wconf 72' lang='lat' dir='ltr'><strong>iucunditate</strong></span> <span class='ocrx_word' id='word_1_46' title='bbox 1153 751 1207 796; x_wconf 86' lang='lat' dir='ltr'><strong>et</strong></span> <span class='ocrx_word' id='word_1_47' title='bbox 1233 745 1522 798; x_wconf 73' lang='lat' dir='ltr'><strong>serenitate</strong></span> <span class='ocrx_word' id='word_1_48' title='bbox 1551 745 1759 815; x_wconf 67' lang='lat' dir='ltr'><strong>pluviae,</strong></span> <span class='ocrx_word' id='word_1_49' title='bbox 1812 755 1972 816; x_wconf 85' lang='lat' dir='ltr'><strong>atque</strong></span> <span class='ocrx_word' id='word_1_50' title='bbox 1995 763 2149 802; x_wconf 87' lang='lat' dir='ltr'><strong>aura-</strong></span> 
     </span>
    </p>
   </div>
   <div class='ocr_carea' id='block_1_11' title="bbox 582 829 2146 906">
    <p class='ocr_par' dir='ltr' id='par_1_11' title="bbox 582 829 2146 906">
     <span class='ocr_line' id='line_1_11' title="bbox 582 829 2146 906; baseline 0.006 -24"><span class='ocrx_word' id='word_1_51' title='bbox 582 842 701 882; x_wconf 84' lang='lat' dir='ltr'><strong>rum</strong></span> <span class='ocrx_word' id='word_1_52' title='bbox 727 829 965 886; x_wconf 81' lang='lat' dir='ltr'><strong>vitalinm</strong></span> <span class='ocrx_word' id='word_1_53' title='bbox 1011 831 1411 898; x_wconf 81' lang='lat' dir='ltr'><strong>blandimentis,</strong></span> <span class='ocrx_word' id='word_1_54' title='bbox 1443 851 1505 890; x_wconf 90' lang='lat' dir='ltr'><strong>ac</strong></span> <span class='ocrx_word' id='word_1_55' title='bbox 1529 851 1789 906; x_wconf 84' lang='lat' dir='ltr'><strong>prospero</strong></span> <span class='ocrx_word' id='word_1_56' title='bbox 1817 837 2146 893; x_wconf 87' lang='lat' dir='ltr'><strong>diversorum</strong></span> 
     </span>
    </p>
   </div>
   <div class='ocr_carea' id='block_1_12' title="bbox 580 927 2148 999">
    <p class='ocr_par' dir='ltr' id='par_1_12' title="bbox 580 927 2148 999">
     <span class='ocr_line' id='line_1_12' title="bbox 580 927 2148 999; baseline 0.006 -26"><span class='ocrx_word' id='word_1_57' title='bbox 580 932 804 991; x_wconf 84' lang='lat' dir='ltr'><strong>operum</strong></span> <span class='ocrx_word' id='word_1_58' title='bbox 848 938 1034 988; x_wconf 86' lang='lat' dir='ltr'><strong>cursu,</strong></span> <span class='ocrx_word' id='word_1_59' title='bbox 1083 932 1346 979; x_wconf 89' lang='lat' dir='ltr'><strong>rectorem</strong></span> <span class='ocrx_word' id='word_1_60' title='bbox 1397 928 1579 981; x_wconf 89' lang='lat' dir='ltr'><strong>mundi</strong></span> <span class='ocrx_word' id='word_1_61' title='bbox 1631 927 1913 998; x_wconf 89' lang='lat' dir='ltr'><strong>Dominum</strong></span> <span class='ocrx_word' id='word_1_62' title='bbox 1961 929 2148 999; x_wconf 88' lang='lat' dir='ltr'><strong>depre-</strong></span> 
     </span>
    </p>
   </div>
   <div class='ocr_carea' id='block_1_13' title="bbox 583 1007 1764 1068">
    <p class='ocr_par' dir='ltr' id='par_1_13' title="bbox 583 1007 1764 1068">
     <span class='ocr_line' id='line_1_13' title="bbox 583 1007 1764 1068; baseline -0.008 0"><span class='ocrx_word' id='word_1_63' title='bbox 583 1015 789 1068; x_wconf 66' lang='lat' dir='ltr'><strong>camur.</strong></span> <span class='ocrx_word' id='word_1_64' title='bbox 1656 1040 1661 1044; x_wconf 93' lang='lat'><strong><em>-</em></strong></span> <span class='ocrx_word' id='word_1_65' title='bbox 1759 1007 1764 1012; x_wconf 83' lang='grc'><em>’</em></span> 
     </span>
    </p>
   </div>
   <div class='ocr_carea' id='block_1_14' title="bbox 651 1100 2153 1172">
    <p class='ocr_par' dir='ltr' id='par_1_14' title="bbox 651 1100 2153 1172">
     <span class='ocr_line' id='line_1_14' title="bbox 651 1100 2153 1172; baseline 0.004 -18"><span class='ocrx_word' id='word_1_66' title='bbox 651 1100 754 1157; x_wconf 87' lang='lat' dir='ltr'><strong>Pro</strong></span> <span class='ocrx_word' id='word_1_67' title='bbox 798 1103 902 1166; x_wconf 88' lang='lat' dir='ltr'><strong>his,</strong></span> <span class='ocrx_word' id='word_1_68' title='bbox 936 1118 1072 1171; x_wconf 88' lang='lat' dir='ltr'><strong>quos</strong></span> <span class='ocrx_word' id='word_1_69' title='bbox 1103 1104 1274 1172; x_wconf 89' lang='lat' dir='ltr'><strong>prima</strong></span> <span class='ocrx_word' id='word_1_70' title='bbox 1317 1104 1607 1161; x_wconf 84' lang='lat' dir='ltr'><strong>Christiani</strong></span> <span class='ocrx_word' id='word_1_71' title='bbox 1646 1107 1877 1163; x_wconf 88' lang='lat' dir='ltr'><strong>nominis</strong></span> <span class='ocrx_word' id='word_1_72' title='bbox 1921 1107 2153 1162; x_wconf 83' lang='lat' dir='ltr'><strong>initiavit</strong></span> 
     </span>
    </p>
   </div>
   <div class='ocr_carea' id='block_1_15' title="bbox 582 1191 2150 1268">
    <p class='ocr_par' dir='ltr' id='par_1_15' title="bbox 582 1191 2150 1268">
     <span class='ocr_line' id='line_1_15' title="bbox 582 1191 2150 1268; baseline 0.001 -22"><span class='ocrx_word' id='word_1_73' title='bbox 582 1191 804 1263; x_wconf 75' lang='lat' dir='ltr'><strong>agnitio,</strong></span> <span class='ocrx_word' id='word_1_74' title='bbox 853 1207 988 1262; x_wconf 90' lang='lat' dir='ltr'><strong>quos</strong></span> <span class='ocrx_word' id='word_1_75' title='bbox 1027 1191 1140 1260; x_wconf 87' lang='lat' dir='ltr'><strong>jam</strong></span> <span class='ocrx_word' id='word_1_76' title='bbox 1182 1193 1509 1263; x_wconf 79' lang='lat' dir='ltr'><strong>desiderium</strong></span> <span class='ocrx_word' id='word_1_77' title='bbox 1553 1196 1661 1268; x_wconf 73' lang='lat'><strong>90</strong></span> <span class='ocrx_word' id='word_1_78' title='bbox 1697 1197 1881 1267; x_wconf 65' lang='lat' dir='ltr'><strong>gratiae</strong></span> <span class='ocrx_word' id='word_1_79' title='bbox 1915 1195 2150 1251; x_wconf 70' lang='lat' dir='ltr'><strong>caelestis</strong></span> 
     </span>
    </p>
   </div>
   <div class='ocr_carea' id='block_1_16' title="bbox 581 1271 2150 1354">
    <p class='ocr_par' dir='ltr' id='par_1_16' title="bbox 581 1271 2150 1354">
     <span class='ocr_line' id='line_1_16' title="bbox 581 1271 2150 1354; baseline 0.002 -17"><span class='ocrx_word' id='word_1_80' title='bbox 581 1283 865 1350; x_wconf 86' lang='lat' dir='ltr'><strong>accendit,</strong></span> <span class='ocrx_word' id='word_1_81' title='bbox 929 1285 1313 1354; x_wconf 81' lang='lat' dir='ltr'><strong>omnipotentis</strong></span> <span class='ocrx_word' id='word_1_82' title='bbox 1360 1271 1938 1342; x_wconf 47' lang='lat' dir='ltr'><strong>Dei’misericordiam</strong></span> <span class='ocrx_word' id='word_1_83' title='bbox 1996 1286 2150 1341; x_wconf 86' lang='lat' dir='ltr'><strong>obse-</strong></span> 
     </span>
    </p>
   </div>
   <div class='ocr_carea' id='block_1_17' title="bbox 579 1384 2086 1436">
    <p class='ocr_par' dir='ltr' id='par_1_17' title="bbox 579 1384 2086 1436">
     <span class='ocr_line' id='line_1_17' title="bbox 579 1384 2086 1436; baseline -0.005 -2"><span class='ocrx_word' id='word_1_84' title='bbox 579 1394 816 1436; x_wconf 87' lang='lat' dir='ltr'><strong>eramus.</strong></span> <span class='ocrx_word' id='word_1_85' title='bbox 2078 1384 2086 1394; x_wconf 91' lang='grc'><em>’</em></span> 
     </span>
    </p>
   </div>
   <div class='ocr_carea' id='block_1_18' title="bbox 651 1471 2178 1543">
    <p class='ocr_par' dir='ltr' id='par_1_18' title="bbox 651 1471 2178 1543">
     <span class='ocr_line' id='line_1_18' title="bbox 651 1471 2178 1543; baseline -0.001 -16"><span class='ocrx_word' id='word_1_86' title='bbox 651 1471 754 1535; x_wconf 79' lang='lat' dir='ltr'><strong>Pro</strong></span> <span class='ocrx_word' id='word_1_87' title='bbox 802 1471 906 1537; x_wconf 89' lang='lat' dir='ltr'><strong>bis,</strong></span> <span class='ocrx_word' id='word_1_88' title='bbox 942 1488 1078 1543; x_wconf 88' lang='lat' dir='ltr'><strong>quos</strong></span> <span class='ocrx_word' id='word_1_89' title='bbox 1117 1474 1365 1528; x_wconf 74' lang='lat' dir='ltr'><strong>humana:</strong></span> <span class='ocrx_word' id='word_1_90' title='bbox 1412 1472 1734 1529; x_wconf 87' lang='lat' dir='ltr'><strong>infirmitatis</strong></span> <span class='ocrx_word' id='word_1_91' title='bbox 1781 1471 2060 1543; x_wconf 81' lang='lat' dir='ltr'><strong>fragilitas,</strong></span> <span class='ocrx_word' id='word_1_92' title='bbox 2097 1475 2178 1528; x_wconf 58' lang='lat' dir='ltr'><strong>et&#39;</strong></span> 
     </span>
    </p>
   </div>
   <div class='ocr_carea' id='block_1_19' title="bbox 579 1562 2148 1635">
    <p class='ocr_par' dir='ltr' id='par_1_19' title="bbox 579 1562 2148 1635">
     <span class='ocr_line' id='line_1_19' title="bbox 579 1562 2148 1635; baseline 0.001 -19"><span class='ocrx_word' id='word_1_93' title='bbox 579 1577 714 1630; x_wconf 89' lang='lat' dir='ltr'><strong>quos</strong></span> <span class='ocrx_word' id='word_1_94' title='bbox 767 1563 1016 1632; x_wconf 52' lang='lat' dir='ltr'><strong>nequitia</strong></span> <span class='ocrx_word' id='word_1_95' title='bbox 1051 1562 1305 1635; x_wconf 81' lang='lat' dir='ltr'><strong>spiritalis</strong></span> <span class='ocrx_word' id='word_1_96' title='bbox 1351 1562 1568 1626; x_wconf 87' lang='lat' dir='ltr'><strong>invidia,</strong></span> <span class='ocrx_word' id='word_1_97' title='bbox 1616 1563 1696 1617; x_wconf 87' lang='lat' dir='ltr'><strong>vel</strong></span> <span class='ocrx_word' id='word_1_98' title='bbox 1741 1562 1924 1621; x_wconf 72' lang='lat' dir='ltr'><strong>varius</strong></span> <span class='ocrx_word' id='word_1_99' title='bbox 1967 1563 2148 1618; x_wconf 68' lang='lat' dir='ltr'><strong>smculi</strong></span> 
     </span>
    </p>
   </div>
   <div class='ocr_carea' id='block_1_20' title="bbox 2248 381 3804 454">
    <p class='ocr_par' dir='ltr' id='par_1_20' title="bbox 2248 381 3804 454">
     <span class='ocr_line' id='line_1_20' title="bbox 2248 381 3804 454; baseline -0.003 -14"><span class='ocrx_word' id='word_1_100' title='bbox 2248 387 2548 448; x_wconf 85' lang='lat' dir='ltr'><strong>clementia,</strong></span> <span class='ocrx_word' id='word_1_101' title='bbox 2595 395 2809 454; x_wconf 82' lang='lat' dir='ltr'><strong>propter</strong></span> <span class='ocrx_word' id='word_1_102' title='bbox 2836 400 3028 440; x_wconf 84' lang='lat' dir='ltr'><strong>nomen</strong></span> <span class='ocrx_word' id='word_1_103' title='bbox 3063 393 3208 438; x_wconf 84' lang='lat' dir='ltr'><strong>tuum</strong></span> <span class='ocrx_word' id='word_1_104' title='bbox 3230 384 3362 439; x_wconf 85' lang='lat' dir='ltr'><strong>bene</strong></span> <span class='ocrx_word' id='word_1_105' title='bbox 3386 383 3535 438; x_wconf 89' lang='lat' dir='ltr'><strong>nobis</strong></span> <span class='ocrx_word' id='word_1_106' title='bbox 3561 381 3804 437; x_wconf 84' lang='lat' dir='ltr'><strong>facienti-</strong></span> 
     </span>
    </p>
   </div>
   <div class='ocr_carea' id='block_1_21' title="bbox 2248 475 3804 548">
    <p class='ocr_par' dir='ltr' id='par_1_21' title="bbox 2248 475 3804 548">
     <span class='ocr_line' id='line_1_21' title="bbox 2248 475 3804 548; baseline -0.002 -18"><span class='ocrx_word' id='word_1_107' title='bbox 2248 477 2366 531; x_wconf 88' lang='lat' dir='ltr'><strong>bus.</strong></span> <span class='ocrx_word' id='word_1_108' title='bbox 2399 475 2463 529; x_wconf 90' lang='lat' dir='ltr'><strong>Et</strong></span> <span class='ocrx_word' id='word_1_109' title='bbox 2497 492 2592 544; x_wconf 67' lang='lat' dir='ltr'><strong>pro</strong></span> <span class='ocrx_word' id='word_1_110' title='bbox 2625 477 2708 531; x_wconf 89' lang='lat' dir='ltr'><strong>bis</strong></span> <span class='ocrx_word' id='word_1_111' title='bbox 2740 478 2830 548; x_wconf 88' lang='lat' dir='ltr'><strong>qui</strong></span> <span class='ocrx_word' id='word_1_112' title='bbox 2866 476 3088 546; x_wconf 84' lang='lat' dir='ltr'><strong>spiritali</strong></span> <span class='ocrx_word' id='word_1_113' title='bbox 3127 475 3343 548; x_wconf 82' lang='lat' dir='ltr'><strong>stimulo</strong></span> <span class='ocrx_word' id='word_1_114' title='bbox 3375 475 3670 544; x_wconf 88' lang='lat' dir='ltr'><strong>compnncti</strong></span> <span class='ocrx_word' id='word_1_115' title='bbox 3707 489 3804 529; x_wconf 87' lang='lat' dir='ltr'><strong>sua</strong></span> 
     </span>
    </p>
   </div>
   <div class='ocr_carea' id='block_1_22' title="bbox 2249 553 3196 638">
    <p class='ocr_par' dir='ltr' id='par_1_22' title="bbox 2249 553 3196 638">
     <span class='ocr_line' id='line_1_22' title="bbox 2249 553 3196 638; baseline -0.003 -17"><span class='ocrx_word' id='word_1_116' title='bbox 2249 568 2403 622; x_wconf 91' lang='lat' dir='ltr'><strong>nobis</strong></span> <span class='ocrx_word' id='word_1_117' title='bbox 2434 568 2664 622; x_wconf 77' lang='lat' dir='ltr'><strong>confessi</strong></span> <span class='ocrx_word' id='word_1_118' title='bbox 2695 577 2820 622; x_wconf 91' lang='lat' dir='ltr'><strong>sunt</strong></span> <span class='ocrx_word' id='word_1_119' title='bbox 2843 575 3080 638; x_wconf 88' lang='lat' dir='ltr'><strong>peccata.</strong></span> <span class='ocrx_word' id='word_1_120' title='bbox 3183 553 3196 560; x_wconf 20' lang='grc' dir='ltr'><strong>κ</strong></span> 
     </span>
    </p>
   </div>
   <div class='ocr_carea' id='block_1_23' title="bbox 2318 655 3806 730">
    <p class='ocr_par' dir='ltr' id='par_1_23' title="bbox 2318 655 3806 730">
     <span class='ocr_line' id='line_1_23' title="bbox 2318 655 3806 730; baseline -0.002 -19"><span class='ocrx_word' id='word_1_121' title='bbox 2318 657 2425 712; x_wconf 83' lang='lat' dir='ltr'><strong>llos</strong></span> <span class='ocrx_word' id='word_1_122' title='bbox 2456 674 2599 730; x_wconf 88' lang='lat' dir='ltr'><strong>ergo,</strong></span> <span class='ocrx_word' id='word_1_123' title='bbox 2637 658 2972 726; x_wconf 89' lang='lat' dir='ltr'><strong>omnipotens</strong></span> <span class='ocrx_word' id='word_1_124' title='bbox 3003 658 3162 721; x_wconf 90' lang='lat' dir='ltr'><strong>Deus,</strong></span> <span class='ocrx_word' id='word_1_125' title='bbox 3206 671 3412 719; x_wconf 88' lang='lat' dir='ltr'><strong>omnes,</strong></span> <span class='ocrx_word' id='word_1_126' title='bbox 3449 669 3676 724; x_wconf 84' lang='lat' dir='ltr'><strong>quorum</strong></span> <span class='ocrx_word' id='word_1_127' title='bbox 3718 655 3806 708; x_wconf 83' lang='lat' dir='ltr'><strong>hic</strong></span> 
     </span>
    </p>
   </div>
   <div class='ocr_carea' id='block_1_24' title="bbox 2248 743 3807 816">
    <p class='ocr_par' dir='ltr' id='par_1_24' title="bbox 2248 743 3807 816">
     <span class='ocr_line' id='line_1_24' title="bbox 2248 743 3807 816; baseline -0.003 -15"><span class='ocrx_word' id='word_1_128' title='bbox 2248 748 2462 802; x_wconf 91' lang='lat' dir='ltr'><strong>nomina</strong></span> <span class='ocrx_word' id='word_1_129' title='bbox 2493 748 2690 816; x_wconf 89' lang='lat' dir='ltr'><strong>scripta</strong></span> <span class='ocrx_word' id='word_1_130' title='bbox 2715 747 3006 812; x_wconf 79' lang='lat' dir='ltr'><strong>habentur,</strong></span> <span class='ocrx_word' id='word_1_131' title='bbox 3037 746 3106 801; x_wconf 84' lang='lat' dir='ltr'><strong>ab</strong></span> <span class='ocrx_word' id='word_1_132' title='bbox 3135 745 3380 801; x_wconf 86' lang='lat' dir='ltr'><strong>omnibus</strong></span> <span class='ocrx_word' id='word_1_133' title='bbox 3405 746 3456 800; x_wconf 88' lang='lat' dir='ltr'><strong>in</strong></span> <span class='ocrx_word' id='word_1_134' title='bbox 3479 746 3583 803; x_wconf 75' lang='lat' dir='ltr'><strong>hoc</strong></span> <span class='ocrx_word' id='word_1_135' title='bbox 3615 743 3807 800; x_wconf 71' lang='lat' dir='ltr'><strong>smeulo</strong></span> 
     </span>
    </p>
   </div>
   <div class='ocr_carea' id='block_1_25' title="bbox 2250 837 3806 910">
    <p class='ocr_par' dir='ltr' id='par_1_25' title="bbox 2250 837 3806 910">
     <span class='ocr_line' id='line_1_25' title="bbox 2250 837 3806 910; baseline 0.001 -20"><span class='ocrx_word' id='word_1_136' title='bbox 2250 838 2455 893; x_wconf 88' lang='lat' dir='ltr'><strong>insidiis</strong></span> <span class='ocrx_word' id='word_1_137' title='bbox 2485 837 2678 892; x_wconf 89' lang='lat' dir='ltr'><strong>diaboli</strong></span> <span class='ocrx_word' id='word_1_138' title='bbox 2715 839 2767 892; x_wconf 94' lang='lat' dir='ltr'><strong>in</strong></span> <span class='ocrx_word' id='word_1_139' title='bbox 2797 846 2888 893; x_wconf 91' lang='lat' dir='ltr'><strong>tuo</strong></span> <span class='ocrx_word' id='word_1_140' title='bbox 2920 847 3108 893; x_wconf 90' lang='lat' dir='ltr'><strong>sancto</strong></span> <span class='ocrx_word' id='word_1_141' title='bbox 3129 853 3451 894; x_wconf 86' lang='lat' dir='ltr'><strong>conservare</strong></span> <span class='ocrx_word' id='word_1_142' title='bbox 3483 837 3716 910; x_wconf 87' lang='lat' dir='ltr'><strong>digneris</strong></span> <span class='ocrx_word' id='word_1_143' title='bbox 3746 838 3806 891; x_wconf 85' lang='lat' dir='ltr'><strong>il-</strong></span> 
     </span>
    </p>
   </div>
   <div class='ocr_carea' id='block_1_26' title="bbox 2247 926 3808 997">
    <p class='ocr_par' dir='ltr' id='par_1_26' title="bbox 2247 926 3808 997">
     <span class='ocr_line' id='line_1_26' title="bbox 2247 926 3808 997; baseline 0.001 -18"><span class='ocrx_word' id='word_1_144' title='bbox 2247 926 2400 982; x_wconf 63' lang='lat' dir='ltr'><strong>laesos</strong></span> <span class='ocrx_word' id='word_1_145' title='bbox 2437 929 2677 993; x_wconf 86' lang='lat' dir='ltr'><strong>servitio,</strong></span> <span class='ocrx_word' id='word_1_146' title='bbox 2712 937 2768 982; x_wconf 92' lang='lat' dir='ltr'><strong>ut</strong></span> <span class='ocrx_word' id='word_1_147' title='bbox 2798 929 2849 982; x_wconf 92' lang='lat' dir='ltr'><strong>in</strong></span> <span class='ocrx_word' id='word_1_148' title='bbox 2881 927 3060 984; x_wconf 85' lang='lat' dir='ltr'><strong>futuro</strong></span> <span class='ocrx_word' id='word_1_149' title='bbox 3093 938 3268 986; x_wconf 86' lang='lat' dir='ltr'><strong>tecum</strong></span> <span class='ocrx_word' id='word_1_150' title='bbox 3296 928 3512 997; x_wconf 70' lang='lat' dir='ltr'><strong>prmmia</strong></span> <span class='ocrx_word' id='word_1_151' title='bbox 3557 926 3808 996; x_wconf 82' lang='lat' dir='ltr'><strong>consequi</strong></span> 
     </span>
    </p>
   </div>
   <div class='ocr_carea' id='block_1_27' title="bbox 2248 1026 2793 1072">
    <p class='ocr_par' dir='ltr' id='par_1_27' title="bbox 2248 1026 2793 1072">
     <span class='ocr_line' id='line_1_27' title="bbox 2248 1026 2793 1072; baseline 0 -3"><span class='ocrx_word' id='word_1_152' title='bbox 2248 1026 2556 1072; x_wconf 85' lang='lat' dir='ltr'><strong>mereantur</strong></span> <span class='ocrx_word' id='word_1_153' title='bbox 2576 1026 2793 1071; x_wconf 62' lang='lat' dir='ltr'><strong>aeterna.</strong></span> 
     </span>
    </p>
   </div>
   <div class='ocr_carea' id='block_1_28' title="bbox 2318 1097 3808 1176">
    <p class='ocr_par' dir='ltr' id='par_1_28' title="bbox 2318 1097 3808 1176">
     <span class='ocr_line' id='line_1_28' title="bbox 2318 1097 3808 1176; baseline -0.001 -14"><span class='ocrx_word' id='word_1_154' title='bbox 2318 1107 2505 1176; x_wconf 80' lang='lat' dir='ltr'><strong>Salvos</strong></span> <span class='ocrx_word' id='word_1_155' title='bbox 2545 1107 2629 1163; x_wconf 87' lang='lat' dir='ltr'><strong>fac</strong></span> <span class='ocrx_word' id='word_1_156' title='bbox 2665 1097 2849 1163; x_wconf 83' lang='lat' dir='ltr'><strong>servos</strong></span> <span class='ocrx_word' id='word_1_157' title='bbox 2891 1117 3031 1163; x_wconf 91' lang='lat' dir='ltr'><strong>tuos.</strong></span> <span class='ocrx_word' id='word_1_158' title='bbox 3062 1108 3212 1164; x_wconf 79' lang='lat' dir='ltr'><strong>Mitte</strong></span> <span class='ocrx_word' id='word_1_159' title='bbox 3237 1109 3332 1169; x_wconf 88' lang='lat' dir='ltr'><strong>eis.</strong></span> <span class='ocrx_word' id='word_1_160' title='bbox 3375 1107 3616 1170; x_wconf 88' lang='lat' dir='ltr'><strong>Domine,</strong></span> <span class='ocrx_word' id='word_1_161' title='bbox 3655 1109 3808 1161; x_wconf 77' lang='lat' dir='ltr'><strong>auxi-</strong></span> 
     </span>
    </p>
   </div>
   <div class='ocr_carea' id='block_1_29' title="bbox 2247 1195 3811 1268">
    <p class='ocr_par' dir='ltr' id='par_1_29' title="bbox 2247 1195 3811 1268">
     <span class='ocr_line' id='line_1_29' title="bbox 2247 1195 3811 1268; baseline -0.001 -19"><span class='ocrx_word' id='word_1_162' title='bbox 2247 1197 2376 1252; x_wconf 87' lang='lat' dir='ltr'><strong>lium</strong></span> <span class='ocrx_word' id='word_1_163' title='bbox 2422 1199 2487 1253; x_wconf 92' lang='lat' dir='ltr'><strong>de</strong></span> <span class='ocrx_word' id='word_1_164' title='bbox 2514 1209 2718 1254; x_wconf 88' lang='lat' dir='ltr'><strong>sancto.</strong></span> <span class='ocrx_word' id='word_1_165' title='bbox 2762 1197 2900 1253; x_wconf 79' lang='lat' dir='ltr'><strong>Nihil</strong></span> <span class='ocrx_word' id='word_1_166' title='bbox 2929 1197 3178 1268; x_wconf 83' lang='lat' dir='ltr'><strong>proficiat</strong></span> <span class='ocrx_word' id='word_1_167' title='bbox 3221 1197 3467 1252; x_wconf 89' lang='lat' dir='ltr'><strong>inimicus</strong></span> <span class='ocrx_word' id='word_1_168' title='bbox 3501 1198 3552 1253; x_wconf 90' lang='lat' dir='ltr'><strong>in</strong></span> <span class='ocrx_word' id='word_1_169' title='bbox 3581 1197 3676 1250; x_wconf 92' lang='lat' dir='ltr'><strong>eis.</strong></span> <span class='ocrx_word' id='word_1_170' title='bbox 3708 1195 3811 1250; x_wconf 85' lang='lat' dir='ltr'><strong>Per</strong></span> 
     </span>
    </p>
   </div>
   <div class='ocr_carea' id='block_1_30' title="bbox 2249 1288 3810 1357">
    <p class='ocr_par' dir='ltr' id='par_1_30' title="bbox 2249 1288 3810 1357">
     <span class='ocr_line' id='line_1_30' title="bbox 2249 1288 3810 1357; baseline -0.001 -15"><span class='ocrx_word' id='word_1_171' title='bbox 2249 1290 2456 1355; x_wconf 89' lang='lat' dir='ltr'><strong>merita,</strong></span> <span class='ocrx_word' id='word_1_172' title='bbox 2510 1291 2750 1357; x_wconf 81' lang='lat' dir='ltr'><strong>Domine,</strong></span> <span class='ocrx_word' id='word_1_173' title='bbox 2807 1300 2862 1346; x_wconf 91' lang='lat' dir='ltr'><strong>et</strong></span> <span class='ocrx_word' id='word_1_174' title='bbox 2905 1292 3176 1346; x_wconf 86' lang='lat' dir='ltr'><strong>orationes</strong></span> <span class='ocrx_word' id='word_1_175' title='bbox 3220 1299 3529 1344; x_wconf 87' lang='lat' dir='ltr'><strong>sanctorum</strong></span> <span class='ocrx_word' id='word_1_176' title='bbox 3575 1288 3810 1343; x_wconf 87' lang='lat' dir='ltr'><strong>omnium</strong></span> 
     </span>
    </p>
   </div>
   <div class='ocr_carea' id='block_1_31' title="bbox 2247 1378 3814 1462">
    <p class='ocr_par' dir='ltr' id='par_1_31' title="bbox 2247 1378 3814 1462">
     <span class='ocr_line' id='line_1_31' title="bbox 2247 1378 3814 1462; baseline -0.001 -28"><span class='ocrx_word' id='word_1_177' title='bbox 2247 1380 2435 1446; x_wconf 80' lang='lat' dir='ltr'><strong>libera,</strong></span> <span class='ocrx_word' id='word_1_178' title='bbox 2481 1383 2709 1448; x_wconf 82' lang='lat' dir='ltr'><strong>custodi,</strong></span> <span class='ocrx_word' id='word_1_179' title='bbox 2756 1382 3034 1448; x_wconf 80' lang='lat' dir='ltr'><strong>conﬁrma,</strong></span> <span class='ocrx_word' id='word_1_180' title='bbox 3074 1381 3315 1462; x_wconf 74' lang='lat' dir='ltr'><strong>pacifica,</strong></span> <span class='ocrx_word' id='word_1_181' title='bbox 3361 1379 3602 1452; x_wconf 84' lang='lat' dir='ltr'><strong>purifica,</strong></span> <span class='ocrx_word' id='word_1_182' title='bbox 3639 1389 3693 1434; x_wconf 91' lang='lat' dir='ltr'><strong>et</strong></span> <span class='ocrx_word' id='word_1_183' title='bbox 3729 1378 3814 1442; x_wconf 45' lang='lat' dir='ltr'><strong>dig</strong></span> 
     </span>
    </p>
   </div>
   <div class='ocr_carea' id='block_1_32' title="bbox 2247 1471 3813 1540">
    <p class='ocr_par' dir='ltr' id='par_1_32' title="bbox 2247 1471 3813 1540">
     <span class='ocr_line' id='line_1_32' title="bbox 2247 1471 3813 1540; baseline -0.003 -12"><span class='ocrx_word' id='word_1_184' title='bbox 2247 1475 2398 1530; x_wconf 92' lang='lat' dir='ltr'><strong>mitte</strong></span> <span class='ocrx_word' id='word_1_185' title='bbox 2423 1476 2500 1530; x_wconf 89' lang='lat' dir='ltr'><strong>eis</strong></span> <span class='ocrx_word' id='word_1_186' title='bbox 2539 1475 2731 1531; x_wconf 89' lang='lat' dir='ltr'><strong>delicta</strong></span> <span class='ocrx_word' id='word_1_187' title='bbox 2773 1491 2980 1540; x_wconf 88' lang='lat' dir='ltr'><strong>eorum,</strong></span> <span class='ocrx_word' id='word_1_188' title='bbox 3013 1485 3068 1530; x_wconf 88' lang='lat' dir='ltr'><strong>et</strong></span> <span class='ocrx_word' id='word_1_189' title='bbox 3108 1489 3367 1530; x_wconf 90' lang='lat' dir='ltr'><strong>conserva</strong></span> <span class='ocrx_word' id='word_1_190' title='bbox 3394 1489 3488 1528; x_wconf 91' lang='lat' dir='ltr'><strong>eos</strong></span> <span class='ocrx_word' id='word_1_191' title='bbox 3517 1473 3571 1527; x_wconf 91' lang='lat' dir='ltr'><strong>in</strong></span> <span class='ocrx_word' id='word_1_192' title='bbox 3601 1471 3813 1527; x_wconf 89' lang='lat' dir='ltr'><strong>nomine</strong></span> 
     </span>
    </p>
   </div>
   <div class='ocr_carea' id='block_1_33' title="bbox 2249 1564 3815 1633">
    <p class='ocr_par' dir='ltr' id='par_1_33' title="bbox 2249 1564 3815 1633">
     <span class='ocr_line' id='line_1_33' title="bbox 2249 1564 3815 1633; baseline -0.004 -11"><span class='ocrx_word' id='word_1_193' title='bbox 2249 1575 2362 1633; x_wconf 87' lang='lat' dir='ltr'><strong>tuo,</strong></span> <span class='ocrx_word' id='word_1_194' title='bbox 2399 1567 2538 1623; x_wconf 91' lang='lat' dir='ltr'><strong>sicut</strong></span> <span class='ocrx_word' id='word_1_195' title='bbox 2579 1568 2660 1622; x_wconf 86' lang='lat' dir='ltr'><strong>vis</strong></span> <span class='ocrx_word' id='word_1_196' title='bbox 2697 1577 2750 1622; x_wconf 90' lang='lat' dir='ltr'><strong>et</strong></span> <span class='ocrx_word' id='word_1_197' title='bbox 2778 1568 2916 1623; x_wconf 90' lang='lat' dir='ltr'><strong>sicut</strong></span> <span class='ocrx_word' id='word_1_198' title='bbox 2946 1567 3083 1632; x_wconf 89' lang='lat' dir='ltr'><strong>scis,</strong></span> <span class='ocrx_word' id='word_1_199' title='bbox 3125 1567 3362 1622; x_wconf 83' lang='lat' dir='ltr'><strong>Domine.</strong></span> <span class='ocrx_word' id='word_1_200' title='bbox 3405 1564 3733 1627; x_wconf 87' lang='lat' dir='ltr'><strong>Benedictio,</strong></span> <span class='ocrx_word' id='word_1_201' title='bbox 3762 1571 3815 1618; x_wconf 82' lang='lat' dir='ltr'><strong>et</strong></span> 
     </span>
    </p>
   </div>
   <div class='ocr_carea' id='block_1_34' title="bbox 580 1645 3811 1731">
    <p class='ocr_par' dir='ltr' id='par_1_34' title="bbox 580 1645 3811 1731">
     <span class='ocr_line' id='line_1_34' title="bbox 580 1645 3811 1731; baseline -0.004 -24"><span class='ocrx_word' id='word_1_202' title='bbox 580 1654 774 1708; x_wconf 85' lang='lat' dir='ltr'><strong>horror</strong></span> <span class='ocrx_word' id='word_1_203' title='bbox 813 1653 1054 1718; x_wconf 91' lang='lat' dir='ltr'><strong>involvit,</strong></span> <span class='ocrx_word' id='word_1_204' title='bbox 1102 1653 1476 1723; x_wconf 83' lang='lat' dir='ltr'><strong>Redemptoris</strong></span> <span class='ocrx_word' id='word_1_205' title='bbox 1511 1654 1682 1708; x_wconf 81' lang='lat' dir='ltr'><strong>nostri</strong></span> <span class='ocrx_word' id='word_1_206' title='bbox 1728 1654 2149 1712; x_wconf 84' lang='lat' dir='ltr'><strong>misericordiam</strong></span> <span class='ocrx_word' id='word_1_207' title='bbox 2183 1645 2226 1704; x_wconf 85' lang='grc' dir='ltr'><strong>Β</strong></span> <span class='ocrx_word' id='word_1_208' title='bbox 2253 1661 2492 1725; x_wconf 62' lang='lat' dir='ltr'><strong>clarius,</strong></span> <span class='ocrx_word' id='word_1_209' title='bbox 2536 1669 2590 1716; x_wconf 68' lang='grc' dir='ltr'><strong>ει</strong></span> <span class='ocrx_word' id='word_1_210' title='bbox 2613 1661 2899 1729; x_wconf 53' lang='lat' dir='ltr'><strong>sapientia,</strong></span> <span class='ocrx_word' id='word_1_211' title='bbox 2932 1668 2986 1714; x_wconf 69' lang='grc' dir='ltr'><strong>ει</strong></span> <span class='ocrx_word' id='word_1_212' title='bbox 3019 1661 3310 1731; x_wconf 48' lang='lat' dir='ltr'><strong>gratiarum</strong></span> <span class='ocrx_word' id='word_1_213' title='bbox 3353 1657 3514 1722; x_wconf 50' lang='lat' dir='ltr'><strong>actio,</strong></span> <span class='ocrx_word' id='word_1_214' title='bbox 3544 1663 3599 1711; x_wconf 71' lang='grc' dir='ltr'>ει</span> <span class='ocrx_word' id='word_1_215' title='bbox 3622 1656 3811 1717; x_wconf 47' lang='lat' dir='ltr'><strong>honor.</strong></span> 
     </span>
    </p>
   </div>
   <div class='ocr_carea' id='block_1_35' title="bbox 582 1744 951 1814">
    <p class='ocr_par' dir='ltr' id='par_1_35' title="bbox 582 1744 951 1814">
     <span class='ocr_line' id='line_1_35' title="bbox 582 1744 951 1814; baseline 0.005 -15"><span class='ocrx_word' id='word_1_216' title='bbox 582 1744 951 1814; x_wconf 81' lang='lat' dir='ltr'><strong>imploramus.</strong></span> 
     </span>
    </p>
   </div>
   <div class='ocr_carea' id='block_1_36' title="bbox 651 1834 2152 1910">
    <p class='ocr_par' dir='ltr' id='par_1_36' title="bbox 651 1834 2152 1910">
     <span class='ocr_line' id='line_1_36' title="bbox 651 1834 2152 1910; baseline 0.001 -22"><span class='ocrx_word' id='word_1_217' title='bbox 651 1834 756 1892; x_wconf 88' lang='lat' dir='ltr'><strong>Pro</strong></span> <span class='ocrx_word' id='word_1_218' title='bbox 784 1838 889 1903; x_wconf 86' lang='lat' dir='ltr'><strong>bis,</strong></span> <span class='ocrx_word' id='word_1_219' title='bbox 923 1854 1060 1908; x_wconf 87' lang='lat' dir='ltr'><strong>quos</strong></span> <span class='ocrx_word' id='word_1_220' title='bbox 1083 1837 1532 1910; x_wconf 72' lang='lat' dir='ltr'><strong>peregrinationis</strong></span> <span class='ocrx_word' id='word_1_221' title='bbox 1564 1836 1890 1901; x_wconf 78' lang='lat' dir='ltr'><strong>necessitas,</strong></span> <span class='ocrx_word' id='word_1_222' title='bbox 1931 1845 2024 1890; x_wconf 78' lang='lat' dir='ltr'><strong>aut</strong></span> <span class='ocrx_word' id='word_1_223' title='bbox 2053 1836 2152 1890; x_wconf 86' lang='lat' dir='ltr'><strong>ini-</strong></span> 
     </span>
    </p>
   </div>
   <div class='ocr_carea' id='block_1_37' title="bbox 582 1925 2150 1998">
    <p class='ocr_par' dir='ltr' id='par_1_37' title="bbox 582 1925 2150 1998">
     <span class='ocr_line' id='line_1_37' title="bbox 582 1925 2150 1998; baseline -0.002 -18"><span class='ocrx_word' id='word_1_224' title='bbox 582 1941 703 1996; x_wconf 70' lang='lat' dir='ltr'><strong>qua:</strong></span> <span class='ocrx_word' id='word_1_225' title='bbox 734 1929 1016 1998; x_wconf 84' lang='lat' dir='ltr'><strong>potestatis</strong></span> <span class='ocrx_word' id='word_1_226' title='bbox 1059 1927 1327 1997; x_wconf 88' lang='lat' dir='ltr'><strong>impietas,</strong></span> <span class='ocrx_word' id='word_1_227' title='bbox 1355 1925 1441 1981; x_wconf 88' lang='lat' dir='ltr'><strong>vel</strong></span> <span class='ocrx_word' id='word_1_228' title='bbox 1463 1925 1669 1982; x_wconf 88' lang='lat' dir='ltr'><strong>hostilis</strong></span> <span class='ocrx_word' id='word_1_229' title='bbox 1693 1932 1860 1979; x_wconf 81' lang='lat' dir='ltr'><strong>vexat</strong></span> <span class='ocrx_word' id='word_1_230' title='bbox 1889 1940 2150 1988; x_wconf 67' lang='lat' dir='ltr'><strong>aerumna,</strong></span> 
     </span>
    </p>
   </div>
   <div class='ocr_carea' id='block_1_38' title="bbox 583 2006 1629 2091">
    <p class='ocr_par' dir='ltr' id='par_1_38' title="bbox 583 2006 1629 2091">
     <span class='ocr_line' id='line_1_38' title="bbox 583 2006 1629 2091; baseline -0.003 -16"><span class='ocrx_word' id='word_1_231' title='bbox 583 2006 914 2076; x_wconf 75' lang='lat' dir='ltr'><strong>Salvatorem</strong></span> <span class='ocrx_word' id='word_1_232' title='bbox 942 2019 1229 2077; x_wconf 87' lang='lat' dir='ltr'><strong>Dominum</strong></span> <span class='ocrx_word' id='word_1_233' title='bbox 1253 2017 1629 2091; x_wconf 90' lang='lat' dir='ltr'><strong>supplicamus.</strong></span> 
     </span>
    </p>
   </div>
   <div class='ocr_carea' id='block_1_39' title="bbox 649 2106 2154 2179">
    <p class='ocr_par' dir='ltr' id='par_1_39' title="bbox 649 2106 2154 2179">
     <span class='ocr_line' id='line_1_39' title="bbox 649 2106 2154 2179; baseline -0.005 -12"><span class='ocrx_word' id='word_1_234' title='bbox 649 2108 758 2167; x_wconf 86' lang='lat' dir='ltr'><strong>Pro</strong></span> <span class='ocrx_word' id='word_1_235' title='bbox 775 2110 989 2179; x_wconf 86' lang='lat' dir='ltr'><strong>judaica</strong></span> <span class='ocrx_word' id='word_1_236' title='bbox 1034 2108 1301 2177; x_wconf 80' lang='lat' dir='ltr'><strong>falsitate,</strong></span> <span class='ocrx_word' id='word_1_237' title='bbox 1334 2117 1427 2163; x_wconf 90' lang='lat' dir='ltr'><strong>aut</strong></span> <span class='ocrx_word' id='word_1_238' title='bbox 1468 2108 1720 2164; x_wconf 61' lang='lat' dir='ltr'><strong>hieretica</strong></span> <span class='ocrx_word' id='word_1_239' title='bbox 1755 2107 2030 2177; x_wconf 85' lang='lat' dir='ltr'><strong>pravitate</strong></span> <span class='ocrx_word' id='word_1_240' title='bbox 2063 2106 2154 2160; x_wconf 81' lang='lat' dir='ltr'><strong>de-</strong></span> 
     </span>
    </p>
   </div>
   <div class='ocr_carea' id='block_1_40' title="bbox 583 2184 2156 2277">
    <p class='ocr_par' dir='ltr' id='par_1_40' title="bbox 583 2184 2156 2277">
     <span class='ocr_line' id='line_1_40' title="bbox 583 2184 2156 2277; baseline -0.01 -12"><span class='ocrx_word' id='word_1_241' title='bbox 583 2207 771 2277; x_wconf 86' lang='lat' dir='ltr'><strong>ceptis,</strong></span> <span class='ocrx_word' id='word_1_242' title='bbox 793 2204 876 2260; x_wconf 85' lang='lat' dir='ltr'><strong>vel</strong></span> <span class='ocrx_word' id='word_1_243' title='bbox 907 2203 1182 2276; x_wconf 78' lang='lat' dir='ltr'><strong>gentilium</strong></span> <span class='ocrx_word' id='word_1_244' title='bbox 1209 2199 1587 2272; x_wconf 87' lang='lat' dir='ltr'><strong>superstitione</strong></span> <span class='ocrx_word' id='word_1_245' title='bbox 1609 2196 1859 2269; x_wconf 69' lang='lat' dir='ltr'><strong>perfusis,</strong></span> <span class='ocrx_word' id='word_1_246' title='bbox 1911 2184 2156 2255; x_wconf 83' lang='lat' dir='ltr'><strong>veritatis</strong></span> 
     </span>
    </p>
   </div>
   <div class='ocr_carea' id='block_1_41' title="bbox 584 2294 2042 2362">
    <p class='ocr_par' dir='ltr' id='par_1_41' title="bbox 584 2294 2042 2362">
     <span class='ocr_line' id='line_1_41' title="bbox 584 2294 2042 2362; baseline -0.012 -10"><span class='ocrx_word' id='word_1_247' title='bbox 584 2297 871 2352; x_wconf 89' lang='lat' dir='ltr'><strong>Dominum</strong></span> <span class='ocrx_word' id='word_1_248' title='bbox 899 2294 1273 2362; x_wconf 87' lang='lat' dir='ltr'><strong>deprecamur.</strong></span> <span class='ocrx_word' id='word_1_249' title='bbox 2039 2341 2042 2345; x_wconf 91' lang='lat'><strong>_</strong></span> 
     </span>
    </p>
   </div>
   <div class='ocr_carea' id='block_1_42' title="bbox 651 2381 2154 2460">
    <p class='ocr_par' dir='ltr' id='par_1_42' title="bbox 651 2381 2154 2460">
     <span class='ocr_line' id='line_1_42' title="bbox 651 2381 2154 2460; baseline -0.007 -16"><span class='ocrx_word' id='word_1_250' title='bbox 651 2390 760 2444; x_wconf 88' lang='lat' dir='ltr'><strong>Pro</strong></span> <span class='ocrx_word' id='word_1_251' title='bbox 793 2387 1058 2460; x_wconf 89' lang='lat' dir='ltr'><strong>operariis</strong></span> <span class='ocrx_word' id='word_1_252' title='bbox 1095 2386 1329 2456; x_wconf 88' lang='lat' dir='ltr'><strong>pietatis,</strong></span> <span class='ocrx_word' id='word_1_253' title='bbox 1382 2391 1437 2440; x_wconf 89' lang='lat' dir='ltr'><strong>et</strong></span> <span class='ocrx_word' id='word_1_254' title='bbox 1483 2383 1568 2439; x_wconf 89' lang='lat' dir='ltr'><strong>his</strong></span> <span class='ocrx_word' id='word_1_255' title='bbox 1612 2383 1702 2453; x_wconf 87' lang='lat' dir='ltr'><strong>qui</strong></span> <span class='ocrx_word' id='word_1_256' title='bbox 1745 2381 2154 2438; x_wconf 72' lang='lat' dir='ltr'><strong>necessitatibus</strong></span> 
     </span>
    </p>
   </div>
   <div class='ocr_carea' id='block_1_43' title="bbox 582 2470 2156 2540">
    <p class='ocr_par' dir='ltr' id='par_1_43' title="bbox 582 2470 2156 2540">
     <span class='ocr_line' id='line_1_43' title="bbox 582 2470 2156 2540; baseline -0.011 -1"><span class='ocrx_word' id='word_1_257' title='bbox 582 2482 917 2540; x_wconf 87' lang='lat' dir='ltr'><strong>laborantum</strong></span> <span class='ocrx_word' id='word_1_258' title='bbox 944 2477 1181 2532; x_wconf 80' lang='lat' dir='ltr'><strong>fraterna</strong></span> <span class='ocrx_word' id='word_1_259' title='bbox 1204 2475 1468 2531; x_wconf 86' lang='lat' dir='ltr'><strong>eharitate</strong></span> <span class='ocrx_word' id='word_1_260' title='bbox 1490 2472 1824 2535; x_wconf 86' lang='lat' dir='ltr'><strong>subveniunt,</strong></span> <span class='ocrx_word' id='word_1_261' title='bbox 1856 2470 2156 2526; x_wconf 85' lang='lat' dir='ltr'><strong>misericor-</strong></span> 
     </span>
    </p>
   </div>
   <div class='ocr_carea' id='block_1_44' title="bbox 582 2567 1508 2636">
    <p class='ocr_par' dir='ltr' id='par_1_44' title="bbox 582 2567 1508 2636">
     <span class='ocr_line' id='line_1_44' title="bbox 582 2567 1508 2636; baseline -0.011 -10"><span class='ocrx_word' id='word_1_262' title='bbox 582 2573 792 2628; x_wconf 83' lang='lat' dir='ltr'><strong>diarum</strong></span> <span class='ocrx_word' id='word_1_263' title='bbox 827 2568 1112 2625; x_wconf 89' lang='lat' dir='ltr'><strong>Dominum</strong></span> <span class='ocrx_word' id='word_1_264' title='bbox 1139 2567 1508 2636; x_wconf 87' lang='lat' dir='ltr'><strong>deprecamur.</strong></span> 
     </span>
    </p>
   </div>
   <div class='ocr_carea' id='block_1_45' title="bbox 651 2651 2152 2720">
    <p class='ocr_par' dir='ltr' id='par_1_45' title="bbox 651 2651 2152 2720">
     <span class='ocr_line' id='line_1_45' title="bbox 651 2651 2152 2720; baseline -0.009 -2"><span class='ocrx_word' id='word_1_265' title='bbox 651 2664 757 2720; x_wconf 87' lang='lat' dir='ltr'><strong>Pro</strong></span> <span class='ocrx_word' id='word_1_266' title='bbox 778 2661 1026 2718; x_wconf 81' lang='lat' dir='ltr'><strong>omnibus</strong></span> <span class='ocrx_word' id='word_1_267' title='bbox 1052 2658 1377 2715; x_wconf 86' lang='lat' dir='ltr'><strong>intrantibus</strong></span> <span class='ocrx_word' id='word_1_268' title='bbox 1398 2656 1453 2710; x_wconf 91' lang='lat' dir='ltr'><strong>in</strong></span> <span class='ocrx_word' id='word_1_269' title='bbox 1479 2657 1594 2711; x_wconf 77' lang='lat' dir='ltr'><strong>haec</strong></span> <span class='ocrx_word' id='word_1_270' title='bbox 1619 2661 1817 2711; x_wconf 74' lang='lat' dir='ltr'><strong>saneta:</strong></span> <span class='ocrx_word' id='word_1_271' title='bbox 1847 2655 2037 2708; x_wconf 89' lang='lat' dir='ltr'><strong>domus</strong></span> <span class='ocrx_word' id='word_1_272' title='bbox 2057 2651 2152 2708; x_wconf 89' lang='lat' dir='ltr'><strong>Dei</strong></span> 
     </span>
    </p>
   </div>
   <div class='ocr_carea' id='block_1_46' title="bbox 580 2728 2154 2820">
    <p class='ocr_par' dir='ltr' id='par_1_46' title="bbox 580 2728 2154 2820">
     <span class='ocr_line' id='line_1_46' title="bbox 580 2728 2154 2820; baseline -0.009 -12"><span class='ocrx_word' id='word_1_273' title='bbox 580 2753 721 2808; x_wconf 86' lang='lat' dir='ltr'><strong>atria</strong></span> <span class='ocrx_word' id='word_1_274' title='bbox 760 2749 1009 2820; x_wconf 89' lang='lat' dir='ltr'><strong>religioso</strong></span> <span class='ocrx_word' id='word_1_275' title='bbox 1056 2745 1236 2810; x_wconf 89' lang='lat' dir='ltr'><strong>corde,</strong></span> <span class='ocrx_word' id='word_1_276' title='bbox 1284 2752 1339 2800; x_wconf 91' lang='lat' dir='ltr'><strong>et</strong></span> <span class='ocrx_word' id='word_1_277' title='bbox 1384 2728 1608 2814; x_wconf 79' lang='lat' dir='ltr'><strong>supplici</strong></span> <span class='ocrx_word' id='word_1_278' title='bbox 1653 2743 1932 2798; x_wconf 86' lang='lat' dir='ltr'><strong>devotione</strong></span> <span class='ocrx_word' id='word_1_279' title='bbox 1961 2755 2154 2796; x_wconf 86' lang='lat' dir='ltr'><strong>conve-</strong></span> 
     </span>
    </p>
   </div>
   <div class='ocr_carea' id='block_1_47' title="bbox 583 2836 1708 2910">
    <p class='ocr_par' dir='ltr' id='par_1_47' title="bbox 583 2836 1708 2910">
     <span class='ocr_line' id='line_1_47' title="bbox 583 2836 1708 2910; baseline -0.012 -10"><span class='ocrx_word' id='word_1_280' title='bbox 583 2839 796 2900; x_wconf 85' lang='lat' dir='ltr'><strong>nienter</strong></span> <span class='ocrx_word' id='word_1_281' title='bbox 823 2841 1111 2897; x_wconf 89' lang='lat' dir='ltr'><strong>Dominum</strong></span> <span class='ocrx_word' id='word_1_282' title='bbox 1136 2837 1330 2910; x_wconf 32' lang='lat' dir='ltr'><strong>gloriae.</strong></span> <span class='ocrx_word' id='word_1_283' title='bbox 1341 2836 1708 2906; x_wconf 86' lang='lat' dir='ltr'><strong>deprecamur.</strong></span> 
     </span>
    </p>
   </div>
   <div class='ocr_carea' id='block_1_48' title="bbox 650 2929 2152 2996">
    <p class='ocr_par' dir='ltr' id='par_1_48' title="bbox 650 2929 2152 2996">
     <span class='ocr_line' id='line_1_48' title="bbox 650 2929 2152 2996; baseline -0.009 -6"><span class='ocrx_word' id='word_1_284' title='bbox 650 2935 756 2992; x_wconf 88' lang='lat' dir='ltr'><strong>Pro</strong></span> <span class='ocrx_word' id='word_1_285' title='bbox 777 2930 1152 2988; x_wconf 88' lang='lat' dir='ltr'><strong>emundatione</strong></span> <span class='ocrx_word' id='word_1_286' title='bbox 1193 2929 1494 2983; x_wconf 91' lang='lat' dir='ltr'><strong>animarum</strong></span> <span class='ocrx_word' id='word_1_287' title='bbox 1520 2939 1912 2996; x_wconf 83' lang='lat' dir='ltr'><strong>corporumque</strong></span> <span class='ocrx_word' id='word_1_288' title='bbox 1941 2930 2152 2991; x_wconf 55' lang='lat' dir='ltr'><strong>nostro:</strong></span> 
     </span>
    </p>
   </div>
   <div class='ocr_carea' id='block_1_49' title="bbox 585 2987 2226 3091">
    <p class='ocr_par' dir='ltr' id='par_1_49' title="bbox 585 2987 2226 3091">
     <span class='ocr_line' id='line_1_49' title="bbox 585 2987 2226 3091; baseline -0.009 -8"><span class='ocrx_word' id='word_1_289' title='bbox 585 3042 702 3091; x_wconf 82' lang='lat' dir='ltr'><strong>rum</strong></span> <span class='ocrx_word' id='word_1_290' title='bbox 729 3013 990 3090; x_wconf 79' lang='lat' dir='ltr'><strong>omnium,</strong></span> <span class='ocrx_word' id='word_1_291' title='bbox 1019 3037 1083 3078; x_wconf 89' lang='lat' dir='ltr'><strong>ac</strong></span> <span class='ocrx_word' id='word_1_292' title='bbox 1105 3036 1259 3077; x_wconf 79' lang='lat' dir='ltr'><strong>venia</strong></span> <span class='ocrx_word' id='word_1_293' title='bbox 1291 3027 1652 3090; x_wconf 87' lang='lat' dir='ltr'><strong>peccatorum,</strong></span> <span class='ocrx_word' id='word_1_294' title='bbox 1681 3015 2153 3072; x_wconf 89' lang='lat' dir='ltr'><strong>clementissimum</strong></span> <span class='ocrx_word' id='word_1_295' title='bbox 2178 2987 2226 3052; x_wconf 64' lang='grc' dir='ltr'>ε</span> 
     </span>
    </p>
   </div>
   <div class='ocr_carea' id='block_1_50' title="bbox 586 3115 1280 3186">
    <p class='ocr_par' dir='ltr' id='par_1_50' title="bbox 586 3115 1280 3186">
     <span class='ocr_line' id='line_1_50' title="bbox 586 3115 1280 3186; baseline -0.013 -13"><span class='ocrx_word' id='word_1_296' title='bbox 586 3120 866 3175; x_wconf 88' lang='lat' dir='ltr'><strong>Dominum</strong></span> <span class='ocrx_word' id='word_1_297' title='bbox 901 3115 1280 3186; x_wconf 82' lang='lat' dir='ltr'><strong>supplicamus.</strong></span> 
     </span>
    </p>
   </div>
   <div class='ocr_carea' id='block_1_51' title="bbox 652 3196 2156 3277">
    <p class='ocr_par' dir='ltr' id='par_1_51' title="bbox 652 3196 2156 3277">
     <span class='ocr_line' id='line_1_51' title="bbox 652 3196 2156 3277; baseline -0.01 -14"><span class='ocrx_word' id='word_1_298' title='bbox 652 3209 760 3263; x_wconf 86' lang='lat' dir='ltr'><strong>Pro</strong></span> <span class='ocrx_word' id='word_1_299' title='bbox 789 3206 1067 3277; x_wconf 80' lang='lat' dir='ltr'><strong>refrigerio</strong></span> <span class='ocrx_word' id='word_1_300' title='bbox 1099 3203 1332 3258; x_wconf 87' lang='lat' dir='ltr'><strong>fidelium</strong></span> <span class='ocrx_word' id='word_1_301' title='bbox 1378 3200 1695 3262; x_wconf 85' lang='lat' dir='ltr'><strong>animarum,</strong></span> <span class='ocrx_word' id='word_1_302' title='bbox 1728 3196 1991 3266; x_wconf 64' lang='lat' dir='ltr'><strong>praecipue</strong></span> <span class='ocrx_word' id='word_1_303' title='bbox 2031 3210 2156 3251; x_wconf 87' lang='lat' dir='ltr'><strong>san-</strong></span> 
     </span>
    </p>
   </div>
   <div class='ocr_carea' id='block_1_52' title="bbox 585 3287 2154 3361">
    <p class='ocr_par' dir='ltr' id='par_1_52' title="bbox 585 3287 2154 3361">
     <span class='ocr_line' id='line_1_52' title="bbox 585 3287 2154 3361; baseline -0.014 -4"><span class='ocrx_word' id='word_1_304' title='bbox 585 3297 793 3357; x_wconf 85' lang='lat' dir='ltr'><strong>ctorum</strong></span> <span class='ocrx_word' id='word_1_305' title='bbox 834 3298 1047 3353; x_wconf 88' lang='lat' dir='ltr'><strong>Domini</strong></span> <span class='ocrx_word' id='word_1_306' title='bbox 1074 3295 1434 3355; x_wconf 87' lang='lat' dir='ltr'><strong>sacerdotum,</strong></span> <span class='ocrx_word' id='word_1_307' title='bbox 1463 3291 1551 3361; x_wconf 85' lang='lat' dir='ltr'><strong>qui</strong></span> <span class='ocrx_word' id='word_1_308' title='bbox 1579 3290 1703 3348; x_wconf 83' lang='lat' dir='ltr'><strong>huic</strong></span> <span class='ocrx_word' id='word_1_309' title='bbox 1734 3287 1986 3341; x_wconf 59' lang='lat' dir='ltr'><strong>Ecclesia</strong></span> <span class='ocrx_word' id='word_1_310' title='bbox 2016 3299 2154 3353; x_wconf 67' lang='lat' dir='ltr'><strong>prm-</strong></span> 
     </span>
    </p>
   </div>
   <div class='ocr_carea' id='block_1_53' title="bbox 589 3376 2157 3449">
    <p class='ocr_par' dir='ltr' id='par_1_53' title="bbox 589 3376 2157 3449">
     <span class='ocr_line' id='line_1_53' title="bbox 589 3376 2157 3449; baseline -0.011 -3"><span class='ocrx_word' id='word_1_311' title='bbox 589 3391 803 3446; x_wconf 86' lang='lat' dir='ltr'><strong>fuerunt</strong></span> <span class='ocrx_word' id='word_1_312' title='bbox 824 3386 1118 3449; x_wconf 65' lang='lat' dir='ltr'><strong>catholica},</strong></span> <span class='ocrx_word' id='word_1_313' title='bbox 1151 3383 1434 3437; x_wconf 88' lang='lat' dir='ltr'><strong>Dominum</strong></span> <span class='ocrx_word' id='word_1_314' title='bbox 1472 3379 1772 3448; x_wconf 90' lang='lat' dir='ltr'><strong>spirituum,</strong></span> <span class='ocrx_word' id='word_1_315' title='bbox 1811 3384 1866 3429; x_wconf 92' lang='lat' dir='ltr'><strong>et</strong></span> <span class='ocrx_word' id='word_1_316' title='bbox 1890 3376 2157 3429; x_wconf 68' lang='lat' dir='ltr'><strong>universa:</strong></span> 
     </span>
    </p>
   </div>
   <div class='ocr_carea' id='block_1_54' title="bbox 589 3474 1422 3548">
    <p class='ocr_par' dir='ltr' id='par_1_54' title="bbox 589 3474 1422 3548">
     <span class='ocr_line' id='line_1_54' title="bbox 589 3474 1422 3548; baseline -0.022 -10"><span class='ocrx_word' id='word_1_317' title='bbox 589 3480 766 3538; x_wconf 88' lang='lat' dir='ltr'><strong>carnis</strong></span> <span class='ocrx_word' id='word_1_318' title='bbox 790 3477 1023 3548; x_wconf 74' lang='lat' dir='ltr'><strong>iudicem</strong></span> <span class='ocrx_word' id='word_1_319' title='bbox 1054 3474 1422 3542; x_wconf 87' lang='lat' dir='ltr'><strong>deprecamur.</strong></span> 
     </span>
    </p>
   </div>
   <div class='ocr_carea' id='block_1_55' title="bbox 660 3545 2160 3625">
    <p class='ocr_par' dir='ltr' id='par_1_55' title="bbox 660 3545 2160 3625">
     <span class='ocr_line' id='line_1_55' title="bbox 660 3545 2160 3625; baseline -0.011 0"><span class='ocrx_word' id='word_1_320' title='bbox 660 3545 1033 3625; x_wconf 77' lang='lat' dir='ltr'><strong>Mortiﬁcatam</strong></span> <span class='ocrx_word' id='word_1_321' title='bbox 1068 3563 1213 3617; x_wconf 84' lang='lat' dir='ltr'><strong>vitiis</strong></span> <span class='ocrx_word' id='word_1_322' title='bbox 1241 3573 1488 3622; x_wconf 89' lang='lat' dir='ltr'><strong>carnem,</strong></span> <span class='ocrx_word' id='word_1_323' title='bbox 1518 3565 1570 3612; x_wconf 89' lang='lat' dir='ltr'><strong>et</strong></span> <span class='ocrx_word' id='word_1_324' title='bbox 1605 3545 1871 3610; x_wconf 88' lang='lat' dir='ltr'><strong>viventem</strong></span> <span class='ocrx_word' id='word_1_325' title='bbox 1909 3553 2010 3609; x_wconf 84' lang='lat' dir='ltr'><strong>fide</strong></span> <span class='ocrx_word' id='word_1_326' title='bbox 2047 3552 2160 3608; x_wconf 89' lang='lat' dir='ltr'><strong>ani-</strong></span> 
     </span>
    </p>
   </div>
   <div class='ocr_carea' id='block_1_56' title="bbox 590 3653 1493 3729">
    <p class='ocr_par' dir='ltr' id='par_1_56' title="bbox 590 3653 1493 3729">
     <span class='ocr_line' id='line_1_56' title="bbox 590 3653 1493 3729; baseline -0.013 -14"><span class='ocrx_word' id='word_1_327' title='bbox 590 3675 731 3714; x_wconf 89' lang='lat' dir='ltr'><strong>mam</strong></span> <span class='ocrx_word' id='word_1_328' title='bbox 762 3664 982 3729; x_wconf 70' lang='lat' dir='ltr'><strong>praeSta,</strong></span> <span class='ocrx_word' id='word_1_329' title='bbox 1005 3653 1248 3715; x_wconf 90' lang='lat' dir='ltr'><strong>Domine,</strong></span> <span class='ocrx_word' id='word_1_330' title='bbox 1279 3658 1493 3721; x_wconf 69' lang='lat' dir='ltr'><strong>przcsta.</strong></span> 
     </span>
    </p>
   </div>
   <div class='ocr_carea' id='block_1_57' title="bbox 659 3737 2157 3818">
    <p class='ocr_par' dir='ltr' id='par_1_57' title="bbox 659 3737 2157 3818">
     <span class='ocr_line' id='line_1_57' title="bbox 659 3737 2157 3818; baseline -0.013 -15"><span class='ocrx_word' id='word_1_331' title='bbox 659 3749 880 3810; x_wconf 82' lang='lat' dir='ltr'><strong>Castum</strong></span> <span class='ocrx_word' id='word_1_332' title='bbox 923 3746 1211 3818; x_wconf 60' lang='lat' dir='ltr'><strong>timorem,</strong></span> <span class='ocrx_word' id='word_1_333' title='bbox 1241 3750 1296 3798; x_wconf 91' lang='lat' dir='ltr'><strong>ct</strong></span> <span class='ocrx_word' id='word_1_334' title='bbox 1339 3755 1522 3795; x_wconf 89' lang='lat' dir='ltr'><strong>veram</strong></span> <span class='ocrx_word' id='word_1_335' title='bbox 1562 3737 1898 3803; x_wconf 84' lang='lat' dir='ltr'><strong>dilectionem</strong></span> <span class='ocrx_word' id='word_1_336' title='bbox 1939 3740 2157 3804; x_wconf 63' lang='lat' dir='ltr'><strong>praesta,</strong></span> 
     </span>
    </p>
   </div>
   <div class='ocr_carea' id='block_1_58' title="bbox 591 3843 1340 3916">
    <p class='ocr_par' dir='ltr' id='par_1_58' title="bbox 591 3843 1340 3916">
     <span class='ocr_line' id='line_1_58' title="bbox 591 3843 1340 3916; baseline -0.024 -16"><span class='ocrx_word' id='word_1_337' title='bbox 591 3843 812 3900; x_wconf 86' lang='lat' dir='ltr'><strong>Domine</strong></span> <span class='ocrx_word' id='word_1_338' title='bbox 828 3882 842 3906; x_wconf 93' lang='lat'><strong>,</strong></span> <span class='ocrx_word' id='word_1_339' title='bbox 871 3848 1083 3916; x_wconf 83' lang='lat' dir='ltr'><strong>praesta.</strong></span> <span class='ocrx_word' id='word_1_340' title='bbox 1333 3873 1340 3882; x_wconf 88' lang='lat'><strong>.</strong></span> 
     </span>
    </p>
   </div>
   <div class='ocr_carea' id='block_1_59' title="bbox 587 3914 2158 3992">
    <p class='ocr_par' dir='ltr' id='par_1_59' title="bbox 587 3914 2158 3992">
     <span class='ocr_line' id='line_1_59' title="bbox 587 3914 2158 3992; baseline -0.016 -1"><span class='ocrx_word' id='word_1_341' title='bbox 587 3929 598 3934; x_wconf 79' lang='grc'><em>’</em></span> <span class='ocrx_word' id='word_1_342' title='bbox 661 3914 887 3990; x_wconf 86' lang='lat' dir='ltr'><strong>Gratum</strong></span> <span class='ocrx_word' id='word_1_343' title='bbox 915 3930 1036 3984; x_wconf 63' lang='lat' dir='ltr'><strong>vita</strong></span> <span class='ocrx_word' id='word_1_344' title='bbox 1059 3925 1321 3990; x_wconf 81' lang='lat' dir='ltr'><strong>ordinem,</strong></span> <span class='ocrx_word' id='word_1_345' title='bbox 1345 3930 1400 3977; x_wconf 88' lang='lat' dir='ltr'><strong>et</strong></span> <span class='ocrx_word' id='word_1_346' title='bbox 1427 3917 1757 3992; x_wconf 86' lang='lat' dir='ltr'><strong>probabilem</strong></span> <span class='ocrx_word' id='word_1_347' title='bbox 1789 3914 1992 3974; x_wconf 80' lang='lat' dir='ltr'><strong>exitum</strong></span> <span class='ocrx_word' id='word_1_348' title='bbox 2022 3929 2158 3985; x_wconf 71' lang='lat' dir='ltr'><strong>prze-</strong></span> 
     </span>
    </p>
   </div>
   <div class='ocr_carea' id='block_1_60' title="bbox 591 4020 1210 4091">
    <p class='ocr_par' dir='ltr' id='par_1_60' title="bbox 591 4020 1210 4091">
     <span class='ocr_line' id='line_1_60' title="bbox 591 4020 1210 4091; baseline -0.024 -9"><span class='ocrx_word' id='word_1_349' title='bbox 591 4035 694 4091; x_wconf 84' lang='lat' dir='ltr'><strong>sta,</strong></span> <span class='ocrx_word' id='word_1_350' title='bbox 719 4020 967 4083; x_wconf 89' lang='lat' dir='ltr'><strong>Domine,</strong></span> <span class='ocrx_word' id='word_1_351' title='bbox 997 4022 1210 4089; x_wconf 80' lang='lat' dir='ltr'><strong>praesta.</strong></span> 
     </span>
    </p>
   </div>
   <div class='ocr_carea' id='block_1_61' title="bbox 665 4093 2167 4185">
    <p class='ocr_par' dir='ltr' id='par_1_61' title="bbox 665 4093 2167 4184">
     <span class='ocr_line' id='line_1_61' title="bbox 665 4093 2167 4184; baseline -0.014 -16"><span class='ocrx_word' id='word_1_352' title='bbox 665 4111 923 4184; x_wconf 76' lang='lat' dir='ltr'><strong>Angelum</strong></span> <span class='ocrx_word' id='word_1_353' title='bbox 955 4106 1101 4178; x_wconf 88' lang='lat' dir='ltr'><strong>pacis</strong></span> <span class='ocrx_word' id='word_1_354' title='bbox 1123 4145 1136 4169; x_wconf 98' lang='lat'><strong>,</strong></span> <span class='ocrx_word' id='word_1_355' title='bbox 1171 4110 1224 4157; x_wconf 93' lang='lat' dir='ltr'><strong>et</strong></span> <span class='ocrx_word' id='word_1_356' title='bbox 1249 4101 1437 4157; x_wconf 88' lang='lat' dir='ltr'><strong>solatia</strong></span> <span class='ocrx_word' id='word_1_357' title='bbox 1471 4106 1776 4156; x_wconf 89' lang='lat' dir='ltr'><strong>sanctorum</strong></span> <span class='ocrx_word' id='word_1_358' title='bbox 1813 4103 2028 4167; x_wconf 55' lang='lat' dir='ltr'><strong>praesta,</strong></span> <span class='ocrx_word' id='word_1_359' title='bbox 2062 4093 2167 4148; x_wconf 88' lang='lat' dir='ltr'><strong>Do-</strong></span> 
     </span>
    </p>
   </div>
   <div class='ocr_carea' id='block_1_62' title="bbox 595 4208 1005 4274">
    <p class='ocr_par' dir='ltr' id='par_1_62' title="bbox 595 4208 1005 4274">
     <span class='ocr_line' id='line_1_62' title="bbox 595 4208 1005 4274; baseline -0.027 -11"><span class='ocrx_word' id='word_1_360' title='bbox 595 4209 759 4272; x_wconf 83' lang='lat' dir='ltr'><strong>mine,</strong></span> <span class='ocrx_word' id='word_1_361' title='bbox 796 4208 1005 4274; x_wconf 86' lang='lat' dir='ltr'><strong>praesta.</strong></span> 
     </span>
    </p>
   </div>
   <div class='ocr_carea' id='block_1_63' title="bbox 661 4288 2166 4366">
    <p class='ocr_par' dir='ltr' id='par_1_63' title="bbox 661 4288 2166 4366">
     <span class='ocr_line' id='line_1_63' title="bbox 661 4288 2166 4366; baseline -0.015 -13"><span class='ocrx_word' id='word_1_362' title='bbox 661 4294 1058 4366; x_wconf 82' lang='lat' dir='ltr'><strong>Nosmetipsos,</strong></span> <span class='ocrx_word' id='word_1_363' title='bbox 1107 4299 1162 4344; x_wconf 89' lang='lat' dir='ltr'><strong>et</strong></span> <span class='ocrx_word' id='word_1_364' title='bbox 1198 4288 1379 4343; x_wconf 86' lang='lat' dir='ltr'><strong>omnia</strong></span> <span class='ocrx_word' id='word_1_365' title='bbox 1427 4293 1643 4349; x_wconf 88' lang='lat' dir='ltr'><strong>nostra,</strong></span> <span class='ocrx_word' id='word_1_366' title='bbox 1689 4297 1807 4354; x_wconf 82' lang='lat' dir='ltr'><strong>quae</strong></span> <span class='ocrx_word' id='word_1_367' title='bbox 1855 4289 2002 4342; x_wconf 87' lang='lat' dir='ltr'><strong>orta,</strong></span> <span class='ocrx_word' id='word_1_368' title='bbox 2048 4295 2166 4348; x_wconf 84' lang='lat' dir='ltr'><strong>quae</strong></span> 
     </span>
    </p>
   </div>
   <div class='ocr_carea' id='block_1_64' title="bbox 595 4370 2168 4456">
    <p class='ocr_par' dir='ltr' id='par_1_64' title="bbox 595 4370 2168 4456">
     <span class='ocr_line' id='line_1_64' title="bbox 595 4370 2168 4456; baseline -0.015 -14"><span class='ocrx_word' id='word_1_369' title='bbox 595 4396 738 4451; x_wconf 84' lang='lat' dir='ltr'><strong>acta,</strong></span> <span class='ocrx_word' id='word_1_370' title='bbox 776 4399 876 4456; x_wconf 88' lang='lat' dir='ltr'><strong>per</strong></span> <span class='ocrx_word' id='word_1_371' title='bbox 922 4379 1205 4438; x_wconf 85' lang='lat' dir='ltr'><strong>Dominum</strong></span> <span class='ocrx_word' id='word_1_372' title='bbox 1249 4379 1366 4449; x_wconf 89' lang='lat' dir='ltr'><strong>ipso</strong></span> <span class='ocrx_word' id='word_1_373' title='bbox 1409 4384 1627 4432; x_wconf 85' lang='lat' dir='ltr'><strong>auclore</strong></span> <span class='ocrx_word' id='word_1_374' title='bbox 1660 4373 2013 4443; x_wconf 89' lang='lat' dir='ltr'><strong>suscepimus,</strong></span> <span class='ocrx_word' id='word_1_375' title='bbox 2054 4370 2168 4438; x_wconf 89' lang='lat' dir='ltr'><strong>ipso</strong></span> 
     </span>
    </p>
   </div>
   <div class='ocr_carea' id='block_1_65' title="bbox 595 4460 2169 4543">
    <p class='ocr_par' dir='ltr' id='par_1_65' title="bbox 595 4460 2169 4543">
     <span class='ocr_line' id='line_1_65' title="bbox 595 4460 2169 4543; baseline -0.017 -5"><span class='ocrx_word' id='word_1_376' title='bbox 595 4476 818 4537; x_wconf 84' lang='lat' dir='ltr'><strong>custode</strong></span> <span class='ocrx_word' id='word_1_377' title='bbox 856 4473 1173 4534; x_wconf 83' lang='lat' dir='ltr'><strong>retinemus,</strong></span> <span class='ocrx_word' id='word_1_378' title='bbox 1216 4469 1491 4543; x_wconf 77' lang='lat' dir='ltr'><strong>ipsiusque</strong></span> <span class='ocrx_word' id='word_1_379' title='bbox 1528 4464 1910 4522; x_wconf 74' lang='lat' dir='ltr'><strong>misericordia:</strong></span> <span class='ocrx_word' id='word_1_380' title='bbox 1937 4474 1992 4518; x_wconf 89' lang='lat' dir='ltr'><strong>et</strong></span> <span class='ocrx_word' id='word_1_381' title='bbox 2030 4460 2169 4515; x_wconf 88' lang='lat' dir='ltr'><strong>arbi-</strong></span> 
     </span>
    </p>
   </div>
   <div class='ocr_carea' id='block_1_66' title="bbox 593 4554 2162 4643">
    <p class='ocr_par' dir='ltr' id='par_1_66' title="bbox 593 4554 2162 4643">
     <span class='ocr_line' id='line_1_66' title="bbox 593 4554 2162 4643; baseline -0.014 -19"><span class='ocrx_word' id='word_1_382' title='bbox 593 4577 636 4625; x_wconf 80' lang='lat' dir='ltr'><strong>ti</strong></span> <span class='ocrx_word' id='word_1_383' title='bbox 649 4571 700 4628; x_wconf 91' lang='lat' dir='ltr'><strong>io</strong></span> <span class='ocrx_word' id='word_1_384' title='bbox 725 4563 1077 4643; x_wconf 68' lang='lat' dir='ltr'><strong>providentia:</strong></span> <span class='ocrx_word' id='word_1_385' title='bbox 1105 4557 1562 4618; x_wconf 87' lang='lat' dir='ltr'><strong>commendamus.</strong></span> <span class='ocrx_word' id='word_1_386' title='bbox 1596 4556 1852 4618; x_wconf 88' lang='lat' dir='ltr'><strong>Domine,</strong></span> <span class='ocrx_word' id='word_1_387' title='bbox 1885 4554 2162 4608; x_wconf 88' lang='lat' dir='ltr'><strong>miserere.</strong></span> 
     </span>
    </p>
   </div>
   <div class='ocr_carea' id='block_1_67' title="bbox 973 4685 1791 4744">
    <p class='ocr_par' dir='ltr' id='par_1_67' title="bbox 973 4685 1791 4744">
     <span class='ocr_line' id='line_1_67' title="bbox 973 4685 1791 4744; baseline -0.021 -7"><span class='ocrx_word' id='word_1_388' title='bbox 973 4692 1223 4744; x_wconf 75' lang='lat' dir='ltr'><strong>QUOTIDIE</strong></span> <span class='ocrx_word' id='word_1_389' title='bbox 1264 4687 1364 4732; x_wconf 69' lang='grc' dir='ltr'>Ριο</span> <span class='ocrx_word' id='word_1_390' title='bbox 1405 4690 1464 4727; x_wconf 72' lang='grc' dir='ltr'><strong>ΙιἎ</strong></span> <span class='ocrx_word' id='word_1_391' title='bbox 1474 4685 1791 4728; x_wconf 62' lang='grc' dir='ltr'><strong>ιιιιιλιιιευδ.</strong></span> 
     </span>
    </p>
   </div>
   <div class='ocr_carea' id='block_1_68' title="bbox 665 4781 2170 4857">
    <p class='ocr_par' dir='ltr' id='par_1_68' title="bbox 665 4781 2170 4857">
     <span class='ocr_line' id='line_1_68' title="bbox 665 4781 2170 4857; baseline -0.013 -4"><span class='ocrx_word' id='word_1_392' title='bbox 665 4795 918 4852; x_wconf 84' lang='lat' dir='ltr'><strong>Dicamus</strong></span> <span class='ocrx_word' id='word_1_393' title='bbox 943 4809 1150 4857; x_wconf 82' lang='lat' dir='ltr'><strong>omnes,</strong></span> <span class='ocrx_word' id='word_1_394' title='bbox 1174 4793 1420 4855; x_wconf 83' lang='lat' dir='ltr'><strong>Domine,</strong></span> <span class='ocrx_word' id='word_1_395' title='bbox 1456 4786 1647 4842; x_wconf 72' lang='lat' dir='ltr'><strong>exaudi</strong></span> <span class='ocrx_word' id='word_1_396' title='bbox 1677 4792 1730 4838; x_wconf 87' lang='lat' dir='ltr'><strong>et</strong></span> <span class='ocrx_word' id='word_1_397' title='bbox 1765 4783 2038 4846; x_wconf 86' lang='lat' dir='ltr'><strong>miserere,</strong></span> <span class='ocrx_word' id='word_1_398' title='bbox 2066 4781 2170 4835; x_wconf 89' lang='lat' dir='ltr'><strong>Do-</strong></span> 
     </span>
    </p>
   </div>
   <div class='ocr_carea' id='block_1_69' title="bbox 596 4873 2167 4949">
    <p class='ocr_par' dir='ltr' id='par_1_69' title="bbox 596 4873 2167 4949">
     <span class='ocr_line' id='line_1_69' title="bbox 596 4873 2167 4949; baseline -0.01 -8"><span class='ocrx_word' id='word_1_399' title='bbox 596 4886 757 4949; x_wconf 87' lang='lat' dir='ltr'><strong>mine,</strong></span> <span class='ocrx_word' id='word_1_400' title='bbox 791 4883 1066 4938; x_wconf 80' lang='lat' dir='ltr'><strong>miserere.</strong></span> <span class='ocrx_word' id='word_1_401' title='bbox 1105 4881 1256 4937; x_wconf 73' lang='lat' dir='ltr'><strong>Hanc</strong></span> <span class='ocrx_word' id='word_1_402' title='bbox 1282 4888 1524 4936; x_wconf 86' lang='lat' dir='ltr'><strong>nostram</strong></span> <span class='ocrx_word' id='word_1_403' title='bbox 1561 4875 1778 4931; x_wconf 83' lang='lat' dir='ltr'><strong>auribus</strong></span> <span class='ocrx_word' id='word_1_404' title='bbox 1804 4883 1907 4928; x_wconf 72' lang='lat' dir='ltr'><strong>tum</strong></span> <span class='ocrx_word' id='word_1_405' title='bbox 1935 4873 2167 4942; x_wconf 83' lang='lat' dir='ltr'><strong>pietatis,</strong></span> 
     </span>
    </p>
   </div>
   <div class='ocr_carea' id='block_1_70' title="bbox 598 4962 2171 5036">
    <p class='ocr_par' dir='ltr' id='par_1_70' title="bbox 598 4962 2171 5036">
     <span class='ocr_line' id='line_1_70' title="bbox 598 4962 2171 5036; baseline -0.012 -5"><span class='ocrx_word' id='word_1_406' title='bbox 598 4972 1013 5031; x_wconf 81' lang='lat' dir='ltr'><strong>clementissime</strong></span> <span class='ocrx_word' id='word_1_407' title='bbox 1053 4970 1230 5036; x_wconf 86' lang='lat' dir='ltr'><strong>Pater,</strong></span> <span class='ocrx_word' id='word_1_408' title='bbox 1283 4972 1584 5028; x_wconf 82' lang='lat' dir='ltr'><strong>orationem</strong></span> <span class='ocrx_word' id='word_1_409' title='bbox 1614 4964 1865 5023; x_wconf 86' lang='lat' dir='ltr'><strong>exaudire</strong></span> <span class='ocrx_word' id='word_1_410' title='bbox 1908 4962 2171 5032; x_wconf 80' lang='lat' dir='ltr'><strong>digneris,</strong></span> 
     </span>
    </p>
   </div>
   <div class='ocr_carea' id='block_1_71' title="bbox 599 5055 2175 5136">
    <p class='ocr_par' dir='ltr' id='par_1_71' title="bbox 599 5055 2175 5136">
     <span class='ocr_line' id='line_1_71' title="bbox 599 5055 2175 5136; baseline -0.01 -17"><span class='ocrx_word' id='word_1_411' title='bbox 599 5079 758 5136; x_wconf 84' lang='lat' dir='ltr'><strong>quam</strong></span> <span class='ocrx_word' id='word_1_412' title='bbox 782 5063 903 5126; x_wconf 87' lang='lat' dir='ltr'><strong>tibi,</strong></span> <span class='ocrx_word' id='word_1_413' title='bbox 927 5060 1177 5116; x_wconf 64' lang='lat' dir='ltr'><strong>fraterna:</strong></span> <span class='ocrx_word' id='word_1_414' title='bbox 1196 5062 1479 5116; x_wconf 78' lang='lat' dir='ltr'><strong>charitatis</strong></span> <span class='ocrx_word' id='word_1_415' title='bbox 1501 5058 1690 5115; x_wconf 66' lang='lat' dir='ltr'><strong>aﬂectu</strong></span> <span class='ocrx_word' id='word_1_416' title='bbox 1718 5055 2048 5116; x_wconf 85' lang='lat' dir='ltr'><strong>stimulante,</strong></span> <span class='ocrx_word' id='word_1_417' title='bbox 2077 5067 2175 5121; x_wconf 88' lang='lat' dir='ltr'><strong>pro</strong></span> 
     </span>
    </p>
   </div>
   <div class='ocr_carea' id='block_1_72' title="bbox 602 5145 2220 5223">
    <p class='ocr_par' dir='ltr' id='par_1_72' title="bbox 602 5145 2220 5223">
     <span class='ocr_line' id='line_1_72' title="bbox 602 5145 2220 5223; baseline -0.01 -13"><span class='ocrx_word' id='word_1_418' title='bbox 602 5156 856 5212; x_wconf 81' lang='lat' dir='ltr'><strong>fratribus</strong></span> <span class='ocrx_word' id='word_1_419' title='bbox 879 5163 932 5209; x_wconf 92' lang='lat' dir='ltr'><strong>et</strong></span> <span class='ocrx_word' id='word_1_420' title='bbox 951 5153 1227 5209; x_wconf 82' lang='lat' dir='ltr'><strong>sororibus</strong></span> <span class='ocrx_word' id='word_1_421' title='bbox 1255 5154 1455 5208; x_wconf 82' lang='lat' dir='ltr'><strong>nostris</strong></span> <span class='ocrx_word' id='word_1_422' title='bbox 1479 5152 1705 5223; x_wconf 80' lang='lat' dir='ltr'><strong>supplici</strong></span> <span class='ocrx_word' id='word_1_423' title='bbox 1726 5163 1855 5205; x_wconf 85' lang='lat' dir='ltr'><strong>voce</strong></span> <span class='ocrx_word' id='word_1_424' title='bbox 1880 5145 2170 5208; x_wconf 83' lang='lat' dir='ltr'><strong>fundimus,</strong></span> <span class='ocrx_word' id='word_1_425' title='bbox 2215 5181 2220 5185; x_wconf 81' lang='lat'><strong>.</strong></span> 
     </span>
    </p>
   </div>
   <div class='ocr_carea' id='block_1_73' title="bbox 602 5235 2171 5319">
    <p class='ocr_par' dir='ltr' id='par_1_73' title="bbox 602 5235 2171 5319">
     <span class='ocr_line' id='line_1_73' title="bbox 602 5235 2171 5319; baseline -0.009 -18"><span class='ocrx_word' id='word_1_426' title='bbox 602 5247 691 5319; x_wconf 88' lang='lat' dir='ltr'><strong>qui</strong></span> <span class='ocrx_word' id='word_1_427' title='bbox 719 5253 776 5302; x_wconf 91' lang='lat' dir='ltr'><strong>et</strong></span> <span class='ocrx_word' id='word_1_428' title='bbox 803 5260 923 5317; x_wconf 61' lang='lat' dir='ltr'><strong>qua</strong></span> <span class='ocrx_word' id='word_1_429' title='bbox 955 5260 1057 5316; x_wconf 84' lang='lat' dir='ltr'><strong>pro</strong></span> <span class='ocrx_word' id='word_1_430' title='bbox 1076 5243 1230 5298; x_wconf 80' lang='lat' dir='ltr'><strong>nobis</strong></span> <span class='ocrx_word' id='word_1_431' title='bbox 1253 5245 1495 5313; x_wconf 75' lang='lat' dir='ltr'><strong>quotidie</strong></span> <span class='ocrx_word' id='word_1_432' title='bbox 1521 5238 1787 5298; x_wconf 73' lang='lat' dir='ltr'><strong>indefesSa</strong></span> <span class='ocrx_word' id='word_1_433' title='bbox 1814 5239 2058 5296; x_wconf 82' lang='lat' dir='ltr'><strong>oratione</strong></span> <span class='ocrx_word' id='word_1_434' title='bbox 2091 5235 2171 5288; x_wconf 89' lang='lat' dir='ltr'><strong>in-</strong></span> 
     </span>
    </p>
   </div>
   <div class='ocr_carea' id='block_1_74' title="bbox 605 5330 2174 5394">
    <p class='ocr_par' dir='ltr' id='par_1_74' title="bbox 605 5330 2174 5394">
     <span class='ocr_line' id='line_1_74' title="bbox 605 5330 2174 5394; baseline -0.008 -3"><span class='ocrx_word' id='word_1_435' title='bbox 605 5337 879 5394; x_wconf 74' lang='lat' dir='ltr'><strong>tercedere</strong></span> <span class='ocrx_word' id='word_1_436' title='bbox 943 5334 1222 5391; x_wconf 79' lang='lat' dir='ltr'><strong>studentes</strong></span> <span class='ocrx_word' id='word_1_437' title='bbox 1286 5333 1487 5389; x_wconf 85' lang='lat' dir='ltr'><strong>nostris</strong></span> <span class='ocrx_word' id='word_1_438' title='bbox 1535 5350 1602 5388; x_wconf 81' lang='lat' dir='ltr'><strong>se</strong></span> <span class='ocrx_word' id='word_1_439' title='bbox 1665 5330 2174 5389; x_wconf 78' lang='lat' dir='ltr'><strong>commendaverunt</strong></span> 
     </span>
    </p>
   </div>
   <div class='ocr_carea' id='block_1_75' title="bbox 674 5474 2177 5546">
    <p class='ocr_par' dir='ltr' id='par_1_75' title="bbox 674 5474 2177 5546">
     <span class='ocr_line' id='line_1_75' title="bbox 674 5474 2177 5546; baseline -0.01 -4"><span class='ocrx_word' id='word_1_440' title='bbox 674 5482 913 5546; x_wconf 57' lang='lat' dir='ltr'><strong>sPotius</strong></span> <span class='ocrx_word' id='word_1_441' title='bbox 973 5481 1217 5537; x_wconf 85' lang='lat' dir='ltr'><strong>Mamerti</strong></span> <span class='ocrx_word' id='word_1_442' title='bbox 1261 5479 1559 5537; x_wconf 88' lang='lat' dir='ltr'><strong>Claudiani.</strong></span> <span class='ocrx_word' id='word_1_443' title='bbox 1613 5482 1747 5542; x_wconf 66' lang='lat' dir='ltr'><strong>Vide</strong></span> <span class='ocrx_word' id='word_1_444' title='bbox 1802 5475 2069 5536; x_wconf 86' lang='lat' dir='ltr'><strong>Sirmond.</strong></span> <span class='ocrx_word' id='word_1_445' title='bbox 2125 5474 2177 5528; x_wconf 89' lang='lat' dir='ltr'><strong>in</strong></span> 
     </span>
    </p>
   </div>
   <div class='ocr_carea' id='block_1_76' title="bbox 611 5547 1618 5624">
    <p class='ocr_par' dir='ltr' id='par_1_76' title="bbox 611 5547 1618 5624">
     <span class='ocr_line' id='line_1_76' title="bbox 611 5547 1618 5624; baseline -0.009 -11"><span class='ocrx_word' id='word_1_446' title='bbox 611 5565 717 5614; x_wconf 77' lang='lat' dir='ltr'><strong>iiut.</strong></span> <span class='ocrx_word' id='word_1_447' title='bbox 741 5555 807 5612; x_wconf 63' lang='lat' dir='ltr'><strong>ad</strong></span> <span class='ocrx_word' id='word_1_448' title='bbox 833 5554 991 5624; x_wconf 84' lang='lat' dir='ltr'><strong>epist.</strong></span> <span class='ocrx_word' id='word_1_449' title='bbox 1020 5553 1052 5609; x_wconf 77' lang='lat'><strong>5</strong></span> <span class='ocrx_word' id='word_1_450' title='bbox 1087 5548 1311 5619; x_wconf 82' lang='lat' dir='ltr'><strong>Sidonii,</strong></span> <span class='ocrx_word' id='word_1_451' title='bbox 1341 5564 1460 5622; x_wconf 87' lang='lat' dir='ltr'><strong>pag.</strong></span> <span class='ocrx_word' id='word_1_452' title='bbox 1498 5547 1618 5606; x_wconf 74' lang='lat'><strong>953.</strong></span> 
     </span>
    </p>
   </div>
   <div class='ocr_carea' id='block_1_77' title="bbox 2249 1745 3813 1816">
    <p class='ocr_par' dir='ltr' id='par_1_77' title="bbox 2249 1745 3813 1816">
     <span class='ocr_line' id='line_1_77' title="bbox 2249 1745 3813 1816; baseline -0.003 -12"><span class='ocrx_word' id='word_1_453' title='bbox 2249 1759 2304 1804; x_wconf 90' lang='lat' dir='ltr'><strong>et</strong></span> <span class='ocrx_word' id='word_1_454' title='bbox 2329 1750 2522 1816; x_wconf 89' lang='lat' dir='ltr'><strong>virtus,</strong></span> <span class='ocrx_word' id='word_1_455' title='bbox 2568 1759 2622 1805; x_wconf 89' lang='lat' dir='ltr'><strong>et</strong></span> <span class='ocrx_word' id='word_1_456' title='bbox 2651 1749 2905 1804; x_wconf 80' lang='lat' dir='ltr'><strong>fortitudo</strong></span> <span class='ocrx_word' id='word_1_457' title='bbox 2934 1750 3043 1804; x_wconf 89' lang='lat' dir='ltr'><strong>Deo</strong></span> <span class='ocrx_word' id='word_1_458' title='bbox 3074 1757 3259 1805; x_wconf 90' lang='lat' dir='ltr'><strong>nostro</strong></span> <span class='ocrx_word' id='word_1_459' title='bbox 3284 1748 3339 1804; x_wconf 90' lang='lat' dir='ltr'><strong>in</strong></span> <span class='ocrx_word' id='word_1_460' title='bbox 3364 1747 3557 1804; x_wconf 72' lang='lat' dir='ltr'><strong>smeula</strong></span> <span class='ocrx_word' id='word_1_461' title='bbox 3594 1745 3813 1802; x_wconf 73' lang='lat' dir='ltr'><strong>szcculo-</strong></span> 
     </span>
    </p>
   </div>
   <div class='ocr_carea' id='block_1_78' title="bbox 2251 1841 2608 1896">
    <p class='ocr_par' dir='ltr' id='par_1_78' title="bbox 2251 1841 2608 1896">
     <span class='ocr_line' id='line_1_78' title="bbox 2251 1841 2608 1896; baseline -0.003 -2"><span class='ocrx_word' id='word_1_462' title='bbox 2251 1855 2390 1894; x_wconf 86' lang='lat' dir='ltr'><strong>rum.</strong></span> <span class='ocrx_word' id='word_1_463' title='bbox 2421 1841 2608 1896; x_wconf 85' lang='lat' dir='ltr'><strong>Amen.</strong></span> 
     </span>
    </p>
   </div>
   <div class='ocr_carea' id='block_1_79' title="bbox 2790 1929 3270 2096">
    <p class='ocr_par' dir='ltr' id='par_1_79' title="bbox 2790 1929 3270 2096">
     <span class='ocr_line' id='line_1_79' title="bbox 2790 1929 3270 2096; baseline -0.006 -30"><span class='ocrx_word' id='word_1_464' title='bbox 2790 1989 3082 2096; x_wconf 79' lang='lat' dir='ltr'><strong>FERIA</strong></span> <span class='ocrx_word' id='word_1_465' title='bbox 3136 1929 3270 2066; x_wconf 74' lang='lat' dir='ltr'><strong>vi.</strong></span> 
     </span>
    </p>
   </div>
   <div class='ocr_carea' id='block_1_80' title="bbox 2257 2157 3836 2218">
    <p class='ocr_par' dir='ltr' id='par_1_80' title="bbox 2257 2157 3836 2218">
     <span class='ocr_line' id='line_1_80' title="bbox 2257 2157 3836 2218; baseline -0.004 -10"><span class='ocrx_word' id='word_1_466' title='bbox 2257 2167 2316 2208; x_wconf 74' lang='lat' dir='ltr'><strong>IN</strong></span> <span class='ocrx_word' id='word_1_467' title='bbox 2381 2165 2725 2210; x_wconf 57' lang='lat' dir='ltr'><strong>MEMORIA!</strong></span> <span class='ocrx_word' id='word_1_468' title='bbox 2786 2165 3314 2218; x_wconf 64' lang='lat' dir='ltr'><strong>IXCARNATIONIS,</strong></span> <span class='ocrx_word' id='word_1_469' title='bbox 3377 2161 3686 2206; x_wconf 67' lang='lat' dir='ltr'><strong>PASSIOXIS</strong></span> <span class='ocrx_word' id='word_1_470' title='bbox 3743 2157 3836 2201; x_wconf 68' lang='lat' dir='ltr'><strong>ET&#39;</strong></span> 
     </span>
    </p>
   </div>
   <div class='ocr_carea' id='block_1_81' title="bbox 2296 2237 3774 2298">
    <p class='ocr_par' dir='ltr' id='par_1_81' title="bbox 2296 2237 3774 2298">
     <span class='ocr_line' id='line_1_81' title="bbox 2296 2237 3774 2298; baseline -0.005 -12"><span class='ocrx_word' id='word_1_471' title='bbox 2296 2244 2827 2288; x_wconf 71' lang='lat' dir='ltr'><strong>RESURRECTIONIS</strong></span> <span class='ocrx_word' id='word_1_472' title='bbox 2852 2271 2867 2298; x_wconf 87' lang='lat'><strong>,</strong></span> <span class='ocrx_word' id='word_1_473' title='bbox 2910 2245 3046 2287; x_wconf 77' lang='lat' dir='ltr'><strong>SIVE</strong></span> <span class='ocrx_word' id='word_1_474' title='bbox 3087 2243 3482 2296; x_wconf 56' lang='lat' dir='ltr'><strong>ASCENSIOSIS</strong></span> <span class='ocrx_word' id='word_1_475' title='bbox 3526 2237 3774 2281; x_wconf 67' lang='lat' dir='ltr'><strong>DOMINI.</strong></span> 
     </span>
    </p>
   </div>
   <div class='ocr_carea' id='block_1_82' title="bbox 2650 2361 3417 2419">
    <p class='ocr_par' dir='ltr' id='par_1_82' title="bbox 2650 2361 3417 2419">
     <span class='ocr_line' id='line_1_82' title="bbox 2650 2361 3417 2419; baseline -0.004 -2"><span class='ocrx_word' id='word_1_476' title='bbox 2650 2362 2934 2419; x_wconf 76' lang='lat' dir='ltr'><strong>HYMNUS</strong></span> <span class='ocrx_word' id='word_1_477' title='bbox 2968 2361 3362 2418; x_wconf 71' lang='lat' dir='ltr'><strong>FORTUNATI</strong></span> <span class='ocrx_word' id='word_1_478' title='bbox 3394 2373 3417 2399; x_wconf 79' lang='grc' dir='ltr'>ο</span> 
     </span>
    </p>
   </div>
   <div class='ocr_carea' id='block_1_83' title="bbox 2531 2490 3541 2532">
    <p class='ocr_par' dir='ltr' id='par_1_83' title="bbox 2531 2490 3541 2532">
     <span class='ocr_line' id='line_1_83' title="bbox 2531 2490 3541 2532; baseline -0.004 -2"><span class='ocrx_word' id='word_1_479' title='bbox 2531 2493 2596 2530; x_wconf 75' lang='lat' dir='ltr'><strong>DE</strong></span> <span class='ocrx_word' id='word_1_480' title='bbox 2631 2492 2958 2532; x_wconf 69' lang='lat' dir='ltr'><strong>NATWITATE</strong></span> <span class='ocrx_word' id='word_1_481' title='bbox 2997 2490 3066 2531; x_wconf 73' lang='grc' dir='ltr'><strong>ΕΤ</strong></span> <span class='ocrx_word' id='word_1_482' title='bbox 3106 2491 3272 2531; x_wconf 71' lang='grc' dir='ltr'><strong>οιωεε</strong></span> <span class='ocrx_word' id='word_1_483' title='bbox 3309 2490 3541 2530; x_wconf 72' lang='lat' dir='ltr'><strong>CHRISTI.</strong></span> 
     </span>
    </p>
   </div>
   <div class='ocr_carea' id='block_1_84' title="bbox 2398 2585 3125 2658">
    <p class='ocr_par' dir='ltr' id='par_1_84' title="bbox 2398 2585 3125 2658">
     <span class='ocr_line' id='line_1_84' title="bbox 2398 2585 3125 2658; baseline -0.003 -18"><span class='ocrx_word' id='word_1_484' title='bbox 2398 2587 2425 2628; x_wconf 73' lang='grc' dir='ltr'>δ</span> <span class='ocrx_word' id='word_1_485' title='bbox 2450 2587 2649 2658; x_wconf 82' lang='lat' dir='ltr'><strong>Pange,</strong></span> <span class='ocrx_word' id='word_1_486' title='bbox 2680 2587 2879 2657; x_wconf 87' lang='lat' dir='ltr'><strong>lingua,</strong></span> <span class='ocrx_word' id='word_1_487' title='bbox 2907 2585 3125 2656; x_wconf 86' lang='lat' dir='ltr'><strong>gloriosi</strong></span> 
     </span>
    </p>
   </div>
   <div class='ocr_carea' id='block_1_85' title="bbox 2325 2675 3090 2750">
    <p class='ocr_par' dir='ltr' id='par_1_85' title="bbox 2325 2675 3090 2750">
     <span class='ocr_line' id='line_1_85' title="bbox 2325 2675 3090 2750; baseline -0.001 -21"><span class='ocrx_word' id='word_1_488' title='bbox 2325 2675 2573 2731; x_wconf 68' lang='lat' dir='ltr'><strong>Praelium</strong></span> <span class='ocrx_word' id='word_1_489' title='bbox 2595 2676 2923 2739; x_wconf 90' lang='lat' dir='ltr'><strong>certaminis,</strong></span> <span class='ocrx_word' id='word_1_490' title='bbox 3087 2747 3090 2750; x_wconf 8' lang='grc' dir='ltr'><strong><em>ἢ</em></strong></span> 
     </span>
    </p>
   </div>
   <div class='ocr_carea' id='block_1_86' title="bbox 2324 2769 3063 2839">
    <p class='ocr_par' dir='ltr' id='par_1_86' title="bbox 2324 2769 3063 2839">
     <span class='ocr_line' id='line_1_86' title="bbox 2324 2769 3063 2839; baseline -0.003 -16"><span class='ocrx_word' id='word_1_491' title='bbox 2324 2769 2389 2823; x_wconf 88' lang='lat' dir='ltr'><strong>Et</strong></span> <span class='ocrx_word' id='word_1_492' title='bbox 2415 2775 2574 2839; x_wconf 86' lang='lat' dir='ltr'><strong>super</strong></span> <span class='ocrx_word' id='word_1_493' title='bbox 2608 2769 2785 2824; x_wconf 89' lang='lat' dir='ltr'><strong>crucis</strong></span> <span class='ocrx_word' id='word_1_494' title='bbox 2822 2770 3063 2839; x_wconf 67' lang='lat' dir='ltr'><strong>trophaeo</strong></span> 
     </span>
    </p>
   </div>
   <div class='ocr_carea' id='block_1_87' title="bbox 2325 2858 3058 2928">
    <p class='ocr_par' dir='ltr' id='par_1_87' title="bbox 2325 2858 3058 2928">
     <span class='ocr_line' id='line_1_87' title="bbox 2325 2858 3058 2928; baseline 0 -16"><span class='ocrx_word' id='word_1_495' title='bbox 2325 2859 2402 2914; x_wconf 88' lang='lat' dir='ltr'><strong>Da</strong></span> <span class='ocrx_word' id='word_1_496' title='bbox 2431 2859 2761 2928; x_wconf 85' lang='lat' dir='ltr'><strong>triumphum</strong></span> <span class='ocrx_word' id='word_1_497' title='bbox 2794 2858 3023 2914; x_wconf 84' lang='lat' dir='ltr'><strong>nobilem</strong></span> <span class='ocrx_word' id='word_1_498' title='bbox 3043 2877 3058 2921; x_wconf 83' lang='lat'>;</span> 
     </span>
    </p>
   </div>
   <div class='ocr_carea' id='block_1_88' title="bbox 2328 2949 3084 3018">
    <p class='ocr_par' dir='ltr' id='par_1_88' title="bbox 2328 2949 3084 3018">
     <span class='ocr_line' id='line_1_88' title="bbox 2328 2949 3084 3018; baseline 0.001 -15"><span class='ocrx_word' id='word_1_499' title='bbox 2328 2949 2567 3016; x_wconf 87' lang='lat' dir='ltr'><strong>Qualiter</strong></span> <span class='ocrx_word' id='word_1_500' title='bbox 2592 2951 2914 3018; x_wconf 80' lang='lat' dir='ltr'><strong>Redemptor</strong></span> <span class='ocrx_word' id='word_1_501' title='bbox 2940 2949 3084 3006; x_wconf 79' lang='lat' dir='ltr'><strong>orbis</strong></span> 
     </span>
    </p>
   </div>
   <div class='ocr_carea' id='block_1_89' title="bbox 2328 3040 2877 3095">
    <p class='ocr_par' dir='ltr' id='par_1_89' title="bbox 2328 3040 2877 3095">
     <span class='ocr_line' id='line_1_89' title="bbox 2328 3040 2877 3095; baseline -0.005 0"><span class='ocrx_word' id='word_1_502' title='bbox 2328 3040 2637 3095; x_wconf 76' lang='lat' dir='ltr'><strong>lmmolatus</strong></span> <span class='ocrx_word' id='word_1_503' title='bbox 2669 3041 2877 3094; x_wconf 79' lang='lat' dir='ltr'><strong>vicerit.</strong></span> 
     </span>
    </p>
   </div>
   <div class='ocr_carea' id='block_1_90' title="bbox 2396 3128 3084 3200">
    <p class='ocr_par' dir='ltr' id='par_1_90' title="bbox 2396 3128 3084 3200">
     <span class='ocr_line' id='line_1_90' title="bbox 2396 3128 3084 3200; baseline -0.004 -16"><span class='ocrx_word' id='word_1_504' title='bbox 2396 3131 2472 3185; x_wconf 92' lang='lat' dir='ltr'><strong>De</strong></span> <span class='ocrx_word' id='word_1_505' title='bbox 2500 3131 2738 3198; x_wconf 88' lang='lat' dir='ltr'><strong>parentis</strong></span> <span class='ocrx_word' id='word_1_506' title='bbox 2771 3128 3084 3200; x_wconf 82' lang='lat' dir='ltr'><strong>protOplasti</strong></span> 
     </span>
    </p>
   </div>
   <div class='ocr_carea' id='block_1_91' title="bbox 2327 3207 3062 3280">
    <p class='ocr_par' dir='ltr' id='par_1_91' title="bbox 2327 3207 3062 3280">
     <span class='ocr_line' id='line_1_91' title="bbox 2327 3207 3062 3280; baseline -0.001 -6"><span class='ocrx_word' id='word_1_507' title='bbox 2327 3221 2534 3275; x_wconf 81' lang='lat' dir='ltr'><strong>Fraude</strong></span> <span class='ocrx_word' id='word_1_508' title='bbox 2563 3219 2737 3275; x_wconf 84' lang='lat' dir='ltr'><strong>factor</strong></span> <span class='ocrx_word' id='word_1_509' title='bbox 2759 3207 3062 3280; x_wconf 84' lang='lat' dir='ltr'><strong>condolens,</strong></span> 
     </span>
    </p>
   </div>
   <div class='ocr_carea' id='block_1_92' title="bbox 2326 3307 3145 3385">
    <p class='ocr_par' dir='ltr' id='par_1_92' title="bbox 2326 3307 3145 3385">
     <span class='ocr_line' id='line_1_92' title="bbox 2326 3307 3145 3385; baseline -0.005 -17"><span class='ocrx_word' id='word_1_510' title='bbox 2326 3315 2548 3382; x_wconf 83' lang='lat' dir='ltr'><strong>Quando</strong></span> <span class='ocrx_word' id='word_1_511' title='bbox 2572 3315 2715 3385; x_wconf 89' lang='lat' dir='ltr'><strong>pomi</strong></span> <span class='ocrx_word' id='word_1_512' title='bbox 2744 3312 2971 3368; x_wconf 76' lang='lat' dir='ltr'><strong>noxialis</strong></span> <span class='ocrx_word' id='word_1_513' title='bbox 3141 3307 3145 3309; x_wconf 51' lang='grc'>“</span> 
     </span>
    </p>
   </div>
   <div class='ocr_carea' id='block_1_93' title="bbox 2330 3407 2978 3464">
    <p class='ocr_par' dir='ltr' id='par_1_93' title="bbox 2330 3407 2978 3464">
     <span class='ocr_line' id='line_1_93' title="bbox 2330 3407 2978 3464; baseline -0.006 -3"><span class='ocrx_word' id='word_1_514' title='bbox 2330 3408 2498 3464; x_wconf 80' lang='lat' dir='ltr'><strong>Morte</strong></span> <span class='ocrx_word' id='word_1_515' title='bbox 2524 3423 2704 3461; x_wconf 89' lang='lat' dir='ltr'><strong>morsu</strong></span> <span class='ocrx_word' id='word_1_516' title='bbox 2732 3407 2936 3463; x_wconf 91' lang='lat' dir='ltr'><strong>corruit</strong></span> <span class='ocrx_word' id='word_1_517' title='bbox 2967 3424 2978 3456; x_wconf 90' lang='lat'><strong>:</strong></span> 
     </span>
    </p>
   </div>
   <div class='ocr_carea' id='block_1_94' title="bbox 2328 3497 3015 3570">
    <p class='ocr_par' dir='ltr' id='par_1_94' title="bbox 2328 3497 3015 3570">
     <span class='ocr_line' id='line_1_94' title="bbox 2328 3497 3015 3570; baseline -0.01 -16"><span class='ocrx_word' id='word_1_518' title='bbox 2328 3499 2445 3570; x_wconf 84' lang='lat' dir='ltr'><strong>Ipse</strong></span> <span class='ocrx_word' id='word_1_519' title='bbox 2466 3499 2610 3568; x_wconf 83' lang='lat' dir='ltr'><strong>ligno</strong></span> <span class='ocrx_word' id='word_1_520' title='bbox 2635 3508 2760 3552; x_wconf 87' lang='lat' dir='ltr'><strong>tunc</strong></span> <span class='ocrx_word' id='word_1_521' title='bbox 2790 3497 3015 3558; x_wconf 90' lang='lat' dir='ltr'><strong>notavit,</strong></span> 
     </span>
    </p>
   </div>
   <div class='ocr_carea' id='block_1_95' title="bbox 2329 3587 3046 3661">
    <p class='ocr_par' dir='ltr' id='par_1_95' title="bbox 2329 3587 3046 3661">
     <span class='ocr_line' id='line_1_95' title="bbox 2329 3587 3046 3661; baseline -0.014 -13"><span class='ocrx_word' id='word_1_522' title='bbox 2329 3592 2532 3648; x_wconf 77' lang='lat' dir='ltr'><strong>Damna</strong></span> <span class='ocrx_word' id='word_1_523' title='bbox 2562 3592 2688 3661; x_wconf 85' lang='lat' dir='ltr'><strong>ligni</strong></span> <span class='ocrx_word' id='word_1_524' title='bbox 2712 3598 2770 3642; x_wconf 92' lang='lat' dir='ltr'><strong>ut</strong></span> <span class='ocrx_word' id='word_1_525' title='bbox 2798 3587 3046 3643; x_wconf 86' lang='lat' dir='ltr'><strong>solveret.</strong></span> 
     </span>
    </p>
   </div>
   <div class='ocr_carea' id='block_1_96' title="bbox 2400 3675 3111 3752">
    <p class='ocr_par' dir='ltr' id='par_1_96' title="bbox 2400 3675 3111 3752">
     <span class='ocr_line' id='line_1_96' title="bbox 2400 3675 3111 3752; baseline -0.007 -17"><span class='ocrx_word' id='word_1_526' title='bbox 2400 3681 2513 3736; x_wconf 83' lang='lat' dir='ltr'><strong>Iloc</strong></span> <span class='ocrx_word' id='word_1_527' title='bbox 2534 3694 2669 3752; x_wconf 86' lang='lat' dir='ltr'><strong>Opus</strong></span> <span class='ocrx_word' id='word_1_528' title='bbox 2693 3686 2892 3734; x_wconf 69' lang='lat' dir='ltr'><strong>nostra:</strong></span> <span class='ocrx_word' id='word_1_529' title='bbox 2921 3675 3111 3732; x_wconf 89' lang='lat' dir='ltr'><strong>salutis</strong></span> 
     </span>
    </p>
   </div>
   <div class='ocr_carea' id='block_1_97' title="bbox 2330 3771 2906 3841">
    <p class='ocr_par' dir='ltr' id='par_1_97' title="bbox 2330 3771 2906 3841">
     <span class='ocr_line' id='line_1_97' title="bbox 2330 3771 2906 3841; baseline -0.009 -13"><span class='ocrx_word' id='word_1_530' title='bbox 2330 3773 2471 3828; x_wconf 87' lang='lat' dir='ltr'><strong>Ordo</strong></span> <span class='ocrx_word' id='word_1_531' title='bbox 2501 3771 2906 3841; x_wconf 88' lang='lat' dir='ltr'><strong>depoposcerat,</strong></span> 
     </span>
    </p>
   </div>
   <div class='ocr_carea' id='block_1_98' title="bbox 2332 3861 2974 3932">
    <p class='ocr_par' dir='ltr' id='par_1_98' title="bbox 2332 3861 2974 3932">
     <span class='ocr_line' id='line_1_98' title="bbox 2332 3861 2974 3932; baseline -0.005 -14"><span class='ocrx_word' id='word_1_532' title='bbox 2332 3862 2668 3918; x_wconf 78' lang='lat' dir='ltr'><strong>Multiformis</strong></span> <span class='ocrx_word' id='word_1_533' title='bbox 2689 3861 2974 3932; x_wconf 88' lang='lat' dir='ltr'><strong>perditoris</strong></span> 
     </span>
    </p>
   </div>
   <div class='ocr_carea' id='block_1_99' title="bbox 2333 3954 3022 4019">
    <p class='ocr_par' dir='ltr' id='par_1_99' title="bbox 2333 3954 3022 4019">
     <span class='ocr_line' id='line_1_99' title="bbox 2333 3954 3022 4019; baseline -0.006 -7"><span class='ocrx_word' id='word_1_534' title='bbox 2333 3958 2462 4014; x_wconf 79' lang='lat' dir='ltr'><strong>Arte</strong></span> <span class='ocrx_word' id='word_1_535' title='bbox 2499 3966 2558 4012; x_wconf 90' lang='lat' dir='ltr'><strong>ut</strong></span> <span class='ocrx_word' id='word_1_536' title='bbox 2583 3965 2752 4012; x_wconf 86' lang='lat' dir='ltr'><strong>artem</strong></span> <span class='ocrx_word' id='word_1_537' title='bbox 2785 3954 3022 4019; x_wconf 82' lang='lat' dir='ltr'><strong>falleret;</strong></span> 
     </span>
    </p>
   </div>
   <div class='ocr_carea' id='block_1_100' title="bbox 2332 4043 3022 4102">
    <p class='ocr_par' dir='ltr' id='par_1_100' title="bbox 2332 4043 3022 4102">
     <span class='ocr_line' id='line_1_100' title="bbox 2332 4043 3022 4102; baseline -0.01 0"><span class='ocrx_word' id='word_1_538' title='bbox 2332 4048 2400 4102; x_wconf 85' lang='lat' dir='ltr'><strong>Et</strong></span> <span class='ocrx_word' id='word_1_539' title='bbox 2423 4046 2683 4101; x_wconf 88' lang='lat' dir='ltr'><strong>medelam</strong></span> <span class='ocrx_word' id='word_1_540' title='bbox 2713 4045 2881 4100; x_wconf 84' lang='lat' dir='ltr'><strong>ferret</strong></span> <span class='ocrx_word' id='word_1_541' title='bbox 2901 4043 3022 4097; x_wconf 90' lang='lat' dir='ltr'><strong>inde</strong></span> 
     </span>
    </p>
   </div>
   <div class='ocr_carea' id='block_1_101' title="bbox 2334 4134 2926 4190">
    <p class='ocr_par' dir='ltr' id='par_1_101' title="bbox 2334 4134 2926 4190">
     <span class='ocr_line' id='line_1_101' title="bbox 2334 4134 2926 4190; baseline -0.01 0"><span class='ocrx_word' id='word_1_542' title='bbox 2334 4136 2512 4190; x_wconf 85' lang='lat' dir='ltr'><strong>Hostis</strong></span> <span class='ocrx_word' id='word_1_543' title='bbox 2537 4135 2674 4189; x_wconf 90' lang='lat' dir='ltr'><strong>unde</strong></span> <span class='ocrx_word' id='word_1_544' title='bbox 2701 4134 2926 4188; x_wconf 66' lang='lat' dir='ltr'><strong>laeserat.</strong></span> 
     </span>
    </p>
   </div>
   <div class='ocr_carea' id='block_1_102' title="bbox 2405 4219 3254 4297">
    <p class='ocr_par' dir='ltr' id='par_1_102' title="bbox 2405 4219 3254 4297">
     <span class='ocr_line' id='line_1_102' title="bbox 2405 4219 3254 4297; baseline -0.007 -17"><span class='ocrx_word' id='word_1_545' title='bbox 2405 4227 2506 4297; x_wconf 76' lang='lat'><strong>91</strong></span> <span class='ocrx_word' id='word_1_546' title='bbox 2543 4225 2766 4292; x_wconf 83' lang='lat' dir='ltr'><strong>Quando</strong></span> <span class='ocrx_word' id='word_1_547' title='bbox 2791 4224 2937 4280; x_wconf 80' lang='lat' dir='ltr'><strong>venit</strong></span> <span class='ocrx_word' id='word_1_548' title='bbox 2961 4238 3087 4294; x_wconf 79' lang='lat' dir='ltr'><strong>ergo</strong></span> <span class='ocrx_word' id='word_1_549' title='bbox 3115 4219 3254 4277; x_wconf 74' lang='lat' dir='ltr'><strong>sacri</strong></span> 
     </span>
    </p>
   </div>
   <div class='ocr_carea' id='block_1_103' title="bbox 2200 4315 2919 4393">
    <p class='ocr_par' dir='ltr' id='par_1_103' title="bbox 2200 4315 2919 4393">
     <span class='ocr_line' id='line_1_103' title="bbox 2200 4315 2919 4393; baseline 0 -23"><span class='ocrx_word' id='word_1_550' title='bbox 2200 4331 2247 4393; x_wconf 79' lang='grc' dir='ltr'><strong>ο</strong></span> <span class='ocrx_word' id='word_1_551' title='bbox 2340 4316 2618 4371; x_wconf 88' lang='lat' dir='ltr'><strong>Plenitudo</strong></span> <span class='ocrx_word' id='word_1_552' title='bbox 2644 4315 2919 4386; x_wconf 87' lang='lat' dir='ltr'><strong>temporis,</strong></span> 
     </span>
    </p>
   </div>
   <div class='ocr_carea' id='block_1_104' title="bbox 2342 4405 3086 4464">
    <p class='ocr_par' dir='ltr' id='par_1_104' title="bbox 2342 4405 3086 4464">
     <span class='ocr_line' id='line_1_104' title="bbox 2342 4405 3086 4464; baseline -0.007 -1"><span class='ocrx_word' id='word_1_553' title='bbox 2342 4408 2533 4464; x_wconf 83' lang='lat' dir='ltr'><strong>Missus</strong></span> <span class='ocrx_word' id='word_1_554' title='bbox 2556 4417 2638 4462; x_wconf 87' lang='lat' dir='ltr'><strong>est</strong></span> <span class='ocrx_word' id='word_1_555' title='bbox 2666 4407 2734 4462; x_wconf 93' lang='lat' dir='ltr'><strong>ab</strong></span> <span class='ocrx_word' id='word_1_556' title='bbox 2764 4422 2888 4461; x_wconf 84' lang='lat' dir='ltr'><strong>arce</strong></span> <span class='ocrx_word' id='word_1_557' title='bbox 2911 4405 3086 4459; x_wconf 86' lang='lat' dir='ltr'><strong>Patris</strong></span> 
     </span>
    </p>
   </div>
   <div class='ocr_carea' id='block_1_105' title="bbox 2344 4497 2993 4556">
    <p class='ocr_par' dir='ltr' id='par_1_105' title="bbox 2344 4497 2993 4556">
     <span class='ocr_line' id='line_1_105' title="bbox 2344 4497 2993 4556; baseline -0.011 -2"><span class='ocrx_word' id='word_1_558' title='bbox 2344 4500 2512 4554; x_wconf 82' lang='lat' dir='ltr'><strong>Natus</strong></span> <span class='ocrx_word' id='word_1_559' title='bbox 2542 4500 2689 4553; x_wconf 80' lang='lat' dir='ltr'><strong>orbis</strong></span> <span class='ocrx_word' id='word_1_560' title='bbox 2718 4497 2993 4556; x_wconf 85' lang='lat' dir='ltr'><strong>Conditor,</strong></span> 
     </span>
    </p>
   </div>
   <div class='ocr_carea' id='block_1_106' title="bbox 2342 4581 2998 4659">
    <p class='ocr_par' dir='ltr' id='par_1_106' title="bbox 2342 4581 2998 4659">
     <span class='ocr_line' id='line_1_106' title="bbox 2342 4581 2998 4659; baseline -0.014 -17"><span class='ocrx_word' id='word_1_561' title='bbox 2342 4589 2514 4659; x_wconf 83' lang='lat' dir='ltr'><strong>Atque</strong></span> <span class='ocrx_word' id='word_1_562' title='bbox 2540 4595 2723 4642; x_wconf 89' lang='lat' dir='ltr'><strong>ventre</strong></span> <span class='ocrx_word' id='word_1_563' title='bbox 2754 4581 2998 4652; x_wconf 81' lang='lat' dir='ltr'><strong>virginali</strong></span> 
     </span>
    </p>
   </div>
   <div class='ocr_carea' id='block_1_107' title="bbox 2341 4673 2915 4745">
    <p class='ocr_par' dir='ltr' id='par_1_107' title="bbox 2341 4673 2915 4745">
     <span class='ocr_line' id='line_1_107' title="bbox 2341 4673 2915 4745; baseline -0.023 -9"><span class='ocrx_word' id='word_1_564' title='bbox 2341 4679 2479 4734; x_wconf 87' lang='lat' dir='ltr'><strong>Caro</strong></span> <span class='ocrx_word' id='word_1_565' title='bbox 2502 4677 2674 4733; x_wconf 83' lang='lat' dir='ltr'><strong>factus</strong></span> <span class='ocrx_word' id='word_1_566' title='bbox 2699 4673 2915 4745; x_wconf 89' lang='lat' dir='ltr'><strong>prodiit.</strong></span> 
     </span>
    </p>
   </div>
   <div class='ocr_carea' id='block_1_108' title="bbox 2414 4766 3115 4841">
    <p class='ocr_par' dir='ltr' id='par_1_108' title="bbox 2414 4766 3115 4841">
     <span class='ocr_line' id='line_1_108' title="bbox 2414 4766 3115 4841; baseline -0.017 -16"><span class='ocrx_word' id='word_1_567' title='bbox 2414 4771 2570 4841; x_wconf 77' lang='lat' dir='ltr'><strong>Vagit</strong></span> <span class='ocrx_word' id='word_1_568' title='bbox 2597 4766 2769 4822; x_wconf 82' lang='lat' dir='ltr'><strong>infans</strong></span> <span class='ocrx_word' id='word_1_569' title='bbox 2800 4766 2939 4818; x_wconf 88' lang='lat' dir='ltr'><strong>inter</strong></span> <span class='ocrx_word' id='word_1_570' title='bbox 2969 4769 3115 4814; x_wconf 83' lang='lat' dir='ltr'><strong>arcta</strong></span> 
     </span>
    </p>
   </div>
   <div class='ocr_carea' id='block_1_109' title="bbox 2345 4855 2898 4927">
    <p class='ocr_par' dir='ltr' id='par_1_109' title="bbox 2345 4855 2898 4927">
     <span class='ocr_line' id='line_1_109' title="bbox 2345 4855 2898 4927; baseline -0.018 -10"><span class='ocrx_word' id='word_1_571' title='bbox 2345 4861 2600 4917; x_wconf 85' lang='lat' dir='ltr'><strong>Conditus</strong></span> <span class='ocrx_word' id='word_1_572' title='bbox 2619 4855 2898 4927; x_wconf 82' lang='lat' dir='ltr'><strong>praesepia,</strong></span> 
     </span>
    </p>
   </div>
   <div class='ocr_carea' id='block_1_110' title="bbox 2346 4945 3067 5018">
    <p class='ocr_par' dir='ltr' id='par_1_110' title="bbox 2346 4945 3067 5018">
     <span class='ocr_line' id='line_1_110' title="bbox 2346 4945 3067 5018; baseline -0.012 -10"><span class='ocrx_word' id='word_1_573' title='bbox 2346 4951 2581 5007; x_wconf 78' lang='lat' dir='ltr'><strong>Membra</strong></span> <span class='ocrx_word' id='word_1_574' title='bbox 2613 4946 2803 5018; x_wconf 84' lang='lat' dir='ltr'><strong>pannis</strong></span> <span class='ocrx_word' id='word_1_575' title='bbox 2832 4945 3067 5000; x_wconf 74' lang='lat' dir='ltr'><strong>involuta</strong></span> 
     </span>
    </p>
   </div>
   <div class='ocr_carea' id='block_1_111' title="bbox 2348 5037 2941 5110">
    <p class='ocr_par' dir='ltr' id='par_1_111' title="bbox 2348 5037 2941 5110">
     <span class='ocr_line' id='line_1_111' title="bbox 2348 5037 2941 5110; baseline -0.013 -13"><span class='ocrx_word' id='word_1_576' title='bbox 2348 5043 2508 5110; x_wconf 73' lang='lat' dir='ltr'><strong>Virgo</strong></span> <span class='ocrx_word' id='word_1_577' title='bbox 2539 5046 2712 5093; x_wconf 84' lang='lat' dir='ltr'><strong>mater</strong></span> <span class='ocrx_word' id='word_1_578' title='bbox 2741 5037 2941 5107; x_wconf 87' lang='lat' dir='ltr'><strong>alligat,</strong></span> 
     </span>
    </p>
   </div>
   <div class='ocr_carea' id='block_1_112' title="bbox 2351 5133 3152 5202">
    <p class='ocr_par' dir='ltr' id='par_1_112' title="bbox 2351 5133 3152 5202">
     <span class='ocr_line' id='line_1_112' title="bbox 2351 5133 3152 5202; baseline -0.01 -12"><span class='ocrx_word' id='word_1_579' title='bbox 2351 5137 2415 5190; x_wconf 77' lang='lat' dir='ltr'><strong>Et</strong></span> <span class='ocrx_word' id='word_1_580' title='bbox 2437 5133 2614 5202; x_wconf 89' lang='lat' dir='ltr'><strong>pedes,</strong></span> <span class='ocrx_word' id='word_1_581' title='bbox 2647 5145 2968 5199; x_wconf 83' lang='lat' dir='ltr'><strong>manusque,</strong></span> <span class='ocrx_word' id='word_1_582' title='bbox 2996 5144 3152 5184; x_wconf 80' lang='lat' dir='ltr'><strong>crura</strong></span> 
     </span>
    </p>
   </div>
   <div class='ocr_carea' id='block_1_113' title="bbox 2353 5218 3354 5296">
    <p class='ocr_par' dir='ltr' id='par_1_113' title="bbox 2353 5218 3354 5296">
     <span class='ocr_line' id='line_1_113' title="bbox 2353 5218 3354 5296; baseline -0.011 -14"><span class='ocrx_word' id='word_1_583' title='bbox 2353 5227 2548 5282; x_wconf 87' lang='lat' dir='ltr'><strong>Stricta</strong></span> <span class='ocrx_word' id='word_1_584' title='bbox 2577 5225 2761 5296; x_wconf 75' lang='lat' dir='ltr'><strong>pangit</strong></span> <span class='ocrx_word' id='word_1_585' title='bbox 2791 5223 2922 5295; x_wconf 74' lang='lat' dir='ltr'><strong>[Al.,</strong></span> <span class='ocrx_word' id='word_1_586' title='bbox 2952 5219 3139 5292; x_wconf 90' lang='lat' dir='ltr'><strong>cingit]</strong></span> <span class='ocrx_word' id='word_1_587' title='bbox 3168 5218 3354 5273; x_wconf 84' lang='lat' dir='ltr'><strong>fascia.</strong></span> 
     </span>
    </p>
   </div>
   <div class='ocr_carea' id='block_1_114' title="bbox 2423 5316 3227 5388">
    <p class='ocr_par' dir='ltr' id='par_1_114' title="bbox 2423 5316 3227 5388">
     <span class='ocr_line' id='line_1_114' title="bbox 2423 5316 3227 5388; baseline -0.01 -15"><span class='ocrx_word' id='word_1_588' title='bbox 2423 5319 2613 5373; x_wconf 72' lang='lat' dir='ltr'><strong>Lustna</strong></span> <span class='ocrx_word' id='word_1_589' title='bbox 2640 5332 2733 5372; x_wconf 75' lang='lat' dir='ltr'><strong>sex.</strong></span> <span class='ocrx_word' id='word_1_590' title='bbox 2759 5318 2847 5388; x_wconf 82' lang='lat' dir='ltr'><strong>qui</strong></span> <span class='ocrx_word' id='word_1_591' title='bbox 2870 5316 2981 5384; x_wconf 84' lang='lat' dir='ltr'><strong>jam</strong></span> <span class='ocrx_word' id='word_1_592' title='bbox 3012 5320 3227 5384; x_wconf 85' lang='lat' dir='ltr'><strong>peracta</strong></span> 
     </span>
    </p>
   </div>
   <div class='ocr_carea' id='block_1_115' title="bbox 2356 5465 3365 5546">
    <p class='ocr_par' dir='ltr' id='par_1_115' title="bbox 2356 5465 3365 5546">
     <span class='ocr_line' id='line_1_115' title="bbox 2356 5465 3365 5546; baseline -0.015 -12"><span class='ocrx_word' id='word_1_593' title='bbox 2356 5479 2384 5522; x_wconf 68' lang='grc' dir='ltr'>δ</span> <span class='ocrx_word' id='word_1_594' title='bbox 2414 5476 2518 5534; x_wconf 86' lang='lat' dir='ltr'><strong>Pro</strong></span> <span class='ocrx_word' id='word_1_595' title='bbox 2551 5465 2651 5533; x_wconf 80' lang='lat' dir='ltr'><strong>usu</strong></span> <span class='ocrx_word' id='word_1_596' title='bbox 2675 5491 2834 5543; x_wconf 89' lang='lat' dir='ltr'><strong>nono,</strong></span> <span class='ocrx_word' id='word_1_597' title='bbox 2866 5488 3044 5546; x_wconf 85' lang='lat' dir='ltr'><strong>supra,</strong></span> <span class='ocrx_word' id='word_1_598' title='bbox 3072 5466 3171 5526; x_wconf 90' lang='lat' dir='ltr'><strong>col.</strong></span> <span class='ocrx_word' id='word_1_599' title='bbox 3208 5465 3304 5523; x_wconf 69' lang='grc'><strong>467</strong></span> <span class='ocrx_word' id='word_1_600' title='bbox 3361 5523 3365 5527; x_wconf 58' lang='grc'>,</span> 
     </span>
    </p>
   </div>
  </div>
