4262 6190
552 284 657 339 565

622 401 857 471 Tempus
886 398 1114 470 implens
1142 399 1401 469 corporis,

624 492 696 546 Se
720 492 953 554 volente,
982 498 1142 544 natus
1166 489 1233 544 ad
1260 488 1362 543 hoc

624 578 867 635 Passioni
893 567 1121 643 deditus,

622 672 808 744 Agnus
832 670 887 726 in
916 670 1094 727 crucis
1120 671 1330 725 levatur

619 760 983 825 lmmolandus
1011 762 1214 831 stipite;

693 852 797 908 illc
824 859 1061 915 acetum,
1093 850 1187 917 fel,
1217 852 1445 917 arundo,

622 943 812 1012 Sputa.
852 942 1011 1008 clavi,
1043 942 1253 1009 lancea,

625 1032 758 1089 Mite
778 1048 976 1104 corpus
997 1032 1319 1105 perforatur.

626 1125 859 1198 Sanguis
887 1126 1030 1181 unda
1052 1123 1304 1197 proﬂuit:

626 1214 813 1277 Terra.
839 1222 1056 1286 pontus.
1088 1219 1257 1279 astra,
1285 1213 1538 1282 mundus,

620 1305 743 1375 Quo
760 1306 1012 1361 lavantur
1038 1305 1274 1363 flumine.

695 1398 842 1455 me
867 1398 1042 1455 tidelis
1064 1388 1208 1456 inter
1231 1415 1422 1456 omnes

631 1491 808 1547 Arbor
833 1505 938 1545 una
973 1491 1189 1556 nobilis,

627 1579 784 1637 Nulla
816 1580 974 1636 talem
1004 1581 1136 1637 silva
1160 1581 1368 1653 profert

626 1671 867 1737 Fronde,
895 1670 1047 1736 flore,
1076 1674 1347 1743 germine;

1395 282 1456 337 Β.
1496 282 1555 337 l".
1593 282 1817 337 ALBlNl
1858 282 1987 359 εβιῖ
2031 282 2303 338 ALCUINI
2342 283 2622 340 OPERUM
2660 285 2838 340 PARS
2876 285 2963 340 IV.

3690 286 3793 342 είω

2153 403 2201 457 Α
2228 406 2442 467 ceptum
2471 399 2605 481 ejus.
2662 399 2920 455 Dominus
2959 400 3092 454 dixit
3115 401 3181 455 ad
3206 416 3324 455 me:
3359 402 3526 456 Filius
3555 416 3704 457 meus
3734 416 3795 457 es

2179 526 2195 541 .
2229 500 2305 555 tu,
2332 505 2432 562 ego
2462 490 2623 545 hodie
2651 492 2808 560 genui
2840 500 2910 545 te.
2966 491 3181 546 Postula
3223 508 3253 547 a
3280 506 3397 557 me,
3441 501 3497 548 et
3533 491 3672 548 dabo
3698 491 3795 548 tibi

2225 588 2413 650 gentes
2456 574 2825 637 hereditatem
2871 590 3015 636 tuam
3042 621 3059 646 ,
3110 589 3168 636 et
3206 582 3603 651 possessionem
3644 589 3795 637 tuam

2228 673 2487 727 terminos
2533 680 2711 728 terrm.
2769 671 2947 744 Reges
2972 687 3065 728 eos
3087 674 3141 727 in
3178 674 3327 743 virga
3354 672 3561 735 ferrea,
3589 679 3646 727 et
3670 680 3795 728 tan-

2226 777 2387 831 quam
2402 777 2499 817 vas
2525 761 2672 833 liguli
2698 760 3133 834 confringeseos.
3157 763 3223 817 Et
3242 778 3411 831 nunc,
3430 778 3605 834 reges,
3632 761 3792 818 intel-

2226 852 2404 923 ligite:
2436 852 2725 907 erudimini
2764 854 2856 923 qui
2892 850 3148 920 iudicatis
3177 862 3399 908 terram.
3445 850 3660 909 Servitc
3688 850 3795 907 Do-
3858 840 3867 847 ’

2226 944 2375 998 mino
2395 943 2449 996 in
2471 943 2683 1007 timore,
2710 950 2766 996 et
2785 942 3054 999 exsultate
3075 944 3126 997 ei
3147 957 3270 997 eum
3311 951 3568 996 tremore.
3590 937 3797 1011 Appro-

2227 1036 2447 1090 hcndite
2484 1032 2855 1129 disciplinam,
2898 1036 3180 1105 nequando
3224 1034 3488 1088 irascatur
3516 1033 3792 1096 Dominus,

2229 1133 2281 1179 ct
2306 1125 2541 1196 pereatis
2564 1125 2631 1180 de
2650 1126 2735 1179 via
2755 1122 2921 1193 insta.
2980 1125 3117 1181 Cum
3154 1124 3422 1179 exarserit
3447 1123 3503 1177 in
3535 1122 3686 1178 brevi
3714 1122 3794 1175 ira

2225 1214 2364 1284 ejus,
2392 1215 2537 1271 beati
2555 1229 2761 1280 omnes,
2788 1217 2879 1285 qui
2903 1216 3187 1274 conﬁdunt
3223 1216 3277 1271 in
3304 1230 3391 1271 eo.

2200 1356 2201 1359 η
2294 1305 2403 1376 92
2432 1303 2509 1359 Ur
2540 1321 2718 1375 supra.
2757 1305 3017 1361 Exortum
3051 1314 3137 1361 est
3169 1304 3222 1360 in
3255 1307 3511 1362 tenebris.
3543 1304 3796 1373 Suscepi-

2230 1414 2351 1454 mus
2370 1399 2511 1454 Deus
2534 1398 2958 1454 misericordiam
2981 1406 3147 1453 tuam.

2302 1488 2508 1544 Oratio.
2544 1487 2707 1549 Efﬁce
2732 1503 2851 1554 nos,
2878 1488 3126 1553 Domine,
3158 1496 3412 1558 tanquam
3440 1484 3805 1541 fructuosissi—

2231 1598 2378 1637 mum
2406 1581 2609 1653 lignum
2637 1591 2763 1637 ante
2801 1590 3145 1652 conspectum
3185 1589 3369 1645 tuum,
3401 1587 3460 1635 ut
3485 1580 3592 1633 tuis
3620 1578 3807 1633 imbri-

2230 1672 2334 1727 bus
2361 1671 2615 1742 mitigati,
2639 1686 2948 1726 mereamur
2969 1670 3063 1726 tibi
3084 1670 3333 1726 suavium
3354 1669 3626 1726 fructuum
3644 1670 3806 1725 uber-

623 1762 793 1818 Dulce
810 1763 1034 1832 lignum,
1061 1763 1275 1818 dulcem
1304 1764 1515 1820 clavum
1546 1763 1681 1838 [ΑΙ.,
1717 1763 1900 1821 dulces
1929 1763 2129 1837 clavus]
2168 1769 2208 1828 Β
2236 1774 2348 1821 tatc
2375 1765 2609 1834 placere.
2636 1762 2760 1818 Per.

627 1851 795 1906 Dulce
818 1850 1029 1921 pendas
1053 1852 1348 1908 sustinens.

701 1942 882 2000 Flecte
914 1959 1092 1999 ramos
1117 1945 1280 2001 arbor
1306 1945 1433 2010 alta,

628 2034 801 2090 Tcnsa
827 2035 947 2090 laxa
971 2036 1174 2091 viscera
1193 2078 1206 2101 ,

629 2126 696 2181 Et
722 2127 867 2197 rigor
893 2126 1156 2183 lentescat
1182 2128 1273 2181 ille
1291 2170 1305 2192 ,

628 2216 799 2283 Quem
826 2216 973 2275 dedit
999 2217 1253 2272 nativitas
1274 2259 1289 2283 ,

632 2308 702 2365 Ut
728 2311 944 2380 superni
974 2310 1218 2366 membra
1242 2310 1405 2383 Regis

628 2400 882 2460 Mittcnda
907 2402 1016 2477 [L.,
1036 2405 1175 2460 mitti
1201 2405 1412 2477 lendas]
1440 2407 1643 2482 stipite.

702 2493 829 2550 Sola
851 2496 1010 2567 digna
1041 2507 1096 2552 tu
1118 2496 1268 2572 fuisti

629 2585 796 2642 Ferre
822 2588 1056 2658 pretium
1083 2590 1274 2655 seculi,

629 2681 806 2749 Atque
829 2690 1043 2751 portum
1072 2697 1377 2753 prmparare

632 2768 806 2823 Nauta
833 2774 1034 2828 mundo
1056 2773 1317 2845 naufrago
1342 2791 1356 2827 :

631 2858 807 2927 Quam
834 2876 991 2916 sacer
1013 2878 1177 2919 cruor
1201 2866 1458 2935 perunxit

634 2953 812 3011 Fusus
841 2956 963 3025 agni
992 2958 1176 3028 stipite
1206 2955 1319 3033 [L.,
1356 2957 1482 3030 agni
1510 2956 1779 3031 corpore].

1177 3062 1508 3125 EIUSDEM.

559 3181 707 3234 Crux
737 3182 1018 3237 benedicta
1047 3182 1212 3248 nitet,
1256 3180 1516 3238 Dominus
1537 3197 1643 3254 qua
1669 3195 1832 3237 carne
1860 3180 2133 3253 pependit,

630 3268 808 3340 Atque
834 3286 1029 3328 cruore
1053 3288 1152 3329 suo
1178 3273 1400 3330 vulnera
1427 3282 1614 3331 nostra
1636 3274 1786 3332 lavit.

566 3357 709 3414 Mitis
737 3374 923 3416 amore
941 3361 1030 3432 pio
1048 3377 1147 3431 pro
1167 3363 1321 3417 nobis
1340 3350 1561 3420 victima
1585 3363 1781 3429 factus,

632 3448 820 3508 Traxit
839 3452 909 3503 ab
934 3464 1029 3504 ore
1053 3449 1164 3521 lupi
1190 3466 1297 3521 qua
1327 3467 1483 3507 sacer
1510 3468 1681 3522 agnus
1703 3467 1850 3509 oves.

559 3541 857 3596 Transtixis
882 3541 1075 3611 palmis
1102 3542 1195 3597 ubi
1224 3544 1481 3599 mundum
1506 3543 1659 3599 clade
1686 3545 1931 3609 redemit,

628 3633 803 3704 Atque
827 3649 925 3690 suo
945 3634 1141 3691 clausit
1165 3634 1356 3693 funere
1385 3636 1576 3709 mortis
1595 3637 1717 3692 iter.
1836 3636 1844 3644 ‘

562 3724 661 3778 llic
689 3739 881 3780 manus
908 3726 999 3780 illa
1019 3725 1121 3780 fuit
1145 3726 1316 3785 clavis
1341 3727 1551 3783 conﬁxa
1585 3728 1845 3793 cruentis,

628 3813 761 3880 Quae
784 3815 983 3884 eripuit
1001 3815 1225 3889 Raulum
1253 3818 1501 3885 crimine,
1529 3826 1705 3875 morte
1730 3818 1969 3875 Petrum.

560 3903 861 3960 Fertilitate
882 3913 1094 3978 potens,
1126 3922 1160 3962 ο
1180 3906 1336 3964 dulce
1364 3917 1421 3964 et
1441 3911 1617 3967 nobile
1642 3912 1845 3983 lignum
1868 3914 1881 3967 ε

628 3995 855 4063 Quando
885 3997 992 4053 tuis
1013 3998 1181 4052 ramis
1202 4006 1315 4053 tam
1337 4014 1472 4054 nova
1494 4015 1651 4075 poma
1680 3983 1858 4070 geris.

556 4089 724 4159 Cujus
743 4091 910 4146 odore
937 4107 1077 4149 novo
1106 4091 1357 4149 defuncta
1377 4094 1639 4151 cadavera
1663 4104 1922 4166 surgunt,

627 4182 697 4235 Et
723 4180 950 4238 redeunt
980 4184 1106 4239 vita:
1132 4185 1224 4255 qui
1251 4200 1474 4242 caruere
1504 4188 1608 4243 die.

556 4272 773 4333 Nullum
799 4283 922 4331 uret
941 4284 1105 4331 aestus
1130 4280 1229 4332 sub
1260 4275 1542 4334 frondibus
1567 4280 1779 4335 arboris
1800 4278 1987 4347 hujus,

628 4369 781 4423 Luna
806 4384 906 4424 nec
932 4370 987 4427 in
1015 4378 1249 4435 noctem,
1279 4372 1359 4427 sol
1383 4388 1556 4442 neque
1584 4375 1827 4429 meridie.

556 4459 637 4515 'l'u
658 4458 901 4530 plantata
926 4461 1115 4524 micas,
1146 4476 1303 4515 secus
1325 4471 1411 4516 est
1437 4462 1526 4516 ubi
1555 4477 1748 4518 cursus
1774 4479 2059 4534 aquarum.

626 4548 851 4623 Spargis
872 4559 927 4605 et
945 4561 1168 4607 ornatas
1196 4551 1327 4606 ﬂore
1350 4561 1568 4609 recente
1595 4570 1798 4610 comas.

552 4642 801 4713 Appensa
830 4653 913 4699 est
941 4646 1066 4699 vitis
1096 4646 1236 4700 inter
1264 4654 1353 4700 tua
1380 4646 1625 4711 brachia,
1655 4647 1721 4702 de
1745 4661 1849 4721 qua

626 4736 814 4791 Dulcia
844 4740 1137 4808 sanguineo
1161 4740 1285 4794 vina
1315 4740 1514 4795 rubore
1538 4739 1727 4797 ﬂuunt.

836 4851 1154 4908 PSALMUS
1191 4853 1279 4909 DE
1315 4851 1841 4911 INCARNATIONE.

627 4964 806 5033 (Ps.u..
839 4961 923 5033 ιι.)
981 4964 1159 5030 Quare
1206 4964 1538 5020 fremuerunt
1575 4974 1797 5036 gentes:
1846 4974 1899 5019 et
1944 4966 2124 5035 populi

557 5056 797 5111 meditati
825 5066 951 5111 sunt
978 5056 1197 5110 inania?
1227 5057 1527 5110 Astiterunt
1552 5073 1703 5127 rcges
1733 5066 1889 5111 terra:
1909 5067 1961 5112 et
1981 5058 2128 5127 prin-

555 5150 702 5217 cipes
726 5156 1092 5203 convenerunt
1140 5147 1191 5201 in
1234 5163 1398 5201 unum
1447 5148 1705 5201 adversus
1734 5147 2044 5210 Dominum,
2076 5157 2130 5201 et

556 5242 811 5296 adversus
830 5239 1105 5295 Christum
1122 5239 1256 5306 ejus.
1287 5237 1667 5309 Dirumpamus
1690 5238 1895 5291 vincula
1917 5253 2125 5303 eorum,

554 5333 981 5403 etprojiciamus
1023 5348 1051 5385 a
1091 5331 1245 5386 nobis
1277 5330 1464 5402 jugum
1507 5330 1765 5401 ipsorum.
1798 5328 1897 5395 Qui
1924 5329 2130 5383 habitat

558 5425 610 5475 in
635 5426 807 5486 cmlts,
838 5423 1083 5477 irridebit
1105 5437 1198 5479 eos
1221 5439 1234 5475 :
1261 5431 1317 5477 et
1350 5422 1608 5477 Dominus
1630 5419 1979 5476 sulzsannabit
2013 5434 2125 5472 eos.

556 5514 706 5569 Tunc
731 5514 980 5582 loquetur
1018 5515 1083 5569 ad
1124 5530 1215 5569 cos
1246 5514 1299 5569 in
1333 5516 1410 5569 ira
1441 5530 1535 5569 sua
1568 5531 1581 5567 :
1632 5520 1685 5567 et
1715 5514 1766 5566 in
1804 5510 1984 5565 furore
2032 5524 2129 5563 suo

556 5604 895 5661 conturbabit
917 5621 1029 5659 eos.
1078 5605 1186 5676 Ego
1217 5614 1395 5660 autem
1425 5604 1750 5660 constltutus
1780 5616 1896 5654 sum
1921 5599 2033 5651 Rex
2061 5596 2129 5650 ab

556 5715 619 5763 eo
647 5710 806 5773 super
830 5694 958 5751 Sion
985 5706 1218 5753 montem
1242 5704 1488 5752 sanctum
1506 5694 1643 5767 ejus,
1670 5690 1969 5761 praedicans
1983 5703 2125 5759 pric-

2266 1872 2269 1876 ’
2305 1854 2448 1908 Alia.
2486 1852 2796 1909 Servicntes
2826 1854 2946 1919 tibi,
2971 1853 3218 1918 Domine,
3243 1854 3536 1908 obmetum
3566 1852 3619 1907 in
3647 1852 3803 1909 timo-

2236 1965 2294 2005 re
2315 1949 2525 2018 judicii,
2551 1948 2882 2003 exsultantes
2901 1962 3024 2003 cum
3049 1952 3286 2001 tremere
3312 1954 3535 2015 propter
3556 1944 3802 1999 ﬁduciam
3866 1992 3871 1997 .

2236 2041 2371 2110 spei,
2408 2040 2540 2095 doce
2578 2055 2678 2095 nos
2718 2038 3122 2110 apprehendere
3152 2036 3524 2107 disciplinam,
3549 2036 3640 2105 qui
3664 2034 3807 2105 judi—

2235 2147 2328 2187 cas
2366 2138 2567 2186 terram
2588 2171 2603 2196 ,
2654 2138 2715 2185 ut
2742 2138 2796 2186 te
2829 2128 3156 2199 propitiante
3179 2128 3379 2182 veteris
3411 2126 3646 2181 hominis
3674 2123 3809 2195 ligu-

2236 2223 2345 2276 lum
2371 2220 2769 2290 confringentes
2800 2218 3087 2275 exterioris
3121 2224 3281 2272 terra:
3309 2223 3661 2289 purgamenta
3696 2211 3810 2271 cal-

2236 2329 2441 2369 cemus.

2451 2463 2795 2537 'PSALMUS
2827 2465 2918 2521 ne
2952 2428 3285 2521 PASSIONE
3320 2462 3575 2519 DOMlNl.

2308 2598 2487 2669 (Psxt.
2525 2599 2740 2669 xxxiv.)
2803 2594 2994 2651 Indica
3017 2636 3034 2662 ,
3072 2596 3299 2652 Domine
3323 2635 3338 2660 ,
3382 2602 3639 2649 nocentes
3673 2606 3759 2647 me
3788 2609 3802 2644 :

2237 2705 2481 2759 expugna
2512 2688 2888 2759 impugnantes
2916 2700 3021 2741 me.
3050 2684 3407 2757 Apprehende
3435 2699 3583 2738 arma
3610 2692 3665 2738 et
3685 2696 3807 2736 scu-

2237 2786 2351 2831 tum
2376 2816 2391 2841 ,
2422 2783 2478 2829 et
2517 2788 2745 2845 exsurge
2788 2775 2849 2829 in
2885 2771 3217 2843 adjutorium
3253 2773 3407 2829 mihi.
3449 2770 3671 2827 Emmde
3701 2770 3809 2824 fra-

2238 2881 2436 2931 meam,
2460 2872 2514 2918 ct
2538 2863 2797 2920 conclude
2824 2864 3083 2920 adversus
3109 2879 3237 2929 eos,
3280 2863 3372 2934 qui
3410 2869 3811 2933 persequuntur

2239 2974 2326 3012 me
2355 2975 2369 3011 :
2402 2958 2489 3012 dic
2516 2957 2709 3011 anima:
2733 2972 2897 3022 meae,
2936 2957 3083 3012 salus
3111 2965 3201 3011 tua
3237 2972 3337 3027 ego
3375 2971 3515 3011 sum.
3576 2951 3811 3010 Confun-

2239 3049 2436 3104 dantur
2480 3054 2535 3102 et
2573 3056 2953 3113 revereantur;
2998 3046 3303 3118 quaerentes
3347 3047 3579 3101 animam
3608 3059 3808 3101 meam.

2160 3109 2209 3171 (ἶ
2236 3135 2567 3191 Avertantur
2594 3144 2920 3203 retrorsum,
2941 3109 3431 3192 iet-confundantur
3458 3154 3473 3189 :
3511 3135 3812 3207 cogitantes

2238 3228 2368 3282 mihi
2390 3228 2549 3283 mala.
2588 3227 2748 3282 Fiant
2774 3236 3033 3298 tanquam
3067 3226 3241 3299 pulvis
3266 3235 3391 3282 ante
3424 3226 3614 3281 faciem
3639 3224 3808 3292 venti,

2234 3326 2289 3373 et
2314 3317 2538 3390 angelus
2578 3316 2792 3373 Domini
2832 3314 3123 3374 coarctans
3158 3332 3272 3373 eos.
3315 3316 3437 3371 Fiat
3461 3318 3548 3372 via
3594 3317 3807 3373 illorum

2235 3409 2470 3463 tenebrae
2497 3418 2551 3462 et
2586 3407 2869 3472 lubricum,
2900 3417 2955 3465 et
2985 3408 3209 3480 angelus
3230 3408 3447 3464 Domini
3484 3422 3814 3479 persequens

2234 3512 2346 3552 eos.
2387 3498 2653 3565 Quoniam
2695 3500 2863 3569 gratis
2904 3500 3304 3555 absconderunt
3356 3499 3485 3554 mihi
3537 3499 3808 3553 interitum

2233 3584 2411 3656 laquei
2429 3590 2510 3642 sui
2526 3603 2540 3641 :
2572 3604 2902 3658 supervacue
2914 3592 3344 3661 exprobaverunt
3364 3589 3600 3643 animam
3613 3602 3808 3642 meam.

2234 3676 2430 3733 Veniat
2460 3679 2535 3733 illi
2565 3679 2789 3749 laqueus
2808 3722 2823 3746 ,
2870 3698 3029 3751 quem
3070 3684 3316 3753 ignorat,
3360 3691 3416 3737 et
3442 3681 3619 3753 captio
3648 3696 3811 3749 quam

2235 3771 2560 3838 abscondit,
2608 3774 2977 3849 apprehendat
3007 3788 3154 3839 eum,
3206 3781 3261 3830 et
3292 3774 3345 3829 in
3380 3775 3631 3845 laqueum
3653 3774 3812 3830 cadat

2234 3863 2288 3918 in
2318 3863 2512 3933 ipsum.
2550 3862 2744 3918 Anima
2772 3873 2953 3919 autem
2981 3880 3099 3920 mea
3136 3866 3426 3921 exsultabit
3454 3867 3507 3921 in
3539 3866 3767 3923 Domine
3794 3887 3805 3923 :

2234 3965 2290 4011 et
2317 3956 2674 4011 delectabitur
2700 3973 2863 4030 super
2892 3958 3110 4013 salutari
3142 3974 3259 4015 suo.
3320 3957 3511 4017 Omnia
3535 3975 3659 4015 ossa
3692 3974 3811 4015 mea

2236 4050 2456 4105 dicent:
2512 4049 2759 4117 Domine,
2801 4053 2923 4122 quis
2968 4052 3159 4107 similis
3188 4052 3321 4107 tibi?
3348 4052 3559 4123 Eripics
3595 4053 3811 4122 inopem

2234 4140 2303 4197 de
2324 4157 2485 4195 manu
2521 4140 2809 4197 fortiorum
2850 4143 3011 4213 ejus:
3061 4136 3290 4215 egenum
3335 4150 3391 4198 et
3436 4156 3728 4212 pauperem
3776 4153 3809 4194 a

2234 4230 2613 4303 diripientibus
2642 4240 2811 4287 .eum.
2882 4231 3177 4302 Surgentes
3233 4240 3401 4287 testes
3446 4232 3653 4299 iniqui,
3690 4246 3810 4301 qua:

2154 4372 2157 4375 .
2236 4324 2595 4393 ignorabam,
2646 4324 3055 4391 interrogabant
3098 4337 3201 4376 me.
3259 4322 3648 4378 Retribuebant
3674 4323 3806 4379 mihi

2159 4463 2210 4522 D

2235 4413 2373 4468 mala
2402 4430 2501 4486 pro
2536 4414 2732 4469 bonis:
2766 4414 3105 4473 sterilitatem
3146 4414 3341 4473 animm
3366 4430 3518 4471 mem.
3577 4416 3688 4488 Ego
3714 4433 3809 4471 auo

2236 4514 2341 4561 tem
2375 4520 2497 4559 cum
2520 4506 2651 4559 mihi
2677 4506 2888 4562 molesti
2924 4516 3132 4575 essent,
3160 4507 3424 4565 induebar
3449 4510 3646 4567 cilicio.
3701 4508 3810 4564 llu-

2234 4594 2509 4651 miliabam
2558 4596 2612 4650 in
2644 4594 2849 4667 jejunio
2890 4598 3123 4655 animam
3162 4616 3339 4657 meam
3361 4642 3376 4666 ,
3410 4610 3464 4655 et
3490 4602 3664 4655 oratio
3691 4613 3809 4652 mea

2234 4684 2287 4740 in
2316 4686 2435 4741 sinu
2462 4702 2581 4742 meo
2610 4698 2971 4745 convertetur.
2999 4689 3159 4757 Quasi
3188 4690 3522 4760 proximum,
3562 4696 3617 4741 et
3650 4688 3807 4757 quasi

2232 4772 2455 4833 fratrem
2484 4788 2748 4844 nostrum,
2776 4782 2855 4834 sic
2877 4779 3275 4847 complacebam
3303 4792 3319 4831 :
3348 4778 3499 4847 quasi
3530 4778 3716 4849 lugens
3742 4786 3796 4831 et

2233 4870 2580 4925 contristatus
2608 4871 2687 4925 sic
2725 4871 3066 4925 humiliabar.
3123 4869 3191 4923 Et
3212 4869 3497 4924 adversum
3526 4884 3611 4925 me
3639 4870 3803 4927 lmtati

2230 4969 2374 5025 sunt,
2398 4968 2453 5015 et
2473 4968 2871 5015 convenerunt:
2898 4966 3217 5028 congregata
3257 4966 3380 5012 sunt
3410 4974 3571 5029 super
3597 4975 3683 5015 me
3704 4959 3803 5015 lla-

2230 5051 2366 5123 gellu
2391 5092 2405 5116 ,
2456 5060 2511 5104 et
2550 5038 2813 5121 ignoravi.
2854 5046 3108 5117 Dissipati
3158 5056 3284 5103 sunt
3334 5066 3432 5105 nec
3470 5051 3802 5120 compuncti;

2232 5150 2571 5198 tentaverunt
2595 5154 2681 5195 me
2697 5180 2713 5204 ,
2745 5139 3209 5194 subsannaverunt
3233 5157 3320 5197 me
3346 5142 3760 5199 subsannationc
3787 5158 3799 5194 :

2229 5233 2580 5288 frcnduerunt
2611 5244 2772 5299 super
2804 5245 2888 5302 me
2919 5229 3167 5285 dentibus
3188 5232 3320 5287 suis.
3360 5232 3602 5296 Domine,
3631 5246 3804 5302 quan—

2231 5325 2299 5379 do
2332 5320 2622 5392 respicies?
2656 5320 2879 5373 restitue
2923 5320 3155 5375 animam
3198 5338 3374 5378 meam
3416 5338 3445 5375 a
3477 5322 3806 5393 malignitate

2230 5431 2437 5478 comm,
2471 5429 2500 5467 a
2534 5412 2777 5468 leonibus
2807 5412 3016 5468 unicam
3040 5430 3234 5470 meam.
3292 5414 3598 5471 Contitebor
3627 5412 3723 5469 tibi
3751 5412 3804 5465 in

2232 5504 2469 5560 Ecclesia
2514 5517 2745 5573 magna:
2781 5503 2833 5557 in
2871 5505 3067 5575 populo
3102 5506 3249 5578 g-ravi
3293 5504 3519 5561 laudabo
3554 5515 3627 5559 te.
3690 5501 3804 5556 Nam

2230 5598 2657 5669 supergaudeant
2701 5597 2829 5653 mihi
2858 5640 2871 5660 ,
2925 5601 3013 5670 qui
3041 5600 3391 5654 adversantur
3435 5597 3563 5651 mihi
3604 5594 3800 5665 inique,

2232 5688 2319 5757 qui
2352 5686 2575 5744 oderunt
2604 5703 2687 5743 mc
2717 5690 2909 5759 gratis,
2948 5699 3000 5747 ct
3034 5700 3275 5746 annuunl
3302 5688 3488 5745 oculis.
3541 5685 3801 5753 Quoniam
