4262 6278
532 433 639 490 505

532 646 693 692 terrm
726 631 1033 702 loquentes,
1071 626 1223 683 dolos
1259 626 1585 696 cogitabant.
1637 623 1706 678 Et
1735 621 2092 679 dilataverunt

1389 388 1393 394 ’
1480 416 1866 477 moneret.
1907 445 1976 457 —
2014 413 2282 473 OFl-‘ICIA
2319 412 2455 470 res
2485 410 2756 468 renus.

529 545 666 602 mihi
702 538 915 612 quidem
958 534 1178 609 paciﬂce
1211 534 1604 604 loquebantur:
1645 540 1701 586 et
1738 531 1791 585 in
1820 514 2093 585 iracundia
2122 526 2172 588 Α

3652 408 3756 465 566

2508 522 2672 579 ΙΤΕΜ
2706 520 3026 578 PSALMUS
3065 522 3152 577 DE
3188 521 3441 579 EADEM.

2262 637 2440 708 (Psxt.
2475 635 2649 708 xxix.)
2673 634 2932 691 Exaltabo
2952 643 3026 699 te,
3051 635 3292 701 Domine,
3314 637 3562 706 quoniam
3583 653 3762 696 susce-
3807 596 3811 605 '
3840 665 3845 669 ο

524 738 695 795 NW
720 736 809 778 me
831 733 1102 793 omam.
1133 715 1428 772 δίιθτυηῑε
1470 714 1637 783 Ευεει
1662 727 1817 782 cule,
1845 710 2094 765 νίιίθτυυί
2192 724 2317 796 pisti
2363 714 2616 778 mez‘n'cc
2659 721 2939 778 delectasti
2979 721 3227 777 inimicos
3267 737 3622 798 meos_super
3654 741 3761 782 me.
3848 750 3852 753 Α

533 812 677 870 ouili
698 811 897 869 nostri.
935 806 1151 871 Vidisti,
1178 804 1421 867 Domine,
1447 817 1516 858 ne
1540 802 1735 857 εῑιθεεε
1760 798 2005 863 nomine,
2028 811 2096 852 ηθ
2194 813 2420 869 Domine
2444 812 2588 868 Deus
2631 827 2803 877 meus,
2838 812 3063 868 clamavi
3092 814 3160 868 ad
3205 821 3256 869 te
3280 806 3379 870 περὶ
3420 816 3620 872 sanasti
3656 832 3761 873 me.

532 903 782 962 discedas
800 917 835 956 a
852 915 959 963 me.
983 900 1222 967 Exsurge
1241 903 1298 952 et
1321 893 1538 949 intende
1551 890 1754 961 judicio
1777 903 1899 944 meo
1920 906 1934 941 :
1955 886 2099 942 Deus

538 1000 710 1062 meus,
734 1001 790 1050 et
812 992 1071 1049 Dominus
1090 1003 1244 1044 meus
1264 988 1319 1042 in
1342 1001 1560 1042 causam
1584 998 1779 1039 meam.
1801 979 1991 1037 Judica
2013 993 2101 1034 me

535 1085 827 1142 secundum
866 1081 1133 1152 justitiam
1165 1088 1330 1144 tuam,
1361 1078 1587 1133 Domine
1627 1076 1768 1132 Deus
1805 1088 1959 1130 meus
1995 1090 2010 1125 :
2046 1078 2102 1125 et

535 1187 645 1230 non
665 1170 1115 1245 'supergaudeant
1157 1168 1311 1224 mihi.
1370 1166 1486 1223 Non
1534 1166 1718 1222 dicant
1752 1165 1809 1221 in
1851 1162 2104 1246 cordibus

537 1265 690 1320 suis:
716 1262 885 1334 Euge,
911 1262 1073 1332 euge!
1093 1252 1295 1315 anima:
1325 1266 1546 1323 nostrae,
1572 1272 1672 1313 nec
1701 1246 1920 1312 dicant:
1945 1257 2103 1311 devo-

430 1417 440 1426 ,
537 1355 779 1412 rabimus
799 1369 943 1411 eum.
979 1353 1311 1409 Erubescaut
1343 1359 1399 1407 et
1420 1358 1768 1411 revereantur
1792 1347 1979 1413 simul,
2013 1349 2105 1417 qui

539 1446 877 1520 gratulantur
921 1443 1076 1500 malis
1123 1443 1285 1517 meis.
1360 1438 1655 1499 Induantur
1700 1456 1789 1496 mf
1804 1439 2014 1494 fusione
2051 1445 2108 1493 et

540 1534 838 1593 reverentia
859 1574 876 1599 ,
908 1533 1000 1603 qui
1032 1526 1575 1606 maligua'laqunntur
1594 1545 1755 1601 super
1773 1543 1879 1584 me.
1910 1527 2107 1583 Exsul-

539 1634 658 1683 tent
679 1633 734 1681 et
754 1623 1002 1680 latentur
1017 1622 1110 1693 qui
1138 1621 1325 1679 volunt
1339 1618 1606 1689 justitiam
1624 1632 1822 1682 meam,
1848 1625 1903 1672 et
1929 1616 2112 1672 dicant

538 1731 790 1789 semper:
837 1714 1218 1788 magniﬁcetur
1243 1714 1532 1781 Dominus,
1576 1713 1669 1783 qui
1707 1712 1894 1767 volunt
1920 1725 2110 1779 pacem

540 1806 685 1864 servi
703 1803 838 1877 ejus.
870 1804 944 1862 Et
964 1804 1142 1875 lingua
1160 1818 1282 1860 mea
1296 1803 1643 1860 meditabitur
1653 1798 1916 1871 justitiam
1932 1807 2106 1862 tuam,

435 1939 441 1946 -
542 1906 655 1957 tota
685 1898 774 1954 die
792 1896 1007 1952 laudem
1031 1903 1199 1951 tuam.
1251 1955 1259 1962 η

501 2029 513 2039 .
550 1954 561 1957 ν
616 1954 1141 2061 Ut’supra.Adjutor
1164 1994 1222 2042 et
1237 1954 1496 2044 liberator
1521 1998 1674 2041 meus
1702 1990 1843 2048 esto,
1866 1981 2110 2045 Domine,

317 2066 327 2075 ’
480 2134 509 2147 ,
544 2094 615 2137 ne
636 2077 883 2135 moreris.

616 2168 822 2225 Oratio.
860 2166 1132 2223 Protectio
1166 2148 1422 2236 salusque
1452 2148 1657 2220 animat
1695 2160 1926 2229 nostrae,
1968 2159 2118 2230 operi

506 2275 523 2284 '
547 2276 646 2321 nos
669 2259 822 2334 galea
846 2259 992 2330 spei,
1028 2266 1085 2314 et
1118 2266 1276 2315 scuto
1301 2254 1730 2328 inexpugnabilis
1756 2252 2076 2310 munimenti
2100 2268 2115 2316 ;

548 2360 610 2406 ut
646 2364 678 2407 a
710 2358 766 2407 te
797 2350 853 2406 in
881 2348 1062 2423 causis
1097 2357 1297 2405 nostra:
1326 2345 1666 2403 necessitatis
1689 2344 1876 2415 adjuti,
1904 2354 2117 2398 merca-

548 2455 672 2497 mur
690 2455 813 2497 cum
851 2447 905 2495 te.
932 2432 1276 2509 diligentibus
1323 2437 1509 2493 laetitia
1529 2440 1590 2492 et
1618 2433 1975 2492 exsultatione
1999 2447 2123 2504 per-

550 2529 725 2596 fundi,
759 2530 883 2603 Per.
1714 2543 1726 2551 ·

620 2617 742 2673 Alia
767 2616 974 2674 Oratio.
1014 2618 1270 2685 Domine,
1297 2615 1512 2689 quando
1547 2614 1830 2686 respicies,
1871 2614 2125 2685 dicesque

553 2709 743 2765 nobis:
776 2709 921 2764 salus
957 2716 1139 2763 vestra
1176 2724 1277 2780 ego
1315 2707 1472 2764 sum?
1493 2706 1561 2762 Et
1583 2706 1652 2761 ad
1676 2705 2018 2761 solitudinem
2045 2712 2126 2759 at-

551 2818 659 2873 que
688 2802 1118 2872 implorationem
1162 2807 1403 2857 nostram
1437 2799 1651 2869 quando
1687 2796 1954 2869 propitius
1991 2810 2123 2851 con-

553 2876 768 2949 vet-tes?
793 2893 875 2949 Ad
900 2880 1061 2964 quam
1083 2891 1198 2961 iam
1224 2898 1537 2947 convertere
1553 2930 1567 2954 ,
1598 2887 1846 2952 Domine,
1873 2895 1929 2941 et
1954 2886 2127 2940 inten-

554 2983 623 3039 de
661 2982 923 3053 judicium
951 2990 1196 3039 nostrum
1217 3023 1230 3045 ,
1282 2989 1339 3037 et
1373 2982 1488 3050 ipse
1506 2977 1823 3048 .judicantes
1850 2989 1949 3029 nos
1974 2972 2128 3029 fortis

554 3082 922 3148 propugnator
955 3087 1231 3144 expugna;
1281 3079 1341 3125 ut
1377 3069 1554 3124 oratio
1588 3074 1803 3131 nostra,
1836 3078 1957 3134 quae
1985 3077 2128 3116 nunc

504 3190 507 3195 ·
557 3169 613 3223 in
644 3166 822 3222 sinum
855 3175 1098 3221 nostrum
1135 3176 1233 3233 pro
1260 3167 1594 3216 secretorum
1621 3168 1841 3211 suorum
1868 3166 2127 3220 compun-

558 3258 736 3315 ctione
759 3257 1108 3321 convertitur,
1146 3262 1272 3309 ante
1311 3258 1655 3322 conspectum
1694 3256 1843 3301 tuum
1879 3251 2122 3316 purgata,

558 3348 739 3406 cordis
763 3348 965 3420 gemitu
996 3347 1277 3417 dirigatur.

731 3485 838 3555 93
874 3481 1194 3539 PSALMUS
1231 3481 1319 3537 DE
1353 3475 1946 3537 RESURRECTIONE.

633 3616 814 3689 (Pass.
840 3614 951 3685 ιιι.)
991 3612 1268 3676 Βοωίιιθ,·
1298 3611 1428 3681 quid
1470 3608 1809 3680 multiplicati
1858 3613 2001 3671 sunt,
2040 3603 2134 3673 qui

466 3700 473 3705 ’
566 3709 823 3767 tribulam
866 3705 986 3762 me?
1035 3703 1259 3760 multum
1307 3708 1534 3772 surgunt
1583 3698 1724 3771 [Αι.,
1765 3697 1916 3753 multi
1960 3697 2136 3751 insur-

548 3798 736 3873 gunt]
788 3798 1072 3855 adversum
1124 3809 1229 3848 me.
1301 3789 1451 3846 Multi
1490 3790 1675 3845 dicunt
1719 3788 1913 3842 anima:
1966 3790 2133 3847 mete,

568 3906 675 3946 non
716 3898 800 3946 est
837 3888 982 3945 salus
1004 3887 1105 3958 ipsi
1132 3886 1185 3940 in
1223 3884 1335 3940 Deo
1365 3882 1502 3953 ejus.
1537 3880 1618 3936 Tu
1657 3887 1858 3945 autem,
1888 3877 2133 3941 Domine,

568 3963 847 4053 susceptor
897 3996 1051 4036 meus
1093 3998 1105 4034 ;
1161 3978 1329 4051 gloria
1378 3981 1531 4040 mea,
1589 3983 1646 4029 et
1688 3971 1934 4028 exaltans
1977 3975 2138 4040 caput

570 4087 768 4130 meum.
809 4072 953 4127 Voce
982 4086 1100 4126 mea
1134 4071 1201 4127 ad
1227 4068 1510 4125 Dominum
1539 4064 1800 4129 clamavi,
1829 4072 1887 4119 et
1912 4062 2138 4119 exaudi-

570 4162 646 4219 vit
668 4176 755 4218 me
780 4160 846 4217 de
875 4168 1057 4216 monte
1088 4167 1278 4214 sancto
1304 4173 1423 4213 suo.
1460 4156 1572 4226 Ego
1600 4154 1859 4218 dormivi,
1895 4163 1952 4209 et
1978 4168 2140 4222 sopo-

571 4259 721 4308 ratus
758 4264 875 4307 sum
900 4289 915 4314 ,
960 4256 1020 4304 et
1059 4245 1338 4302 exsurrexi
1373 4261 1387 4299 :
1432 4243 1561 4315 quia
1607 4241 1867 4296 Dominus
1906 4239 2142 4310 suscepit

572 4356 678 4398 me.
738 4338 855 4396 Non
909 4337 1112 4393 timebo
1164 4334 1329 4389 millia
1360 4333 1557 4405 populi
1602 4330 1986 4388 circumdantis
2029 4343 2135 4392 me,

571 4448 823 4507 exsurge,
850 4422 1095 4496 Domine,
1128 4429 1335 4485 salvum
1366 4443 1453 4484 me
1491 4426 1598 4494 fac,
1634 4425 1776 4481 Deus
1801 4439 1972 4480 meus.
1997 4423 2142 4492 Quo-

2196 903 2438 966 Domine,
2459 902 2694 958 eduxisti
2718 903 2785 958 ab
2807 902 3021 959 inferno
3047 903 3279 959 animam
3302 918 3480 961 meam
3504 926 3515 962 :
3542 908 3763 964 salvasti

2198 1007 2287 1047 me
2310 1006 2342 1046 a
2363 990 2809 1048 descendentibus
2828 991 2884 1046 in
2907 991 3109 1048 lacum.
3139 992 3358 1050 Psallite
3382 995 3609 1053 Domino
3634 1013 3760 1053 san-

2200 1074 2411 1150 cti‘ejus
2427 1099 2441 1135 :
2459 1087 2516 1137 et
2524 1079 2852 1136 conﬁtemini
2873 1083 3148 1138 memoriae
3160 1085 3463 1141 sanctitatis
3476 1084 3609 1155 ejus.
3624 1086 3769 1153 Quo-

2201 1173 2346 1227 niam
2372 1173 2452 1228 ira
2480 1173 2536 1228 in
2574 1172 2938 1245 indignatione
2978 1172 3132 1242 ejus:
3175 1183 3233 1230 et
3274 1175 3383 1231 vita
3414 1177 3467 1233 in
3505 1177 3774 1234 voluntate

2201 1264 2338 1334 ejus.
2375 1266 2457 1321 Ad
2477 1280 2759 1334 vesperum
2784 1266 3152 1322 demorabitur
3185 1265 3340 1322 ﬂetus
3368 1286 3381 1322 :
3415 1277 3472 1322 et
3505 1270 3573 1324 ad
3600 1278 3773 1324 matu-

2205 1356 2376 1410 tinum
2404 1355 2608 1410 lmtitia.
2662 1354 2777 1426 Ego
2802 1363 2981 1409 autem
3012 1356 3120 1411 dixi
3158 1356 3215 1410 in
3254 1356 3576 1412 abundantia
3615 1372 3731 1413 mea
3761 1377 3772 1410 :

2204 1462 2312 1505 non
2338 1447 2597 1502 movebor
2622 1447 2676 1501 in
2703 1454 2984 1502 mternum.
3024 1439 3269 1513 Domine,
3304 1448 3358 1502 in
3382 1449 3657 1503 voluntate
3690 1457 3776 1501 tua

2178 1536 2505 1608 praestitisti
2549 1535 2733 1591 decori
2784 1551 2906 1592 meo
2958 1537 3238 1593 virtutem.
3294 1537 3547 1593 Avertisti
3585 1538 3779 1594 faciem

2208 1637 2356 1683 tuam
2402 1641 2435 1681 a
2462 1639 2584 1681 me:
2618 1634 2675 1681 et
2703 1624 2879 1681 factus
2907 1641 3028 1682 sum
3057 1627 3430 1687 conturbatus.
3467 1629 3549 1684 Ad
3578 1636 3650 1694 te,
3673 1629 3779 1683 Do-

2210 1719 2376 1783 mine,
2403 1716 2668 1783 clamabo,
2699 1725 2754 1773 et
2781 1717 2849 1772 ad
2877 1717 3051 1774 Deum
3072 1734 3251 1774 meum
3273 1719 3619 1789 deprecabor.
3647 1721 3778 1788 Quae

2215 1809 2420 1864 utilitas
2447 1808 2503 1862 in
2529 1809 2793 1879 sanguine
2817 1824 2961 1875 meo,
2983 1805 3112 1865 dum
3136 1808 3464 1866 descendere
3483 1811 3536 1865 in
3563 1827 3782 1882 corrup-

2217 1900 2458 1956 tionem?
2493 1898 2744 1971 Nunquid
2769 1900 3112 1958 conﬁtebitur
3128 1901 3224 1958 tibi
3245 1901 3441 1973 pulvis,
3468 1911 3561 1957 aut
3579 1918 3786 1957 annun-

2215 1989 2374 2046 tinbit
2399 1991 2683 2047 veritatem
2715 1992 2895 2046 tuam?
2921 1991 3143 2047 Audivit
3161 1991 3519 2057 Dominusget
3536 1991 3790 2048 misertus

2216 2091 2302 2137 est
2324 2082 2431 2137 mei
2461 2100 2474 2135 :
2505 2082 2763 2138 Dominus
2786 2080 2961 2138 factus
2997 2088 3082 2137 est
3106 2080 3319 2150 adiutor
3349 2096 3520 2138 meus.
3557 2080 3792 2138 Conver-

2217 2174 2331 2228 tisti
2376 2172 2651 2243 planctum
2696 2186 2885 2227 meum
2917 2171 2971 2226 in
3005 2172 3259 2242 gaudium
3294 2172 3426 2226 mihi
3460 2190 3473 2223 :
3514 2170 3790 2226 concidisti

2219 2277 2437 2318 saccum
2458 2275 2658 2327 meum,
2686 2267 2743 2316 et
2764 2258 3165 2315 circumdedisti
3201 2273 3288 2314 me
3311 2258 3520 2314 laetitia.
3562 2257 3634 2314 Ut
3660 2273 3789 2313 can-

2220 2357 2300 2404 tet
2324 2349 2419 2405 tibi
2441 2348 2613 2421 gloria
2633 2363 2754 2404 mea
2783 2357 2838 2402 et
2872 2362 2979 2402 non
3009 2361 3370 2419 compungar:
3397 2346 3623 2403 Domine
3652 2345 3794 2402 Deus

2219 2453 2397 2504 meus,
2431 2438 2485 2492 in
2514 2453 2553 2491 es
2596 2452 2773 2491 ‘rnum
2798 2436 3100 2493 confitebor
3133 2436 3250 2492 tibi.

2276 2524 2360 2610 ,ιη
2383 2543 2562 2596 supra.
2597 2526 2710 2593 Ego
2730 2524 2984 2581 dormivi.
3410 2589 3414 2593 Q

2295 2616 2501 2673 Oratio.
2535 2616 2829 2685 Susceptor
2884 2616 3125 2671 omnium
3169 2614 3587 2671 clementissime
3632 2615 3794 2679 Deus,

2224 2722 2292 2764 ne
2315 2707 2599 2777 permittas
2638 2706 2902 2761 .delcctari
2941 2705 3191 2762 inimicos
3221 2713 3438 2762 nostros
3479 2720 3639 2782 super
3667 2720 3796 2769 ucs;

2224 2799 2320 2854 sed
2374 2800 2446 2852 ita
2491 2814 2590 2854 nos
2636 2807 2729 2853 tua
2756 2798 2959 2853 virtute
2999 2798 3287 2853 corrobora
3312 2837 3328 2863 ,
3380 2807 3441 2852 ut
3481 2811 3797 2852 conversum

2218 2888 2497 2960 planctum
2534 2894 2779 2942 nostrum
2816 2887 2873 2941 in
2913 2886 3216 2943 sanctitatis
3243 2894 3349 2946 tute
3373 2886 3655 2958 gaudium,
3690 2902 3800 2941 me-

2226 2978 2409 3035 moria.
2421 2977 2625 3048 jugiter
2642 2976 2972 3033 excolamus.
3007 2976 3132 3033 Per.

2296 3067 2440 3123 Alia.
2465 3066 2636 3132 Audi,
2669 3066 2924 3125 Domine.
2957 3076 3012 3124 et
3041 3068 3300 3124 miserere
3327 3069 3528 3133 nostri,
3559 3078 3615 3123 et
3637 3069 3806 3123 conti-

2229 3163 2404 3211 tentes
2437 3157 2711 3212 memoria:
2726 3156 3042 3229 sanctitatis
3070 3165 3208 3221 tute,
3234 3156 3420 3212 laetitia
3453 3154 3807 3212 confessionis

2232 3245 2455 3314 accinge
2489 3264 2502 3298 :
2546 3253 2603 3300 et
2634 3245 2761 3315 quia
2791 3246 2846 3321 in
2871 3245 3150 3300 voluntate
3180 3252 3268 3298 tua
3311 3244 3419 3298 vita
3466 3250 3549 3297 est
3592 3251 3801 3307 nostra,

2231 3334 2736 3405 voluntatisipsius
2776 3349 2971 3395 munus
3015 3334 3320 3403 impertire;
3372 3341 3431 3387 ut
3480 3333 3606 3388 dum
3652 3333 3810 3388 nobis

2232 3425 2343 3481 vita
2386 3441 2453 3480 ex
2498 3424 2774 3481 voluntate
2819 3431 2917 3479 tua
2962 3423 3237 3489 tribuitur,
3285 3422 3534 3478 voluntas
3572 3430 3661 3477 tua
3686 3422 3807 3477 vita:

2236 3518 2407 3587 ipsius
2433 3529 2655 3572 munere
2678 3513 2982 3586 impleatur.
3008 3514 3133 3571 Per.

2552 3624 2872 3697 PSALMUS
2912 3624 3001 3679 DE
3037 3620 3483 3681 ascsnsma.
3567 3653 3571 3657 -

2307 3718 2488 3790 (Psac.
2517 3717 2662 3789 vm.)
2700 3716 2927 3772 Domine
2967 3715 3226 3770 Dominus
3263 3721 3476 3779 noster,
3526 3729 3686 3782 quam
3715 3714 3810 3767 ad-

2236 3810 2485 3867 mirabile
2531 3819 2617 3865 est
2652 3824 2849 3864 nomen
2898 3817 3050 3862 tuum
3098 3807 3156 3861 in
3200 3806 3448 3860 universa
3474 3804 3807 3872 terraEQuo-

2238 3903 2382 3960 niam
2408 3901 2614 3955 elevata
2639 3908 2724 3954 est
2760 3896 3160 3969 magnificentia
3186 3906 3276 3953 tua
3302 3908 3465 3966 super
3494 3897 3675 3957 ea‘los.
3734 3898 3807 3952 Ex

2238 4005 2334 4048 ore
2363 3988 2648 4045 infantium
2693 3995 2751 4043 et
2791 3985 3107 4043 lactentium
3145 3984 3419 4056 perfecisti
3453 3984 3663 4040 laudem
3692 4001 3815 4054 pro-

2224 4092 2360 4154 pter
2378 4082 2628 4137 inimicos
2646 4087 2792 4145 tuos,
2816 4088 2878 4136 ut
2902 4079 3156 4136 destruas
3178 4078 3455 4135 inimicum
3484 4087 3540 4133 et
3562 4077 3812 4134 ultorem.

2241 4175 2508 4242 Quoniam
2532 4172 2728 4229 videbo
2769 4171 2936 4228 caelos
2979 4180 3099 4227 tuos
3123 4212 3137 4236 ,
3189 4185 3354 4242 opera
3381 4171 3668 4241 digitorum
3698 4181 3817 4225 tuo»

2242 4278 2401 4316 rum:
2449 4262 2631 4316 lunam
2664 4270 2720 4316 et
2746 4260 2933 4316 stellas
2956 4301 2971 4324 ,
3022 4276 3143 4329 qua:
3177 4269 3230 4314 tu
3263 4258 3520 4315 fundasti.
3574 4260 3711 4326 Quid
3737 4270 3815 4315 est

2240 4351 2420 4413 homo,
2452 4348 2827 4419 quodmemor
2842 4361 2903 4401 es
2924 4346 3041 4414 ejus
3066 4365 3082 4399 :
3113 4355 3205 4400 aut
3232 4346 3375 4402 (ilius
3402 4348 3653 4410 hominis,
3684 4362 3815 4417 quo—

2244 4440 2389 4496 niam
2410 4438 2597 4493 visitas
2627 4435 2795 4492 eum?
2821 4435 3056 4490 Minuisti
3085 4450 3209 4490 eum
3242 4436 3400 4506 paulo
3421 4437 3600 4491 minus
3627 4436 3695 4493 ab
3717 4451 3803 4492 an-

574 4526 719 4579 ηίθιη
745 4533 802 4580 ιιι
823 4522 1132 4595 Perdis-iis“
1152 4536 1339 4578 omnes
1365 4520 1710 4577 adversam“
1730 4517 1863 4573 mihi
1880 4518 1995 4572 δίηε
2015 4531 2143 4571 030'
2171 4533 2222 4595 ι)
2246 4530 2379 4602 gelis
2403 4547 2416 4584 :
2457 4528 2625 4599 gloria
2646 4536 2703 4582 et
2727 4528 2932 4582 honore
2960 4527 3234 4581 coronasti
3265 4542 3386 4581 eum
3405 4568 3419 4592 ,
3452 4535 3507 4581 et
3535 4528 3819 4583 constitui~

574 4630 657 4679 sa,
686 4613 873 4669 dentes
896 4623 1241 4683 peccatorum
1283 4610 1602 4667 contrivisti.
1632 4608 1842 4664 Domini
1869 4619 1954 4664 est
1977 4607 2141 4675 salus,

575 4713 633 4761 et
662 4716 825 4776 super
850 4703 1103 4774 populum
1135 4711 1285 4757 tuum
1310 4699 1616 4758 benedictio
1641 4709 1751 4755 tua.

642 4794 718 4852 {It
744 4811 924 4866 supra.
951 4792 1191 4849 Tenuisti
1219 4808 1438 4849 manum
1462 4794 1742 4850 dexteram
1774 4809 1971 4868 meam.

646 4888 855 4945 Oratio.
880 4886 1125 4952 Ell'unde,
1154 4885 1399 4950 Domine,
1430 4879 1859 4942 benedictionem
1888 4895 2036 4942 tuam
2057 4902 2147 4942 su-

577 4997 675 5052 per
716 4981 973 5053 p0pulum
1025 4986 1174 5035 tuum
1202 5019 1218 5044 ,
1261 4984 1324 5032 ut
1359 4983 1450 5030 tua
1494 4976 1890 5031 resurrectione
1930 4977 2144 5040 muniti,

580 5087 688 5128 non
739 5072 1026 5128 timeamus
1065 5072 1135 5127 ab
1183 5066 1582 5125 adversantium
1632 5063 1887 5120 vitiorum
1944 5065 2148 5121 malitia

580 5162 926 5219 circumdari.
953 5163 1078 5220 Per.

650 5253 794 5309 Alia.
822 5251 1071 5318 Domine,
1108 5263 1297 5310 contra
1327 5250 1820 5324 multiplicationem
1849 5248 2151 5305 tribulatio-

582 5362 714 5407 num
742 5345 898 5404 nobis
931 5344 1085 5402 fortis
1128 5355 1495 5418 propugnator
1527 5358 1779 5409 accurre,
1809 5349 1865 5398 et
1891 5342 2153 5401 adversus

510 5474 519 5480 η
586 5435 982 5497 multitudinem
1012 5436 1405 5507 insurgentium
1428 5439 1485 5494 in
1516 5452 1615 5494 nos
1648 5437 1769 5507 pius
1797 5433 2046 5491 defensor
2066 5450 2155 5492 as-

586 5530 754 5596 siste,
795 5530 974 5600 sitque
1014 5529 1319 5585 benedictio
1360 5538 1453 5585 tua
1488 5545 1650 5601 super
1673 5528 1927 5602 populum
1960 5536 2147 5583 tuum:

588 5631 653 5679 ut
674 5622 768 5695 qui
792 5621 1019 5679 salutem
1053 5620 1245 5676 anim
1268 5628 1469 5677 nostra:
1513 5624 1566 5677 in
1600 5630 1653 5676 te
1693 5636 1814 5676 esse
1842 5626 2154 5689 negant,_te

591 5702 911 5772 salvame
952 5721 1193 5770 nostrum
1233 5712 1346 5782 ipsa
1396 5728 1491 5767 sua
1537 5713 1929 5783 expugnatione
1960 5726 2154 5782 cogno-

591 5814 761 5866 κιιιι.

2244 4623 2314 4679 sti
2338 4636 2463 4679 eum
2483 4630 2644 4691 super
2665 4632 2828 4689 opera
2851 4631 3108 4672 manuum
3138 4624 3372 4671 tuarum.
3424 4617 3613 4673 Omnia
3644 4617 3819 4686 subj'c-

2243 4711 2367 4769 cisti
2412 4710 2513 4767 sub
2553 4708 2782 4780 pedibus
2827 4707 2944 4778 ejus
2981 4726 2993 4760 :
3045 4721 3174 4762 oves
3219 4715 3275 4762 et
3318 4708 3482 4762 boves
3517 4709 3817 4780 universas,

2243 4805 2466 4873 insuper
2491 4810 2549 4856 et
2584 4815 2782 4871 pecora
2823 4800 3019 4866 campi.
3064 4798 3516 4861 Volucreseoeli,
3552 4808 3607 4854 et
3641 4783 3851 4870 pisces'

2247 4893 2429 4956 maris,
2457 4890 2551 4961 qui
2589 4888 2966 4961 perambulaut
2986 4888 3208 4943 semitas
3244 4889 3428 4944 maris.
3456 4889 3678 4945 Domine
3708 4892 3817 4944 Do-

2248 4982 2427 5049 minus
2453 4988 2674 5036 noster:
2701 4994 2866 5049 quam
2906 4978 3222 5035 admirabile
3258 4987 3560 5037 estnomen
3586 4991 3735 5038 tuum
3769 4985 3820 5038 in

2249 5074 2499 5130 universa
2524 5078 2668 5125 terra
2687 5072 2700 5124 ι
2796 5110 2804 5121 .
3706 5082 3709 5085 λ

2325 5158 2392 5214 Ut
2419 5174 2602 5229 supra.
2634 5157 2892 5215 Ascendit
2918 5158 3061 5216 Deus
3089 5159 3351 5231 injubilo.
3394 5160 3654 5231 Regnabit
3684 5163 3824 5217 Deus

2252 5264 2413 5319 super
2443 5254 2649 5317 gentes.
2778 5266 2781 5269 ·

2321 5337 2433 5410 94
2459 5337 2664 5393 Oratio.
2693 5337 2834 5405 Quid
2859 5349 2943 5396 est
2965 5340 3146 5405 homo,
3182 5340 3426 5406 Domine,
3456 5342 3595 5411 quod
3622 5358 3825 5399 memor

2253 5447 2313 5487 es
2339 5429 2489 5499 eius?
2536 5436 2629 5482 aut
2654 5444 2753 5484 cur
2786 5444 2847 5485 es
2874 5439 2930 5485 tu
2951 5429 3095 5486 illius
3121 5433 3401 5499 hominis,
3437 5436 3539 5490 nisi
3582 5444 3641 5490 ut
3676 5451 3825 5502 cum,

2254 5541 2320 5582 ne
2349 5525 2402 5578 in
2428 5532 2749 5594 perpetuum
2776 5525 3013 5593 periret,
3045 5527 3371 5583 redimeres?
3419 5529 3493 5581 Da
3520 5543 3647 5597 ergo
3671 5530 3828 5585 nobis

2256 5614 2517 5671 auxilium
2541 5616 2937 5678 necessarium,
2972 5616 3061 5684 qui
3092 5616 3282 5673 dedisti
3306 5633 3403 5687 pro
3431 5617 3584 5673 nobis
3610 5620 3825 5689 sangui-

2256 5722 2378 5763 nem
2404 5705 2733 5777 pretiosum;
2764 5713 2820 5757 et
2852 5714 3048 5774 praesta
3070 5747 3085 5770 ,
3132 5715 3191 5761 ut
3225 5722 3358 5775 quos
3397 5726 3540 5765 mors
3566 5720 3653 5765 tua
3682 5713 3817 5767 redi-

2259 5804 2375 5865 mit,
2400 5798 2589 5857 eorut'n
2609 5805 2660 5853 te
2686 5798 2793 5851 vita
2821 5796 3098 5868 gloriﬁcet.
3124 5832 3128 5836 Α
