4262 6232
665 270 773 328 £367

1527 265 1583 317 lt.
1629 262 1685 314 ι’.
1719 261 1942 315 Αωικι
1979 261 2106 315 SEU
2135 259 2405 313 ALCUNI
2443 258 2724 313 UPEllUM
2763 258 2938 311 PARS
2977 258 3058 311 IV.

3794 255 3899 311 568

741 397 1047 452 Secundum
1078 410 1268 448 nomen
1295 403 1462 455 tuum,
1495 393 1653 446 Deus.
1681 389 1967 444 Exaudivit
1995 390 2060 442 de
2101 397 2235 440 tem-

2341 368 2570 431 lconum,
2602 377 2658 421 et
2685 369 2876 422 misisti
2915 367 3162 422 Habacuc
3187 369 3529 437 preplietam,
3561 376 3614 422 et
3640 367 3820 422 attulit
3848 368 3898 422 ei

670 488 756 556 pio
780 496 966 542 sancto
1010 500 1106 539 suo
1152 499 1336 538 vocem
1381 498 1576 536 meam.
1638 481 1854 534 Psallitc
1882 478 1991 532 Deo
2032 487 2236 540 nostro,

668 579 919 646 quoniam
958 593 1045 630 rex
1075 578 1249 629 omnis
1290 586 1448 628 terrae
1479 575 1641 627 Deus.
1710 597 1727 612 ι

739 669 943 722 Oratio.
972 668 1298 721 Adinit‘abile
1338 682 1530 719 nomen
1561 676 1706 719 tuum
1726 707 1738 724 ,
1773 664 2110 733 omnipotens
2136 660 2227 714 Do-

666 763 831 824 mine,
860 761 1126 830 supplices
1149 774 1466 822 exoramus,
1495 770 1553 812 ut
1578 759 1668 826 qui
1694 772 1904 810 onmem
1932 762 2235 807 creaturam

667 854 851 907 mundi
875 854 939 906 ad
977 867 1106 906 usus
1126 848 1702 916 hominumsubjecisti
1724 887 1739 912 ,
1768 862 1864 899 nos
1887 844 1950 897 ad
1989 852 2092 896 tuas
2127 857 2239 895 ser-

666 942 851 996 vitutis
876 941 1108 996 oflicium
1137 941 1325 1010 dignos
1353 941 1587 1008 digneris
1613 939 1841 993 etlicere.
1868 936 1988 989 Per.

739 1030 870 1085 Item
898 1032 1101 1086 Oratio.
1153 1031 1372 1089 Exaudi,
1407 1029 1647 1089 Domine,
1677 1035 1856 1080 sancte
1884 1025 2040 1080 Pater
2065 1024 2238 1078 omni-

662 1134 852 1190 potens
873 1131 1068 1175 aeterne
1098 1121 1268 1182 Deus,
1301 1121 1574 1173 orationes
1602 1119 1842 1180 nostras,
1881 1131 2014 1184 quas
2047 1116 2233 1184 pietati

662 1224 766 1264 tum
805 1211 1076 1265 funditnus
1126 1213 1177 1264 in
1229 1209 1542 1264 memoriam
1605 1224 1774 1261 sacra:
1825 1207 2228 1267 incarnationis.

661 1303 988 1363 nativitatis,
1043 1302 1338 1370 passionis,
1408 1283 1852 1362 resurrectionis,
1901 1295 2234 1351 ascensionis

663 1393 871 1445 Domini
902 1393 1071 1445 nostri
1103 1390 1230 1446 .lcsu
1259 1391 1480 1450 Christi.
1510 1391 1598 1458 qui
1630 1405 1729 1459 pro
1759 1389 1912 1443 nobis
1940 1389 2230 1449 incarnari,

662 1485 844 1544 nasci,
897 1485 1030 1537 mori
1056 1525 1070 1545 ,
1103 1496 1384 1552 resurgere
1407 1522 1421 1544 ,
1456 1482 1726 1549 etelosque
1769 1481 2088 1551 ascendere,
2135 1495 2232 1532 no-

660 1585 828 1628 stram
872 1590 967 1627 sua
1017 1575 1214 1627 virtute
1260 1574 1628 1643 captivitatem
1677 1573 1878 1627 ducens
1924 1573 2229 1640 captivam,

657 1663 907 1732 dignatus
933 1672 1046 1723 est;
1077 1661 1192 1728 ejus
1220 1663 1605 1731 gubernatione
1627 1703 1639 1723 ,
1674 1663 2006 1731 protectioue
2025 1702 2040 1724 ,
2074 1661 2233 1714 mise-

660 1753 908 1816 ricordia,
938 1769 966 1806 a
997 1755 1207 1807 cunctis
1238 1754 1542 1806 muniantur
1565 1753 1843 1806 diabolica:
1873 1751 2076 1805 fraudis
2101 1747 2228 1806 insi-

657 1842 776 1904 diis,
809 1844 898 1911 qui
938 1853 1113 1896 tecum
1155 1843 1282 1896 vivit
1330 1844 1381 1895 in
1412 1844 1616 1896 unitate
1659 1841 1890 1912 Spiritus
1932 1843 2101 1898 sancti
2134 1857 2229 1912 per

657 1930 980 1986 immortalia
1007 1931 1199 1986 swcula
1227 1931 1562 1986 saeculorum.

689 2064 887 2120 FERIA
948 2065 1107 2119 ITE.“
1168 2066 1229 2121 Vl
1270 2034 1534 2122 [ORATIO
1586 2065 1830 2121 SANCTI
1877 2065 2198 2122 C-YPBIANI

1243 2155 1616 2212 MABTYRIS.

725 2287 948 2341 Domine
981 2279 1164 2343 sancte
1193 2287 1351 2342 Pater
1383 2289 1531 2359 agios
1551 2330 1563 2350 ,
1606 2289 1670 2341 ad
1706 2297 1756 2341 te
1788 2288 1957 2342 levavi
1987 2289 2226 2342 animam

652 2392 844 2430 meam.
888 2377 1027 2430 Deus
1062 2393 1244 2440 meus,
1293 2377 1414 2446 quis
1441 2378 1594 2430 enim
1625 2376 1797 2445 major
1820 2377 1906 2430 te?
1947 2376 2066 2430 Tibi
2106 2391 2227 2446 gra-

649 2469 752 2519 tias
781 2476 833 2520 et
861 2467 1072 2520 laudem
1111 2466 1305 2520 refero.
1372 2466 1512 2520 Deus
1544 2466 1811 2519 Abraham
1833 2507 1847 2528 ,
1880 2465 2222 2528 Deuslsaac,

653 2557 790 2609 Deus
813 2555 977 2608 ιλιι-οἴ)
995 2597 1008 2619 ,
1062 2556 1203 2609 Deus
1231 2565 1444 2624 patrum
1472 2565 1776 2609 nostrorum
1799 2597 1812 2617 ,
1843 2557 1983 2609 Deus
2009 2565 2224 2625 aposto-

651 2646 844 2704 lorum,
898 2643 1038 2696 Deus
1068 2646 1471 2713 prophetarum,
1502 2645 1641 2699 Deus
1671 2655 1996 2715 martyrum;
2026 2647 2116 2716 qui
2146 2662 2225 2710 es,

647 2742 699 2786 et
724 2734 814 2802 qui
844 2734 992 2788 fuisti
1022 2744 1148 2789 ante
1179 2737 1362 2789 mundi
1387 2736 1845 2790 constitutionem.
1907 2737 2046 2790 Deus
2079 2737 2230 2790 vivo-

651 2839 788 2885 ιιιηι,
848 2835 1104 2876 venturus
1144 2825 1386 2893 judicare
1430 2826 1581 2880 vivos
1630 2834 1684 2880 et
1730 2833 2005 2889 mortuos,
2049 2826 2226 2893 quies

649 2914 789 2965 Deus
814 2927 970 2966 verax
992 2953 1004 2976 ,
1046 2915 1134 2992 qui
1160 2914 1314 2967 sedes
1350 2927 1510 2981 super
1539 2914 1848 2977 cherubim,
1890 2923 1943 2967 et
1963 2913 2226 2982 prospicis

648 3003 904 3073 abyssos:
954 3006 1045 3073 qui
1088 3005 1235 3057 vides
1277 3014 1496 3066 cuncta,
1550 3006 1863 3073 priusquam
1905 3015 2218 3068 nascantur,
2250 3033 2294 3094 ο

646 3097 735 3164 qui
774 3097 937 3150 habes
963 3104 1286 3166 potestatem
1311 3095 1586 3159 occidere,
1637 3104 1691 3149 et
1734 3111 1943 3148 rursum
1978 3095 2224 3150 restitue-

647 3202 735 3250 re;
763 3189 851 3254 qui
897 3189 1064 3241 habes
1107 3196 1428 3256 potestatem
1476 3188 1542 3242 de
1575 3187 1726 3240 arido
1767 3185 1989 3239 viridem
2020 3184 2218 3240 facere.

645 3277 724 3328 ’l‘u
752 3278 988 3328 omnium
1031 3277 1171 3330 Deus
1200 3279 1526 3339 dominator,
1576 3278 1743 3330 libera
1785 3291 1869 3329 me
1897 3277 1965 3328 ab
1998 3278 2098 3329 hoc
2125 3290 2222 3328 sae—

630 3366 780 3435 .t-ulo.
826 3365 1027 3417 Exaudi
1058 3382 1139 3418 mc
1163 3376 1427 3427 orantem,
1455 3367 1594 3419 sicut
1613 3366 1875 3419 exaudisti
1901 3365 2038 3418 filios
2059 3365 2219 3417 Israel

645 3455 710 3506 de
741 3462 881 3505 terra
911 3451 1144 3522 .‘Egypti,
1175 3461 1228 3506 et
1259 3469 1363 3507 non
1395 3453 1491 3507 tibi
1511 3454 1872 3517 crediderunt,
1903 3468 2001 3507 nec
2024 3451 2222 3506 famulo

647 3555 735 3596 tuo
761 3542 943 3612 Moysi.
991 3541 1078 3595 Vae
1109 3527 1343 3610 peccatis
1371 3545 1504 3597 meis
1530 3543 1542 3594 ε
1577 3557 1697 3597 cum
1729 3551 1779 3595 te
1810 3542 2074 3596 levaveris
2096 3557 2221 3597 con-

647 3635 877 3703 fringere
924 3643 1122 3688 terram
1151 3675 1162 3695 ,
1215 3637 1312 3687 sub
1357 3648 1517 3702 quam
1551 3632 1799 3686 ﬁssuram
1830 3642 2104 3702 petrarum
2136 3649 2220 3688 me

643 3724 998 3777 absconsurus
1045 3740 1164 3777 sunt
1215 3734 1337 3778 ante
1387 3726 1635 3778 virtutem
1686 3725 1871 3782 tuam?
1922 3724 2019 3779 Cui
2051 3727 2218 3779 monti

643 3816 881 3868 dicturus
910 3830 1048 3878 sum,
1082 3818 1212 3871 cado
1237 3830 1400 3883 super
1435 3831 1518 3870 me
1548 3837 1557 3868 :
1597 3825 1651 3870 ct
1674 3818 1762 3870 cui
1793 3815 1950 3878 colli,
1988 3825 2105 3884 tege
2133 3831 2217 3868 me

643 3912 765 3955 ante
813 3914 1012 3957 metum
1045 3903 1287 3965 Domini,
1331 3920 1450 3959 cum
1482 3913 1532 3955 te
1575 3905 1835 3960 levaveris
1882 3903 2218 3972 confringere

645 3993 879 4044 terram?
905 3992 1076 4061 Rogo,
1111 3994 1350 4056 Domine,
1380 3994 1599 4046 subveni
1631 3995 1781 4057 mihi,
1814 4003 1865 4048 et
1892 3996 1998 4047 noli
2023 4011 2214 4049 secun-

643 4086 763 4135 dum
809 4093 984 4136 actum
1030 4098 1206 4135 meum
1242 4083 1589 4149 mcjudicare
1619 4104 1627 4134 :
1663 4084 1794 4136 nihil
1829 4085 1969 4138 enim
2000 4087 2049 4142 in
2083 4102 2217 4154 prm-

639 4178 806 4244 t'eptis
840 4179 941 4230 tuis
970 4178 1172 4245 parati.
1208 4177 1407 4230 Exaudi
1441 4193 1524 4229 me
1549 4185 1844 4246 rogantem.
1881 4178 2029 4230 Sicut
2053 4193 2214 4230 exau-

639 4269 760 4319 disti
792 4266 978 4320 Jonam
1026 4267 1089 4318 de
1131 4276 1313 4320 ventre
1342 4268 1474 4331 ceti,
1512 4268 1589 4320 sic
1630 4269 1886 4326 exaudias
1921 4283 2003 4320 me
2040 4278 2094 4322 et
2119 4269 2215 4334 eji-

2338 458 2641 528 prandium,
2666 467 2718 511 et
2742 458 2876 512 dixit
2900 475 2912 511 ;
2944 455 3154 510 Prande
3178 458 3457 526 prandium
3484 459 3621 526 quod
3641 457 3732 510 tibi
3759 457 3899 510 misit

2340 546 2614 610 Dominus,
2664 547 2730 599 Et
2752 546 2885 599 dixit
2929 545 3116 599 Daniel
3159 563 3170 597 :
3227 545 3349 598 Non
3379 544 3618 615 relinquit
3643 544 3900 598 Dominus

2336 647 2625 706 quwrentes
2672 654 2743 689 se.
2789 634 2991 688 Exaudi
3032 650 3118 688 me
3137 645 3416 699 orantem,
3471 636 3609 690 sicut
3633 632 3899 688 exaudisti

2339 729 2561 782 Tobiam
2587 739 2640 782 et
2671 729 2884 790 Saram‘,
2913 727 3037 780 dum
3064 735 3282 779 orarent
3312 725 3365 778 in
3389 725 3526 779 atrio
3547 725 3737 778 domus
3756 739 3896 778 sum?

2339 828 2463 873 tunc
2482 818 2674 872 obtulit
2703 834 2800 887 pro
2846 817 2926 870 eis
2969 815 3204 884 Rapbael
3239 815 3461 884 angelus
3484 813 3785 873 orationem
3810 826 3902 867 eo-

2338 925 2487 974 rum;
2521 909 2872 965 sicexaudias
2885 921 3069 976 preces
3092 920 3260 971 meas,
3285 913 3339 959 et
3360 904 3612 959 admittas
3636 903 3703 957 ad
3721 901 3898 956 aulam

2335 1007 2576 1052 sanctam
2609 1006 2754 1050 tuam
2779 981 3050 1050 orationes
3073 1009 3218 1047 nicas
3243 1012 3254 1046 :
3289 1003 3343 1047 et
3363 993 3694 1070 continenter
3716 991 3904 1045 mittas

2335 1087 2585 1157 angelum
2617 1094 2765 1140 tuum
2791 1127 2805 1150 ,
2855 1086 2947 1158 qui
2977 1084 3153 1139 deleat
3179 1085 3424 1138 universa
3447 1082 3731 1136 commissa
3758 1081 3904 1143 mea,

2336 1175 2474 1232 sicut
2517 1175 2704 1230 delesti
2747 1175 2993 1244 spiritum
3020 1172 3349 1227 immundum
3394 1186 3422 1223 a
3454 1169 3609 1233 Sara,
3653 1168 3760 1222 filia
3796 1168 3903 1222 Ra-

2335 1268 2488 1337 guel.-
2528 1268 2803 1322 lllumines
2840 1282 2935 1322 cor
2963 1281 3140 1320 meum
3165 1303 3181 1330 ,
3223 1265 3362 1318 sicut
3391 1262 3698 1316 illuminasti
3719 1258 3904 1314 oculos

2335 1361 2535 1416 Tobiae.
2576 1356 2779 1416 Exaudi
2806 1341 2891 1414 ine
2919 1367 3193 1421 orantem,
3223 1357 3362 1411 sicut
3405 1351 3669 1408 exaudisti
3703 1348 3904 1404 Susan-

2333 1470 2478 1519 nam,
2504 1462 2558 1507 et
2601 1452 2838 1508 liberasti
2881 1468 3002 1507 eam
3045 1452 3111 1506 de
3139 1449 3388 1504 manibus
3418 1449 3708 1510 seniorum,
3743 1445 3821 1500 sic
3845 1451 3905 1498 et
3941 1461 3943 1463 ί

2334 1563 2420 1603 me
2457 1546 2652 1600 liberes
2691 1547 2757 1599 ab
2803 1547 2906 1599 hoc
2943 1542 3157 1608 saeculo,
3187 1542 3314 1611 quia
3336 1549 3394 1594 tu
3429 1554 3488 1594 es
3521 1546 3728 1592 amator
3752 1550 3903 1606 pura:

2333 1636 2690 1692 conscientiae.
2755 1635 2956 1690 Exaudi
3002 1649 3087 1689 me
3127 1640 3371 1687 orantem
3397 1671 3410 1696 ,
3461 1630 3600 1684 sicut
3638 1625 3902 1682 exaudisti

2267 1705 2308 1764 Β
2334 1726 2620 1780 Ezechiam
2650 1739 2831 1796 regem
2855 1723 3025 1789 Judte,
3051 1731 3103 1779 et
3127 1722 3319 1777 delesti
3339 1720 3411 1796 ab
3437 1735 3503 1775 eo
3535 1718 3901 1774 inﬁmitatem

2330 1819 2540 1884 carnis;
2574 1817 2650 1872 sic
2679 1827 2733 1871 et
2768 1833 2797 1869 a
2825 1832 2910 1870 me
2944 1816 3158 1871 auferas
3186 1814 3551 1869 inﬁrmitatem
3579 1811 3823 1882 corporis
3847 1818 3904 1866 et

2330 1910 2544 1974 animae,
2570 1916 2624 1962 et
2649 1922 2848 1978 augeas
2873 1893 3018 1961 mihi'
3035 1907 3215 1971 fidem,
3247 1906 3388 1960 sicut
3411 1903 3606 1958 auxisti
3637 1902 3711 1956 illi
3734 1916 3905 1956 annos
3992 1972 4002 1981 .

2331 2017 2400 2055 xv
2429 2001 2496 2056 ad
2523 2001 2712 2055 vitam.
2741 1999 2963 2054 Liberes
2989 2013 3075 2053 me
3099 1998 3165 2052 de
3189 1997 3365 2052 medio
3391 1995 3568 2051 saeculi
3593 1995 3772 2066 hujus,
3796 1994 3903 2049 sic-

2329 2101 2388 2146 ut
2423 2091 2662 2146 liberasti
2711 2089 2960 2144 Theclam
3003 2088 3068 2142 de
3110 2087 3287 2141 medio
3322 2085 3428 2156 95
3467 2085 3899 2155 amphitheatro;

2329 2182 2408 2236 sic
2434 2182 2631 2236 liberes
2653 2194 2740 2234 me
2773 2180 2836 2234 de
2862 2178 3007 2232 omni
3037 2175 3351 2231 infirmitate
3374 2175 3574 2229 carnis.
3611 2173 3688 2227 Te
3716 2172 3905 2241 depre-

2328 2288 2443 2337 cor,
2477 2273 2657 2335 Pater,
2692 2272 2782 2340 qui
2810 2272 2864 2324 in
2889 2269 2994 2323 fine
3029 2278 3328 2337 temporum
3363 2272 3814 2321 commemoratus
3842 2277 3904 2318 es

2329 2362 2521 2426 nostri,
2560 2362 2780 2415 mittens
2817 2359 2969 2414 nobis
3001 2357 3182 2413 Jesum
3217 2357 3494 2410 Christum
3531 2354 3722 2409 Filium
3751 2361 3902 2407 tuum

2330 2455 2615 2508 Dominum
2674 2451 3011 2507 Salvatorcm
3057 2458 3298 2504 nostrum
3329 2489 3342 2515 ,
3402 2456 3584 2502 natum
3625 2463 3692 2502 ex
3735 2445 3900 2500 Maria

2328 2546 2551 2614 virgine
2583 2546 2648 2599 de
2682 2542 2886 2612 Spiritu
2930 2546 3147 2603 sancto,
3192 2538 3543 2592 annuntiante
3568 2534 3783 2618 Gabriel
3806 2550 3903 2588 an-

2330 2636 2467 2706 gelo,
2501 2648 2597 2703 per
2631 2645 2787 2699 quem
2813 2646 2910 2685 nos
2937 2629 3269 2704 liberastilde
3304 2627 3540 2697 periculo
3578 2625 3764 2680 mortis
3800 2625 3903 2679 int-

2327 2727 2602 2783 minentis.
2643 2727 2709 2780 Et
2732 2735 2784 2780 te
2818 2726 3094 2795 deprecor,
3123 2724 3222 2777 Fili
3246 2723 3340 2778 Dei
3373 2723 3622 2785 viventis,
3655 2724 3746 2792 qui
3774 2721 3900 2778 feci-

2331 2818 2400 2871 sti
2432 2815 2694 2886 magnalia
2724 2816 2778 2868 in
2813 2813 2956 2868 Cana
2981 2812 3234 2878 Galiltete,
3261 2814 3326 2867 de
3351 2829 3488 2882 aqua
3519 2813 3702 2867 vinum
3726 2811 3898 2866 fecisti

2326 2917 2544 2975 propter
2572 2901 2772 2960 lsrael:
2809 2889 2908 2974 qui
2933 2905 3088 2959 caecis
3122 2903 3306 2959 oculos
3340 2904 3620 2973 aperuisti,
3653 2902 3743 2971 qui
3779 2915 3900 2956 sur-

2325 2997 2450 3050 dum
2479 2997 2664 3050 audire
2699 2996 2904 3058 fecisti,
2949 2996 3037 3065 qui
3065 2996 3388 3065 paralyticos
3422 2993 3489 3048 ad
3527 3009 3626 3047 sua
3658 2993 3898 3051 membra

2326 3090 2609 3153 revocasti,
2655 3087 2865 3157 linguas
2895 3085 3167 3141 blesorum
3203 3085 3464 3140 daamonio
3487 3092 3714 3139 vexante
3746 3096 3903 3138 sana-

2323 3181 2409 3242 sti,
2447 3180 2665 3234 cl'audos
2701 3193 2916 3249 currere
2949 3177 3122 3232 fecisti
3172 3178 3317 3231 velut
3363 3190 3582 3242 cervos,
3621 3177 3900 3235 mulierem

2322 3269 2567 3340 protluxu
2618 3270 2895 3339 sanguinis
2945 3269 3218 3346 liberasti,
3285 3277 3527 3324 mortuos
3585 3269 3854 3325 suscitasti
3883 3307 3896 3328 ,

2322 3377 2483 3430 super
2529 3377 2722 3431 aquam
2765 3362 2988 3432 pedibus
3043 3363 3326 3418 ambulasti
3374 3382 3387 3416 :
3441 3364 3532 3432 qui
3581 3377 3728 3417 mare
3776 3361 3897 3415 fun-

2320 3454 2488 3517 dasti,
2552 3463 2605 3508 et
2659 3455 2915 3508 terminos
2971 3456 3019 3509 ci
3072 3455 3370 3524 imposuisti
3439 3456 3491 3508 in
3548 3463 3634 3509 tua
3674 3453 3891 3506 virtute.

2320 3547 2361 3599 Τ
2365 3563 2394 3600 e
2424 3547 2703 3615 deprecor,
2742 3545 2838 3599 Fili
2865 3545 2956 3598 Dei
3002 3546 3140 3610 vivi,
3192 3554 3410 3614 propter
3449 3544 3699 3598 universa
3746 3556 3896 3595 com-

2321 3636 2482 3690 missa
2534 3649 2651 3688 mea
2677 3675 2690 3698 ,
2748 3634 2838 3702 qui
2895 3649 2953 3687 es
2992 3634 3043 3687 in
3089 3634 3240 3687 cmlis
3282 3633 3449 3686 Filius
3490 3633 3540 3685 in
3581 3631 3768 3693 Patre,
3799 3629 3900 3684 Pa-

2320 3735 2402 3778 ter
2431 3727 2482 3778 in
2532 3731 2583 3777 te
2615 3725 2974 3791 sempiterno;
3025 3722 3117 3789 qui
3143 3721 3302 3775 sedes
3340 3736 3502 3789 super
3534 3720 3808 3775 cherubim
3845 3731 3902 3776 et

2319 3814 2611 3882 seraphim,
2643 3814 2821 3867 sedem
2862 3813 3084 3866 honoris
3120 3814 3217 3866 tui.
3252 3812 3370 3867 Tibi
3405 3813 3665 3867 assistunt
3699 3812 3897 3885 angeli,

2320 3918 2572 3956 numerus
2601 3903 3014 3965 inaestimabilis,
3061 3903 3313 3957 timentes
3343 3911 3396 3958 et
3433 3914 3687 3974 paventes
3713 3907 3891 3961 hono-

2318 4013 2430 4048 rem
2478 4004 2533 4049 et
2562 3997 2815 4048 virtutem
2854 4002 2999 4047 tuam
3027 4036 3039 4058 ,
3075 3995 3369 4049 clamantes
3417 4011 3547 4049 voce
3585 4012 3808 4067 magna,
3843 4003 3898 4050 et

2317 4089 2556 4142 dicentes
2595 4107 2604 4139 :
2641 4086 2887 4152 Sanctus,
2919 4096 3154 4149 sanctus,
3195 4098 3406 4141 sanctus
3437 4088 3712 4151 Dominus,
3752 4087 3893 4139 Deus

2318 4178 2569 4232 Sabaoth.
2609 4177 2686 4230 Tu
2724 4178 2834 4245 ipsc
2865 4177 3138 4230 nobiseum
3173 4185 3550 4232 testamentum
3594 4174 3799 4236 fecisti,
3841 4183 3895 4227 et

2315 4266 2472 4334 paulo
2499 4276 2618 4334 post
2642 4266 2829 4319 dixisti
2861 4284 2872 4316 :
2915 4263 3084 4318 Pctite
3115 4277 3161 4318 et
3181 4267 3464 4335 accipietis,
3495 4264 3709 4332 qua‘rite
3737 4273 3783 4316 et
3807 4264 3890 4316 in-

640 4359 750 4409 cias
778 4359 945 4411 mede
977 4369 1143 4408 morte
1163 4358 1228 4408 ad
1255 4357 1438 4408 vitam.
1483 4347 1634 4409 Sicut
1658 4357 1902 4411 Ninivitm
1930 4358 2214 4410 induerunt
2245 4371 2291 4428 υ
2318 4356 2549 4415 venietis,
2593 4354 2795 4421 pulsate
2839 4363 2886 4406 et
2929 4356 3190 4421 aperietur
3233 4354 3393 4406 vobis.
3467 4351 3823 4424 Quodcunque
3860 4373 3891 4407 (ι

641 4448 874 4498 cinerem
905 4457 958 4496 et
987 4445 1240 4504 cilicium,
1285 4453 1341 4496 et
1368 4446 1736 4508 patujtentiaiu
1763 4453 2016 4513 egerunt,
2069 4447 2137 4496 ita
2161 4453 2214 4498 et

640 4549 736 4603 ego
760 4532 1137 4601 exboinogesin
1173 4530 1375 4584 faciens
1399 4540 1522 4586 ante.
1557 4543 1905 4601 conspectum
1939 4543 2088 4587 tuutn
2118 4551 2215 4604 pro

638 4626 903 4681 universis
945 4625 1180 4693 peccatis
1209 4625 1361 4686 meis,
1404 4625 1497 4692 qui
1526 4641 1584 4679 es
1627 4634 1838 4679 amator
1861 4627 2209 4695 pmnitentizn,

635 4719 892 4788 miserere
926 4719 1047 4770 mei.
1093 4716 1196 4770 Sed
1237 4727 1292 4770 et
1337 4717 1502 4770 David
1528 4717 1691 4772 dicit:
1724 4718 1963 4779 Domine,
1996 4729 2214 4786 propter

638 4823 830 4860 nomen
882 4817 1026 4859 tuum
1073 4807 1190 4861 dele
1234 4817 1511 4876 peccatum
1543 4822 1750 4871 meum;
1799 4818 1852 4859 et
1891 4824 1990 4878 ego
2025 4808 2213 4876 deprc-

575 4894 578 4896 ’
637 4913 767 4948 cans
800 4896 1131 4959 majestatem
1174 4907 1317 4948 tuam
1347 4915 1354 4946 :
1387 4897 1502 4949 dele
1540 4897 1785 4950 universa
1818 4909 2035 4967 peccata
2065 4912 2206 4951 mea.

636 4984 839 5037 Exaudi
886 5000 969 5036 tne
1018 4993 1260 5036 orantem
1305 4986 1441 5038 sicut
1473 4986 1739 5040 exaudisti
1790 4997 1897 5040 tres
1926 5002 2119 5056 pueros
2145 4987 2210 5039 de

637 5076 847 5128 camino
876 5075 1047 5140 ignis,
1079 5075 1377 5134 Ananiam,
1437 5074 1717 5139 Azariam,
1751 5076 1928 5131 Misael
1969 5096 1978 5128 :
2014 5085 2067 5130 et
2112 5077 2209 5129 mi-

635 5166 749 5218 sisti
789 5163 1033 5233 angelum
1069 5175 1216 5218 tuum
1248 5180 1369 5218 cum
1404 5165 1584 5221 nimbo
1626 5169 1780 5230 roris.
1833 5167 2100 5228 Confusus
2127 5177 2211 5228 est

636 5256 1130 5310 Nabuchodonosor
1177 5256 1495 5324 pnepositus
1546 5258 1726 5325 regni,
1775 5261 2027 5327 quoniam
2071 5267 2124 5314 ttt
2153 5275 2210 5314 es

638 5349 743 5400 Rex
775 5347 1131 5419 regnantium,
1156 5356 1209 5401 et
1231 5347 1488 5401 Dominus
1513 5348 1921 5414 dominantium,
1952 5353 2044 5422 qui
2065 5352 2208 5408 solus

637 5441 799 5494 habes
858 5439 1353 5505 immortalitatem,
1416 5447 1470 5492 et
1530 5438 1706 5502 lucem
1763 5440 2204 5503 inaccessibilem,

636 5543 790 5592 quem
812 5541 972 5585 nemo.
995 5529 1267 5588 hominum
1295 5528 1455 5591 videt,
1483 5543 1583 5582 nec
1602 5529 1786 5585 videre
1809 5540 2000 5600 potest.
2033 5529 2207 5590 Exau-

639 5618 685 5671 di
738 5634 820 5670 ine
863 5627 1129 5684 orantem,
1168 5622 1305 5675 sicut
1349 5621 1615 5685 exaudisti
1660 5621 1932 5679 Danielem
1980 5623 2044 5680 de
2089 5622 2205 5676 lacu

2320 4445 2480 4496 Patre
2523 4460 2633 4495 meo
2659 4443 2909 4511 petieritis
2940 4445 2992 4495 in
3033 4446 3238 4496 nomine
3269 4461 3402 4509 meo,
3451 4446 3734 4515 accipietis.
3778 4445 3894 4516 Ego

2316 4535 2527 4587 Patrem
2553 4542 2695 4602 peto,
2729 4541 2786 4586 ut
2809 4535 3100 4603 accipiam;
3132 4549 3230 4605 ego
3251 4551 3465 4604 quatro,
3497 4545 3553 4590 ut
3584 4538 3881 4600 inveniam;

2315 4639 2414 4693 ego
2448 4622 2633 4692 pulso,
2680 4631 2742 4676 ut
2773 4625 3046 4693 aperiatur
3089 4625 3239 4680 mihi.
3299 4627 3415 4696 Ego
3458 4628 3510 4679 in
3547 4636 3636 4680 tuo
3667 4625 3885 4680 nomine

2314 4722 2460 4784 peto,
2492 4723 2552 4768 ut
2599 4723 2652 4767 tu
2697 4714 2910 4770 Patrem
2941 4725 3119 4786 petas,
3154 4727 3209 4772 et
3239 4718 3393 4772 detur
3421 4717 3550 4769 mihi
3575 4716 3750 4768 venia.
3787 4715 3889 4770 Pa~

2315 4813 2466 4859 ratus
2493 4821 2609 4860 sum
2632 4817 2853 4877 pr0pter
2887 4823 3078 4862 nomen
3118 4816 3267 4860 tuum
3301 4805 3579 4859 victimam
3607 4807 3889 4875 sanguinis

2313 4897 2567 4964 fundere,
2615 4909 2670 4954 et
2716 4901 3071 4970 quodcunque
3108 4907 3432 4952 tormentum
3472 4899 3756 4956 sustinere.
3799 4902 3881 4958 Tu

2311 5004 2367 5042 es
2392 4990 2604 5058 adiutor
2631 5006 2803 5056 meus,
2843 4991 3092 5046 defensor
3117 5003 3296 5049 meus,
3331 4986 3558 5044 defende
3589 4991 3660 5045 ab
3694 4993 3888 5047 adver-

2311 5081 2454 5134 sario
2495 5082 2729 5135 animam
2779 5095 2970 5134 meam.
3042 5077 3277 5148 Angelus
3323 5086 3446 5134 tuus
3473 5080 3606 5136 lucis
3639 5089 3885 5153 protegat

2310 5172 2420 5234 me,
2443 5172 2695 5242 quoniam
2719 5180 2779 5223 tu
2802 5169 2978 5223 dixisti
3007 5184 3018 5220 :
3040 5167 3193 5233 Quod
3220 5170 3484 5230 credentes
3513 5172 3767 5241 petieritis
3789 5186 3892 5244 pes

2310 5263 2622 5327 ovationem,
2664 5261 2878 5314 dabitur
2919 5260 3078 5313 vobis.
3124 5257 3309 5316 Omnis
3337 5263 3501 5317 homo
3522 5262 3786 5328 mendax;
3823 5269 3884 5318 tu

2309 5354 2455 5409 solus
2475 5346 2666 5408 verax.
2700 5350 2850 5405 Sicut
2875 5359 2930 5403 tu
2962 5353 3335 5420 repromisisti,
3369 5360 3686 5422 poth
3714 5353 3884 5409 habes

2308 5445 2454 5500 dare.
2495 5445 2747 5507 Domine,
2785 5442 2960 5498 revela
3005 5445 3132 5500 mihi
3173 5454 3566 5500 sacramentum
3593 5453 3744 5500 tuum
3770 5459 3883 5502 ct:-

2307 5534 2459 5602 leste,
2492 5545 2550 5589 ut
2574 5537 2763 5604 dignus
2799 5535 2899 5588 sim
2935 5534 3121 5591 faciem
3158 5546 3470 5601 sanctorum
3493 5547 3708 5594 tuorum
3737 5539 3879 5593 vide-

2309 5639 2382 5677 re.

2464 5624 2694 5694 Spiritus
2742 5633 2958 5680 sanctus
3007 5627 3058 5680 in
3113 5643 3197 5683 mc
3245 5637 3499 5698 operetur
3547 5626 3880 5682 voluntatem
