4262 6204
572 263 674 319 560

1509 262 1897 318 LITURGICA.
1939 250 2005 301 έ-
2043 261 2307 321 ΟΡΗΟΙΛ
2349 262 2477 317 PER
2517 261 2781 318 FERIAS.

3684 262 3787 315 ὕῖο

571 386 736 441 tuam,
761 390 922 446 quam
949 375 1042 432 tibi
1064 376 1319 447 spopondi
1340 376 1588 435 omnibus
1605 378 1793 434 diebus
1829 378 1951 433 vita:
1970 391 2119 433 meae.
2152 382 2200 438 Α
2228 386 2475 432 tremore.
2502 376 2730 432 .tdoratc
2750 392 2902 445 pure,
2930 392 2995 430 ne
3016 376 3154 432 forte
3179 377 3459 441 irascatur,
3485 383 3536 432 et
3557 376 3789 445 pereatis

571 468 671 537 Qui
696 482 886 537 passus
912 483 972 523 es
989 469 1086 524 sub
1107 468 1299 524 Pontio
1310 467 1485 523 Pilato
1502 468 1699 527 bonam
1717 467 2131 526 confessionem.

572 557 872 617 Cruciﬂxus
915 573 1007 618 es.
1052 558 1406 621 descendisti,
1449 566 1505 613 et
1535 558 1862 613 conculeasti
1892 557 2135 613 aculeum

574 650 783 705 mortis.
834 649 934 717 Qui
965 650 1174 714 dixisti,
1222 649 1311 703 ubi
1350 665 1410 703 es
1447 664 1629 712 mors,
1668 663 1787 717 qua:
1826 647 2136 717 regnabas?

578 737 679 794 Ubi
703 754 779 803 es,
806 738 1020 794 aculeus
1048 739 1269 793 mortis?
1300 739 1450 793 Victa
1473 755 1534 794 es
1565 754 1732 803 mors,
1759 738 1998 794 devictus
2029 738 2133 792 ini-

578 830 749 887 micus
784 830 1045 886 diabolus.
1084 830 1164 886 Tu
1187 830 1527 887 resurrexisti
1552 846 1580 884 a
1612 829 1871 892 mortuis,
1893 836 1949 882 et
1974 840 2136 895 appa-

578 919 734 974 ruisti
759 921 1015 990 apostolis
1052 923 1178 978 tuis.
1232 921 1534 977 Ascendisti
1559 921 1625 978 ad
1648 920 1845 993 ctelos,
1882 919 2037 975 sedes
2068 917 2136 972 ad

572 1007 854 1067 dexteram
881 1008 1075 1074 Patris,
1098 1022 1357 1069 venturus
1368 1010 1611 1078 judicare
1632 1011 1781 1068 vivos
1800 1018 1854 1066 et
1872 1015 2131 1065 mortuos.

577 1094 679 1166 Qui
704 1098 876 1154 nostri
904 1100 1226 1166 dominaris,
1263 1101 1430 1157 libera
1458 1116 1543 1156 me
1567 1101 1634 1155 de
1655 1115 1813 1159 manu
1844 1098 2136 1168 quaerentis

562 1190 814 1245 animam
855 1205 1051 1251 meam.
1107 1190 1211 1247 Per
1257 1206 1452 1259 nomen
1497 1197 1740 1246 sanetum
1770 1196 1919 1246 tuum
1949 1191 2137 1256 depre-

573 1295 696 1346 cor,
721 1280 889 1336 libera
914 1296 1001 1336 me
1042 1282 1111 1337 ab
1150 1283 1633 1353 adversarii'parte
1654 1322 1669 1344 ,
1706 1289 1766 1335 ut
1794 1293 2011 1350 operam
2041 1279 2137 1334 des

576 1371 817 1427 vincendi
863 1372 1135 1431 inimicum
1188 1366 1688 1443 meum;'quouiam
1737 1380 1797 1428 tu
1841 1385 1902 1425 es
1944 1378 2137 1438 potens

572 1471 827 1527 assertor,
880 1471 933 1517 et
978 1462 1268 1521 advocatus
1305 1477 1552 1532 precum;
1612 1470 1670 1517 et
1710 1462 1779 1518 ad
1823 1460 2139 1531 petitionem

571 1562 810 1610 nostram
840 1554 928 1609 die
951 1564 1006 1610 et
1026 1562 1204 1620 nocte,
1227 1555 1471 1621 Domine,
1506 1554 1852 1626 interpellans
1878 1558 1978 1623 pro
2012 1564 2136 1620 pec-

567 1644 706 1701 catis
750 1645 885 1703 meis
910 1684 925 1709 ,
978 1646 1277 1705 Orationem
1319 1662 1492 1701 meam
1534 1646 1785 1716 perferas.
1810 1648 1877 1701 ad
1919 1648 2135 1704 Patrem

2199 517 2205 523 .
2236 467 2301 522 de
2326 458 2428 521 via.

2276 564 2386 611 ‘tn.
2414 556 2493 609 Tu
2536 564 2735 619 autem,
2762 554 3001 619 Domine,
3028 553 3243 624 clypeus
3270 554 3415 610 circa
3457 570 3577 620 me;
3624 553 3792 625 gloria

2234 665 2375 712 mea,
2407 658 2460 704 et
2484 650 2726 705 exultans
2753 658 2913 720 caput
2938 665 3135 704 meum.
3168 648 3357 720 Surge,
3385 649 3608 706 Domine
3630 690 3648 716 ,
3688 651 3793 704 sal-

2232 755 2359 794 vum
2393 756 2478 793 me
2508 740 2609 803 fac,
2648 740 2787 794 Deus
2818 751 2985 793 meus.
3610 724 3614 730 ’

2304 846 2375 884 tv.
2408 830 2657 885 Miserere
2688 831 2810 894 mei,
2842 838 2894 883 et
2920 830 3111 884 exaudi
3138 830 3439 884 orationem
3465 844 3658 885 meam.

2301 938 2353 976 γ.
2386 922 2559 977 Verba
2609 937 2725 976 mea
2775 921 2918 982 audi.
2966 919 3222 985 Domine,
3275 912 3793 992 intellige‘murmur

2234 1028 2430 1067 meum.
2464 1012 2577 1066 Rex
2606 1028 2778 1076 meus,
2805 1021 2857 1066 et
2880 1011 3020 1065 Deus
3045 1026 3225 1065 meus:
3258 1012 3510 1081 quoniam
3536 1012 3606 1067 ad
3629 1020 3679 1066 te
3705 1011 3791 1065 de—

2232 1121 2441 1174 precor.
2493 1107 2735 1170 Domine,
2764 1106 2931 1161 deduc
2968 1121 3052 1160 me
3096 1105 3149 1158 in
3187 1106 3392 1175 justitia
3434 1116 3545 1171 tua,
3575 1115 3795 1176 propter

2235 1196 2573 1250 insidiatores
2602 1209 2785 1249 meos:
2820 1196 3000 1264 dirige‘
3030 1205 3153 1251 ante
3198 1194 3389 1251 faciem
3434 1213 3607 1253 meam
3652 1199 3794 1253 viam

2235 1294 2401 1341 tuam.

2303 1392 2376 1432 η.
2406 1377 2646 1439 Domine,
2681 1393 2749 1432 ne
2774 1378 2826 1432 in
2853 1377 3032 1433 furore
3059 1386 3151 1433 tuo
3176 1394 3372 1448 arguas
3397 1396 3521 1435 me:
3553 1394 3720 1449 neque
3740 1380 3793 1435 in

2234 1467 2311 1520 ira
2342 1476 2433 1522 tua
2460 1468 2719 1537 corripias
2741 1484 2846 1524 me.
2870 1468 3120 1524 Miserere
3145 1471 3271 1545 mei,
3287 1470 3529 1536 Domine,
3544 1472 3793 1541 quoniam

2234 1557 2475 1613 inﬁrmus
2501 1573 2617 1612 sum
2643 1573 2657 1611 :
2687 1573 2819 1614 sana
2855 1574 2961 1623 me,
3008 1560 3262 1623 Domine,
3294 1560 3545 1629 quoniam
3577 1569 3795 1614 contur-

2233 1647 2359 1703 bata
2389 1658 2513 1702 sunt
2535 1664 2656 1704 ossa
2684 1663 2824 1703 mea.
2854 1648 2920 1703 Et
2945 1650 3120 1704 anima
3146 1664 3261 1704 mea
3290 1651 3500 1705 turbata
3523 1658 3605 1705 est
3624 1648 3796 1712 valde,

494 1726 508 1735 ’
572 1748 741 1793 tuum.
777 1737 1024 1807 Digneris
1064 1738 1332 1807 respicere
1366 1715 1749 1808 superfpreces
1788 1753 1968 1804 meas,
1996 1740 2134 1794 sicut
2166 1715 2210 1773 θ
2234 1746 2290 1791 et
2334 1745 2424 1803 tu,
2477 1737 2717 1801 Domine,
2765 1738 3074 1806 usquequo?
3116 1737 3427 1804 Revertere,
3472 1738 3711 1799 Domine,
3742 1746 3797 1790 et

570 1827 853 1897 respexisti
882 1841 1044 1897 super
1067 1839 1291 1883 munera
1322 1823 1451 1881 Abel
1470 1824 1603 1893 justi
1640 1826 1735 1881 tui.
1778 1826 2022 1897 Digneris
2047 1842 2135 1881 me

567 1914 801 1972 liberare
827 1914 896 1970 ab
937 1915 1062 1986 igne
1097 1914 1319 1985 perenni
1358 1927 1654 1983 pmnarum,
1682 1925 1738 1968 et
1758 1914 1837 1969 ab~
1851 1916 1999 1971 omni
2028 1923 2138 1971 tor-

570 2016 773 2071 mento,
809 2005 949 2075 quod
975 2006 1181 2075 parasti
1213 2005 1441 2074 iniquis,
1485 2020 1582 2076 per
1607 2006 1809 2061 bonum
1836 2013 1892 2060 et
1918 2006 2138 2062 benedi-

571 2104 719 2152 ctum
769 2094 952 2153 Iesum
990 2094 1266 2156 Christum
1311 2096 1648 2156 Salvatorem
1702 2106 1943 2153 nostrum
1970 2139 1986 2164 ,
2040 2115 2139 2170 per

504 2174 513 2179 ’
574 2201 734 2257 quem
759 2186 859 2241 tibi
880 2194 963 2241 est
982 2187 1175 2253 honor,
1202 2178 1403 2251 virttis,
1434 2188 1601 2260 gloria
1624 2189 1678 2243 in
1703 2189 1900 2245 saecula
1916 2190 2137 2246 saeculo-

574 2290 715 2332 rum.
744 2275 936 2343 Amen,

1160 2400 1282 2439 Διιλ
1317 2400 1533 2441 ORATIO.

637 2492 861 2565 Largire
886 2495 1040 2560 mihi,
1071 2494 1312 2562 Domine,
1340 2497 1656 2552 munditiam
1677 2499 1962 2562 labiorum,
1992 2500 2142 2569 puri-

573 2591 736 2640 tatem
773 2592 827 2639 et
876 2583 1232 2640 innocentiam
1277 2586 1472 2652 cordis,
1520 2588 1889 2643 reetitudinem
1939 2589 2135 2659 operis.

569 2674 716 2730 Dona
755 2676 887 2730 mibi
930 2676 1317 2743 humilitatem,
1361 2678 1698 2747 patientiam,
1731 2680 2136 2749 abstinentiam,

571 2766 898 2831 castitatem,
926 2767 1291 2833 sobrietatem,
1324 2769 1679 2837 prudentiam,
1711 2771 1998 2840 justitiam,
2031 2771 2140 2829 for-

570 2856 872 2918 titudinem,
892 2857 1009 2911 sive
1034 2860 1464 2926 temperantiam.
1492 2860 1714 2930 Largire
1740 2864 1870 2919 mihi
1894 2858 2139 2934 spiritum

569 2949 845 3019 sapientiae
863 2957 919 3002 et
940 2948 1257 3014 intellectus,
1282 2951 1492 3005 consilii
1513 2959 1567 3006 et
1597 2951 1943 3019 fortitudinis,
1967 2956 2141 3010 scien-

2234 1842 2362 1882 erue
2385 1828 2620 1885 animam
2639 1842 2843 1885 meam:
2867 1827 3010 1883 salva
3034 1843 3119 1884 me
3138 1836 3356 1898 propter
3376 1828 3797 1884 misericordiam

2238 1926 2406 1977 tuam.
2435 1926 2440 1931 ’

2303 2023 2400 2063 vn.
2430 2005 2657 2093 Domine
2679 2005 2822 2063 Deus
2862 2021 3048 2071 meus,
3082 2007 3137 2062 in
3166 2015 3219 2062 te
3247 2007 3458 2078 speravi
3484 2025 3496 2061 :
3537 2006 3685 2061 salva
3714 2020 3800 2061 me

2237 2098 2304 2153 ab
2328 2097 2575 2155 omnibus
2606 2096 3049 2168 persequentibus
3091 2110 3211 2163 me,
3258 2106 3314 2153 et
3358 2096 3527 2153 libera
3564 2110 3671 2151 me.
3721 2094 3800 2150 Ne

2237 2188 2377 2247 forte
2423 2190 2632 2265 rapiat,
2665 2196 2726 2244 ut
2754 2188 2837 2245 leo
2863 2188 3096 2245 animam
3131 2203 3309 2246 meam
3344 2187 3576 2253 laceret,
3607 2196 3662 2243 et
3694 2202 3801 2243 nou

2236 2280 2304 2335 sit
2328 2281 2423 2350 qui
2451 2290 2625 2343 eruat.
2866 2272 2876 2278 ’

2198 2368 2207 2375 ’
2305 2387 2421 2428 νιιι.
2450 2371 2695 2436 Domine,
2721 2372 3023 2429 dominator
3045 2381 3245 2435 noster,
3277 2372 3477 2445 grande
3500 2380 3583 2426 est
3610 2384 3803 2428 nomen

2239 2468 2387 2515 tttum
2416 2460 2471 2515 in
2502 2460 2752 2517 universa
2780 2467 2946 2515 terra.

2307 2559 2383 2627 ti;
2411 2571 2677 2645 Lagtabor,
2702 2579 2757 2625 et
2785 2570 3025 2641 gaudebo
3051 2570 3105 2643 in
3129 2578 3203 2633 te,
3228 2585 3418 2626 canam
3441 2570 3644 2626 nomini
3687 2578 3801 2637 tuo,

2237 2660 2528 2717 Altissime.
2555 2662 2817 2731 Exsurge,
2833 2660 3055 2715 Domine
3073 2659 3229 2723 Deus,
3250 2661 3365 2716 leva
3396 2650 3609 2715 manum
3632 2658 3803 2726 tuam,

2239 2752 2347 2808 noli
2376 2750 2614 2827 oblivisci
2640 2765 2953 2821 pauperum.

2308 2860 2364 2897 κ.
2392 2841 2651 2900 Dominus
2664 2840 2865 2910 justum
2892 2840 3104 2911 probat.

2310 2949 2385 2988 χι.
2419 2932 2574 2988 Salva
2603 2947 2721 2997 nos,
2742 2930 2990 2987 Domlne.

570 3038 658 3093 tiae
681 3045 736 3093 et
761 3037 977 3108 pietatis
1004 3048 1163 3109 atque
1190 3041 1397 3095 timoris
1443 3042 1538 3096 tui.
1585 3042 1660 3097 Da
1696 3044 1825 3102 mihi
1871 3045 2132 3116 irriguum
2159 3042 2207 3114 α
2307 3058 2402 3097 xu.
2450 3042 2739 3113 Usquequo
2783 3041 3109 3097 exaltabitur
3152 3041 3402 3095 inimicus
3447 3056 3595 3095 meus
3639 3057 3803 3111 super

566 3127 814 3193 inferius,
842 3136 896 3183 et
925 3130 1183 3201 irriguum
1207 3131 1471 3199 superius.
1494 3131 1678 3188 Pmbe
1705 3133 1834 3188 mihi
1862 3135 2130 3205 geminum

565 3221 844 3277 charitatis
872 3219 1143 3286 effectum,
1174 3220 1332 3276 fidem
1374 3232 1609 3288 rectam,
1661 3239 1808 3293 spem
1850 3225 2135 3281 inconcus-

566 3324 702 3365 sam.
734 3309 809 3363 Da
839 3311 970 3364 mibi
996 3312 1421 3367 benedictionem
1442 3314 1507 3368 de
1535 3329 1655 3368 rore
1675 3315 1817 3380 coeli,
1841 3326 1895 3370 et
1919 3317 2140 3389 pingue-
2182 3342 2185 3347 -

567 3398 692 3455 dine
717 3407 892 3453 terrae.
924 3398 1032 3454 Fac
1057 3413 1144 3453 me
1169 3407 1283 3455 toto
1312 3404 1473 3456 corde
1496 3418 1631 3466 meo,
1666 3413 1775 3459 tota
1810 3406 1985 3460 anima
2018 3421 2138 3461 mea

570 3488 852 3559 exquirere
878 3487 1071 3542 faciem
1099 3496 1261 3543 tuam.
1295 3488 1539 3546 Concede
1562 3492 1691 3546 mihi
1720 3493 1772 3545 in
1796 3501 1886 3547 tuo
1915 3509 2140 3563 conspe-

571 3588 661 3637 ctu
679 3594 784 3634 eor
815 3578 1010 3634 habere
1033 3579 1325 3635 contritum
1354 3588 1408 3636 et
1430 3581 1789 3649 humiliatum,
1832 3594 1935 3640 tum
1961 3585 2139 3640 chari-

574 3670 673 3724 tati
702 3669 833 3726 nihil
856 3683 1166 3740 praeponere
1187 3711 1202 3736 ,
1243 3678 1336 3726 tuo
1362 3672 1679 3742 ‘quandoque
1724 3689 1906 3730 amore
1941 3677 2139 3731 mundo

573 3757 814 3814 funditus
834 3761 1121 3832 exstingui.
1158 3761 1267 3817 Fac
1295 3778 1380 3819 me
1409 3753 1461 3818 in
1502 3770 1591 3819 tuo
1620 3765 1884 3820 sacriﬁcio
1910 3766 2137 3822 hostiam

573 3853 746 3906 vivam
780 3853 917 3919 fieri,
949 3863 1053 3910 tua:
1079 3856 1374 3928 clementiae
1410 3858 1716 3915 holocausta
1746 3861 2029 3916 medullata
2057 3861 2138 3918 of—

571 3942 731 3998 ferre.
767 3943 1009 4008 Summa,
1048 3955 1246 4000 aeterna
1297 3957 1350 4001 et
1393 3932 1674 4004 ineﬁ'abili's
1717 3952 2011 4019 sapientia,
2040 3955 2133 4009 de-

569 4032 705 4103 pelle
728 4048 760 4087 a
789 4048 874 4087 me
903 4035 1161 4089 caecitatis
1198 4044 1255 4089 et
1278 4037 1589 4106 ignorantia":
1615 4038 1879 4093 tenebras.
1915 4040 2135 4097 Summa

566 4134 763 4181 aeterna
787 4124 975 4189 virtus,
1009 4126 1175 4181 libera
1215 4142 1318 4182 me.
1366 4127 1584 4183 Summa
1626 4140 1825 4186 :rterna
1858 4132 2131 4201 fortitudo,

568 4219 757 4291 adjuva
785 4235 888 4275 me.
937 4219 1155 4274 Summa
1199 4229 1253 4275 et
1283 4222 1833 4293 incomprehensibilis
1858 4226 1980 4295 lux,
2015 4227 2135 4282 illu—

524 4350 527 4353 λ
568 4311 714 4365 mina
743 4328 845 4366 tne.
883 4311 1101 4369 Summa
1127 4323 1180 4369 et
1205 4313 1412 4369 infinita
1451 4315 1847 4383 misericordia,
1878 4320 2133 4374 miserere

570 4400 696 4456 mei.
726 4402 915 4458 Amen.

644 4534 756 4613 96
793 4535 1247 4613 COLLEC'HO
1280 4544 1695 4620 ΡΕᾼΙΙΓΕΒΗ
1734 4550 1963 4610 ΒΕΙ).Ἐ
2008 4570 2059 4611 ιι.

636 4657 791 4715 Ρδλι..
826 4676 864 4714 ι.
897 4657 1090 4715 Beatus
1117 4661 1200 4715 vir
1220 4664 1311 4731 qui
1335 4678 1439 4718 non
1462 4668 1594 4722 abiit
1622 4671 1673 4723 in
1700 4672 1923 4726 consilio
1946 4672 2132 4741 impio-

570 4762 711 4825 rum,
740 4758 794 4805 et
822 4750 874 4804 in
903 4750 987 4804 via
1017 4759 1360 4819 peccatorum
1385 4769 1489 4808 non
1517 4757 1686 4819 stetit,
1717 4770 1770 4811 et
1798 4762 1849 4813 in
1880 4763 2133 4818 cathedra

569 4837 864 4894 derisorum
910 4856 1014 4895 non
1046 4843 1203 4898 sedit.
1241 4842 1349 4898 Sed
1395 4845 1448 4897 in
1496 4844 1609 4915 lege
1638 4844 1846 4901 Domini
1890 4852 2136 4907 voluntas

570 4924 705 4993 ejus,
733 4935 789 4981 et
817 4928 869 4982 in
896 4930 1013 5001 lege
1039 4929 1155 5001 ejus
1178 4934 1526 4989 meditabitur
1550 4935 1635 4990 die
1657 4950 1719 4990 ac
1746 4942 1919 4991 no'cte.
1950 4940 2015 4994 Et
2033 4944 2137 4997 erit

571 5022 823 5084 tanquam
864 5016 1065 5087 lignum
1102 5026 1547 5094 transpiantatum
1566 5024 1719 5094 juxta
1747 5026 1944 5083 rivulos
1972 5046 2138 5099 aqua-

573 5120 713 5170 rum,
736 5107 876 5175 quod
908 5108 1140 5166 fructum
1164 5108 1329 5170 'suum
1359 5119 1508 5173 dabit
1546 5119 1598 5174 in
1631 5129 1870 5189 tempore
1908 5137 2023 5175 suo.
2072 5124 2138 5179 Et

572 5191 752 5249 folium
780 5194 898 5266 ejus
917 5212 1025 5254 non
1049 5199 1261 5269 denuet,
1301 5214 1356 5259 et
1383 5223 1566 5275 omne,
1609 5209 1747 5281 quod
1778 5210 1983 5274 fecerit,
2016 5229 2138 5282 pro-

575 5286 895 5354 sperabitur.
2034 5286 2041 5289 ’

642 5391 703 5431 tt.
741 5376 894 5437 Nunc
920 5394 1069 5453 ergo,
1101 5398 1255 5456 reges
1291 5385 1589 5461 intelligite,
1610 5393 1894 5449 erudimini
1926 5391 2136 5462 judices

578 5477 749 5527 terrae.
772 5472 981 5531 Servite
1021 5477 1247 5533 Domino
1274 5479 1327 5534 in
1367 5481 1576 5550 timore,
1607 5496 1661 5543 et
1702 5488 1966 5565 exsultate
2001 5489 2048 5543 ei
2082 5490 2137 5545 in

2236 3132 2361 3186 me?
2398 3130 2738 3195 Convertere,
2776 3140 2829 3185 et
2852 3130 3042 3184 exaudi
3071 3146 3173 3194 me,
3201 3129 3424 3184 Domine
3450 3129 3588 3184 Deus
3610 3135 3793 3184 meus:

2235 3223 2543 3292 nequando
2568 3221 2709 3275 dicat
2747 3220 2996 3274 inimicus
3024 3234 3211 3274 meus:
3252 3219 3513 3275 Puevalui
3547 3223 3804 3277 adversus

2239 3328 2383 3367 eum.
2900 3369 2907 3377 ε

2307 3418 2425 3461 ll".
2456 3405 2757 3461 Exsultabit
2777 3404 2962 3472 Jacob,
2994 3413 3047 3461 et
3072 3395 3339 3461 laetabitur
3365 3393 3549 3462 Israel.

2307 3534 2419 3573 xw.
2448 3518 2719 3574 Timentes
2746 3527 2923 3573 autem
2946 3517 3230 3573 Dominum
3259 3519 3541 3590 glorificat.

2308 3624 2396 3662 xv.
2430 3606 2649 3662 Custodi
2674 3623 2782 3673 me,
2812 3608 2973 3674 Deus,
3004 3610 3253 3678 quoniam
3293 3610 3504 3677 speravi
3545 3609 3597 3662 in
3642 3617 3693 3663 te
3728 3609 3808 3663 di-

2238 3713 2366 3753 cens
2394 3698 2504 3752 Deo
2529 3683 2561 3752 ;’
2583 3698 2839 3753 Dominus
2875 3714 3025 3754 meus
3052 3714 3111 3754 es
3141 3708 3225 3765 tu,
3255 3699 3390 3752 bene
3417 3698 3550 3753 mihi
3591 3713 3695 3755 non
3721 3680 3808 3754 est

2238 3788 2353 3842 sine
2375 3798 2447 3842 te.

2305 3893 2414 3931 xvt.
2451 3872 2669 3932 Intende
2697 3876 3123 3947 deprecationem
3153 3892 3346 3939 meam,
3379 3885 3617 3932 sustenta
3657 3893 3807 3951 gres-

2235 3982 2328 4022 sus
2368 3981 2515 4021 meos
2541 3964 2595 4018 in
2625 3964 2851 4020 callibus
2890 3966 3023 4029 tuis,
3072 3973 3127 4020 et
3165 3980 3272 4020 non
3314 3965 3558 4019 labentur
3586 3966 3806 4037 vestigia

2235 4070 2372 4111 mea.
2437 4055 2636 4109 Inclina
2702 4070 2884 4109 aurem
2935 4063 3078 4108 tuam
3112 4055 3296 4109 'mihi:
3357 4042 3478 4109 audi
3533 4055 3800 4123 eloquium

2233 4160 2431 4198 meum.
2468 4144 2760 4198 Mirabilem
2791 4143 2875 4197 fac
2907 4142 3326 4198 misericordiam
3347 4150 3506 4205 tuam,
3535 4142 3801 4208 Salvator,

2232 4236 2558 4306 sperantium
2587 4236 2638 4289 in
2666 4242 2735 4288 te.
2763 4234 2977 4289 Custodi
3011 4250 3094 4289 me
3120 4236 3269 4304 quasi
3296 4236 3547 4304 pupillam
3577 4236 3717 4290 intus
3739 4237 3792 4291 in

2232 4328 2406 4392 oculo,
2442 4328 2495 4383 in
2542 4328 2730 4382 umbra
2770 4315 2995 4381 alarum'
3022 4336 3231 4381 tuarum
3279 4334 3499 4397 protege
3540 4343 3642 4382 me.
3692 4327 3806 4397 Ego

2156 4400 2213 4503 νυ
2239 4430 2420 4474 autem
2451 4419 2501 4472 in
2527 4416 2736 4485 iustitia
2758 4418 2947 4472 videbo
2976 4418 3168 4472 faciem
3198 4426 3361 4471 tuam.

2305 4545 2437 4584 xvn.
2472 4528 2697 4599 Diligam
2728 4537 2802 4591 te,
2835 4528 3080 4592 Domine,
3115 4527 3367 4583 fortitudo
3398 4545 3535 4583 mea.

2305 4652 2455 4690 xvm.
2508 4635 2590 4689 Ab
2636 4636 2861 4690 occultis
2904 4636 3037 4690 meis
3076 4637 3268 4690 munda
3314 4652 3423 4697 me,
3472 4652 3503 4690 a
3544 4638 3795 4705 superbis

2236 4738 2447 4795 quoque
2472 4724 2643 4778 libera
2682 4738 2894 4777 senum
2945 4732 3113 4776 tuum.
3156 4723 3276 4776 Sint
3301 4723 3570 4792 placentes
3596 4740 3804 4781 sermo-

2238 4833 2333 4872 nes
2361 4817 2470 4870 oris
2503 4815 2628 4879 mei,
2656 4813 2876 4868 Domine
2896 4853 2910 4877 ,
2960 4811 3216 4868 fortitudo
3252 4828 3386 4875 mea,
3419 4822 3473 4867 et
3501 4815 3803 4885 redemptor
3890 4846 3893 4849 π

2240 4928 2410 4967 meus.

2308 5018 2421 5055 nx.
2454 5001 2561 5056 Nos
2588 5008 2765 5056 autem
2793 5001 3023 5056 nominis
3056 5000 3263 5056 Domini
3294 5000 3711 5056 recordabimur.

2308 5126 2398 5163 xx.
2436 5109 2706 5172 Exaltare,
2736 5111 2975 5172 Domine,
3016 5112 3067 5162 in
3107 5108 3415 5163 fortitudine
3450 5118 3571 5174 tua,
3615 5117 3801 5164 canta-

2240 5203 2416 5256 bimus
2444 5210 2497 5254 et
2526 5200 2810 5270 psallcmus
2838 5201 3175 5256 fortitudines
3206 5210 3343 5255 tuas.

2311 5330 2420 5368 nt.
2454 5313 2534 5368 Tu
2565 5322 2742 5369 autem
2764 5352 2780 5378 ,
2830 5313 3049 5371 Domine
3069 5355 3082 5378 ,
3129 5329 3195 5367 nc
3242 5313 3396 5383 longe
3425 5313 3521 5367 (ias
3546 5307 3805 5367 fortitudo

2242 5419 2358 5459 mea
2384 5422 2394 5456 :
2427 5404 2480 5457 in
2510 5404 2766 5458 auxilium
2794 5420 2968 5459 meum
3000 5404 3211 5459 festina.
3244 5405 3381 5458 Erue
3416 5417 3445 5459 a
3477 5401 3651 5474 gladio
3687 5399 3805 5458 atti-

2244 5506 2383 5548 mam
2410 5506 2600 5555 meam,
2631 5491 2775 5547 salva
2809 5510 2893 5552 me
2917 5511 2978 5550 ex
3008 5509 3100 5550 ore
3125 5493 3310 5547 leonis.

651 5671 674 5731 ἱ
705 5657 870 5731 llujus
910 5662 1147 5734 psalterii
1190 5664 1430 5721 meminit
1460 5666 1715 5729 Alcuinus
1749 5672 1800 5730 in
1828 5670 1979 5742 epist.
2017 5671 2131 5740 I55,
2175 5672 2241 5728 ad
2267 5671 2551 5727 Aruoucub
