4262 6196
628 309 727 363 571

1480 310 1543 366 n.
1577 310 1639 364 ιτ.
1680 309 1905 366 suum
1945 309 2076 366 seu
2116 290 2394 365 ALCUINI
2432 310 2721 367 eranum
2759 309 2939 366 rans
2980 308 3067 364 IV.

3785 309 3893 367 572

699 442 833 481 χχιι.
869 424 934 479 Et
960 422 1261 496 benignitas
1299 430 1354 477 et
1392 421 1761 477 misericordia
1791 430 1882 476 tua
1911 424 2209 493 subsequa-
2236 426 2283 483 Α
2312 438 2479 477 ιιιιιιιιι
2504 439 2570 479 ex
2594 424 2676 479 eis
2696 438 2801 481 non
2826 423 3210 493 eonfringetur.
3234 421 3482 480 Redime't
3502 425 3759 481 Dominus
3774 428 3893 483 ani-

628 526 717 571 tar
747 530 834 570 me
856 515 1108 569 omnibus
1129 513 1317 568 diebus
1344 512 1488 567 vitae.

699 622 857 661 χχιιι.
896 605 961 664 Ει
987 600 1248 674 accipiam
1272 605 1703 660 benedictionem
1733 620 1763 659 a
1793 604 2043 661 Domino.

699 712 847 753 xxxv.
876 696 957 752 Ad
986 706 1039 752 te
1060 738 1074 763 ,
1102 696 1359 761 Domine,
1410 696 1647 751 animam
1692 711 1869 751 meam
1896 695 2035 751 levo.
2080 696 2210 751 \‘ias

626 796 766 852 tuas,
797 786 1046 853 Domine,
1070 785 1294 840 ostende
1335 786 1505 840 mihi:
1546 794 1603 841 et
1647 783 1870 840 semitas
1915 794 2034 840 tuas
2077 786 2210 840 doce

626 894 736 934 me.
771 876 956 933 Deduc
983 892 1070 932 me
1096 878 1150 930 in
1179 876 1406 932 veritate
1437 884 1547 940 tua,
1577 876 1709 931 doce
1739 891 1857 939 me,
1905 876 2030 945 quia
2066 884 2121 930 tu
2149 890 2210 930 es

624 973 770 1027 Deus
794 970 1044 1026 Salvator
1082 984 1257 1024 meus.
1284 967 1638 1023 Peecatorum
1668 967 2044 1022 adolescentia:
2073 980 2209 1020 meae

624 1069 680 1117 et
705 1059 972 1116 scelerum
1014 1074 1259 1115 meorum
1302 1072 1371 1113 ne
1401 1058 1732 1113 memineris.
1767 1056 2075 1111 Secundum
2101 1057 2205 1110 mi-

623 1151 977 1207 sericordiam
1036 1159 1184 1205 tuam
1233 1152 1516 1205 recordare
1560 1151 1687 1225 mei.
1738 1149 1965 1229 Propter
2010 1165 2207 1205 nomen

624 1254 776 1298 tuum
796 1243 1090 1313 propitiare
1111 1244 1382 1314 iniquitati
1407 1258 1561 1309 mea),
1582 1244 1836 1313 quoniam
1861 1244 2081 1314 grandis
2099 1254 2221 1299 est;

624 1333 853 1404 Respice
882 1335 934 1388 in
977 1345 1096 1399 me,
1128 1343 1183 1389 et
1210 1334 1470 1389 miserere
1498 1334 1639 1390 mei:
1671 1335 1739 1389 de
1768 1336 2035 1405 angustiis
2071 1338 2208 1391 meis

622 1424 761 1477 educ
788 1438 892 1478 me.
940 1423 1072 1478 Vide
1102 1422 1444 1479 afllictionem
1477 1441 1653 1479 meam
1677 1466 1693 1487 ,
1737 1434 1794 1481 et
1835 1435 1986 1494 porta
2025 1426 2205 1480 omnia

623 1522 842 1581 peccata
869 1528 1007 1583 mea.
1037 1513 1258 1570 Custodi
1284 1515 1521 1569 animam
1558 1531 1755 1579 meam,
1785 1526 1839 1571 et
1867 1517 2037 1571 libera
2076 1532 2180 1571 me.

692 1622 801 1692 97
833 1639 959 1677 xxv.
986 1624 1230 1688 Domine,
1260 1624 1425 1679 dilexi
1456 1625 1819 1681 habitaculum
1860 1628 2049 1682 domus
2082 1636 2202 1681 tum.

624 1710 702 1765 Ne
731 1712 945 1767 auferas
967 1729 1089 1769 cum
1108 1716 1486 1785 peccatoribus
1503 1717 1741 1772 animam
1770 1734 1978 1773 meam:
2004 1719 2206 1773 redime

623 1815 734 1867 me,
762 1811 819 1857 et
843 1803 1102 1859 miserere
1130 1806 1254 1860 mei.

693 1908 842 1948 xxvi.
876 1894 1135 1949 Dominus
1155 1896 1251 1950 lux
1279 1910 1422 1962 mea,
1452 1905 1507 1951 et
1537 1896 1777 1952 salutare
1800 1912 1979 1952 meum
1999 1940 2013 1963 ,
2044 1914 2202 1968 quem

622 1983 863 2039 timebo?
896 1983 1064 2049 Audi,
1097 1984 1357 2051 Domine,
1408 2000 1595 2041 vocem
1638 2002 1813 2042 meam
1861 1988 2199 2044 invocantis:

621 2074 879 2129 miserere
918 2074 1055 2139 mei,
1108 2083 1163 2130 et
1197 2075 1391 2131 exaudi
1424 2092 1529 2132 me.
1574 2076 1652 2133 Ne
1680 2077 1979 2134 abscondas
2009 2079 2202 2134 faciem

620 2172 767 2217 tuam
793 2179 822 2217 ο
849 2177 954 2228 me,
985 2180 1053 2220 ne
1081 2164 1318 2221 declines
1343 2165 1396 2219 in
1426 2165 1608 2221 furore
1636 2183 1666 2221 a
1702 2182 1861 2222 servo
1895 2176 2006 2221 tuo.
2038 2166 2205 2221 Auxi-

618 2252 750 2307 lium
778 2269 957 2309 meum
988 2254 1160 2320 fuisti,
1192 2271 1261 2310 ne
1289 2256 1634 2326 derelinquas
1655 2273 1763 2322 me,
1787 2266 1842 2311 et
1869 2273 1937 2312 ne
1962 2257 2204 2315 dimittas

619 2358 740 2408 me,
788 2344 931 2401 Deus
976 2345 1226 2400 Salvator
1270 2361 1441 2401 meus.
1472 2346 1709 2402 Ostende
1750 2348 1908 2413 mihi,
1954 2348 2199 2415 Domine,

617 2434 761 2487 viam
790 2442 966 2499 tuam,
999 2444 1054 2489 et
1092 2436 1265 2490 deduc
1294 2449 1381 2489 me
1424 2436 1478 2491 in
1522 2422 1714 2491 semita
1762 2446 1938 2504 recta,
1981 2446 2204 2509 prepter

616 2524 964 2581 insidiatores
1007 2541 1178 2581 meos.
1230 2525 1308 2581 Ne
1339 2527 1521 2582 tradas
1563 2542 1667 2589 me,
1703 2526 1963 2592 Domine,
2008 2528 2203 2581 animze

616 2612 989 2668 tribulantium
1035 2631 1141 2669 me.
1182 2616 1294 2687 Ego
1337 2624 1515 2670 autem
1563 2618 1759 2679 credo,
1806 2602 1949 2686 quod
1990 2618 2199 2673 videam

613 2702 756 2759 bona
780 2704 991 2759 Domini
1021 2705 1075 2759 in
1101 2713 1250 2761 terra
1278 2706 1595 2761 viventium.

626 2814 629 2817 ’
688 2833 858 2872 xxvn.
890 2819 1053 2883 Audi,
1084 2819 1327 2883 Domine,
1361 2820 1797 2889 deprecationem
1836 2835 2009 2875 meam
2031 2861 2046 2885 ,
2076 2836 2199 2875 cum

613 2910 919 2965 clamavero
952 2913 1019 2965 ad
1055 2920 1125 2965 te.
1156 2912 1233 2966 Ne
1260 2913 1441 2967 tradas
1480 2927 1566 2967 me
1593 2927 1715 2967 cum
1755 2911 1966 2982 impiis,
1993 2920 2048 2965 et
2074 2928 2199 2966 cum

612 3002 968 3071 operantibus
1006 3002 1368 3071 iniquitatem.

685 3092 875 3146 xxviii.
908 3090 1168 3145 Dominus
1195 3088 1454 3146 fortitudo
1482 3105 1599 3144 mea
1618 3130 1631 3153 ,
1662 3098 1719 3145 et
1753 3096 1965 3145 scutum
1992 3104 2194 3144 meum.
2225 3114 2271 3177 ο

613 3182 1161 3259 Adorate'Dominum
1185 3182 1240 3235 in
1272 3181 1465 3236 decore
1492 3191 1697 3237 sancto.

685 3289 835 3327 χχιχ.
866 3272 1025 3337 Audi,
1066 3272 1310 3338 Domine,
1354 3280 1410 3326 et
1456 3274 1715 3327 miserere
1762 3274 1886 3327 mei.
1937 3272 2195 3334 Domine,

614 3374 733 3419 esto
763 3364 998 3433 adjutor,
1040 3372 1099 3417 ut
1129 3364 1311 3419 laudet
1339 3373 1390 3419 te
1420 3366 1607 3435 gloria,
1649 3356 1831 3420 etnon
1863 3373 2057 3419 taceat.
2090 3365 2196 3417 Do-

615 3460 760 3513 mine
783 3458 924 3514 Deus
950 3471 1127 3525 meus,
1163 3460 1217 3515 in
1248 3462 1636 3530 sempiternum
1662 3462 1961 3517 confitebor
1984 3461 2104 3516 tibi.

684 3566 813 3605 xxx.
865 3552 922 3605 lu
966 3559 1039 3617 te,
1086 3551 1331 3615 Domine,
1364 3555 1614 3622 speravi,
1664 3568 1773 3609 non
1801 3554 2101 3609 confundor
2143 3555 2196 3607 in

612 3654 917 3698 :cternum:
960 3643 1013 3697 in
1035 3642 1248 3713 justitia
1296 3652 1385 3699 tua
1434 3645 1578 3699 salva
1621 3660 1725 3700 me.
1770 3645 1968 3701 lnclina
2000 3646 2066 3699 ad
2112 3660 2196 3698 me

613 3748 798 3789 aurem
826 3743 991 3800 tuam,
1019 3734 1283 3790 velociter
1310 3735 1479 3790 libera
1510 3752 1625 3790 me:
1660 3736 1784 3806 quia
1806 3745 1959 3805 petra
1982 3752 2117 3799 mea,
2143 3745 2199 3790 et

614 3826 841 3881 munitio
871 3842 987 3881 mea
1015 3837 1071 3882 tu
1101 3843 1180 3882 es.
1212 3826 1271 3882 In
1299 3844 1462 3883 manu
1493 3837 1581 3883 tua
1610 3830 1929 3882 commendo
1948 3829 2194 3898 spiritum

613 3928 814 3970 meum.
856 3916 913 3969 ln
951 3932 1112 3971 manu
1157 3928 1248 3971 tua
1294 3926 1535 3988 tempora
1582 3934 1721 3973 mea.
1768 3918 1963 3972 Libera
2005 3934 2090 3972 me
2129 3919 2195 3971 de

612 4021 777 4060 manu
821 4005 1160 4062 inimicorum
1203 4021 1468 4069 meorum,
1515 4015 1569 4059 et
1613 4006 2046 4075 persequentium
2086 4020 2192 4059 me.

609 4094 845 4157 Ostende
873 4094 1067 4150 faciem
1095 4105 1240 4151 tuam
1264 4112 1428 4165 super
1456 4111 1671 4151 servum
1700 4104 1849 4150 tuum
1874 4136 1887 4160 ,
1926 4096 2071 4150 salva
2108 4110 2195 4150 me

612 4189 667 4242 in
698 4188 1069 4245 misericordia
1098 4198 1209 4245 tua.

681 4294 832 4331 χχχι.
862 4280 1077 4347 Beatus,
1108 4283 1193 4335 cui
1217 4282 1436 4336 dimissa
1459 4292 1539 4337 est
1581 4282 1857 4353 iniquitas,
1884 4292 1938 4337 et
1960 4283 2190 4339 abscono

607 4368 777 4421 ditum
809 4377 891 4422 est
929 4378 1232 4438 peccatum.
1275 4370 1563 4425 Peccatum
1606 4387 1784 4426 meum
1829 4381 2012 4426 notum
2052 4373 2192 4427 facio

608 4459 725 4521 tibi,
754 4468 808 4513 et
840 4460 1177 4528 iniquitatem
1211 4474 1387 4513 meam
1413 4476 1519 4513 non
1546 4461 1837 4515 abscondo.
1868 4462 1945 4514 Tu
1969 4477 2028 4515 es
2054 4477 2186 4529 pro-

605 4550 769 4603 tcctio
798 4565 933 4611 mea,
971 4551 1038 4602 ab
1068 4550 1221 4605 hoste
1256 4550 1528 4604 custodies
1556 4566 1662 4604 me.

675 4673 847 4711 χχχιι.
874 4658 1011 4712 Ecce
1033 4658 1221 4731 oculus
1242 4658 1452 4714 Domini
1489 4676 1651 4731 super
1683 4662 1934 4719 timentes
1960 4680 2103 4731 cum,
2135 4675 2190 4720 ct

599 4758 983 4821 exspectantes
996 4751 1424 4807 misericordiam
1441 4751 1575 4821 ejus.
1596 4752 1679 4808 Sit.
1691 4756 2056 4811 misericordia
2074 4764 2193 4825 tua,’

566 4862 569 4865 -
604 4838 851 4903 Domine,
877 4856 1039 4912 super
1064 4857 1180 4907 nos,
1212 4842 1351 4897 sicut
1367 4844 1803 4913 exspectavimus
1831 4855 1902 4900 te.

676 4971 864 5010 xxxul.
894 4956 1214 5010 Benedicam
1237 4956 1464 5010 Domino
1494 4958 1544 5009 in
1572 4957 1719 5009 omni
1749 4965 2013 5025 tempore,
2038 4974 2180 5013 sem-

598 5062 697 5117 per
724 5047 841 5103 laus
870 5046 986 5115 ejus
1015 5048 1070 5101 in
1098 5062 1192 5102 ore
1214 5061 1356 5099 meo.
1389 5045 1725 5116 Magniﬁcate
1750 5047 2032 5105 Dominum
2063 5066 2176 5107 me-

602 5153 750 5202 rum,
788 5144 841 5189 et
866 5136 1164 5190 exaltemus
1190 5150 1393 5215 nomen!
1414 5136 1530 5205 ejus
1558 5139 1777 5207 pariter.
1808 5140 2035 5207 Qumsivi
2068 5143 2175 5200 Do-

601 5229 828 5289 minum,
856 5234 910 5280 et
948 5226 1223 5281 exaudivit
1267 5242 1380 5291 me;
1423 5236 1477 5283 et
1516 5230 1585 5303 de
1625 5233 1873 5289 omnibus
1914 5237 2177 5307 angustiis

599 5317 737 5371 meis
766 5316 1013 5371 liberavit
1039 5331 1143 5371 me.
1173 5314 1415 5383 Gustate,
1440 5328 1494 5374 et
1515 5320 1709 5388 videte,
1731 5326 1980 5393 quoniam
2005 5309 2177 5382 bonus

601 5414 683 5457 est
713 5407 1005 5461 Dominus:
1048 5408 1236 5462 beatus
1280 5408 1363 5461 vir
1402 5411 1492 5480 qui
1534 5423 1716 5482 sperat
1756 5415 1808 5469 in
1852 5432 1935 5471 eo.
1969 5418 2176 5473 Timete

602 5494 886 5551 Dominum
917 5500 1085 5556 sancti
1116 5498 1253 5568 ejus,
1277 5503 1528 5571 quoniam
1551 5520 1655 5559 non
1684 5508 1960 5579 cstinopia
1985 5511 2175 5565 timen-

600 5585 749 5641 tibus
774 5605 912 5644 cum.
947 5592 1321 5658 Quaerentibus
1349 5605 1526 5650 autem
1556 5598 1835 5655 Dominum
1866 5618 1972 5657 non
2003 5603 2177 5668 glccrit

598 5691 757 5730 omne
802 5680 1018 5738 bonum.
1056 5684 1309 5741 Dominus
1337 5690 1564 5743 custodit
1606 5695 1782 5746 omnia
1816 5709 1933 5749 ossa
1965 5713 2170 5762 eorum,

2312 527 2433 569 mas
2461 528 2741 569 servorum
2766 529 2983 569 suorum
2994 552 3007 567 .

2380 614 2567 679 xxxiv.
2599 601 2809 669 Indica,
2842 604 3096 669 Domine,
3126 603 3463 661 adversarios
3486 620 3674 673 meos;
3710 622 3890 679 pugna

2310 703 2499 750 contra
2526 678 2905 768 impugnantes
2931 711 3037 751 me.
3066 695 3421 767 Apprebende
3462 706 3676 753 scutum
3708 707 3764 754 et
3786 678 3889 754 lia-

2308 795 2471 852 stam,
2524 794 2579 842 et
2622 801 2885 857 consurge
2932 786 2986 840 in
3034 786 3290 840 auxilium
3338 802 3536 842 meum.
3569 788 3666 844 Dic
3696 789 3892 844 anima:

2307 892 2463 942 meae,
2493 877 2640 933 salus
2673 885 2763 931 tua
2809 892 2909 948 ego
2952 892 3095 932 sum.
3125 877 3317 932 Anima
3347 888 3528 933 autem
3559 894 3677 933 mea
3705 879 3890 934 exsul-

2310 966 2446 1022 tabit
2474 968 2529 1022 in
2556 968 2803 1033 Domino,
2832 974 2887 1023 et
2913 968 3183 1023 laetabitur
3206 970 3259 1022 in
3294 969 3468 1024 salute
3495 985 3612 1023 sua.
3650 968 3887 1025 Conﬁte-

2306 1059 2408 1114 bor
2434 1060 2530 1115 tibi
2553 1059 2607 1113 in
2631 1058 2868 1114 Ecclesia
2892 1058 3099 1129 grandi,
3126 1068 3181 1114 et
3198 1059 3378 1129 lingua
3400 1074 3518 1114 mea
3541 1060 3890 1115 meditabitur

2299 1150 2571 1220 justitiam
2599 1158 2770 1215 tuam,
2809 1158 2920 1207 tota
2946 1150 3033 1204 die
3055 1150 3268 1204 laudem
3297 1157 3466 1204 tuam.
3764 1210 3767 1215 η

2378 1256 2539 1294 xxxv.
2562 1240 2804 1304 Domine,
2823 1240 2877 1294 in
2897 1240 3034 1296 coelo
3049 1241 3418 1295 misericordia
3442 1249 3550 1295 tua.
3572 1239 3745 1308 Quam
3767 1256 3891 1311 pre-

2308 1332 2445 1387 tiosa
2480 1340 2564 1387 est
2592 1331 2962 1386 misericordia
2989 1341 3102 1397 tua,
3130 1331 3383 1387 Domine!
3414 1331 3677 1398 Quoniam
3709 1340 3890 1387 tecum

2304 1432 2391 1476 est
2430 1421 2551 1476 fons
2585 1421 2743 1487 vitae,
2791 1431 2847 1477 et
2886 1424 2942 1477 in
2986 1422 3188 1478 lumine
3217 1433 3310 1479 tuo
3338 1424 3641 1480 videbimus
3680 1423 3881 1482 lumen.

2304 1510 2533 1565 Attrahe
2573 1512 2996 1567 misericordiam
3037 1520 3184 1566 tuam
3213 1513 3507 1568 scientibus
3542 1520 3624 1576 te,
3652 1520 3709 1566 et
3726 1510 3891 1583 justi-

2306 1605 2439 1658 tiam
2471 1612 2615 1658 tuam
2647 1604 2807 1659 rectis
2832 1606 3011 1660 corde.
3044 1604 3159 1660 Non
3185 1606 3367 1660 veniat
3394 1606 3527 1660 mibi
3565 1621 3664 1675 pes
3689 1621 3885 1676 super-

2306 1692 2430 1758 biae,
2455 1700 2512 1749 et
2538 1708 2729 1748 manus
2757 1694 3043 1763 impiorum
3069 1709 3172 1748 nou
3202 1710 3287 1749 me
3313 1704 3666 1753 commoveat.

2232 1763 2282 1823 Β
2379 1800 2564 1839 χχχιιι.
2594 1784 2735 1839 Puer
2760 1783 2865 1848 fui,
2906 1785 3171 1855 siquidem
3217 1788 3412 1841 senui:
3451 1794 3508 1842 et
3534 1801 3642 1841 non
3669 1786 3777 1841 vidi
3800 1783 3887 1854 ju-

2308 1883 2451 1929 stum
2475 1873 2810 1929 derelictum.
2839 1875 2973 1941 Quia
3011 1876 3270 1931 Dominus
3308 1876 3480 1948 diligit
3511 1875 3803 1945 judicium,
3832 1884 3888 1931 et

2306 1981 2413 2022 non
2438 1965 2778 2035 derelinquet
2807 1976 3021 2023 sanctos
3044 1982 3189 2023 suos.
3231 1967 3289 2021 In
3331 1976 3593 2023 aatemum
3635 1966 3885 2023 custoditi

2305 2063 2450 2121 sunt,
2481 2065 2538 2109 et
2565 2057 2912 2113 auxiliabitur
2934 2060 3013 2114 eis
3038 2057 3315 2112 Dominus.

2378 2161 2580 2201 xxxvu.
2612 2146 2855 2213 Domine,
2906 2163 2972 2201 ne
3023 2148 3077 2202 in
3107 2147 3185 2201 ira
3218 2156 3308 2201 tua
3348 2160 3546 2219 arguas
3573 2164 3681 2214 me,
3714 2163 3886 2217 neque

2304 2236 2362 2290 in
2392 2236 2575 2292 furore
2601 2246 2693 2293 tuo
2716 2238 2978 2307 corripias
3006 2252 3111 2293 me.
3140 2237 3216 2293 Te
3237 2239 3400 2304 enim,
3418 2238 3664 2302 Domine,
3692 2254 3885 2309 exspe-

2304 2325 2517 2379 ctabam
2544 2344 2557 2379 :
2600 2334 2657 2383 tu
2684 2326 2953 2391 exaudies,
2986 2326 3211 2383 Domine
3241 2328 3380 2383 Deus
3419 2343 3589 2383 meus.
3630 2327 3766 2394 Quia
3795 2342 3881 2383 se-

2302 2415 2510 2486 quebar
2538 2417 2773 2485 bonum,
2819 2435 2887 2475 ne
2932 2419 3273 2489 derelinquas
3317 2434 3422 2474 me.
3468 2420 3695 2475 Domine
3740 2419 3885 2477 Deus

2301 2521 2473 2571 meus,
2506 2522 2573 2561 ne
2598 2508 2865 2581 elongeris
2886 2524 2917 2564 a
2946 2525 3064 2564 me:
3097 2509 3291 2565 festina
3318 2510 3372 2565 in
3402 2511 3660 2565 auxilium
3680 2525 3880 2578 meum,

2300 2594 2527 2654 Domine
2552 2599 2746 2671 “salutis
2781 2616 2934 2656 mem.

2372 2705 2601 2744 xxxvm.
2632 2690 2965 2744 Praestolatio
2993 2674 3135 2755 mea,
3168 2698 3222 2744 tu
3258 2705 3336 2756 es,
3385 2690 3454 2744 ab
3483 2691 3735 2746 omnibus
3774 2691 3878 2746 ini-

2299 2778 2599 2848 quitatibus
2629 2780 2763 2834 meis
2790 2779 2961 2834 libera
2986 2795 3091 2835 me.
3118 2779 3478 2851 Opprobrium
3508 2778 3677 2837 stulto"
3696 2795 3763 2836 ne
3788 2796 3881 2852 po-

2297 2885 2399 2927 nas
2427 2888 2535 2937 me,
2560 2867 2693 2928 tolle
2713 2888 2743 2927 a
2770 2889 2856 2928 me
2883 2874 3069 2946 plagas
3094 2884 3234 2930 tuas.

2369 2983 2556 3021 xxxix.
2571 2967 2902 3038 Exspectans
2928 2969 3233 3038 exspectavi
3256 2968 3558 3034 Dominum,
3575 2978 3628 3024 et
3658 2968 3881 3026 inclina-

2300 3066 2390 3115 tus
2417 3070 2501 3116 est
2524 3060 2591 3116 ad
2626 3075 2731 3114 me.
2761 3059 2825 3115 Et
2846 3060 3050 3114 audivit
3075 3061 3363 3115 clamorem
3400 3058 3598 3123 meum,
3629 3061 3875 3130 Domine,

2302 3151 2371 3205 ad
2400 3149 2758 3218 adjuvandum
2786 3167 2872 3204 me
2912 3148 3126 3203 festina.
3172 3149 3452 3205 Gaudeant
3496 3161 3549 3205 et
3591 3151 3875 3219 lmtentur,

2299 3241 2392 3311 qui
2421 3250 2667 3310 quarunt
2698 3250 2771 3305 te,
2799 3240 3055 3294 auxilium
3084 3257 3261 3295 meum
3287 3250 3341 3296 et
3365 3242 3597 3299 salutare
3622 3259 3799 3299 meum
3820 3250 3878 3299 ω

2299 3346 2381 3395 es,
2422 3330 2561 3384 Deus
2591 3346 2761 3395 meus,
2800 3345 2866 3383 ne
2893 3330 3140 3385 moreris.
3564 3346 3575 3353 '

2368 3422 2481 3492 98
2517 3437 2603 3475 χι..
2640 3421 2751 3491 Ego
2777 3420 2909 3487 dixi,
2941 3421 3197 3487 Domine,
3248 3424 3505 3478 miserere
3555 3425 3692 3488 mei;
3744 3437 3878 3476 sana

2299 3515 2537 3570 animam
2568 3531 2762 3581 meam,
2782 3517 2902 3587 quia
2931 3518 3146 3588 peccavi
3170 3518 3286 3573 tibi.
3307 3518 3384 3573 Tu
3407 3528 3604 3583 autem,
3630 3518 3873 3582 Domine,

2297 3609 2556 3663 miserere
2583 3609 2707 3663 mei.

2369 3716 2476 3754 xu.
2513 3699 2666 3755 Sicut
2693 3703 2867 3757 areola
2893 3712 3194 3773 prmparata
3233 3704 3298 3758 ad
3328 3704 3668 3774 irrigationes
3710 3720 3877 3775 aqua-

2296 3807 2416 3845 rum
2442 3810 2453 3845 :
2490 3793 2567 3847 sic
2594 3794 2773 3848 anima
2801 3809 2918 3849 mea
2948 3803 3249 3863 praeparata
3278 3804 3362 3849 est
3389 3796 3455 3851 ad
3484 3805 3557 3861 te,
3589 3796 3748 3852 Deus.

2364 3896 2497 3935 xw.
2530 3879 2716 3936 Judiea
2749 3898 2855 3947 me,
2886 3883 3045 3948 Deus,
3092 3892 3145 3939 et
3178 3884 3424 3940 discerne
3449 3901 3667 3941 causam
3697 3903 3875 3943 meam

2295 3988 2325 4025 a
2357 3978 2515 4040 gente
2559 3988 2664 4028 non
2705 3984 2922 4029 sancta:
2961 3991 2992 4029 a
3022 3976 3138 4029 viro
3180 3976 3367 4032 doloso
3408 3986 3463 4033 et
3492 3978 3677 4048 iniquo
3704 3979 3873 4033 libera

2294 4077 2400 4116 me.
2431 4061 2510 4116 Tu
2537 4064 2682 4118 enim
2708 4080 2767 4119 es
2796 4063 3053 4121 fortitudo
3081 4082 3220 4132 mea,
3254 4084 3422 4138 quare
3448 4067 3723 4138 projecisti
3753 4066 3899 4122 me!

2363 4171 2517 4210 xuu.
2549 4155 2741 4228 Surge,
2774 4159 3034 4214 auxiliare
3064 4161 3251 4215 nobis:
3286 4170 3340 4215 et
3370 4162 3575 4216 redime
3617 4177 3715 4216 nos
3742 4172 3871 4229 pro-

2290 4253 2411 4317 pter
2440 4248 2865 4305 misericordiam
2894 4260 3057 4305 tuam.

2362 4352 2507 4390 xuv.
2540 4336 2788 4393 Thronus
2818 4347 2960 4403 tuus,
2989 4339 3149 4403 Deus,
3175 4342 3225 4394 in
3250 4333 3534 4394 sarculum:
3561 4348 3614 4395 et
3639 4341 3689 4395 in
3714 4348 3871 4395 mter-

2220 4440 2440 4519 Dnum.
2486 4424 2777 4494 Propterea
2821 4429 3000 4496 pepuli
3046 4428 3447 4483 confitebuntur
3476 4429 3571 4485 tibi
3600 4430 3655 4485 in
3701 4447 3869 4488 saecu—

2288 4502 2421 4580 lum,
2450 4526 2504 4571 et
2526 4517 2581 4570 in
2606 4526 2886 4572 :etetnum.

2363 4621 2487 4659 xcv.
2517 4606 2658 4661 Deus
2685 4594 3011 4672 misericors,
3039 4624 3160 4679 spes
3184 4620 3237 4665 et
3272 4611 3563 4671 fortitudo:
3610 4615 3866 4669 ‘uxilium

2288 4696 2344 4750 in
2372 4696 2807 4752 tribulationibus
2841 4699 3087 4756 inventus
3111 4718 3169 4757 es
3192 4704 3446 4759 validum.
3590 4726 3648 4763 κέ

2360 4798 2504 4840 χινι.
2558 4785 2668 4839 Rex
2713 4802 2938 4858 magnus
2978 4806 3141 4862 super
3169 4808 3385 4847 omnem
3416 4801 3634 4846 terram.
3674 4790 3864 4847 Canite

2288 4878 2418 4945 Deo,
2450 4880 2624 4934 canite
2650 4898 2663 4934 :
2693 4882 2868 4937 canite
2901 4883 3031 4954 Regi
3065 4894 3270 4949 nostro,
3304 4885 3501 4940 canite.

2356 4988 2521 5027 χινιι.
2554 4974 2688 5040 Qui.
2715 4976 2828 5043 ipse
2849 4985 2931 5030 est
2952 4976 3107 5038 Dens,
3134 4976 3275 5031 Deus
3294 4984 3498 5042 noster,
3528 4979 3580 5033 in
3605 4982 3860 5037 sarculum

2284 5072 2339 5119 et
2362 5064 2413 5118 in
2442 5074 2777 5135 perpetuum.
2813 5067 2929 5135 lpse
2953 5066 3180 5119 eritdux
3212 5070 3396 5121 noster
3421 5068 3473 5121 in
3506 5080 3699 5127 morte.

2354 5168 2539 5207 xum.
2578 5154 2954 5206 Verumtamen
2999 5152 3142 5208 Deus
3168 5155 3394 5210 redimet
3420 5159 3655 5215 animam
3682 5176 3859 5216 meam

2282 5241 2348 5295 de
2378 5257 2538 5296 manu
2565 5241 2824 5303 inferiori,
2858 5257 2990 5295 cum.
3007 5247 3363 5315 assumpserit
3388 5265 3492 5304 me.

2355 5349 2501 5385 xux.
2534 5332 2712 5384 Fortis
2740 5332 2880 5387 Deus
2910 5334 3168 5392 Dominus
3195 5338 3401 5396 locutus
3439 5351 3557 5396 est:
3601 5360 3705 5398 non
3732 5359 3860 5416 pro-

2281 5432 2401 5493 pter
2422 5423 2667 5479 victimas
2693 5433 2811 5480 tuas
2836 5443 3055 5497 arguam
3087 5440 3168 5487 te:
3198 5445 3248 5489 et
3284 5436 3741 5493 holocaustomata
3766 5448 3857 5495 tua

2281 5530 2461 5569 coram
2492 5530 2578 5569 me
2604 5525 2727 5569 sunt
2756 5533 2983 5587 semper.
3014 5522 3125 5578 Non
3159 5528 3419 5596 accipiam
3467 5530 3532 5585 de
3574 5530 3733 5584 domo
3763 5541 3856 5585 tua

2281 5604 2540 5668 vitulum,
2584 5620 2755 5675 neque
2783 5608 2848 5661 de
2888 5614 3134 5683 gregibus
3166 5616 3374 5671 hircos:
3408 5636 3525 5672 mea
3554 5632 3675 5674 sunt
3711 5622 3854 5675 enim

2281 5698 2458 5752 omnia
2484 5699 2732 5754 animalia
2764 5703 3033 5759 silvarum.
3064 5709 3186 5761 Srio
3205 5724 3390 5763 omnes
3418 5728 3544 5766 aves
3565 5715 3851 5778 utentium,
