4262 6260
430 407 534 463 ὗῖὃ

390 643 395 649 -
430 617 553 659 eam
580 601 714 658 tibi:
751 594 905 658 meus
945 610 1031 658 est
1066 602 1209 658 enim
1236 603 1415 669 orbis,
1460 611 1516 657 et
1556 602 1826 674 plenitudo
1851 602 1986 672 ejus.

428 691 654 751 Immola
677 691 790 749 Deo
813 692 1019 757 Iaudes,
1046 699 1102 747 et
1126 692 1289 747 redde
1315 690 1589 746 Altissimo
1626 701 1749 747 vota
1774 699 1882 745 tua.
1925 689 1993 744 Et

432 782 624 855 invoca
648 797 741 852 me
761 783 818 838 in
844 783 929 847 die
951 781 1349 838 tribulationis:
1388 779 1626 837 liberabo
1647 788 1723 847 te,
1747 788 1805 836 et
1827 779 1991 851 glori-

433 875 626 933 Icabis
667 889 775 930 me.
820 860 924 943 Qui
969 874 1212 930 immolat
1253 871 1642 929 confessionem
1667 914 1682 938 ,
1732 871 1994 942 εισι-ἱῦωῖ

433 978 558 1030 me;
586 964 760 1036 atqui
795 964 1040 1020 ordinate
1075 961 1342 1030 ambulat,
1367 962 1643 1019 ostendam
1685 961 1736 1018 ei
1761 960 1995 1021 salutare

432 1068 636 1112 meum.
1094 1092 1101 1107 t
1206 1094 1211 1105 ι

1587 1116 1593 1123 .

501 1161 556 1201 ι..
591 1144 848 1201 Miserere
874 1145 1005 1210 mei,
1031 1145 1195 1210 Deus,
1232 1143 1523 1211 secundum
1559 1152 1807 1211 magnam
1837 1139 1995 1195 mise-

434 1235 724 1291 ricordiam
758 1244 927 1290 tuam.
952 1233 1125 1289 .Juxta
1154 1232 1545 1288 multitudinem
1590 1231 1995 1286 miserationum

434 1334 670 1390 tuarum,
713 1326 833 1382 dele
858 1326 1172 1396 iniquitates
1212 1337 1379 1400 meas.
1409 1322 1631 1378 Multum
1656 1322 1773 1400 lava
1812 1334 1898 1376 me
1927 1320 1996 1375 ab

432 1413 719 1484 iniquitate
745 1427 892 1479 mea,
934 1421 994 1470 et
1029 1398 1462 1484 a‘pecfat'o'meo
1489 1398 1815 1468 munda‘me.
1856 1408 1998 1477 Quo-

434 1502 583 1557 niam
610 1501 925 1572 iniquitates
950 1517 1099 1558 meas
1122 1502 1379 1573 cognovi:
1421 1510 1476 1557 et
1500 1508 1783 1573 peccatum
1819 1514 1996 1553 meum

434 1599 621 1647 contra
663 1607 751 1647 me
787 1599 869 1648 est
908 1605 1137 1663 semper.
1169 1592 1287 1648 Tibi
1315 1593 1413 1649 soli
1441 1592 1676 1664 peccavi,
1715 1600 1770 1648 et
1797 1592 1996 1646 malum

433 1692 620 1735 coram
641 1687 694 1735 te
717 1678 840 1736 feci.
856 1680 1137 1737 Absconde
1156 1679 1349 1737 faciem
1367 1689 1516 1736 tuam
1536 1696 1566 1736 a
1589 1681 1824 1751 peccatis
1840 1679 1994 1744 meis,

434 1775 491 1824 ct
513 1781 705 1825 omnes
725 1769 1036 1839 iniquitates
1058 1783 1209 1826 meas
1227 1770 1361 1826 dele.
1390 1768 1499 1826 Cor
1516 1761 1776 1825 mundum
1796 1761 1920 1824 crea
1941 1769 1994 1823 in

1372 401 1760 463 LITURGICA.
1798 435 1866 443 —-
1900 399 2165 459 OFFICIA
2206 403 2340 458 PER
2378 401 2646 458 FERIAS.
3544 394 3650 450 5η

428 525 489 570 et
517 511 840 570 universitas
858 512 972 583 agri
1000 526 1208 568 mecum
1244 524 1346 568 est.
1380 513 1723 575 Siesuriero,’
1753 528 1859 567 non
1900 513 1987 567 di-
2016 517 2063 573 Δ
2090 527 2208 568 rum
2243 527 2476 567 tuarum.
2521 512 2602 565 Tu
2643 510 2808 575 enim,
2846 508 3006 575 Deus,
3048 508 3313 564 exaudisti
3355 508 3650 565 orationem

2091 617 2299 657 meam:
2323 602 2513 657 dedisti
2537 601 2903 657 bzereditatem
2927 600 3235 667 timentibus
3257 615 3451 655 nomen
3476 608 3645 656 tuum.

2092 686 2453 746 Misericordia
2486 699 2541 745 et
2562 689 2763 745 veritas
2790 691 3076 745 servabunt
3096 702 3240 744 eum.

2162 796 2268 837 ιιι.
2308 780 2392 838 Ab
2418 782 2536 853 ipso
2562 782 2706 838 enim
2735 780 3064 852 praestolatio
3089 795 3229 847 mea,
3258 781 3373 851 ipse
3397 788 3483 836 est
3504 778 3650 836 forti-

2094 873 2368 942 tudomea
2407 881 2464 928 et
2503 871 2650 928 salus
2678 887 2811 957 .mea
2854 890 2867 925 :
2907 879 3187 942 susceptor
3227 886 3401 936 meus,
3432 885 3539 926 non
3589 870 3651 926 ti-

2092 963 2269 1018 mebo.

2069 1110 2073 1115 ,
2164 1064 2295 1109 uti.
2326 1053 2487 1117 Deus,
2505 1050 2761 1107 fortitudo
2781 1018 2899 1107 mea
2917 1061 2972 1108 tu
2996 1066 3074 1119 es,
3102 1052 3169 1108 de
3185 1052 3307 1122 luce
3330 1065 3650 1121 consurgam

2094 1142 2162 1197 ad
2184 1150 2256 1197 te.
2306 1141 2487 1197 Sitivit
2523 1150 2576 1198 te
2626 1142 2806 1197 anima
2853 1156 2974 1197 mea
3021 1160 3035 1196 :
3086 1140 3412 1198 desideravit
3435 1149 3486 1197 te
3524 1155 3653 1195 caro

2093 1248 2234 1289 mea.
2275 1232 2367 1289 Sic
2395 1233 2450 1287 in
2480 1242 2674 1288 sancto
2703 1234 2925 1304 apparui
2956 1233 3071 1296 tibi,
3096 1240 3159 1313 ut
3201 1231 3411 1287 videam
3448 1229 3657 1284 fortitu-

2054 1336 2063 1339 ν
2094 1322 2275 1379 dinem
2322 1331 2469 1378 tuam
2512 1330 2570 1379 et
2595 1320 2820 1393 gloriam
2861 1333 3028 1379 tuam.
3074 1323 3258 1380 Melior
3284 1324 3654 1379 misericordia

2094 1419 2187 1466 tua
2209 1427 2372 1482 quam
2401 1413 2510 1468 vita
2539 1431 2553 1467 :
2584 1412 2726 1468 labia
2751 1428 2872 1468 mea
2900 1413 3199 1471 laudabunt
3226 1421 3298 1468 te.
3331 1411 3422 1467 Sic
3443 1411 3657 1467 benedi-

2092 1515 2214 1556 cam
2241 1500 2336 1556 tibi
2369 1501 2422 1555 in
2449 1503 2560 1557 vita
2588 1517 2728 1569 mea,
2755 1503 2807 1557 in
2855 1502 3068 1565 nomine
3115 1510 3207 1556 tuo
3247 1499 3436 1555 levabo
3464 1514 3657 1555 manus

2093 1604 2263 1645 meas.
2291 1588 2425 1656 Quia
2447 1590 2600 1646 fuisti
2629 1591 2887 1647 auxilium
2916 1606 3113 1658 meum,
3144 1591 3199 1645 in
3227 1590 3417 1644 umbra
3450 1586 3656 1643 alarum

2095 1690 2307 1736 tuarum
2334 1681 2563 1738 laudabo
2587 1691 2659 1737 te.

2165 1790 2315 1829 LXIII.
2346 1772 2505 1840 Audi,
2523 1774 2684 1840 Deus,
2702 1790 2890 1831 vocem
2918 1790 3094 1831 meam
3116 1775 3404 1846 loquentis,
3421 1776 3658 1831 atimore

434 1874 543 1929 me,
582 1861 743 1927 Deus,
767 1867 827 1917 et
853 1862 1099 1932 spiritum
1122 1861 1367 1918 stabilem
1385 1869 1583 1917 renov'a
1621 1863 1674 1917 in
1701 1862 1996 1918 visceribus
2025 1850 2071 1912 Β
2097 1866 2298 1921 inimici
2326 1879 2482 1921 serva
2505 1865 2670 1920 vitam
2699 1881 2894 1920 meam.

394 2000 405 2001 κ
434 1953 590 2009 meis.
610 1938 699 2010 Ne
721 1952 978 2025 projicias
1001 1969 1087 2011 me
1113 1970 1147 2013 a
1172 1953 1309 2011 facie
1345 1961 1432 2010 tua
1453 1995 1470 2021 ,
1498 1962 1553 2011 et
1581 1953 1839 2024 Spiritum
1866 1968 1995 2007 san-

438 2050 588 2100 ctum
624 2052 776 2101 tuum
808 2061 878 2102 ne
902 2045 1118 2103 auferas
1152 2061 1185 2102 a
1212 2060 1317 2101 me.
1362 2045 1545 2102 Redde
1583 2044 1715 2101 mihi
1760 2044 1995 2099 laetitiam

434 2128 563 2190 Jesu
589 2133 690 2199 tui,
718 2140 775 2188 et
798 2135 993 2206 spiritu
1016 2134 1220 2205 po'tenti
1245 2133 1504 2191 confirma
1545 2148 1652 2189 me.
1695 2131 1886 2188 Libera
1910 2147 1997 2188 me

435 2222 502 2279 de
521 2223 890 2296 satrguinibus,
912 2225 1229 2293 Deus,Deus
1248 2225 1437 2281 salutis
1460 2239 1594 2280 mea:
1612 2224 1877 2280 :laudabit
1893 2223 1997 2279 lin-

434 2328 540 2387 gua
563 2331 684 2371 mea
705 2315 973 2385 justitiam
993 2327 1156 2389 tuam.
1188 2316 1427 2379 Domine,
1455 2316 1593 2372 labia
1624 2331 1742 2372 mea
1763 2316 1993 2385 aperies,

434 2414 574 2463 etos
608 2412 795 2464 meum
825 2410 1162 2466 annuntiabit
1201 2408 1411 2465 laudem
1450 2417 1616 2463 tuam.
1660 2406 1996 2462 Sacrificium

434 2493 546 2551 Deo
569 2496 790 2567 spiritus
816 2499 1221 2567 contribulatus,
1247 2515 1343 2555 cor
1364 2500 1648 2555 contritum
1677 2505 1731 2552 et
1749 2496 1998 2553 humilia-

435 2593 572 2652 tum,
599 2585 764 2653 Deus,
797 2604 905 2644 non
933 2588 1213 2661 despicies.

505 2695 579 2743 ιι.
609 2679 973 2738 Misericordia
997 2681 1094 2736 Dei
1115 2689 1227 2737 tota
1267 2690 1351 2737 est
1378 2681 1480 2736 die.
1511 2681 1623 2752 Ego
1657 2689 1836 2736 autem
1860 2678 1999 2735 sicut

432 2762 579 2824 oliva
619 2768 804 2826 virens
841 2770 897 2826 in
930 2771 1090 2826 domo
1132 2770 1249 2836 Dei,
1278 2771 1491 2842 Speravi
1534 2770 1589 2825 in
1629 2766 1997 2824 misericordia

434 2858 533 2916 Dei
553 2859 611 2915 in
634 2862 895 2939 saeculum
920 2863 1324 2932 sempiternum.

502 2966 601 3007 ut.
627 2950 926 3006 Exsultabit
949 2949 1134 3029 Iacob,
1165 2960 1222 3007 et
1239 2950 1507 3007 laetabitur
1531 2949 1715 3006 Israel.

504 3056 623 3099 un.
649 3039 810 3107 Deus,
853 3040 910 3096 in
934 3042 1149 3096 nomine
1175 3048 1267 3097 tuo
1296 3040 1443 3095 salva
1477 3054 1584 3105 me,
1605 3047 1660 3095 et
1694 3038 1750 3094 in
1780 3037 1997 3095 fortitu-

435 3132 562 3190 dine
584 3141 673 3187 tua
692 3132 952 3188 ulciscere
969 3147 1075 3197 me.
1094 3131 1253 3196 Deus,
1275 3130 1467 3186 exaudi
1485 3130 1783 3187 orationem
1800 3143 1995 3194 meam,

432 3223 659 3281 auribus
677 3225 893 3296 percipe
917 3225 1081 3280 verba
1109 3223 1219 3279 oris
1241 3223 1366 3279 mei.
1528 3230 1537 3233 ‘

503 3332 615 3372 uv.
641 3316 869 3385 Exaudi,
911 3316 1072 3382 Deus,
1095 3316 1389 3371 orationem
1418 3327 1590 3369 meam
1609 3353 1625 3378 ,
1650 3320 1704 3367 et
1725 3325 1793 3366 ne
1817 3310 1996 3379 despi-

433 3406 551 3462 cias
575 3407 1008 3478 deprecationem
1031 3420 1206 3462 meam
1230 3423 1245 3459 :
1285 3402 1496 3459 attende
1522 3402 1682 3469 mibi,
1712 3409 1771 3457 et
1805 3389 1998 3456 exaudi

432 3511 541 3552 me.
568 3495 683 3567 Ego
711 3505 895 3550 autem
920 3496 1171 3551 fiduciam
1202 3494 1374 3550 habeo
1403 3493 1501 3549 tui.
1766 3524 1771 3531 -
1892 3556 1902 3565 ι

505 3599 591 3643 ιν.
624 3586 696 3640 In.
711 3598 1031 3657 quacunque
1079 3576 1165 3641 die
1215 3584 1435 3639 territus
1478 3582 1633 3637 fuero
1649 3620 1665 3647 ,
1696 3595 1798 3651 ego
1844 3577 1899 3635 in
1938 3586 1997 3643 te

433 3676 720 3734 conﬁdam.
769 3675 886 3732 Non
915 3676 1133 3741 timebo,
1160 3674 1290 3747 quid
1316 3672 1479 3730 faciat
1523 3671 1657 3727 mibi-
1698 3685 1846 3739 caro,
1894 3670 1998 3733 hoc

419 3772 569 3839 scio,
597 3770 723 3842 quia
748 3769 891 3825 Deus
915 3782 1067 3824 meus
1092 3782 1172 3824 es.

505 3877 617 3919 ut.
640 3859 894 3918 Iiserere
918 3859 1045 3928 mei,
1088 3857 1247 3923 Deus,
1277 3856 1533 3918 miserere
1558 3853 1700 3911 mei:
1740 3851 1997 3926 quoniam

433 3950 491 4006 in
520 3959 575 4007 te
597 3959 782 4022 sperat
808 3951 989 4007 anima
1017 3964 1157 4006 mea.
1199 3947 1256 4003 In
1294 3947 1485 4002 umbra
1508 3945 1738 4019 alarum
1783 3950 1995 3997 tuarum

432 4041 686 4111 sperabo,
725 4042 897 4097 donec
938 4047 1214 4095 transeant
1252 4036 1477 4092 insidias.
1522 4032 1786 4090 luvocabo
1828 4030 1999 4085 Deum

429 4130 779 4196 altissimum,
808 4128 978 4185 Deum
1016 4126 1244 4183 ultorem
1286 4138 1486 4180 meum.
1522 4121 1695 4178 Mittet
1729 4121 1798 4177 de
1838 4117 1994 4186 caelo,

412 4226 492 4280 ‘et
515 4221 756 4302 salvabitl
770 4224 880 4275 me.

502 4331 635 4373 Lvn.
664 4314 803 4372 Vere
831 4321 916 4368 est
946 4311 1084 4367 Deus
1106 4311 1352 4383 judicans
1376 4312 1431 4367 in
1457 4319 1623 4367 terra.

502 4424 654 4471 uin.
684 4406 827 4462 Erue
865 4419 951 4461 me
987 4404 1054 4461 de
1085 4404 1334 4470 inimicis,
1362 4403 1501 4457 Deus
1525 4415 1697 4467 meus,
1724 4408 1780 4455 et
1806 4414 1836 4453 a
1866 4398 1998 4454 resio

2161 1974 2305 2014 ιιιν.
2347 1958 2553 2014 Exaudi
2578 1973 2698 2023 nos,
2736 1957 2879 2014 Deus
2903 1956 3143 2014 salvator
3169 1966 3373 2014 noster.

2162 2065 2299 2103 va.’
2321 2046 2512 2104 Omnis
2541 2056 2700 2104 terra'
2727 2050 2917 2104 adoret
2939 2058 2997 2105 et
3021 2056 3181 2106 canet
3222 2048 3340 2114 tibi,
3368 2057 3528 2105 canet
3567 2064 3661 2104 no-

2091 2139 2224 2195 mini
2254 2145 2365 2193 tuo.
2389 2136 2694 2193 Benedicite
2729 2138 2907 2207 populi
2938 2138 3047 2193 Deo
3074 2146 3283 2204 nostro,
3328 2146 3385 2193 et
3420 2139 3658 2194 auditam

2093 2229 2253 2290 facite
2275 2240 2464 2286 vocem
2483 2227 2658 2284 laudis
2679 2225 2812 2297 eius.
2833 2227 2935 2295 Qui
2960 2229 3144 2299 posuit
3161 2229 3396 2283 animam
3420 2234 3658 2282 nostram

2094 2308 2321 2375 invita.
2376 2318 2722 2383 Benedictus,
2776 2318 2869 2388 qui
2922 2333 3034 2375 non
3077 2318 3301 2375 abstulit
3352 2317 3659 2378 orationem

2093 2422 2291 2473 meam,
2319 2416 2377 2462 et
2400 2408 2824 2463 misericordiam
2854 2416 3001 2462 tuam
3025 2422 3065 2463 a‘
3082 2423 3190 2465 me.
3585 2463 3592 2471 ,

2162 2513 2304 2552 LXVI.
2343 2496 2486 2552 Deus
2509 2497 2833 2552 misereatur
2860 2497 3060 2563 nostri,
3088 2506 3144 2553 et
3166 2497 3447 2552 benedicat
3473 2496 3658 2561 nobis,

2094 2587 2325 2643 illustret
2369 2586 2565 2641 faciem
2606 2602 2762 2642 suam
2788 2601 2952 2658 super
2998 2603 3115 2667 nos.
3164 2586 3455 2643 Benedicat
3507 2587 3662 2643 nobis

2093 2677 2257 2744 Deus,
2287 2676 2429 2731 Deus
2456 2684 2659 2742 noster,
2685 2676 2966 2732 benedicat
2991 2678 3144 2741 nobis
3168 2678 3330 2734 Deus.

2162 2776 2328 2824 usu.
2354 2768 2621 2839 Exsurgat
2645 2768 2809 2834 Deus,
2833 2777 2890 2825 et
2910 2769 3502 2839 disperganturinimici
3519 2769 3660 2840 ejus,

2094 2869 2151 2917 et
2175 2861 2382 2932 fugiant
2404 2862 2495 2930 qui
2523 2862 2751 2916 oderunt
2774 2875 2898 2915 eum
2925 2876 2956 2914 a
2985 2859 3123 2915 facie
3149 2860 3286 2930 ejus.
3311 2858 3451 2916 Justi
3480 2872 3659 2918 autem

2093 2952 2339 3007 lzetentur
2365 2958 2421 3006 et
2445 2950 2715 3006 exsultent
2739 2951 2793 3006 in
2819 2958 3112 3021 conspectu
3150 2950 3267 3018 Dei,
3294 2950 3567 3022 gaudeant
3606 2953 3661 3007 in

2095 3042 2301 3098 laetitia.
3595 3110 3602 3117 ι

2167 3148 2354 3188 txvm.
2376 3131 2582 3187 Exaudi
2614 3146 2719 3196 me,
2749 3132 2995 3198 Domine,
3018 3133 3273 3203 quoniam
3300 3134 3440 3189 bona
3468 3142 3552 3189 est
3572 3134 3668 3187 mi-

2099 3225 2392 3281 sericordia
2408 3233 2497 3279 tua
2514 3240 2528 3290 ;
2550 3222 2844 3281 Secundum
2857 3223 3248 3281 multitudinem
3261 3225 3665 3280 miserationum
3698 3254 3701 3259 -
3770 3224 3773 3227 ’

2098 3309 2541 3386 tuarum'rcspice
2566 3315 2634 3369 ad
2654 3330 2762 3369 me.
2786 3315 2951 3393 Et_ne
2980 3315 3278 3371 abscondas
3307 3316 3498 3372 faciem
3521 3324 3669 3371 tuam

2098 3418 2129 3457 a
2153 3418 2308 3458 servo
2354 3412 2464 3468 tuo,
2495 3403 2749 3472 quoniam
2780 3404 3021 3471 tribulor,
3061 3406 3168 3461 cito
3197 3407 3390 3462 exaudi
3419 3422 3525 3461 me.
3567 3406 3661 3462 Ac.

2096 3493 2225 3548 cede
2264 3492 2332 3547 ad
2362 3493 2614 3559 animam
2659 3502 2963 3561 meampet
3008 3496 3211 3551 redime
3256 3511 3378 3552 eam
3403 3515 3419 3551 :
3449 3480 3670 3567 propter

2095 3582 2339 3638 inimicos
2386 3597 2536 3640 meos
2580 3583 2750 3641 libera
2800 3600 2905 3641 me.
2939 3584 3097 3643 Salus
3141 3594 3255 3651 tua,
3282 3586 3444 3653 Deus,
3478 3569 3666 3643 susce-

2097 3676 2182 3746 pit
2206 3691 2310 3731 me.
2626 3674 2647 3750 ί
2984 3688 2992 3702 ι

2166 3782 2310 3822 xxix.
2349 3767 2511 3833 Deus,
2541 3777 2603 3823 ut
2628 3769 2825 3824 liberes
2863 3783 2969 3834 me,
3012 3767 3260 3833 Domine,
3307 3776 3369 3823 ut
3393 3766 3668 3823 auxilicris

2094 3858 2227 3912 mihi
2254 3857 2467 3912 festina.
2497 3857 2780 3914 Gaudeant
2803 3868 2860 3915 et
2887 3852 3135 3915 laetentur
3162 3858 3217 3914 in
3248 3866 3301 3916 te
3329 3875 3537 3925 omnes,
3574 3860 3665 3928 qui

2095 3953 2347 4016 quaerunt
2362 3952 2433 4000 te.
2464 3946 2575 4018 Ego
2601 3955 2781 4004 autem
2808 3963 3012 4021 egenus
3053 3959 3111 4017 et
3135 3964 3369 4020 pauper;
3399 3935 3558 4013 Deus,
3586 3951 3665 4006 fe-

2095 4040 2237 4095 stina
2275 4037 2375 4111 pro
2403 4055 2508 4096 me.
2541 4040 2810 4097 Auxilium
2834 4057 3012 4098 meum
3041 4049 3099 4098 et
3125 4042 3366 4098 salvator
3390 4056 3539 4097 meus
3556 4083 3572 4107 ,
3609 4051 3664 4097 tu

2096 4129 2341 4198 Domine,
2373 4147 2444 4187 ne
2467 4134 2714 4188 moreris.

2166 4237 2291 4276 ιιι.
2328 4221 2389 4275 In
2428 4230 2501 4286 te,
2549 4220 2791 4286 Domine,
2842 4220 3077 4290 speravi,
3108 4236 3215 4277 non
3260 4220 3561 4278 confundar
3608 4224 3661 4278 in

2095 4320 2356 4369 aeternum
2396 4331 2411 4367 :
2444 4312 2499 4366 in
2544 4313 2758 4383 justitia
2803 4322 2895 4369 tua
2924 4330 3054 4371 erue
3090 4330 3196 4383 me,
3241 4323 3297 4371 et
3334 4314 3505 4370 libera
3557 4331 3665 4370 me.

2098 4398 2301 4458 lnclina
2324 4403 2396 4482 ad
2425 4418 2510 4458 me
2528 4418 2712 4459 aurem
2736 4406 2906 4471 tuam,
2926 4412 2985 4461 et
3010 4405 3157 4461 salva
3183 4419 3287 4459 me.
3311 4403 3454 4459 Deus
3480 4420 3657 4469 meus,

432 4498 702 4554 stantibus
728 4495 859 4552 mihi
892 4504 1111 4568 protege
1152 4510 1256 4551 me.
1289 4493 1679 4550 Fortitudinem
1721 4506 1896 4547 meam
1927 4490 1995 4545 ad
2022 4527 2076 4591 Β
2098 4492 2247 4550 salva
2268 4508 2355 4549 me
2379 4493 2445 4549 de
2458 4509 2621 4588 manu
2647 4494 2895 4562 impii,dc
2922 4508 3082 4549 manu
3105 4493 3274 4563 iniqui
3303 4501 3358 4547 et
3379 4494 3659 4558 nocentis;

432 4596 490 4644 te
514 4589 761 4645 servabo.
788 4586 1048 4655 Quoniam
1084 4597 1168 4655 tu,
1208 4586 1367 4652 Deus,
1408 4585 1645 4642 elevator
1691 4600 1858 4649 meus,
1899 4582 1996 4639 Dei

431 4676 541 4733 mei
579 4673 950 4730 misericordia
978 4675 1268 4751 prazveniet
1305 4689 1412 4730 me.
1446 4672 1710 4741 Quoniam
1738 4671 1912 4727 factus
1937 4685 1998 4725 es

434 4764 692 4822 fortitudo
723 4777 868 4827 mea,
905 4771 962 4817 et
1009 4754 1269 4835 refugium
1303 4778 1481 4818 meum
1507 4764 1564 4818 in
1592 4763 1677 4818 die
1703 4760 1998 4817 tribulatio-

431 4852 523 4916 nis
543 4852 697 4913 meat.
722 4854 843 4911 Tibi
885 4853 1115 4908 cantabo
1139 4838 1390 4923 quoniam
1416 4852 1562 4907 Deus
1590 4851 1803 4924 adjutor
1825 4864 1995 4915 meus,

433 4946 696 5021 fortitudo
720 4962 862 5014 mea,
896 4945 1041 5002 Deus
1063 4943 1427 5001 misericordia
1457 4958 1597 4998 mea.
1753 4948 1761 4953 ‘

500 5051 615 5093 ιιι.
645 5024 722 5093 Da
750 5037 907 5093 nobis
931 5034 1184 5092 auxilium
1223 5033 1276 5089 in
1320 5030 1683 5096 tribulatione,
1730 5044 1868 5085 vana
1912 5037 1996 5089 est

428 5126 577 5182 enim
604 5126 752 5183 salus
774 5127 845 5181 ab
870 5126 1104 5183 homine.
1134 5126 1192 5182 In
1222 5123 1334 5181 Deo
1357 5123 1617 5179 faciemus
1640 5120 1913 5187 virtutem,
1940 5128 1995 5176 et

432 5214 552 5286 ipse
582 5213 918 5270 conculcabit
943 5214 1260 5272 tribulantes
1285 5230 1401 5271 nos.

502 5321 592 5362 ex.
631 5303 861 5371 Exaudi,
906 5305 1083 5373 Deus,
1126 5305 1485 5361 laudationem
1529 5318 1734 5359 meam:
1777 5301 1993 5358 intende

428 5393 664 5453 cratium
706 5409 863 5451 mea.
892 5394 970 5449 De
998 5394 1290 5451 novissimo
1337 5388 1499 5451 terrai
1531 5394 1597 5449 ad
1643 5392 1990 5459 te'clamabo,

430 5499 559 5545 cum
582 5483 739 5543 triste
779 5484 946 5542 fuerit
975 5498 1071 5541 cor
1094 5501 1290 5541 meum.
1323 5486 1456 5542 Cum
1501 5484 1655 5540 fortis
1699 5482 1998 5539 elevabitur

430 5578 716 5636 adrasum
750 5592 860 5647 me,
883 5586 940 5634 tu
966 5577 1077 5635 eris
1097 5577 1284 5633 ductor
1327 5594 1493 5634 meus.
1520 5577 1630 5649 99
1672 5574 1839 5631 Fuisti
1874 5592 1995 5647 spes
2051 5640 2055 5644 ν

428 5662 579 5738 mea.
607 5671 777 5734 turris
804 5670 1156 5726 munitissima
1186 5686 1215 5724 a
1244 5670 1379 5726 facie
1407 5669 1628 5726 inimici.
1650 5666 1911 5725 Habitabo
1939 5670 1992 5724 in

431 5762 784 5823 tabernaculo
811 5768 937 5830 tuo,
957 5761 1158 5833 jugitcr
1184 5762 1411 5834 sperabo
1446 5763 1500 5818 in
1527 5762 1852 5832 proiectione
1883 5762 1990 5817 ala-

2095 4587 2221 4657 quia
2252 4595 2307 4641 tu
2336 4602 2396 4641 es
2429 4571 2758 4654 exspectatio
2784 4598 2922 4647 mea,
2959 4583 3202 4639 Domine.
3234 4583 3396 4649 Deus,
3435 4599 3504 4640 ne
3523 4584 3668 4641 elon~

2095 4674 2239 4745 geris
2267 4687 2300 4726 a
2328 4687 2415 4728 me
2439 4691 2451 4726 :
2484 4671 2645 4737 Deus,
2671 4672 2740 4728 ad
2768 4672 3133 4728 auxiliandum
3161 4673 3302 4727 mihi
3324 4672 3539 4729 festina.

2164 4776 2309 4818 uxr.
2349 4760 2466 4818 Erit
2493 4778 2691 4818 nomen
2721 4770 2872 4817 tuum
2901 4763 2957 4818 in
2985 4772 3268 4831 aeternum,
3300 4762 3440 4817 ultra
3474 4763 3662 4831 solem,

2095 4851 2467 4925 perseverabit
2493 4868 2691 4907 nomen
2718 4860 2888 4907 tuum.

2168 4958 2341 4998 txxtt.
2381 4941 2511 4997 Mihi
2539 4951 2719 4997 autem
2747 4941 3177 5010 appropinquare
3199 4940 3310 4997 Deo
3338 4941 3537 4998 bonum
3557 4952 3663 5009 est,

2094 5034 2253 5106 posui
2279 5036 2338 5090 in
2364 5032 2592 5089 Domino
2622 5032 2732 5087 Deo
2764 5047 2914 5102 spem
2939 5048 3135 5088 meam.
3159 5104 3165 5110 .

2165 5139 2353 5182 Lxxm.
2378 5123 2519 5178 Deus
2544 5131 2721 5177 autem
2761 5137 2859 5177 rex
2886 5138 3039 5179 meus
3077 5125 3146 5181 ab
3172 5126 3346 5181 initio.
3379 5125 3457 5180 Ne
3485 5127 3667 5182 tradas

2094 5215 2283 5272 bestiis
2320 5214 2556 5268 animam
2602 5214 2870 5269 eruditam
2907 5213 3024 5287 lege
3053 5223 3143 5269 tua
3174 5234 3188 5269 :
3220 5216 3344 5270 vitae
3370 5230 3664 5286 pauperum

2096 5316 2305 5362 tuorum
2333 5319 2402 5360 ne
2427 5305 2759 5363 obliviscaris
2784 5307 2840 5362 in
2866 5316 3204 5377 perpetuum.

2165 5391 2351 5452 txxrvi
2386 5396 2500 5466 Ego
2549 5405 2732 5452 autem
2781 5397 3117 5453 annuntiabo
3160 5396 3213 5449 in
3245 5395 3654 5466 sempiternum,

2093 5486 2325 5543 cantabo
2353 5486 2463 5545 Deo
2487 5488 2671 5545 Jacob.

2163 5596 2322 5634 Lxxv.
2356 5578 2492 5636 Cum
2540 5581 2842 5637 surrexerit
2885 5579 2954 5633 ad
2995 5578 3346 5650 judicandum
3392 5576 3555 5644 Deus,
3606 5586 3667 5635 ut

2093 5671 2267 5726 salvos
2297 5670 2461 5725 faciat
2483 5686 2673 5726 omnes
2697 5672 2855 5725 mites
2886 5680 3062 5724 terrm.

2162 5776 2339 5814 [Μαι.
2383 5762 2525 5817 Voce
2550 5777 2666 5816 mea
2694 5762 2758 5816 ad
2791 5759 3070 5815 Dominum
3101 5759 3360 5824 clamavi;
3392 5775 3520 5815 voce
3543 5774 3659 5814 mea
