4262 6190
748 172 830 225 s73
1562 167 1619 221 Β.
1662 167 1720 220 ιη’.
1762 168 1984 247 ALBlNl
2024 166 2151 221 seu
2194 164 2431 220 ALcun

1562 167 1619 221 Β.
1662 167 1720 220 ιη’.
1762 168 1984 247 ALBlNl
2024 166 2151 221 seu
2194 164 2466 220 ALGUINI
2505 162 2785 221 OPERUM
2822 163 2996 219 rans
3032 162 3118 217 tv.

718 283 786 337 ad
827 280 1129 343 Dominum,
1174 289 1229 333 ct
1271 260 1544 333 exaudivit
1584 295 1685 333 me.
1717 280 1775 333 In
1812 279 1896 333 die
1938 278 2297 333 tribulationis
2326 283 2371 337 Α

718 384 852 426 mea:
878 368 1047 423 Deum
1078 370 1353 438 requisivi.

792 477 991 515 Lxxvn.
1025 460 1141 529 lpse
1166 475 1295 514 vero
1325 460 1630 513 misericors
1656 461 1977 530 pmpitiatur
2004 460 2290 532 iniquitati,

714 563 774 609 et
799 569 906 609 non
938 556 1227 624 disperdet.
2168 599 2203 627 κ

786 661 1009 699 Lxxvnt.
1053 644 1127 699 Ne
1155 644 1453 699 recorderis
1482 645 1824 719 iniquitatium
1864 655 2171 698 nostrarum
2212 660 2297 697 ve-

718 744 909 788 terum.
934 734 1052 792 Cito
1098 736 1395 803 auticipent
1442 751 1537 789 nos
1571 724 1951 789 miSericordiac
1995 747 2127 799 tua},
2168 736 2294 805 quia

718 824 981 877 attenuati
1012 838 1197 877 sumus
1235 824 1415 877 nimis.
1449 823 1722 877 Auxiliare
1764 824 1935 887 nobis,
1966 824 2110 877 Deus
2136 823 2295 878 Jesus

719 922 923 976 noster,
954 924 1174 983 propter
1195 914 1419 983 gloriam
1449 915 1683 969 nominis
1708 916 1801 977 tui,
1822 924 1877 969 et
1899 916 2065 969 libera
2088 930 2204 970 nos.
2233 916 2298 969 Et

715 1006 1009 1076 propitiare
1036 1006 1270 1075 peccatis
1296 1006 1499 1060 nostris
1529 1015 1745 1076 propter
1778 1022 1973 1062 nomen
2003 1020 2171 1061 tuum.

788 1113 970 1153 Lxxtx.
1041 1098 1258 1152 Suscita
1314 1096 1679 1153 fortitudinem
1734 1105 1902 1162 tuam,
1945 1108 2000 1153 et
2036 1100 2205 1154 veni:
2238 1108 2302 1158 ut.

715 1186 895 1241 salvos
925 1186 1093 1243 facias
1112 1203 1228 1243 nos.
1258 1188 1483 1243 Domine
1505 1188 1645 1244 Deus
1669 1192 2025 1256 exercituum,
2042 1201 2298 1247 converte

715 1294 834 1344 nos,
867 1289 920 1335 et
948 1281 1172 1335 ostende
1205 1281 1396 1335 faciem
1429 1290 1595 1347 tuam,
1627 1290 1681 1336 et
1707 1282 1841 1337 salvi
1871 1284 2092 1340 erimus.

786 1388 945 1425 Lxxx.
989 1372 1229 1429 Laudate
1258 1372 1575 1435 Dominum,
1609 1372 1979 1429 fortitudinem
2030 1384 2293 1431 nostram.

786 1478 971 1516 LXXXI.
1014 1460 1261 1517 Judicate
1295 1464 1518 1533 pauperi
1550 1472 1603 1518 et
1625 1465 1843 1534 pupillo,
1869 1480 2041 1536 egeno
2064 1474 2119 1522 et
2150 1466 2296 1537 inopi

703 1548 850 1616 juste
877 1552 1056 1607 facite.
1106 1550 1324 1607 Salvate
1355 1554 1601 1623 inopem;
1630 1562 1688 1608 et
1712 1570 2005 1625 pauperem
2038 1557 2104 1612 de
2130 1571 2305 1611 manu

716 1641 1002 1710 impiorum
1035 1643 1279 1697 liberate.

790 1748 995 1786 Lxxxn.
1039 1732 1199 1799 Deus,
1252 1750 1320 1789 ne
1353 1744 1557 1802 taceas,
1603 1753 1671 1792 ne
1701 1738 1881 1802 sileas,
1914 1746 1970 1793 et
2002 1754 2111 1794 non
2151 1742 2299 1810 quic-

709 1836 855 1883 scas,
883 1822 1039 1876 Deus.
1068 1824 1135 1879 Et
1163 1824 1340 1879 sciunt
1366 1824 1482 1897 [F.,
1514 1827 1735 1899 sciant],
1768 1830 1892 1900 quia
1922 1845 2118 1885 nomen
2146 1838 2294 1886 tuum

710 1918 814 1974 est,
836 1911 1079 1977 Domine,
1103 1914 1249 1969 solus
1282 1924 1338 1970 tu
1363 1918 1612 1973 excelsus
1640 1935 1804 1989 super
1830 1936 2045 1977 omnem
2070 1931 2291 1979 terram.

786 2022 1011 2061 Lxxxnt.
1055 2006 1280 2064 Domine
1309 2010 1451 2066 Deus
1477 2014 1832 2078 exercituum,
1875 2015 2068 2072 exaudi
2097 2015 2296 2072 oratio-

712 2084 838 2150 nem
867 2110 1044 2151 meam
1067 2104 1082 2151 ':
1113 2096 1341 2154 Domine
1367 2102 1727 2169 exercituum,
1757 2105 1953 2161 beatus
1986 2104 2171 2172 homo,
2200 2107 2293 2177 qui

720 2186 947 2244 confidit
977 2188 1029 2242 in
1068 2197 1137 2245 te.

790 2279 949 2348 100
984 2296 1199 2336 Lxxxlv.
1225 2281 1493 2342 Converte
1522 2301 1621 2341 nos
1648 2284 1805 2341 Jesus
1835 2296 2038 2351 noster,
2069 2297 2125 2343 et
2146 2287 2293 2342 solve

716 2365 853 2423 iram
886 2377 1030 2424 tuam
1055 2372 1340 2427 adversum
1368 2390 1487 2429 nos.
1513 2374 1630 2430 Noli
1658 2377 1714 2429 in
1741 2385 2002 2431 :eternum
2025 2378 2297 2433 irascine-

713 2459 816 2515 bis.
857 2458 1094 2515 Ostende
1144 2463 1319 2530 nobis,
1369 2464 1613 2531 Domine,
1653 2466 2079 2522 misericordiam
2123 2475 2292 2533 tuam,

710 2558 767 2605 et
791 2551 1028 2607 salutare
1059 2560 1209 2606 tuum
1236 2553 1318 2608 da-
1336 2555 1512 2609 nobis.

785 2655 983 2695 Lxxxv.
1023 2640 1248 2706 lnclina,
1294 2642 1539 2709 Domine,
1578 2658 1961 2719 auremtuam,
1992 2657 2047 2703 et
2095 2651 2290 2707 exaudi

717 2743 839 2783 nte:
870 2732 998 2801 quia
1022 2747 1223 2803 egenus
1252 2740 1307 2787 et
1332 2728 1541 2804 pauper
1565 2751 1665 2806 ego
1696 2754 1835 2792 sum.
1870 2737 2123 2793 Miserere
2163 2740 2288 2805 mei,

717 2818 961 2884 Domine,
1011 2821 1265 2887 quoniam
1312 2823 1379 2875 ad
1410 2832 1461 2877 te
1492 2824 1736 2899 clamabo
1766 2834 1876 2879 tota
1920 2828 2021 2882 die.
2056 2828 2289 2887 Laztifica

714 2911 951 2965 animam
981 2911 1119 2965 servi
1147 2911 1242 2975 tui,
1264 2926 1387 2979 qma
1418 2913 1485 2965 ad
1513 2921 1564 2968 te
1590 2915 1822 2969 animam
1849 2932 2023 2971 meam
2048 2918 2183 2973 levo.
2210 2919 2287 2973 Tu

3857 165 3962 221 576

2472 291 2598 329 xcn.
2640 275 2967 330 Testimonia
3000 286 3088 330 tua
3120 275 3291 334 ﬁdelia
3322 274 3460 330 facta
3488 286 3614 333 sunt
3639 278 3816 337 nimis.

2467 382 2616 421 xcm.
2660 363 3019 421 Misericordia
3049 376 3136 419 tua
3160 366 3496 422 sustentabat
3517 382 3620 422 me.

2466 474 2606 533 χειν.
2662 458 2869 523 Venite,
2904 458 3189 513 adoremus
3233 466 3615 520 etcurvemur.
3661 458 3965 517 Flectamus

2395 565 2568 620 genua
2608 559 2733 604 ante
2779 548 2970 604 faciem
3028 549 3239 605 Domini
3292 550 3511 608 factoris
3568 552 3739 609 nostri
3787 569 3799 604 :
3837 551 3964 623 quia

2396 639 2509 708 ipse
2535 648 2617 693 est
2645 639 2901 695 Dominus
2937 640 3076 694 Deus
3112 648 3314 695 noster.

2467 749 2583 787 xcv.
2623 733 2804 788 Gloria
2831 742 2885 787 et
2915 734 3077 788 decor
3112 741 3236 787 ante
3272 733 3477 788 vultum
3515 732 3648 801 ejus.

2468 840 2607 877 xcvi.
2651 824 2751 889 Qui
2778 823 2995 891 diligitis
3027 823 3329 889 Dominum,
3364 824 3508 878 edite
3538 822 3757 888 malum,
3788 833 3971 881 custo-

2398 912 2476 966 dit
2506 914 2714 966 animas
2745 922 3053 967 sanctorum
3089 928 3308 968 suorum
3337 933 3348 966 :
3388 914 3453 968 de
3476 929 3638 969 manu
3680 915 3967 983 impiorum

2397 1013 2550 1059 εηιει
2578 1020 2689 1059 €05.

2470 1112 2631 1151 xcvu.
2676 1072 3011 1155 Recordatiis
3037 1107 3121 1154 est
3151 1099 3533 1156 misericordiae
3564 1114 3691 1154 suae.
3724 1099 3790 1154 Et
3823 1100 3968 1154 exal-

2401 1198 2507 1244 tate
2533 1189 2818 1245 Dominum
2849 1192 3017 1246 Deum
3046 1200 3306 1247 nostrum.

2470 1295 2663 1339 xcvm.
2693 1279 2905 1335 Servite
2963 1280 3190 1337 Domino
3245 1281 3300 1336 in
3360 1281 3564 1336 laetitia.
3626 1280 3970 1352 lngredimini

2398 1384 2580 1423 coram
2614 1385 2679 1424 eo
2708 1369 2761 1424 in
2792 1369 2966 1426 laude.

2470 1475 2613 1519 seu.
2658 1458 2883 1526 Scitote,
2917 1462 3177 1531 quoniam
3222 1461 3482 1517 Dominus
3509 1462 3625 1531 ipse
3656 1468 3741 1516 est
3778 1460 3920 1515 Deus
3952 1480 3963 1514 :

2401 1551 2517 1622 ipse
2545 1551 2672 1611 fecit
2701 1568 2820 1618 nos,
2859 1560 2917 1607 et
2943 1553 3109 1623 ipsius
3136 1569 3339 1609 sumus.

2469 1662 2519 1701 c.
2560 1645 2986 1702 Misericordiam
3019 1655 3074 1702 et
3110 1647 3370 1719 judicium
3420 1646 3654 1702 cantabo
3691 1646 3805 1711 tibi,
3862 1644 3967 1698 Do-

2397 1734 2562 1799 mine,
2615 1735 2840 1805 psallam
2889 1744 2944 1792 et
2967 1736 3183 1792 erudiar
3224 1736 3279 1790 in
3313 1736 3399 1789 via
3428 1733 3713 1806 .perfecta,
3752 1733 3969 1804 quando

2400 1825 2588 1885 venias
2620 1826 2687 1880 ad
2716 1842 2821 1884 me.

2466 1931 2535 1969 cr.
2576 1914 2819 1980 Domine,
2856 1916 3050 1971 exaudi
3100 1915 3400 1971 orationem
3449 1930 3647 1981 meam,
3684 1923 3741 1971 et
3769 1914 3975 1969 clamor

2397 2022 2549 2064 meus
2581 2007 2647 2064 ad
2681 2017 2734 2063 te
2778 2010 2977 2065 veniat.
3016 2009 3095 2065 Ne
3148 2009 3448 2066 abscondas
3496 2009 3692 2065 faciem
3747 2014 3893 2063 tuam
3941 2024 3970 2061 a

2398 2115 2501 2154 me.
2534 2100 2592 2156 ln
2627 2102 2713 2157 die
2748 2102 3104 2157 tribulationis
3134 2118 3266 2158 mea:
3301 2103 3498 2158 inclina
3544 2102 3610 2157 ad
3659 2118 3746 2158 me
3782 2115 3968 2157 aurem

2401 2197 2565 2249 tuam.
2617 2191 2676 2247 In
2706 2192 3146 2261 quacunquedie
3207 2192 3527 2248 invocavero
3575 2200 3628 2247 te
3663 2232 3678 2256 ,
3722 2190 3975 2249 velociter

2400 2279 2591 2333 exaudi
2625 2294 2729 2334 me.

2467 2384 2555 2422 cn.
2595 2369 2853 2435 Benedic,
2879 2371 3056 2425 anima
3084 2386 3222 2437 mea,
3247 2371 3493 2437 Domino,
3512 2380 3568 2427 et
3592 2370 3699 2426 noli
3725 2369 3967 2425 oblivisci

2394 2462 2634 2516 omnium
2670 2463 3082 2519 retributionum
3120 2462 3252 2531 ejus.
3282 2463 3382 2530 Qui
3416 2464 3737 2533 propitiatur
3759 2466 3813 2515 in
3838 2477 3968 2515 cun-

2395 2550 2496 2606 ctis
2524 2540 2896 2622 iniquitatibus
2927 2573 2938 2606 :
2976 2562 3031 2608 et
3050 2562 3208 2607 sanat
3233 2569 3419 2607 omnes
3451 2552 3791 2607 inﬁrmitates
3819 2560 3959 2607 tuas.

2394 2640 2495 2707 Qui
2524 2644 2751 2698 redimet
2776 2645 2841 2698 de
2873 2646 3217 2715 corruptione
3248 2645 3417 2699 vitam
3454 2654 3618 2710 tuam,
3657 2655 3712 2699 et
3742 2654 3970 2701 coronat

2395 2741 2446 2788 te
2475 2735 2527 2811 in
2559 2734 2925 2792 misericordia
2957 2747 3011 2792 et
3037 2738 3471 2791 miserationibus
3538 2782 3545 2789 .

2463 2847 2572 2885 cut.
2614 2831 2843 2888 Benedic
2882 2834 3060 2887 anima
3107 2848 3223 2887 mea
3260 2832 3525 2887 Domino:
3561 2831 3786 2885 Domine
3821 2830 3964 2883 Deus

2396 2938 2565 2987 meus,
2592 2925 2968 2995 magnificatus
2990 2941 3048 2980 es
3080 2926 3259 2980 nimis.
3294 2925 3470 2988 Gloria
3498 2931 3553 2977 et
3586 2924 3777 2976 decore
3814 2921 3967 2976 indu-

712 3003 857 3057 enim
887 3017 966 3066 es,
996 3000 1239 3067 Domine,
1275 3002 1449 3059 bonus
1478 3014 1533 3059 ct
1556 3007 1913 3076 propitiabilis
1948 3028 1958 3062 :
1992 3020 2047 3065 et
2088 3010 2289 3065 multus
2320 2992 2363 3052 Ο
2400 3024 2484 3068 tus
2507 3032 2585 3069 es.
2623 2992 2704 3068 Sit
2731 3017 2900 3085 gloria
2939 3017 3147 3071 Domini
3202 3018 3254 3070 in
3288 3018 3672 3084 sempiternum
3712 3032 3723 3065 :
3763 3012 3960 3067 ketabi-

662 3095 667 3101 ’
713 3092 1085 3149 misericordia
1115 3094 1388 3159 omnibus,
1420 3096 1511 3165 qui
1542 3097 1798 3153 invocant
1822 3106 1890 3153 te.
1928 3099 2165 3164 Exaudi,
2199 3099 2299 3155 Do—

713 3182 877 3245 mine,
909 3184 1209 3239 orationem
1226 3200 1404 3240 meam
1430 3206 1439 3239 :
1474 3190 1528 3241 et
1555 3188 1798 3243 ausculta
1830 3205 2017 3245 vocem
2041 3192 2298 3261 depreca-

714 3274 921 3329 tionum
948 3292 1209 3331 mearum.
1242 3280 1301 3333 ln
1334 3281 1419 3335 die
1456 3282 1818 3338 tribulationis
1869 3300 2001 3339 mea:
2032 3286 2297 3339 invocabo

713 3370 786 3429 te,
814 3366 937 3432 quia
969 3366 1225 3422 exaudies
1240 3384 1342 3423 me.
1373 3369 1515 3424 Doce
1540 3387 1646 3436 me,
1665 3374 1908 3438 Domine,
1934 3376 2077 3428 viam
2101 3385 2246 3430 tuam
2280 3396 2291 3430 :

714 3463 776 3511 ut
802 3457 1068 3514 ambulem
1100 3460 1153 3514 in
1183 3462 1409 3516 veritate
1441 3468 1550 3517 tua.
1585 3463 1810 3519 Unicum
1843 3464 1927 3519 fac
1959 3482 2053 3521 cor
2093 3482 2292 3533 meum,

715 3556 777 3605 ut
799 3551 985 3605 timeat
1012 3568 1209 3609 nomen
1238 3561 1405 3608 tuum.
1434 3553 1743 3610 Confitebor
1773 3557 1886 3623 tibi,
1914 3556 2297 3613 DomineDeus

714 3655 889 3709 mens,
915 3644 967 3698 in
1000 3654 1113 3702 toto
1137 3648 1300 3705 corde
1324 3664 1445 3703 meo
1474 3668 1484 3703 :
1511 3657 1567 3703 et
1590 3650 1901 3719 gloriﬁcabo
1925 3667 2120 3707 nomen
2144 3660 2294 3707 tuum

714 3732 769 3785 in
798 3736 1203 3803 sempiternum.
1243 3737 1320 3791 Tu
1361 3748 1563 3805 autem,
1606 3740 1853 3806 Domine,
1898 3740 2040 3799 Deus
2087 3744 2298 3799 miscri-

714 3842 837 3883 cors
857 3838 913 3885 et
936 3832 1192 3896 clemens,
1224 3833 1434 3901 respice
1464 3834 1533 3887 ad
1556 3850 1661 3897 me,
1687 3843 1740 3889 et
1764 3836 2022 3890 miserere
2053 3838 2154 3891 mei
2183 3858 2193 3890 :
2227 3839 2293 3892 da

718 3918 1084 3977 fortitudinem
1132 3908 1289 3979 servo
1336 3936 1444 3989 tuo,
1474 3935 1529 3979 et
1550 3928 1697 3991 salva
1730 3927 1891 3982 filiam
1939 3931 2289 3985 ancillaetum.

717 4008 826 4063 Fac
852 4026 1060 4068 mecum
1087 4016 1298 4083 signum
1330 4019 1380 4071 in
1410 4020 1669 4083 lemnitate,
1697 4030 1753 4073 et
1780 4021 2019 4083 audiant,
2052 4024 2143 4092 qui
2173 4024 2295 4077 ode-

717 4110 847 4156 runt
889 4118 994 4168 me,
1044 4113 1098 4157 et
1125 4105 1543 4162 confundantur.
1576 4110 1710 4173 Quia
1754 4120 1827 4173 tu,
1872 4112 2113 4178 Domine,
2147 4114 2295 4167 auxi-

714 4191 874 4247 liatus
902 4208 961 4248 es
987 4196 1136 4261 mihi,
1172 4204 1225 4249 et
1247 4196 1563 4251 consolatus
1593 4212 1651 4251 es
1682 4215 1784 4252 me.

786 4300 1005 4339 Lxxxvt.
1044 4285 1113 4340 Et
1168 4285 1483 4349 cantabunt,
1536 4287 1689 4354 quasi
1744 4287 1797 4338 in
1849 4290 2050 4353 choris,
2106 4307 2293 4347 omnes

712 4375 883 4433 fortes
914 4380 1017 4431 mei
1048 4378 1102 4431 iu
1137 4386 1207 4433 te.
1620 4445 1635 4463 .

783 4486 1022 4525 vaxvn.
1085 4468 1419 4538 lngrediatur
1444 4476 1570 4526 ante
1597 4478 1649 4522 te
1674 4470 1849 4525 oratio
1876 4486 1993 4525 mea
2040 4492 2051 4524 :
2086 4472 2290 4528 inclina

715 4578 903 4619 aurem
932 4572 1077 4617 tuam
1100 4562 1165 4615 ad
1192 4562 1555 4619 laudationem
1580 4577 1775 4618 meam.
1801 4562 1911 4632 Ego
1934 4572 2115 4618 autem
2135 4564 2205 4619 ad
2218 4574 2289 4627 te,

714 4652 960 4719 Domine,
993 4655 1219 4709 clamavi
1248 4671 1259 4705 :
1294 4662 1349 4707 et
1371 4667 1528 4707 mane
1546 4653 1732 4730 .oratio
1764 4668 1880 4707 mea
1906 4654 2197 4722 praeveniet
2220 4662 2288 4705 te.

791 4764 1048 4801 Lxxxvm.
1091 4746 1502 4805 Conﬁtebuntur
1554 4746 1675 4801 caeli
1726 4745 1989 4799 mirabilia
2040 4754 2148 4808 tua,
2192 4745 2293 4800 Do-

718 4838 863 4891 mine
913 4856 923 4889 :
977 4837 1345 4897 misericordia
1392 4846 1447 4893 et
1498 4838 2057 4909 veritas.przeccdcnt
2104 4836 2293 4893 faciem

723 4938 888 4985 tuam.

792 5036 1012 5075 LXXXIX.
1056 5018 1327 5087 Appareat
1353 5021 1492 5089 apud
1521 5036 1706 5075 servos
1737 5031 1858 5076 tuos
1889 5038 2022 5093 opus
2053 5031 2221 5083 tuum,
2246 5030 2303 5075 et

720 5112 887 5178 gloria
922 5120 1011 5163 tua
1060 5124 1223 5177 super
1266 5108 1401 5161 filios
1442 5124 1647 5164 eontm.
1687 5112 1753 5163 Et
1793 5113 1865 5165 sit
1902 5113 2061 5167 decor
2090 5112 2298 5166 Domini

720 5202 814 5259 Dei
857 5203 1028 5261 nostri
1073 5216 1235 5270 super
1277 5216 1394 5265 nos,
1428 5210 1481 5255 et
1525 5216 1658 5269 opus
1691 5218 1948 5257 manuum
1986 5213 2290 5259 nostrarum

721 5294 999 5349 (rorifirma.
1424 5340 1427 5341 ν

796 5401 875 5441 λς.
920 5385 996 5440 Tu
1026 5385 1168 5442 enim
1194 5401 1276 5449 es,
1306 5383 1552 5447 Domine,
1583 5398 1704 5453 spes
1734 5398 1868 5436 mea.

797 5490 898 5529 vel.
941 5477 1202 5543 Quoniam
1265 5476 1545 5533 lmtificasti
1604 5490 1706 5540 mc,
1752 5474 1995 5541 Domine,
2041 5475 2092 5530 in
2136 5490 2295 5545 opcrc

727 5575 834 5619 tuo.

2402 3113 2487 3160 tur
2523 3104 2781 3160 Dominus
2815 3107 2866 3159 in
2895 3107 3146 3175 operibus
3173 3108 3301 3160 suis.

2467 3214 2569 3251 Civ.
2598 3197 2829 3265 Quaerite
2858 3199 3165 3263 Dominum,
3192 3207 3247 3253 et
3271 3200 3523 3254 virtutem
3558 3198 3674 3267 ejus
3705 3217 3716 3251 :
3748 3197 3973 3269 quaerite

2397 3288 2593 3342 faciem
2628 3289 2745 3357 ejus
2769 3289 2989 3359 jugiter.
3033 3290 3409 3345 Recordamini
3448 3291 3769 3345 mirabilium
3811 3287 3929 3357 ejus
3954 3327 3970 3355 ,

2396 3395 2517 3448 qua}
2547 3379 2693 3435 fecit.

2394 3457 2405 3466 ’
2466 3488 2550 3525 cv.
2592 3473 2763 3538 Beati,
2792 3474 2883 3543 qui
2906 3476 3215 3530 custodiunt
3243 3474 3525 3545 judicium,
3562 3484 3618 3528 et
3645 3468 3976 3540 facientium

2396 3560 2571 3614 titiam
2622 3562 2675 3614 in
2708 3564 2854 3617 omni
2893 3572 3151 3631 tempore.
3188 3563 3349 3618 Salva
3392 3578 3521 3627 nos,
3563 3561 3787 3616 Domine
3829 3558 3974 3614 Deus

2396 3658 2599 3713 noster,
2633 3660 2695 3703 ut
2724 3652 3079 3707 confiteamur
3108 3653 3312 3706 nomini
3345 3661 3535 3707 saneto
3563 3660 3655 3704 tuo
3691 3669 3703 3703 :
3738 3658 3793 3704 et
3817 3663 3975 3705 cana-

2396 3759 2516 3798 mus
2558 3742 2841 3798 laudantes
2869 3764 2880 3798 :
2928 3744 3237 3820 benedictus
3269 3744 3527 3800 Dominus
3560 3743 3701 3797 Deus
3728 3740 3911 3797 Israel.

2464 3872 2567 3911 cvi.
2612 3856 2954 3912 Conﬁtcmini
3008 3857 3253 3922 Domino,
3301 3858 3555 3927 quoniam
3599 3855 3795 3923 bonus,
3840 3870 3973 3927 quo-

2397 3948 2539 4002 niam
2591 3949 2644 4002 in
2694 3957 2957 4004 aeternum
3006 3950 3377 4005 misericordia
3430 3950 3563 4018 ejus.
3625 3949 3971 4005 Confitemini

2397 4038 2622 4095 Domino
2654 4042 3035 4097 misericordia:
3062 4043 3198 4112 ejus,
3232 4052 3287 4097 et
3321 4043 3583 4097 mirabilia
3611 4040 3724 4109 ejus
3751 4026 3805 4095 in
3837 4040 3974 4093 ﬁlios

2395 4132 2687 4187 hominum.
2724 4134 2857 4201 Quia
2897 4137 3159 4191 saturavit
3198 4136 3433 4189 animam
3470 4148 3715 4196 vacuam,
3756 4122 3807 4191 et
3851 4124 3968 4183 ani-

2398 4239 2538 4276 mam
2567 4224 2890 4278 esurientem
2929 4226 3169 4296 implevit
3196 4226 3369 4278 bonis.

2434 4327 2592 4377 ,cm.
2634 4312 2713 4365 Da
2744 4314 2898 4367 nobis
2934 4314 3188 4366 auxilium
3226 4313 3279 4365 in
3312 4312 3695 4367 tribulatione:
3730 4328 3861 4366 vana
3890 4320 3976 4367 est

2398 4402 2544 4453 enim
2570 4401 2714 4455 salus
2746 4399 2813 4455 ab
2842 4404 3076 4456 homine.
3114 4403 3169 4457 In
3196 4404 3304 4457 Deo
3336 4405 3537 4458 erimus
3571 4402 3755 4467 fortes,
3783 4412 3836 4457 et
3858 4402 3977 4473 ipse

2400 4493 2738 4549 conculcabit
2759 4495 2941 4550 hostes
2972 4503 3204 4551 nostros.

2474 4606 2623 4681 ιοι
2667 4623 2813 4661 cvm
2858 4608 2934 4662 Tu
2980 4619 3157 4666 autem
3209 4610 3348 4666 Deus
3386 4610 3629 4672 Domine,
3666 4606 3750 4662 fac
3793 4619 3972 4661 meum

2400 4694 2618 4770 propter
2647 4717 2840 4777 nomen
2874 4712 3021 4756 tuum
3052 4723 3063 4756 :
3094 4705 3348 4772 quoniam
3381 4704 3519 4758 bona
3554 4708 3636 4756 est
3664 4697 3973 4759 misericor-

2400 4793 2485 4848 dia
2523 4804 2629 4853 tua.
2666 4794 2854 4851 Libera
2892 4810 2995 4859 me,
3030 4794 3284 4864 quoniam
3313 4806 3513 4862 egenus
3543 4799 3596 4844 et
3626 4803 3826 4860 pauper
3847 4804 3972 4845 sum

2401 4901 2533 4955 ego:
2568 4888 2755 4957 adjuva
2796 4902 2899 4951 me,
2951 4887 3174 4941 Domine
3204 4885 3344 4938 Deus
3374 4897 3545 4935 meus.
3578 4880 3734 4935 Salva
3763 4896 3847 4935 mc
3886 4896 3973 4937 so-

2400 4976 2633 5031 cundum
2677 4977 3103 5031 misericordiam
3142 4983 3306 5028 tuam.

2468 5102 2574 5141 crx.
2618 5086 2903 5145 Dominare
2930 5086 2982 5140 in
3012 5084 3186 5147 medio
3216 5084 3554 5143 inimicorum
3582 5093 3815 5141 tuonun.

2471 5216 2556 5254 cx.
2599 5200 2910 5255 Cenﬁtebor
2942 5198 3167 5251 Domino
3201 5198 3252 5251 in
3286 5206 3395 5251 toto
3420 5200 3582 5254 corde
3608 5213 3745 5253 meo.
3790 5194 3971 5255 Gloria

2400 5302 2455 5345 et
2485 5293 2647 5347 decor
2690 5306 2824 5360 opus
2868 5288 2982 5357 ejus
3010 5308 3021 5342 :
3054 5305 3186 5359 Opus
3231 5306 3485 5344 manuum
3528 5290 3645 5359 ejus
3690 5291 3891 5345 veritas
3918 5288 3975 5342 et

2395 5380 2675 5449 judicium.

2471 5488 2577 5526 cxi.
2621 5471 2816 5526 Beatus
2838 5470 2936 5531 vir,
2966 5471 3055 5539 qui
3088 5471 3235 5525 timet
3269 5472 3549 5526 Dominum
3584 5490 3592 5522 :
3630 5472 3678 5524 in
3705 5465 3975 5524 mandatis

2405 5564 2518 5634 ejus
2551 5563 2693 5617 volet
2723 5563 2899 5616 nimis.
2933 5562 3270 5618 lnmemoria
3296 5564 3619 5632 sempiterna
3654 5562 3750 5615 erit
3772 5561 3972 5629 justus,
