4286 6184
299 361 400 392 θ’·ττ

300 386 396 417 ιιι

298 477 357 527 ab
388 474 571 527 auditu
612 470 750 525 malo
777 484 880 523 non
915 469 1137 524 timebit.
1179 469 1260 524 Sit
1287 485 1482 524 nomen
1513 468 1726 524 Domini
1764 467 1852 522 be-
1879 467 1928 522 Δ

298 565 514 624 d.etum,
546 561 706 616 modo
732 577 899 630 usque
927 563 979 615 in
1009 569 1286 616 mternum.

363 671 491 711 cxu.
532 653 650 708 Non
680 655 852 716 nobis,
882 653 1125 714 Domine,
1158 670 1262 708 non
1296 656 1450 708 nobis
1485 673 1496 706 :
1529 656 1625 708 sed
1653 637 1858 706 nomini

301 756 389 800 tuo
417 746 481 799 da
510 745 752 813 gloriam.
787 745 1013 812 Propter
1035 745 1457 799 misericordiam
1498 752 1664 808 tuam,
1696 751 1751 797 et
1770 757 1862 795 ve-

300 836 514 891 ritatem
549 843 715 888 tuam.

368 940 518 978 cxm.
561 923 817 988 Obsecro,
853 925 1091 986 Domine,
1123 923 1270 977 salva
1299 924 1531 978 animam
1561 936 1754 976 meam.

370 1029 513 1069 cxrv.
577 1013 642 1068 Et
686 1028 879 1066 nomen
921 1014 1130 1067 Domini
1184 1014 1464 1068 invocabo.
1519 1013 1760 1068 Gloriosa
1808 1012 1862 1066 in

302 1114 596 1178 con5pectu
639 1105 849 1158 Domini
899 1071 1044 1158 mor;
1079 1113 1386 1158 sanctorum
1417 1104 1549 1171 ejus.

373 1211 494 1249 cxv.
539 1194 606 1247 Et
634 1194 835 1248 veritas
869 1193 1078 1246 Domini
1111 1193 1162 1245 in
1194 1202 1470 1245 aeternum.

371 1301 515 1338 cxvr.
558 1286 834 1346 Dominus,
871 1285 1129 1337 Dominus
1181 1299 1328 1336 meus
1374 1299 1452 1346 es,
1502 1299 1607 1338 non
1670 1282 1867 1336 timebo

304 1376 429 1443 quid
471 1377 633 1429 faciat
663 1375 790 1428 mihi
824 1376 997 1428 homo.
1031 1375 1285 1427 Dominus
1316 1375 1444 1426 mihi
1475 1373 1786 1435 auxiliator,
1818 1385 1870 1424 et

302 1480 402 1535 ego
430 1465 725 1533 despiciam
760 1465 1001 1518 odientcs
1050 1479 1152 1515 me.
1205 1462 1388 1516 Melius
1426 1472 1507 1516 est
1553 1477 1769 1531 sperare
1818 1463 1871 1515 in

305 1557 553 1619 Domino,
584 1572 743 1624 quam
791 1570 1009 1623 sperare
1040 1555 1090 1607 in
1122 1555 1353 1607 homine.
1399 1554 1582 1608 llelius
1627 1564 1707 1608 est
1755 1547 1872 1622 spe-

301 1662 425 1700 rare
459 1647 511 1698 in
543 1646 784 1708 Domino,
818 1660 977 1712 quam
1014 1660 1228 1713 sperare
1259 1646 1309 1698 in
1351 1646 1695 1713 principibus.
1737 1644 1875 1698 Con-

305 1737 498 1793 fitebor
525 1737 644 1801 tibi,
675 1735 919 1798 Domine,
965 1736 1216 1803 quoniam
1245 1735 1508 1787 exaudisti
1549 1750 1633 1788 me
1662 1753 1673 1785 :
1710 1743 1762 1787 et
1804 1733 1879 1785 fa-

307 1837 427 1882 ctus
453 1842 512 1880 es
543 1826 672 1879 mihi
711 1827 761 1878 in
795 1825 1042 1880 salutem.

375 1931 543 1969 cxvn.
596 1913 909 1970 Confitehor
943 1898 1086 1977 'tibi,
1151 1912 1408 1975 Domine,
1465 1913 1517 1965 in
1584 1911 1879 1965 directione

308 2008 487 2062 cordis
517 2025 531 2060 :
561 2023 681 2061 cum
711 2005 949 2060 didicero
968 2006 1171 2075 judicia
1191 2005 1416 2074 justitize
1447 2012 1568 2056 tum.
1597 2002 1671 2056 Ne
1697 2018 1880 2057 errare

310 2099 476 2155 facias
505 2114 587 2153 me
620 2114 647 2152 a
681 2099 946 2151 mandatis
986 2097 1111 2150 tuis.
1146 2095 1339 2150 Revela
1381 2095 1567 2148 oculos
1603 2109 1780 2156 meos,
1829 2103 1883 2147 et

311 2193 502 2247 videbo
528 2189 793 2245 mirabilia
824 2190 876 2244 in
905 2188 1020 2259 lege
1047 2197 1154 2241 tua.
1194 2188 1347 2241 Viam
1380 2187 1645 2241 mendacii
1675 2186 1828 2240 aufer
1851 2202 1882 2240 a

312 2297 418 2346 me,
445 2290 502 2335 et
529 2279 700 2347 legem
731 2287 877 2332 tuam
901 2278 1036 2331 dona
1078 2276 1227 2329 mihi.
1257 2273 1455 2328 lnclina
1484 2291 1577 2328 cor
1615 2290 1793 2329 meum
1816 2276 1883 2330 ad

312 2371 619 2427 testimonia
653 2380 738 2423 tua
767 2376 822 2423 et
850 2385 954 2422 non
986 2369 1052 2422 ad
1089 2367 1390 2420 avaritiam.
1422 2367 1488 2419 Et
1512 2367 1727 2419 veniant
1752 2360 1884 2419 mibi

314 2450 696 2519 misericordiae
726 2471 852 2524 tusc,
901 2461 1145 2523 Domine,
1193 2468 1247 2512 et
1293 2459 1435 2512 salus
1462 2465 1552 2512 tua
1593 2457 1744 2526 juxta
1775 2455 1885 2509 elo-

309 2555 499 2625 quium
546 2560 713 2606 tuum.
746 2551 870 2605 llatc
918 2559 1000 2604 est
1043 2549 1334 2603 consolatio
1363 2563 1480 2602 mea
1510 2548 1561 2600 in
1593 2545 1882 2600 alllictione

317 2661 455 2710 mea,
503 2645 626 2714 quia
654 2644 924 2711 eloquium
959 2651 1106 2695 tuum
1132 2640 1422 2694 vivificavit
1449 2631 1553 2695 me.
1591 2640 1887 2693 Misericor-

313 2736 405 2789 dia
437 2743 526 2787 tua
555 2733 818 2803 completa
851 2741 932 2786 est
974 2740 1138 2795 terra,
1171 2738 1433 2800 praecepta
1478 2739 1564 2783 tua
1608 2730 1739 2783 doce
1779 2743 1883 2782 me.

317 2824 624 2890 Antequam
655 2821 895 2874 audirem
923 2836 1019 2889 ego
1047 2820 1305 2889 ignoravi.
1348 2819 1527 2872 Bonus
1557 2827 1609 2870 tu
1647 2827 1700 2871 et
1728 2819 1886 2870 bene-

321 2909 478 2973 ﬁcus,
510 2910 641 2963 doce
686 2924 770 2961 me
796 2917 1060 2977 praecepta
1095 2915 1200 2960 tua.
1238 2905 1336 2970 Sit,
1385 2908 1632 2970 obsecro,
1680 2905 1892 2959 miseri-

320 3000 506 3055 cordia
557 3008 644 3052 tua
699 2999 748 3052 in
792 2999 1159 3052 consolatione
1213 3014 1352 3061 mea,
1397 3000 1535 3052 sicut
1578 2998 1787 3052 locutus
1830 3014 1890 3053 es

324 3108 480 3147 servo
524 3102 634 3146 tuo.
689 3093 991 3147 Secundum
1023 3092 1441 3145 misericordiam
1489 3101 1633 3145 tuam
1676 3090 1886 3146 vivifiea

322 3198 431 3247 me,
465 3193 519 3238 et
567 3183 861 3238 custodiam
908 3182 1267 3235 testimonium
1314 3182 1424 3235 oris
1456 3182 1551 3235 tui.
1590 3181 1701 3234 Nisi
1748 3179 1891 3251 quod
1917 3143 1966 3206 α

327 3273 410 3328 lex
443 3283 532 3326 tua
561 3274 836 3327 meditatio
877 3287 993 3326 mea
1037 3280 1141 3334 est,
1180 3270 1315 3325 forte
1357 3273 1640 3339 periissem
1670 3271 1722 3324 in
1750 3286 1897 3338 pres-

329 3373 452 3413 sura
471 3377 610 3415 mea.
653 3362 822 3427 Quam
842 3361 990 3416 dulce
1018 3360 1217 3428 gutturi
1256 3375 1372 3411 meo
1403 3359 1668 3425 eloquium
1712 3369 1891 3420 tuum;

329 3465 488 3518 super
518 3451 622 3503 mel
651 3451 731 3504 ori
761 3467 896 3503 meo.
931 3442 1237 3502 Voluntaria
1262 3451 1369 3500 oris
1398 3449 1501 3499 mei
1527 3447 1897 3514 complaceant

331 3541 445 3605 tibi,
491 3541 746 3604 Domine,
796 3552 850 3593 et
889 3539 1183 3592 secundum
1227 3538 1424 3605 judicia
1479 3547 1567 3589 tua
1616 3536 1750 3589 doce
1790 3552 1892 3589 me.

331 3631 604 3686 Confirma
655 3649 738 3685 me
769 3632 1060 3686 secundum
1109 3631 1328 3682 verbum
1368 3637 1538 3692 tuum,
1583 3638 1635 3680 et
1680 3630 1893 3681 vivam:

333 3722 594 3775 auxiliare
645 3722 796 3785 mihi,
832 3730 885 3774 et
917 3720 1097 3774 salvus
1145 3735 1257 3772 ero.
1312 3717 1418 3769 Fac
1449 3733 1566 3770 cum
1615 3734 1769 3771 servo
1810 3727 1899 3769 tuo

328 3808 482 3876 juxta
507 3810 931 3866 misericordiam
966 3819 1129 3873 tuam,
1159 3816 1212 3861 et
1231 3818 1495 3877 praecepta
1523 3817 1607 3860 tua
1639 3809 1769 3862 doce
1793 3823 1895 3858 me.

335 3898 563 3968 Respice
592 3902 657 3955 ad
690 3919 794 3964 me,
826 3911 880 3955 et
906 3902 1161 3955 miserere
1192 3901 1313 3960 mei,
1343 3907 1395 3952 et
1422 3901 1552 3952 doce
1580 3913 1663 3950 me
1705 3910 1902 3964 pmice-

336 3997 424 4057 pta
466 3996 576 4042 tua.
635 3985 818 4043 Justus
868 4006 960 4054 es;
1009 3991 1249 4052 Domine,
1287 3997 1341 4041 et
1390 3997 1592 4040 rectum
1640 3987 1902 4054 judicium

342 4092 509 4135 tuum.
532 4080 727 4135 Vocem
761 4097 934 4134 meam
951 4082 1072 4134 audi
1099 4082 1249 4149 juxta
1283 4080 1702 4135 misericordiam
1736 4088 1899 4141 tuam,

341 4170 566 4226 Domine
599 4190 610 4223 :
644 4173 937 4225 secundum
960 4170 1219 4239 judicium
1242 4181 1386 4224 tuum
1411 4170 1617 4224 vivifica
1646 4171 1747 4225 me’.
1775 4170 1905 4223 Vide

344 4258 681 4314 aﬂlictionem
725 4276 917 4324 meam,
956 4268 1011 4313 et
1054 4262 1200 4328 eripe
1246 4275 1367 4312 me:
1395 4257 1548 4327 juxta
1601 4259 1906 4313 misericor-

345 4347 484 4402 diam
525 4356 670 4403 tuam
706 4349 911 4402 vivifica
954 4364 1057 4402 me.
1090 4349 1198 4401 Pax
1235 4348 1396 4401 multa
1437 4346 1782 4416 diligentibus
1827 4347 1904 4399 le-

346 4449 464 4506 gem
489 4445 661 4501 tuam,
701 4445 756 4490 et
799 4454 905 4493 non
934 4447 1017 4493 est
1060 4439 1165 4493 illis
1206 4437 1538 4492 scandalum.
1572 4437 1912 4515 lngrcdiatur
1941 4468 1985 4525 υ

347 4523 462 4580 laus
515 4539 634 4578 mea
691 4539 869 4578 coram
898 4535 967 4589 te,
1024 4526 1274 4591 Domine,
1330 4527 1626 4579 secundum
1688 4525 1908 4578 verbum

351 4625 518 4669 tuum.
549 4613 742 4669 Veniat
766 4612 1070 4681 deprecatio
1100 4628 1217 4666 mea
1238 4620 1362 4666 ante
1389 4612 1592 4666 vultum
1620 4622 1767 4667 tuum
1795 4628 1914 4666 :se—

351 4707 583 4762 cundum
611 4705 875 4773 eloquium
915 4712 1064 4757 tuum
1094 4704 1259 4758 libera
1292 4717 1396 4757 me.

421 4813 605 4854 cmu.
663 4798 914 4861 Domine,
964 4796 1131 4850 libera
1182 4798 1413 4849 animam
1454 4809 1629 4848 meam
1685 4809 1713 4846 a
1775 4793 1918 4847 labio

356 4890 639 4954 mendacii,
669 4906 698 4943 a
724 4891 901 4959 lingua
934 4888 1133 4943 dolosa.

424 4992 566 5035 cxtx.
608 4976 821 5034 Levabo
842 4979 1023 5033 oculos
1065 4994 1210 5034 meos
1239 4982 1292 5033 in
1322 4986 1550 5042 montes,
1574 4975 1716 5031 unde
1738 4975 1919 5029 veniat

361 5070 615 5125 auxilium
643 5067 790 5122 mibi.

430 5178 552 5216 cxx.
594 5159 677 5215 Sit
703 5161 839 5215 bene
865 5160 971 5224 his,
1002 5161 1092 5229 qui
1117 5160 1344 5229 diligunt
1373 5168 1446 5212 te.

432 5269 575 5308 cxxi.
619 5251 873 5308 Miserere
910 5251 1100 5312 nostri,
1150 5251 1400 5312 Domine,
1439 5248 1695 5302 miserere
1725 5245 1917 5299 nostri.

433 5361 597 5403 cxxn.
638 5345 906 5400 Auxilium
939 5350 1177 5397 nostrum
1227 5342 1279 5394 in
1308 5342 1523 5396 nomine
1562 5337 1803 5400 Domini,
1834 5339 1924 5406 qui

369 5436 497 5493 fecit
524 5436 720 5492 caelum
745 5446 800 5491 et
833 5445 1050 5491 terram.

436 5541 619 5583 cxxut.
657 5526 904 5590 Benefac,
937 5523 1174 5585 Domine,
1205 5523 1356 5578 bonis
1381 5533 1435 5578 et
1455 5522 1615 5577 rectis
1639 5520 1821 5576 corde.

438 5631 618 5673 cxxtv.
654 5615 936 5677 Converte,
966 5613 1209 5677 Domine,
1241 5614 1609 5682 captivitatem
1654 5615 1928 5669 nostram,

375 5709 514 5766 sicut
544 5705 716 5762 rivum
743 5705 796 5758 in
822 5711 1025 5757 austro.
1624 5711 1631 5718 ·

1247 355 1634 414 LITCRGICA.
1677 384 1743 394 —
1781 349 2047 408 OFFICIA
2082 347 2218 402 PER
2257 346 2521 401 FERIAS.

3430 341 3533 392 378

2023 472 2180 511 cxxv.
2224 456 2335 510 Nisi
2362 456 2620 510 Dominus
2665 452 2980 506 custodierit
3007 451 3297 514 civitatem,
3341 450 3538 504 frustra

1961 548 2163 618 vigilat,
2196 548 2287 616 qui
2319 545 2556 600 custodit
2584 558 2722 597 eam.

2031 653 2208 691 cxxvi.
2261 637 2458 690 Beatus
2507 634 2714 697 omnis,
2765 633 2854 701 qui
2903 631 3057 684 timet
3096 631 3398 695 Dominum,
3445 631 3539 700 qui

1962 728 2202 782 ambulat
2231 729 2284 780 in
2311 727 2412 781 viis
2441 724 2576 792 ejus.

2033 833 2234 872 cxxvu.
2275 815 2586 870 Benedictio
2617 813 2827 868 Domini
2853 813 2926 868 sit
2955 826 3117 882 super
3146 825 3265 866 nos.

2035 921 2257 960 cxxvm.
2303 907 2543 968 Domine,
2584 903 2778 957 exaudi
2807 916 2994 957 vocem
3037 918 3232 956 meam.
3271 901 3431 970 Fiant
3451 916 3544 956 an.

1966 1010 2054 1050 res
2084 1005 2186 1049 tua:
2220 996 2561 1049 intendentes
2587 994 2655 1047 ad
2685 1007 2869 1046 vocem
2899 992 3293 1060 deprecationis
3322 1006 3472 1046 meze.

2038 1100 2218 1138 cxxtx.
2261 1085 2503 1145 Domine,
2561 1098 2666 1135 non
2713 1091 2798 1135 est
2848 1081 3143 1134 exaltatum
3191 1095 3284 1134 cor
3332 1094 3543 1144 meum,

1970 1189 2146 1242 neque
2175 1173 2300 1226 elati
2333 1181 2458 1225 sunt
2493 1171 2630 1225 oculi
2661 1173 2785 1224 mei.

2042 1279 2204 1316 cxxx.
2249 1262 2370 1314 Haec
2397 1272 2481 1314 est
2513 1262 2725 1328 requies
2759 1275 2874 1312 mea
2911 1261 2963 1313 in
3002 1260 3408 1327 sempiternum.

2040 1368 2220 1408 cxxxl.
2263 1352 2525 1416 Quoniam
2582 1351 2651 1404 ibi
2706 1351 2978 1402 mandavit
3018 1351 3274 1402 Dominus
3331 1348 3549 1401 benedi-

1974 1442 2228 1504 ctionem,
2262 1450 2315 1493 et
2346 1442 2508 1492 vitam
2541 1456 2710 1508 usque
2737 1441 2790 1492 in
2819 1449 3100 1493 mternum.

2049 1530 2201 1597 102
2239 1545 2440 1581 cxxxn.
2483 1529 2581 1592 Qui
2608 1530 2764 1581 statis
2797 1531 2850 1581 in
2888 1530 3045 1582 domo
3076 1527 3308 1582 Domini.

2044 1633 2265 1671 cxxxm.
2313 1617 2550 1670 Laudate
2593 1617 2898 1678 Dominum,
2928 1617 3181 1684 quoniam
3236 1617 3414 1670 bonus
3447 1626 3550 1670 est.

2047 1723 2263 1761 cxxxlv.
2307 1706 2648 1761 Confitemini
2688 1707 2798 1759 Deo
2824 1706 2964 1771 coeli,
2994 1707 3249 1775 quoniam
3296 1707 3348 1759 in
3395 1715 3554 1761 teter-

1907 1803 1951 1862 Β
1978 1815 2105 1852 num
2134 1798 2504 1866 misericordia
2529 1796 2665 1864 ejus.

2048 1905 2242 1941 cxxxv.
2286 1887 2481 1941 Beatus
2512 1889 2693 1951 homo,
2726 1885 2817 1954 qui
2847 1892 2991 1938 amat
3017 1885 3320 1938 Dominum.

2047 1994 2266 2032 cxxxvi.
2308 1978 2617 2031 Confitebor
2677 1978 2801 2040 tibi,
2839 1979 3083 2041 Domine,
3129 1978 3189 2030 in
3233 1985 3344 2030 toto
3393 1978 3558 2033 corde

1980 2083 2117 2122 meo.
2154 2068 2396 2131 Domine,
2430 2067 2797 2120 misericordia
2842 2074 2928 2117 tua
2971 2067 3024 2118 in
3065 2076 3360 2130 aeternum;
3392 2083 3558 2138 opera

1981 2173 2239 2212 manuum
2271 2165 2481 2210 tuarum
2515 2169 2582 2209 ne
2629 2157 2887 2210 dimittas.

2051 2262 2288 2300 cxxxvu.
2330 2245 2388 2299 Si
2416 2246 2710 2298 ascendere
2750 2246 2802 2297 in
2831 2244 3049 2309 cmlum,
3083 2245 3152 2298 ibi
3178 2260 3237 2299 es
3268 2254 3321 2299 tu
3363 2266 3374 2298 :
3406 2247 3450 2301 si
3473 2246 3560 2316 ja-

1984 2348 2146 2387 cuero
2179 2335 2232 2386 iu
2262 2333 2555 2396 infernum,
2595 2334 2666 2386 ibi
2703 2333 2852 2387 ades.

2053 2437 2312 2474 cxxxvm.
2355 2423 2496 2475 Erue
2546 2437 2651 2487 me,
2690 2423 2946 2487 Domine,
2990 2423 3058 2477 ab
3095 2423 3312 2477 homine
3360 2425 3502 2480 malo
3546 2445 3566 2479 ι

1986 2528 2016 2565 a
2047 2512 2177 2565 viris
2206 2512 2403 2580 iniquis
2435 2512 2580 2565 salva
2610 2527 2711 2566 me.

2057 2621 2274 2659 cxxxlx.
2317 2605 2521 2658 Exaudi
2583 2619 2765 2659 vocem
2817 2618 2992 2658 meam
3038 2605 3322 2660 clamantis
3371 2606 3438 2659 ad
3487 2614 3562 2660 te.

1989 2696 2264 2766 Dirigatur,
2289 2695 2463 2747 oratio
2493 2707 2630 2759 mea,
2666 2697 2808 2748 sicut
2852 2695 3130 2748 incensum
3167 2695 3219 2747 in
3263 2705 3558 2764 conspectu

1994 2795 2104 2838 tuo.
2794 2833 2798 2836 .

2060 2889 2178 2927 ch.
2219 2871 2384 2940 Pone,
2436 2874 2679 2938 Domine,
2732 2877 3031 2930 custodiam
3060 2878 3139 2932 ori
3189 2895 3306 2934 meo
3347 2899 3357 2933 :
3408 2893 3564 2935 serva

1992 2973 2362 3034 paupertatem
2422 2965 2682 3019 labiorum
2729 2982 2991 3021 meorum.
3050 2968 3197 3024 Educ
3246 2972 3309 3025 de
3351 2987 3570 3026 carcere

1995 3055 2228 3108 animam
2272 3069 2467 3119 meam,
2507 3063 2561 3107 ut
2591 3056 2852 3111 confitear
2881 3051 3083 3112 nomini
3125 3069 3231 3114 tuo.

2063 3164 2202 3204 cxu.
2243 3150 2488 3212 Domine,
2547 3152 2739 3206 exaudi
2792 3153 3087 3206 orationem
3135 3169 3326 3218 meam,
3379 3158 3571 3213 exaudi

1997 3255 2083 3293 me
2115 3241 2167 3292 in
2208 3240 2414 3307 justitia
2469 3249 2574 3291 tua.
2613 3240 2677 3292 Et
2732 3256 2836 3294 non
2885 3243 3070 3295 venias
3118 3243 3182 3298 ad
3224 3244 3574 3312 judicandum

1998 3344 2118 3381 cum
2145 3343 2301 3381 servo
2329 3337 2438 3391 tuo,
2475 3331 2599 3398 quia
2646 3346 2751 3383 non
2774 3329 3156 3398 justificabitur
3194 3336 3246 3388 in
3279 3349 3574 3408 conspectu

1999 3430 2089 3474 tuo
2149 3423 2324 3475 omnis
2367 3423 2581 3474 vivens.
2646 3422 2751 3477 Fac
2800 3439 2884 3476 me
2929 3427 3116 3480 audire
3144 3417 3314 3483 mane
3373 3431 3579 3484 miseri-

1999 3515 2237 3568 cordiam
2285 3524 2451 3578 tuam,
2490 3519 2742 3585 quoniam
2793 3520 2843 3571 in
2891 3527 2941 3572 te
2978 3521 3207 3576 confido.
3259 3522 3450 3576 Notam
3491 3525 3578 3577 fac

2001 3603 2129 3655 mihi
2167 3603 2326 3665 viam,
2381 3605 2433 3656 in
2483 3620 2585 3672 qua
2616 3605 2852 3669 ambulo,
2904 3609 3156 3674 quoniam
3200 3609 3264 3662 ad
3301 3620 3349 3663 te
3392 3611 3580 3663 levabo

2003 3694 2235 3746 animam
2295 3709 2486 3747 meam.
2523 3695 2712 3748 Libera
2755 3713 2838 3749 me
2866 3697 2931 3750 de
2982 3699 3218 3754 inimicis
3270 3704 3433 3766 meis,
3482 3705 3583 3759 Do-

2001 3783 2165 3842 mine,
2213 3790 2325 3833 ate
2366 3791 2660 3849 protectus.
2707 3784 2846 3839 Doce
2895 3803 3000 3849 me,
3061 3797 3116 3841 ut
3165 3790 3355 3844 faciam
3398 3793 3583 3847 volun-

2004 3877 2167 3921 tatem
2201 3876 2369 3932 tuam,
2401 3872 2523 3939 quia
2551 3881 2605 3925 tu
2636 3874 2775 3927 Deus
2801 3891 2968 3929 meus.
2998 3876 3227 3946 Spiritus
3257 3887 3378 3934 tuus
3409 3883 3583 3937 bonus

2004 3957 2233 4011 deducet
2271 3975 2357 4013 me
2405 3961 2455 4013 in
2504 3968 2647 4014 terra
2692 3971 2858 4028 recta,
2902 3975 3121 4033 propter
3152 3984 3347 4022 nomen
3402 3980 3585 4034 tuum,

2006 4047 2261 4111 Domine,
2300 4048 2598 4104 vivificabis
2642 4067 2726 4105 me
2766 4054 2819 4107 in
2867 4053 3078 4121 jnstitia
3123 4065 3232 4111 tua.
3280 4060 3392 4128 Ego
3440 4062 3587 4115 enim

2007 4151 2123 4190 sum
2154 4152 2344 4192 SCI‘VUS
2377 4148 2520 4193 ιιιυε.

2077 4244 2236 4282 cxur.
2281 4228 2604 4284 Benedictus
2648 4232 2907 4287 Dominus
2953 4233 3108 4290 fortis
3162 4254 3345 4303 meus,
3378 4241 3590 4296 miseri-

2010 4317 2193 4371 cordia
2241 4333 2377 4381 mea,
2411 4328 2464 4372 et
2506 4318 2762 4375 fortitudo
2809 4337 2928 4376 mea
2959 4344 2967 4377 :
3003 4326 3289 4382 auxiliator
3315 4345 3488 4394 meus,
3531 4335 3588 4388 et

2013 4409 2247 4462 salvator
2274 4425 2444 4464 meus.

2079 4515 2257 4553 cxuu.
2296 4499 2351 4554 In
2383 4502 2527 4556 omni
2557 4502 2640 4556 die
2664 4503 2977 4560 benedicam
3011 4508 3124 4573 tibi,
3152 4517 3207 4563 et
3233 4509 3462 4567 laudabo
3486 4527 3590 4568 no~

2011 4601 2134 4640 men
2164 4594 2314 4640 tuum
2347 4589 2401 4640 in
2429 4590 2815 4660 sempiternum
2843 4591 3062 4662 jugiter.

2082 4694 2258 4735 cxuv.
2299 4679 2534 4733 Laudem
2573 4681 2783 4734 Domini
2823 4683 3071 4752 loquetur
3110 4701 3170 4740 os
3198 4702 3392 4751 meum,
3420 4697 3474 4742 et
3500 4688 3591 4744 be-

2018 4768 2234 4822 nedicat
2261 4768 2437 4823 omnis
2466 4783 2594 4823 caro
2645 4773 2849 4826 nomini
2897 4783 3088 4830 sancto
3131 4774 3246 4842 ejus
3287 4795 3298 4830 :
3352 4778 3403 4830 in
3435 4787 3586 4834 ater-

2018 4873 2147 4911 num
2175 4867 2231 4912 et
2262 4857 2502 4928 jugitern
2965 4923 2971 4929 _

2086 4966 2237 5006 cuv.
2280 4951 2481 5014 Lauda,
2515 4952 2691 5006 anima
2724 4967 2862 5016 mea,
2883 4953 3188 5016 Dominum,
3216 4953 3446 5008 laudabo
3488 4957 3594 5011 Do-

2019 5041 2223 5097 minum
2271 5043 2323 5096 in
2356 5043 2464 5097 vita
2514 5058 2672 5097 mea:
2723 5044 2951 5099 cantabo
3001 5041 3112 5097 Deo
3167 5060 3306 5114 meo,
3356 5047 3593 5114 quandin

2020 5147 2158 5187 sum.

2090 5238 2265 5276 cxm.
2308 5221 2547 5276 Laudate
2576 5220 2892 5285 Dominum,
2943 5223 3196 5291 quoniam
3240 5225 3414 5279 bonus
3458 5232 3592 5280 est:

2032 5314 2271 5383 placetur
2295 5312 2520 5366 Domino
2563 5312 2617 5365 in
2647 5311 2751 5375 his,
2801 5313 2892 5381 qui
2922 5314 3116 5368 timent
3143 5329 3285 5377 eum,
3315 5323 3368 5368 et
3409 5327 3600 5383 exspor

2034 5408 2183 5454 ctant
2207 5398 2630 5453 misericordiam
2655 5400 2791 5469 ejus.

2104 5526 2300 5564 chvu.
2339 5501 2521 5562 Flabit'
2541 5510 2734 5578 spiritu
2763 5526 2879 5573 suo,
2908 5519 2961 5586 et
2989 5509 3154 5562 ﬂuent
3180 5525 3344 5577 aquae.

2103 5612 2318 5654 CXLVIII.
2359 5598 2600 5652 Laudate
2638 5599 2921 5652 Dominum
2943 5598 3010 5650 de
3036 5595 3210 5662 ctelis,
3241 5597 3454 5654 laudate
3475 5614 3599 5657 eum

2038 5693 2091 5746 in
2119 5687 2364 5745 excelsis.
2398 5687 2634 5742 Laudato
2672 5701 2818 5750 eum,
2859 5700 3047 5739 omnes
3087 5687 3254 5757 angeli
3285 5687 3417 5760 ejus.
3465 5688 3606 5744 lau-
