4262 6202
636 187 751 257 579.

629 258 671 290 ‘I‘t

1434 182 1491 235 Β.
1566 181 1625 235 F.
1666 178 1890 235 ALBINI
1928 176 2056 252 εει]
2094 173 2365 229 ALCUINI
2406 172 2687 229 OPERUM
2725 173 2902 227 PARS
2939 172 3025 227 IV.
3332 242 3341 245 ν
3757 169 3864 226 530

622 270 759 357 "date
781 314 902 355 eum
926 311 1114 353 omnes
1140 296 1406 350 exercitus
1434 292 1568 360 ejus.
1610 291 1847 345 Laudate
1873 304 2015 353 eum,
2044 288 2201 341 solet
2230 292 2272 345 Α
2302 282 2399 345 Da,
2426 282 2586 336 Pater
2608 282 2911 347 altitonans,
2941 282 3201 337 undosum
3230 280 3441 354 ﬂetibus
3465 280 3723 347 imbrem;

635 392 762 447 luna
780 408 793 443 :
808 389 1021 442 laudate
1035 400 1175 450 eum,
1198 383 1364 438 stella:
1388 381 1623 434 luminis.
1652 377 1890 433 Laudate
1910 392 2053 441 eum,
2080 378 2201 433 cmli

636 479 913 542 cmlorum,
945 485 1001 531 et
1039 488 1211 545 aquae,
1239 487 1360 541 quae
1387 485 1549 541 super
1571 468 1739 523 caelos
1788 474 1934 532 sunt,
1984 464 2203 518 laudent

640 585 834 624 nomen
873 566 1105 621 Domini.
1146 562 1410 631 Quoniam
1450 562 1564 630 ipse
1596 558 1897 621 mandavit,
1928 564 1983 609 et
2021 563 2202 609 creata

636 668 781 716 sunt.
813 640 1051 711 Laudate
1080 645 1391 725 Dominum,
1413 664 1567 720 reges
1599 659 1777 712 terrae,
1801 656 1857 700 et
1884 661 2074 700 omnes
2113 661 2205 714 po-

637 750 744 820 puli
775 767 788 801 :
823 748 1109 817 principes,
1146 752 1201 797 et
1229 741 1462 795 universi
1503 740 1717 808 judiees
1765 746 1940 791 terrze.
1973 736 2203 822 Iuvenes

584 860 589 864 '
636 847 689 892 et
718 837 978 907 virgines,
1010 848 1165 889 senes
1204 847 1327 887 cum
1371 831 1555 901 pueris
1595 828 1811 882 laudent
1865 841 2055 880 nomen
2097 826 2201 879 Do-

637 926 787 980 mini.
819 923 1079 989 uuoniam
1127 921 1356 975 sublime
1404 933 1597 972 nomen
1642 917 1759 986 ejus
1800 916 1986 979 solius,
2035 915 2203 984 gloria

633 1016 751 1084 ejus
773 1015 826 1068 in
843 1013 978 1069 cmlo
1004 1022 1057 1065 et
1085 1012 1138 1064 in
1170 1021 1331 1064 terra.
1363 1008 1628 1062 Exaltavit
1657 1022 1823 1061 cornu
1853 1006 2054 1075 populi,
2087 1005 2203 1061 laus

634 1107 884 1176 omnibus
922 1102 1123 1157 sanctis
1148 1101 1281 1170 ejus.

702 1211 878 1253 σιω.
907 1194 1131 1248 Caritate
1159 1188 1384 1246 Domino
1409 1190 1677 1245 canticum
1700 1204 1920 1253 novum,
1949 1188 2063 1241 laus
2084 1185 2203 1254 ejus

636 1288 689 1341 in
726 1285 1133 1355 congregatione
1163 1290 1492 1337 sanctorum.
1520 1280 1784 1334 Exaltabit
1809 1291 2117 1334 mansuetos
2146 1278 2200 1332 in

632 1378 780 1435 Jesu.
812 1376 1168 1449 Exsultabunt
1197 1377 1367 1430 sancti
1400 1377 1451 1428 in
1482 1376 1671 1444 gloria,
1699 1375 1992 1429 laudabunt
2019 1375 2072 1428 in
2108 1390 2199 1427 cu-

633 1469 830 1527 bilibus
858 1468 988 1522 suis.
1023 1466 1418 1522 Exsultationes
1444 1467 1536 1521 Dei
1568 1462 1621 1519 in
1654 1474 1867 1536 gutture
1896 1480 2101 1519 eorum.

703 1577 785 1618 CL.
824 1560 992 1615 Omne
1017 1559 1159 1627 quod
1183 1545 1353 1628 spirat
1376 1559 1558 1613 laudet
1584 1559 1887 1626 Dominum.

959 1686 1173 1726 ῙᾸῪᾹΝΙΑ
1220 1688 1289 1724 υτ
1324 1685 1521 1734 ευριλ,
1560 1687 1628 1723 ετ
1666 1686 1877 1724 PRECES.

708 1786 851 1839 Vivit
880 1784 1058 1838 anima
1089 1797 1227 1847 mea,
1259 1789 1311 1837 et
1339 1782 1580 1837 laudabit
1606 1790 1675 1836 te.
1710 1781 1918 1846 Judiea,
1952 1783 2196 1847 Domine,

637 1885 891 1932 nocentes
918 1888 1018 1927 me.
1070 1873 1359 1943 Repleatur
1391 1887 1453 1927 os
1490 1888 1670 1927 meum
1715 1873 1888 1927 laude.
1944 1873 2193 1937 Domine,

634 1976 828 2021 averte.
864 1963 1052 2017 faciem
1085 1972 1228 2017 tuam
1274 1978 1303 2015 a
1335 1962 1572 2032 peccatis
1600 1962 1752 2017 meis.
1798 1962 1901 2017 Cor
1943 1963 2198 2016 mundum

635 2072 757 2113 crea
784 2056 836 2109 in
864 2069 968 2117 me,
1000 2055 1157 2107 Deus.
1180 2051 1360 2106 Redde
1390 2051 1521 2105 mihi
1547 2051 1785 2107 laetitiam
1815 2051 2068 2105 salutaris
2100 2050 2192 2103 tui.

635 2145 876 2207 Domine,
909 2157 973 2195 ne
999 2142 1155 2195 simul
1188 2142 1368 2195 tradas
1397 2156 1482 2195 me
1510 2156 1633 2194 cum
1662 2141 2055 2209 peccatoribus.
2096 2144 2198 2197 Do-

636 2238 800 2300 mine,
850 2250 955 2289 non
998 2234 1290 2288 secundum
1337 2241 1557 2302 peccata
1602 2242 1785 2286 nostra
1818 2233 1982 2287 facies
2020 2241 2192 2287 nobis.

632 2328 872 2389 Domine,
902 2340 967 2379 ne
996 2325 1305 2378 memineris
1333 2323 1675 2392 iniquitatum
1720 2332 2043 2378 nostrarum.
2090 2324 2196 2377 Ad-

626 2412 751 2485 juv'a
790 2431 906 2478 nos,
945 2414 1094 2468 Deus
1144 2413 1397 2466 salutaris
1445 2421 1645 2467 noster.
1696 2414 1825 2465 Esto
1871 2414 2049 2477 nobis,
2095 2413 2198 2466 Do-

634 2504 797 2566 mine,
832 2503 994 2556 turris
1021 2501 1369 2555 fortitudinis.
1414 2500 1641 2571 Adjutor
1667 2510 1721 2554 et
1748 2502 2008 2555 liberator
2046 2517 2196 2557 meus

628 2604 765 2659 esto,
798 2594 1037 2648 Domine.
1074 2593 1391 2646 Benedictus
1421 2593 1676 2646 Dominus
1702 2593 1789 2646 die
1818 2591 2075 2661 quotidie.
2119 2591 2197 2645 Ne

630 2690 799 2741 intres
827 2689 879 2741 in
916 2686 1116 2751 judicio
1145 2701 1266 2739 cum
1297 2700 1451 2738 servo
1493 2692 1604 2738 tuo.
1652 2685 1853 2738 Delicta
1897 2683 2194 2755 iuventutis

631 2794 778 2834 meae.
810 2778 965 2848 Eripe
994 2793 1098 2842 me,
1130 2761 1374 2840 Domine,
1403 2778 1469 2830 ab
1496 2778 1711 2830 homine
1742 2777 1901 2829 malo.
1929 2777 2086 2846 Eripe
2110 2792 2194 2832 me

631 2870 697 2923 de
724 2869 953 2922 inimicis
980 2868 1132 2931 meis,
1164 2866 1303 2920 Deus
1335 2880 1502 2919 meus.
1534 2866 1695 2934 Eripe
1720 2881 1805 2919 me
1828 2866 1894 2919 de
1925 2867 2194 2935 operanti-

2301 373 2416 439 Quo
2446 373 2649 427 valeam
2681 373 2935 443 lacrymis
2960 372 3239 443 culparum
3269 373 3479 430 solvere
3504 375 3693 430 moles.

2301 463 2374 517 Da
2401 478 2593 533 precor
2616 463 2897 529 auxilium,
2919 464 3118 534 possim
3146 479 3253 532 quo
3276 464 3492 519 vincere
3516 465 3797 529 mundum.

2298 555 2366 609 Et
2389 557 2512 609 vitae
2542 555 2771 609 stadium
2799 555 3009 624 placido
3035 569 3350 623 percurrere
3384 570 3566 625 passu.

2300 653 2539 721 Cumque
2560 667 2806 721 suprema
2838 652 2951 706 dies
2978 653 3168 706 mortis
3190 649 3507 720 patefecerit
3542 665 3760 716 urnam,

2299 743 2542 798 Concede
2563 743 2793 807 veniam,
2820 730 2905 797 cui
2933 742 3065 796 tollit
3094 742 3247 811 culpa
3272 757 3548 797 coronam.

2890 853 3272 916 SABBATO.

2342 971 2395 1012 SI
2439 972 2543 1013 (ιω
2593 971 2729 1012 VITA
2776 972 3057 1013 PRESENS
3096 970 3382 1013 FASTIDIO
3439 970 3558 1024 SIT,

2602 1050 2803 1090 PERNA
2847 1049 3288 1091 CONTEHPLABI
3329 1049 3552 1091 JUVAT.

2593 1147 2847 1204 ORATIO
2881 1148 3123 1204 SANCTI
3161 1147 3557 1205 AUGUSTINI.

2373 1250 2394 1276 ε
2421 1238 2560 1294 Deus
2577 1236 2938 1295 universitatis
2953 1240 3218 1305 conditor,
3243 1248 3437 1311 praesta
3452 1241 3583 1295 mihi
3604 1241 3866 1311 primum,

2302 1337 2359 1383 ut
2384 1340 2434 1384 te
2454 1331 2586 1384 bene
2609 1328 2791 1401 rogem
2816 1331 3055 1397 :deinde,
3078 1341 3142 1385 ut
3165 1347 3248 1386 me
3269 1346 3420 1401 agam
3445 1331 3683 1402 dignum,
3705 1347 3867 1401 quem

2300 1419 2523 1480 liberes:
2552 1430 2853 1500 postremo,
2870 1430 2927 1474 ut
2954 1421 3169 1477 liberes.
3199 1422 3359 1486 Deus,
3383 1437 3479 1491 per
3503 1437 3663 1491 quem
3687 1422 3872 1477 omnia

3613 970 3671 1011 Kl
3713 970 3832 1015 SU-

2283 1525 2417 1578 -qu:r:
2463 1526 2559 1578 per
2604 1526 2660 1563 se
2689 1527 2791 1563 non
2824 1522 3021 1575 essent,
3054 1513 3275 1567 tendunt
3312 1526 3450 1567 esse.
3483 1512 3641 1574 Deus,-
3680 1512 3772 1582 qui
3799 1526 3867 1567 ne

2234 1620 2275 1679 Β
2304 1600 2613 1668 idquidem,
2639 1604 2778 1670 quod
2806 1617 2861 1655 se
2888 1600 3115 1657 invicem
3149 1602 3345 1673 perdit,
3366 1604 3545 1673 perire
3576 1604 3865 1671 permittis.

2304 1688 2461 1751 Deus,
2494 1692 2583 1758 qui
2615 1691 2679 1745 de
2710 1692 2875 1745 nihilo
2902 1695 3155 1747 mundum
3186 1694 3348 1747 istum
3378 1694 3594 1755 creasti,
3624 1690 3865 1749 omnium

2300 1796 2457 1848 quem
2479 1783 2713 1836 sentiunt
2737 1782 2874 1837 oculi
2897 1782 3331 1852 pulcherrimum.
3358 1781 3520 1850 Deus,
3546 1786 3635 1856 qui
3666 1786 3867 1841 malum

2300 1884 2403 1923 non
2433 1869 2584 1935 facis,
2618 1882 2670 1925 et
2698 1871 2830 1926 facis
2868 1888 3004 1938 esse,
3034 1890 3101 1929 ne
3125 1875 3411 1945 pessimum
3442 1876 3555 1930 fiat.
3585 1878 3747 1943 Deus,
3775 1876 3869 1946 qui

2298 1965 2481 2029 paucis
2518 1964 2584 2016 ad
2612 1965 2682 2027 id,
2710 1964 2852 2033 quod
2881 1981 3005 2021 vere
3047 1974 3148 2032 est,
3192 1964 3597 2038 refugientibus,
3629 1969 3869 2024 ostendis

2299 2050 2494 2104 malum
2519 2053 2650 2107 nihil
2672 2068 2811 2108 esse.
2837 2054 2993 2117 Deus,
3021 2070 3117 2125 per
3143 2070 3301 2125 quem
3330 2054 3674 2121 universitas,
3701 2058 3867 2113 etiam

2297 2156 2416 2195 cum
2456 2142 2673 2196 sinistra
2717 2153 2888 2213 parte,
2914 2144 3148 2213 perfecta
3174 2153 3274 2199 est.
3315 2143 3479 2211 Deus,
3511 2163 3540 2201 a
3567 2163 3674 2216 quo
3699 2147 3868 2203 disso-

2297 2232 2477 2284 nantia
2504 2246 2672 2299 usque
2716 2234 2766 2285 in
2794 2242 3092 2287 extremum
3128 2232 3266 2288 nulla
3293 2242 3393 2298 est,
3434 2250 3553 2289 cum
3600 2236 3866 2291 deteriora

2296 2320 2607 2374 melioribus
2641 2321 2943 2375 concinant.
2971 2322 3128 2385 Deus,
3160 2332 3319 2390 Quem
3348 2333 3495 2375 amat
3521 2338 3700 2388 omne,
3724 2321 3868 2393 quod

2295 2416 2471 2477 potest
2524 2425 2724 2475 amare,
2771 2410 2882 2464 sive
2921 2412 3112 2474 sciens,
3159 2411 3575 2466 sive'nesciens.
3617 2410 3781 2477 Deus,
3812 2412 3866 2466 in

2298 2516 2407 2569 quo
2437 2513 2562 2555 sunt
2585 2501 2787 2565 omnia,
2813 2501 2965 2571 cujus
2996 2511 3171 2555 tamen
3198 2503 3461 2557 universa:
3482 2512 3744 2558 creaturae
3769 2520 3868 2559 nec

2297 2592 2567 2661 turpitudo
2600 2593 2770 2662 turpis
2810 2602 2910 2657 est,
2959 2609 3057 2647 nec
3101 2592 3300 2648 malitia
3351 2606 3524 2657 nocet,
3573 2611 3673 2650 nec
3715 2611 3866 2652 error

2293 2688 2454 2735 errat.
2484 2681 2646 2746 Deus,
2665 2684 2755 2751 qui
2784 2684 2881 2737 nisi
2903 2685 3144 2748 mundos,
3164 2701 3348 2739 verum
3374 2694 3427 2740 te
3456 2688 3595 2741 seire
3622 2687 3866 2752 noluisti,

2292 2770 2431 2825 Deus
2472 2771 2630 2825 Pater
2673 2774 2935 2839 veritatis,
2981 2774 3136 2828 Pater
3182 2762 3679 2844 sapientimQPater
3726 2791 3867 2832 verm

2292 2877 2618 2931 summmque
2663 2864 2802 2927 vitae,
2845 2864 3005 2918 Pater
3052 2865 3419 2930 beatitudinis,
3468 2867 3630 2921 Pater
3659 2869 3780 2924 boni
3812 2879 3865 2923 et

630 2959 730 3013 bus
753 2958 1107 3026 iniquitatem.
1137 2955 1227 3009 Sic
1255 2954 1517 3024 psalmum
1563 2955 1740 3010 dicam
1768 2956 1970 3009 nomini
2000 2963 2091 3009 tuo
2134 2956 2185 3008 in
2218 2972 2261 3032 ρ
2292 2950 2520 3019 pulchri,
2554 2951 2712 3005 Pater
2743 2953 3107 3022 intelligibilis,
3140 2954 3293 3019 lucis,
3324 2954 3485 3010 Pater
3513 2956 3868 3027 evigilationis

602 3048 880 3101 -saeeulum
922 3046 1119 3099 seculi.
1149 3044 1351 3098 Exaudi
1400 3058 1518 3108 nos,
1543 3045 1683 3105 Deus
1712 3044 1961 3097 salutaris
1988 3051 2185 3097 noster.

630 3141 786 3201 Deus,
817 3138 870 3189 in
914 3136 1232 3205 adiutorium
1279 3151 1455 3191 meum
1484 3136 1719 3189 intende.
1764 3134 1998 3190 Sanctus
2027 3136 2187 3199 Deus,

630 3236 845 3281 sanctus
872 3226 1041 3279 fortis.
1071 3226 1355 3280 Benedicat
1385 3240 1481 3278 nos
1510 3226 1650 3278 Deus
1675 3224 1852 3277 Pater.
1878 3224 1921 3279 Ο
1944 3225 2188 3289 Domine,

631 3320 835 3372 salvum
874 3331 954 3370 me
980 3316 1082 3370 fac.
1112 3317 1352 3379 Domine,
1386 3316 1590 3369 salvum
1633 3314 1717 3368 fac
1744 3328 1940 3385 regem.
1974 3314 2191 3370 Salvum

633 3410 713 3465 fac
738 3408 987 3478 populum
1015 3413 1183 3459 tuum.
1209 3405 1399 3459 Salvos
1423 3404 1507 3459 fac
1536 3420 1721 3459 servos
1755 3413 1890 3459 tuos.
1923 3404 2190 3460 Memento

631 3499 1052 3567 congregationis
1077 3505 1198 3549 tute.
1232 3496 1458 3559 Exaudi,
1503 3496 1749 3559 Domine,
1779 3510 1960 3549 vocem
1995 3511 2187 3548 meam.

633 3590 881 3644 Miserere
903 3591 1024 3651 mei,
1064 3590 1225 3650 Deus,
1255 3597 1437 3639 totum.
1464 3587 1707 3651 Domine,
1737 3587 1947 3641 exaudi.

636 3719 788 3787 103
822 3716 1071 3773 ORATIO
1109 3701 1382 3770 EUGENII
1420 3715 1758 3770 TOLETANI
1800 3716 2101 3772 EPISCOPI
2139 3731 2186 3769 ει.

632 3827 745 3879 Rex
778 3826 935 3888 Deus,
968 3825 1211 3877 immensi
1242 3840 1347 3892 quo
1381 3832 1590 3879 constat
1617 3826 1861 3878 machina
1889 3827 2094 3890 mundi,

630 3916 780 3983 Quod
808 3914 969 3969 miser
992 3914 1214 3982 imploro
1249 3917 1295 3979 ι),
1328 3924 1383 3968 tu
1404 3913 1637 3978 Christe,
1662 3897 1858 3983 perfice
1883 3916 2137 3970 clemens.

631 4005 714 4060 Sit
739 3992 867 4058 mihi
898 4013 1043 4059 recta
1080 4003 1226 4069 fides,
1255 4013 1307 4059 et
1329 4004 1477 4058 falsis
1513 4006 1667 4059 obvia
1694 4006 1872 4060 sectis.

630 4092 715 4149 Sit
739 4096 866 4146 mihi
897 4094 1163 4163 praecipue
1189 4110 1395 4148 morum
1424 4096 1685 4150 correctio
1709 4111 1963 4166 prmseus.

632 4180 747 4237 Sim
773 4182 967 4235 eharus
986 4222 1000 4246 ,
1027 4182 1269 4244 humilis,
1297 4198 1487 4247 verax,
1519 4202 1641 4239 eum
1676 4195 1911 4261 tempore
1934 4189 2185 4258 prudens,

632 4270 836 4326 Secreti
868 4271 1078 4335 tacitus,
1110 4280 1164 4324 et
1193 4271 1381 4340 linguae
1409 4272 1605 4330 famine
1625 4286 1833 4331 cautus.

631 4358 709 4413 Da
743 4358 903 4412 ﬁdum
927 4360 1149 4423 socium,
1178 4359 1241 4412 da
1273 4360 1434 4413 ﬁxum
1463 4376 1676 4431 semper
1704 4366 1952 4420 amicum.

630 4452 706 4504 Da
736 4450 1016 4513 blandum,
1062 4451 1325 4530 sobrium,
1375 4467 1625 4521 parcum,
1671 4465 1983 4528 castumque
2028 4463 2187 4515 mini-

1544 4537 1549 4545 ’
1775 4614 1779 4618 >
1901 4554 2113 4621 [strum.

630 4628 745 4683 Non
772 4646 856 4685 me
875 4630 1155 4700 pauperies
1181 4634 1402 4698 cruciet,
1428 4650 1527 4690 nec
1552 4635 1775 4708 languor
1796 4640 2042 4695 obuncet.

633 4715 714 4769 Sit
742 4731 921 4773 comes
941 4720 1080 4771 alma
1109 4718 1271 4783 salus,
1296 4729 1349 4773 et
1379 4721 1698 4779 sufficientia
1728 4729 1919 4785 victus.

631 4804 818 4858 Absint
845 4806 1064 4872 divitim,
1093 4807 1291 4873 fastus,
1321 4818 1373 4862 et
1393 4808 1588 4881 iurgia,
1622 4816 1764 4882 lites,

629 4892 865 4958 Invidiae,
891 4893 1065 4959 luxus,
1092 4906 1145 4951 ct
1173 4899 1374 4954 ventris
1401 4902 1587 4967 pensio
1622 4908 1813 4975 turpis.

631 4982 867 5035 Crimine
903 5000 1001 5037 nec
1037 4984 1221 5039 lzedam
1260 5005 1604 5058 quemquam,
1635 5010 1730 5050 nec
1757 4998 1980 5055 crimine
2003 4999 2181 5055 bedar.

632 5070 723 5125 Sic
741 5072 876 5126 bene
898 5072 1031 5127 velle
1057 5074 1267 5141 queam,
1289 5086 1394 5146 quo
1420 5096 1639 5149 pravum
1665 5078 1818 5154 posse
1845 5092 2076 5145 recedat.

632 5160 717 5251 ιδῃ
741 5172 896 5232 turpe
922 5163 1153 5231 cupiam,
1188 5164 1399 5233 faciam,
1432 5172 1513 5225 vel
1543 5164 1831 5243 proloquar
1854 5196 2109 5251 unquam.

633 5247 708 5302 'l'e
730 5266 879 5306 mens
903 5253 1184 5316 desideret,
1218 5254 1391 5325 lingua
1422 5272 1603 5329 canat,
1628 5265 1770 5320 actio
1792 5247 2020 5335 promat.

705 5416 730 5443 ι
762 5406 946 5460 Exstat
967 5409 1086 5481 _h.'ee
1112 5411 1285 5466 oratio
1314 5414 1484 5481 primo
1524 5418 1637 5474 loco
1668 5420 1807 5475 inter
1828 5420 1958 5477 alias
1990 5425 2190 5479 oratio-

634 5486 729 5551 nes
746 5477 1212 5551 etcarminabeati
1237 5477 1455 5551 Eugenii
1481 5496 1604 5540 tom.
1632 5489 1717 5544 XI]
1749 5490 1881 5545 Bibl.
1928 5477 2027 5546 PP.
2057 5477 2186 5547 edit.

637 5542 799 5612 Lugd.
848 5558 933 5595 an.
989 5546 1135 5614 1677,
1180 5542 1467 5621 ρηε.”545.

2291 3048 2449 3109 atque
2468 3040 2867 3096 illuminationis
2886 3053 3098 3109 nostrae,
3114 3043 3271 3097 Pater
3284 3046 3541 3116 pignoris,
3558 3063 3663 3116 quo
3676 3047 3865 3104 admo-

2290 3130 2664 3184 nemurredire
2683 3132 2747 3185 ad
2773 3142 2840 3193 te,
2868 3143 2915 3186 te
2931 3134 3134 3187 invoco.
3154 3133 3293 3187 Deus
3314 3136 3529 3200 veritas,
3546 3136 3597 3189 in
3623 3153 3746 3206 quo,
3763 3148 3817 3193 et
3833 3154 3863 3193 a

2290 3232 2414 3285 quo,
2431 3224 2483 3271 et
2502 3234 2599 3287 per
2618 3234 2773 3287 quem
2789 3234 2913 3274 vera
2931 3231 3068 3285 sunt,
3087 3237 3203 3291 qure
3222 3238 3344 3275 vera
3372 3234 3493 3277 sunt
3507 3227 3705 3280 omnia.
3724 3226 3866 3285 Deus

2290 3307 2569 3376 sapientia,
2597 3309 2648 3362 in
2681 3326 2806 3378 quo,
2830 3321 2881 3365 et
2908 3328 2937 3365 a
2977 3329 3101 3380 quo,
3134 3323 3186 3367 et
3208 3328 3303 3381 per
3322 3330 3478 3383 quem
3504 3315 3717 3386 sapiunt
3744 3334 3865 3389 qua)

2291 3400 2499 3469 sapiunt
2526 3402 2723 3454 omnia.
2760 3401 2898 3456 Deus
2926 3420 3050 3457 vera
3090 3415 3140 3458 et
3170 3422 3376 3461 summa
3406 3410 3533 3473 vita,
3566 3411 3618 3463 in
3650 3428 3775 3482 quo,
3807 3422 3863 3469 et

2289 3505 2317 3541 a
2357 3505 2484 3557 quo,
2516 3499 2569 3543 et
2592 3507 2687 3559 per
2712 3508 2868 3559 quem
2900 3495 3101 3559 vivunt,
3131 3512 3249 3564 quze
3283 3514 3406 3551 vere
3437 3517 3750 3572 summeque
3774 3506 3859 3559 vi-

2292 3586 2422 3631 vunt
2456 3579 2651 3632 omnia.
2679 3579 2818 3634 Deus
2847 3584 3135 3647 beatitudo,
3173 3587 3221 3636 in
3252 3601 3374 3654 quo,
3403 3597 3457 3641 et
3483 3604 3511 3641 a
3534 3605 3659 3658 quo,
3686 3599 3741 3647 et
3763 3607 3863 3663 per

2291 3682 2449 3732 quem
2466 3668 2620 3721 beata
2644 3678 2785 3733 sunt,
2811 3686 2927 3740 quae
2953 3671 3104 3725 beata
3130 3683 3251 3726 sunt
3272 3677 3472 3730 omnia.
3500 3678 3641 3734 Deus
3663 3680 3861 3738 bonum

2218 3792 2223 3797 -
2290 3766 2344 3809 et
2375 3757 2675 3827 pulchrum,
2704 3760 2754 3812 in
2796 3777 2919 3829 quo,
2953 3772 3003 3816 et
3032 3780 3060 3816 a
3099 3781 3222 3833 quo,
3254 3774 3308 3819 et
3336 3783 3432 3836 per
3458 3785 3615 3839 quem
3646 3772 3783 3827 bona
3805 3782 3865 3830 et

2291 3846 2511 3915 pulchra
2540 3859 2681 3914 sunt,
2704 3866 2821 3918 quae
2843 3854 2981 3907 bona
3005 3862 3057 3907 et
3080 3854 3300 3921 pulchra
3331 3868 3455 3911 sunt
3487 3861 3686 3914 omnia.
3713 3861 3861 3918 Deus

2292 3936 2635 4007 intelligibilis
2662 3941 2769 4004 lux,
2794 3944 2845 3995 in
2876 3959 3001 4011 quo,
3026 3954 3079 3997 et
3104 3961 3131 3997 a
3161 3962 3283 4014 quo,
3312 3957 3366 4002 et
3390 3964 3487 4018 per
3512 3966 3671 4020 quem
3702 3955 3859 4009 intel-

2290 4024 2560 4093 ligibiliter
2607 4027 2800 4091 lucent,
2853 4047 2969 4099 qua:
3011 4032 3411 4105 intelligibiliter
3451 4037 3629 4093 lucent
3653 4043 3853 4095 omnia.

2292 4114 2460 4179 Deus,
2492 4106 2641 4185 cujus
2670 4135 2887 4189 regnum
2918 4131 2998 4174 est
3027 4131 3170 4177 totus
3201 4126 3448 4191 mundus,
3476 4144 3634 4197 quem
3664 4145 3859 4185 sensus

2291 4206 2531 4260 mortalis
2569 4209 2815 4277 corporis
2854 4210 3076 4279 ignorat.
3108 4212 3267 4277 Deus,
3302 4214 3366 4267 de
3396 4214 3544 4281 cujus
3576 4233 3740 4288 regno
3767 4218 3856 4274 lex

2217 4315 2265 4373 D
2291 4296 2449 4347 etiam
2480 4296 2531 4348 in
2575 4296 2674 4349 ista
2722 4312 2880 4365 regna
2922 4296 3257 4353 describitur.
3292 4302 3453 4368 Deus,
3487 4320 3516 4357 a
3553 4320 3659 4374 quo
3687 4307 3857 4365 avet-tl

2290 4388 2505 4453 cadere,
2538 4389 2588 4441 in
2621 4405 2776 4457 quem
2817 4392 3053 4445 converti
3083 4408 3383 4465 resurgere,
3410 4397 3462 4451 in
3500 4413 3605 4467 quo
3636 4415 3856 4458 manere

2289 4477 2580 4531 consistere
2605 4486 2706 4531 est.
2739 4478 2898 4543 Deus,
2928 4497 2955 4533 a
2980 4497 3084 4550 quo
3116 4476 3261 4537 exire
3290 4486 3448 4551 mori,
3478 4488 3529 4540 in
3560 4504 3718 4557 quem
3760 4505 3853 4544 re-

2289 4567 2402 4620 dire
2446 4567 2783 4631 reviviscere,
2824 4571 2874 4622 in
2925 4586 3029 4639 quo
3070 4573 3314 4629 habitare
3343 4576 3523 4631 vivere
3552 4587 3652 4633 est.
3685 4578 3850 4645 Deus,

2294 4657 2447 4728 105.
2466 4674 2623 4727 quem
2658 4676 2815 4714 nemo
2842 4663 3040 4731 amittit
3070 4664 3172 4717 nisi
3202 4665 3474 4735 deceptus,
3506 4683 3665 4736 quem
3691 4685 3852 4728 nemo

2288 4749 2479 4817 quaerit
2504 4751 2604 4804 nisi
2647 4752 2969 4835 admonitus,
2995 4767 3150 4820 quem
3183 4769 3338 4810 nemo
3366 4756 3568 4815 invenit
3593 4762 3695 4818 nisi
3718 4778 3851 4834 pur-

2290 4846 2462 4906 gatus.
2495 4838 2650 4903 Deus,
2698 4855 2854 4907 quem
2885 4841 3179 4911 relinquere
3225 4844 3325 4899 hoc
3351 4856 3453 4912 est,
3486 4850 3627 4921 quod
3652 4853 3853 4925 perire,

2291 4942 2447 4995 quem
2496 4930 2769 4982 attendere
2802 4930 2902 4985 hoc
2945 4940 3045 4999 est,
3075 4934 3214 5001 quod
3256 4951 3457 5003 amare,
3483 4934 3641 5012 quem
3668 4943 3850 5001 videre

2289 5017 2391 5072 hoe
2416 5027 2514 5079 est,
2544 5022 2685 5088 quod
2712 5022 2929 5077 habere.
2960 5024 3129 5089 Deus,
3151 5028 3302 5097 cujus
3330 5046 3428 5085 nos
3466 5032 3597 5088 fides
3628 5012 3847 5103 eieitat,

2291 5121 2411 5173 spes
2438 5109 2613 5177 erigit,
2644 5110 3050 5183 caritasjungit.
3080 5114 3236 5179 Deus,
3266 5133 3363 5186 per
3388 5135 3545 5188 quem
3585 5118 3855 5182 vincimus

2292 5197 2583 5259 inimicum,
2624 5206 2674 5252 te
2722 5199 2997 5283 deprecor.
3043 5205 3201 5269 Deus,
3241 5221 3397 5275 quem
3427 5213 3751 5283 accepimus,
3781 5230 3853 5271 ne

2290 5288 2504 5341 omnino
2538 5289 2850 5357 periremus.
2878 5281 3034 5356 De‘tis,
3060 5309 3089 5345 a
3115 5309 3220 5362 quo
3244 5281 3612 5368 admonemur,
3638 5312 3699 5359 ut
3717 5302 3854 5377 vigi~

2360 5431 2387 5469 ιι
2426 5431 2651 5506 Eugen.,
2684 5430 2835 5506 Quod
2862 5436 3013 5489 miser
3042 5436 3322 5506 Eugenius.

2365 5510 2384 5537 ε
2426 5498 2655 5581 Pronisu
2683 5502 2865 5567 quinto
2893 5498 3182 5574 supra‘col.
3212 5509 3334 5562 467.
