4262 6212
349 200 447 260 581

1319 195 1708 250 LITl'llGlCA.
1751 227 1820 237 —
1861 196 2128 253 OFFICIA
2170 195 2300 251 PER
2341 196 2610 251 FElllAS.

3496 197 3602 254 582

350 323 538 378 lcmus.
591 317 752 379 Deus,
799 328 897 384 per
923 326 1083 381 quem
1131 326 1160 364 a
1206 311 1361 365 malis
1401 312 1542 366 bona
1585 326 1921 380 separamus.
1952 314 1998 371 Α
2029 323 2178 363 more
2204 310 2295 363 illo
2327 318 2438 374 tuo,
2469 309 2658 379 paucis
2692 309 2992 363 notissimo.
3022 306 3157 362 Nam
3182 317 3231 364 te
3256 309 3428 364 solum
3458 325 3605 374 amo,

255 481 260 486 α
351 412 512 500 Deus,
540 423 638 500 per
673 421 834 476 quem
872 404 1011 460 mala
1063 403 1315 474 fugimus,
1355 411 1410 458 et
1446 403 1586 457 bona
1625 401 1921 470 sequimur.

347 489 514 569 Dede,
550 489 651 571 per
676 513 836 570 quem
864 513 971 552 non
1017 497 1254 552 cedimus
1295 493 1729 549 adversitatibus.
1761 494 1924 558 Deus,

346 579 444 666 per
461 607 623 664 quem
652 592 790 646 bene
818 588 1108 652 servimus,
1129 595 1183 642 et
1208 586 1345 641 bene
1369 586 1727 642 dominamur.
1759 584 1924 649 Deus,

345 701 444 759 per
469 698 628 754 quem
656 671 916 735 discimus
953 679 1128 733 aliena
1157 692 1301 742 esse,
1341 691 1461 746 qua:
1502 675 1788 744 aliquando
1824 689 1926 730 no-

347 784 491 840 stra;
517 781 571 828 et
592 781 778 827 nostra
796 785 939 834 esse,
963 783 1082 839 qua:
1099 766 1384 838 aliquando
1405 765 1579 821 aliena
1599 765 1922 844 putavimus.

348 867 509 929 Deus,
559 879 658 934 per
684 878 845 933 quem
871 861 1133 916 malorum
1160 859 1300 914 escis
1334 867 1496 928 atque
1525 856 1792 913 illecebris
1818 872 1926 911 non

351 958 694 1013 inharemus.
722 954 885 1018 Deus,
906 967 1004 1022 per
1027 965 1187 1021 quem
1213 963 1312 1003 nos
1342 963 1430 1002 res
1453 948 1672 1003 minutae
1693 961 1799 1007 non
1827 946 1928 1000 mi-

349 1053 542 1101 nuunt.
574 1043 742 1107 Deus,
785 1056 882 1113 per
926 1055 1087 1111 quem
1141 1038 1332 1094 melius
1381 1045 1622 1092 nostrum
1670 1036 1927 1091 deteriori

349 1133 648 1204 subjectum
679 1148 782 1188 non
809 1138 912 1186 est.
942 1130 1106 1196 Deus,
1132 1144 1228 1200 per
1254 1143 1413 1198 quem
1438 1142 1583 1181 mors
1611 1125 1928 1181 absorbetur

350 1226 407 1281 in
435 1225 678 1279 victoria.
727 1223 867 1278 Deus
916 1221 1008 1290 qui
1038 1235 1135 1274 nos
1162 1220 1449 1274 convertis.
1495 1218 1658 1283 Deus,
1693 1219 1784 1287 qui
1830 1233 1928 1275 nos

351 1331 440 1380 eo,
473 1315 616 1384 quod
662 1329 767 1368 non
803 1321 906 1376 est,
954 1311 1131 1375 exuis,
1172 1318 1226 1363 et
1268 1325 1354 1371 eo,
1395 1309 1537 1379 quod
1581 1318 1689 1372 est,
1729 1307 1923 1361 induis.

353 1406 515 1468 Deus,
537 1405 628 1473 qui
652 1419 750 1458 nos
770 1401 1102 1458 exaudibiles
1121 1400 1278 1454 facis.
1303 1401 1467 1465 D035,
1490 1400 1580 1469 qui
1607 1415 1704 1455 nos
1728 1399 1923 1454 munis.

350 1495 516 1561 Deus,
545 1496 636 1565 qui
683 1509 781 1550 nos
809 1495 864 1549 in
908 1508 1123 1548 omnem
1164 1493 1387 1547 veritati.
1416 1508 1445 1545 η
1489 1493 1718 1548 inducis.
1761 1491 1926 1555 Deus,

351 1585 443 1656 qui
470 1585 625 1641 nobis
671 1584 853 1639 omnia
894 1585 1033 1639 bona
1077 1584 1343 1651 loqueris,
1373 1598 1470 1637 nec
1503 1584 1720 1638 insanos
1769 1582 1923 1646 facis,

2031 410 2083 455 te
2122 401 2294 455 solum
2337 415 2554 471 sequor,
2585 410 2642 460 te
2683 399 2856 456 solum
2886 415 3089 470 qumro,
3121 400 3215 455 tibi
3266 400 3368 457 soli
3403 402 3609 457 servire

2027 500 2247 559 paratus
2268 506 2407 556 sum,
2436 491 2562 560 quia
2594 498 2648 545 tu
2672 491 2820 547 solus
2837 491 2984 561 juste
3015 493 3328 548 dominaris.
3357 494 3456 549 Tui
3471 493 3611 563 juris

2026 597 2144 636 csse
2172 583 2353 652 cupio,
2367 580 2518 650 jube,
2541 597 2743 651 quaeso,
2771 592 2934 652 atque
2954 583 3176 652 impera,
3203 583 3463 654 quidquid
3485 586 3606 650 vis;

2027 672 2120 728 sed
2169 687 2300 728 sana
2348 684 2404 728 et
2448 673 2597 743 aperi
2629 688 2790 728 aures
2835 689 3004 738 meas,
3049 673 3247 742 quibus
3281 687 3444 730 voces
3491 683 3613 729 tuas

2028 762 2243 818 audiam
2286 781 2299 816 :
2333 763 2479 817 Sana
2526 773 2583 817 et
2621 764 2769 832 aperi
2799 764 2984 819 oculos
3026 779 3194 828 meos,
3226 765 3424 835 quibus
3450 774 3614 822 nutus

2029 862 2150 907 tuos
2169 853 2380 907 videam
2406 871 2419 906 :
2443 853 2649 923 expelle
2670 869 2702 906 a
2723 869 2811 909 me
2832 854 3123 918 insaniam,
3148 862 3207 908 ut
3225 869 3610 924 recognoscam

2029 952 2099 998 te.
2133 944 2228 998 Dic
2258 945 2408 1007 mihi,
2435 959 2542 1013 qua
2585 944 2881 1009 attendam,
2909 953 2970 999 ut
2995 945 3255 1013 aspiciam
3299 954 3351 1000 te
3380 964 3393 999 :
3418 954 3474 1001 et
3495 961 3612 1002 om-

2027 1038 2114 1093 nia
2145 1053 2232 1091 me
2260 1052 2437 1106 spero,
2471 1051 2590 1104 qua:
2605 1035 2854 1102 jusseris,
2894 1050 3014 1090 esse
3040 1035 3328 1114 facturum.
3358 1037 3610 1108 Respice,

2026 1147 2144 1196 oro,
2186 1129 2467 1200 fugitivum
2517 1138 2685 1192 tuum,
2717 1128 2940 1182 Domine
2981 1127 3440 1183 clementissime:
3470 1127 3610 1196 jam-

2021 1219 2134 1288 jam
2178 1222 2312 1275 satis
2361 1235 2548 1288 poenas
2580 1219 2820 1274 dederim
2851 1237 2862 1270 :
2892 1219 3024 1274 satis
3064 1218 3296 1272 inimicis
3320 1219 3442 1282 tuis,
3477 1233 3614 1290 quos

2027 1310 2129 1363 sub
2159 1308 2383 1377 pedibus
2421 1308 2611 1371 habes,
2638 1308 2922 1362 servierim
2953 1323 2967 1360 :
2997 1308 3129 1362 satis
3154 1307 3617 1380 fuerim‘fallaciac

2029 1413 2148 1452 rum
2179 1397 2487 1451 ludibrium.
2527 1397 2725 1465 Accipe
2762 1411 2848 1450 me
2879 1398 2948 1451 ab
2979 1398 3096 1451 istis
3123 1395 3414 1466 fugientem
3442 1396 3617 1451 famu-

2029 1489 2137 1542 lum
2167 1498 2337 1552 tuum,
2387 1489 2511 1557 quia
2543 1497 2595 1541 et
2636 1489 2737 1541 ista
2774 1502 2880 1550 me,
2913 1487 3127 1555 quando
3165 1503 3195 1540 a
3227 1498 3280 1542 te
3319 1487 3611 1558 fugiebam,

2033 1585 2355 1646 acceperunt
2379 1577 2630 1632 alienum.
2653 1577 2734 1630 Ad
2769 1587 2822 1633 te
2845 1577 2974 1630 mihi
2995 1576 3326 1631 redeundum
3349 1591 3471 1632 esse
3491 1592 3608 1632 scn-

352 1653 453 1732 nec
473 1693 504 1730 a
527 1690 794 1744 quoquam
824 1673 939 1728 fieri
974 1674 1124 1728 sinis.
1157 1672 1321 1734 Deus,
1349 1674 1439 1741 qui
1475 1687 1573 1726 nos
1612 1686 1832 1726 revocas
1872 1672 1925 1724 in
1958 1653 2001 1713 Β
2031 1672 2125 1734 tio,
2154 1678 2336 1738 pateat
2375 1670 2503 1722 mihi
2535 1666 2763 1738 pulsanti
2785 1669 2949 1737 janua
2979 1676 3089 1732 tua,
3118 1668 3210 1723 sed
3249 1670 3517 1741 quomodo
3543 1670 3614 1725 ad

352 1767 512 1820 viam.
536 1767 698 1829 Deus,
725 1766 818 1836 qui
844 1765 978 1820 facis
1003 1773 1064 1818 ut
1080 1765 1418 1834 pulsantibus
1439 1765 1730 1833 aperiatur.
1762 1763 1925 1827 Deus,

353 1855 447 1926 qui
475 1870 572 1909 nos
597 1855 812 1908 deducis
840 1854 908 1908 ad
928 1852 1171 1922 januam.
1198 1854 1355 1917 Deus,
1386 1854 1475 1922 qui
1503 1854 1598 1907 das
1641 1853 1790 1906 nobis
1835 1867 1930 1922 pa—

351 1959 477 2000 nem
495 1943 636 1997 vitae.
657 1942 819 2008 Deus,
841 1959 938 2012 per
959 1959 1117 2011 quem
1141 1944 1354 1997 sitimus
1377 1953 1582 2014 potum,
1610 1958 1717 2013 quo
1737 1944 1929 1998 hausto

352 2049 624 2103 nunquam
674 2033 944 2087 sitiamus.
1001 2032 1164 2098 Deus,
1209 2034 1299 2101 qui
1339 2035 1520 2102 arguis
1567 2032 1824 2086 smculum
1864 2033 1930 2087 de

348 2132 594 2197 peccato,
632 2125 697 2178 de
728 2123 957 2194 justitia,
991 2122 1299 2191 dejudicio.
1330 2122 1488 2185 Deus,
1520 2135 1614 2191 per
1638 2136 1797 2188 quem
1829 2136 1928 2175 nos

349 2230 460 2270 non
513 2223 750 2278 movent,
795 2213 887 2283 qui
920 2198 1146 2268 minime.
1163 2213 1409 2267 credunt.
1445 2211 1606 2274 Deus,
1637 2225 1732 2279 per
1769 2225 1927 2278 quem

349 2301 714 2375 improbamus
743 2320 928 2359 eorum
957 2318 1216 2366 errorem,
1249 2303 1337 2373 qui
1383 2302 1685 2355 animarum
1738 2301 1928 2354 merita

349 2396 495 2451 nulla
520 2411 638 2449 esse
669 2395 806 2462 apud
837 2403 888 2448 te
917 2401 1124 2462 putant.
1159 2393 1324 2458 Dens,
1350 2409 1445 2463 per
1471 2408 1629 2461 quem
1667 2408 1770 2444 non
1811 2407 1926 2445 ser—

349 2487 528 2541 vimus
565 2485 792 2539 infirniis
822 2493 876 2537 et
919 2484 1101 2554 egenis
1149 2483 1445 2538 elementis.
1499 2483 1662 2547 Deus,
1692 2482 1785 2550 qui
1833 2496 1929 2534 nos

349 2591 578 2645 purgas,
611 2583 666 2629 et
691 2575 756 2628 ad
787 2575 965 2629 divina
996 2589 1270 2644 prmparas
1297 2573 1534 2642 prtemia.
1568 2573 1771 2626 Advenl
1800 2571 1930 2624 mihi

351 2667 406 2718 in
430 2664 687 2717 auxilium
714 2663 979 2731 propitius
1014 2677 1027 2714 :
1061 2671 1115 2715 tu
1143 2662 1401 2730 quidquid
1421 2678 1451 2714 a
1478 2677 1562 2715 me
1592 2663 1793 2716 dictum
1823 2668 1927 2722 cst,

352 2771 491 2810 unus
522 2754 663 2807 Deus
696 2771 706 2804 :
737 2760 814 2814 tu,
844 2761 899 2805 tu
923 2752 1064 2814 veni,
1095 2752 1216 2804 veni
1253 2751 1306 2806 in
1341 2751 1598 2804 auxilium
1641 2751 1770 2805 mihi
1801 2768 1928 2817 una,

351 2854 570 2905 mterna,
599 2858 722 2897 vera
752 2841 1070 2905 substantia,
1103 2840 1189 2894 ubi
1219 2841 1360 2894 nulla
1385 2842 1762 2915 discrepantia,
1787 2843 1929 2898 nulla

352 2933 616 2996 confusio,
638 2931 778 2984 nulla
803 2929 1226 2993 transitio,nulla
1251 2930 1559 3002 indigentia,
1581 2931 1719 2985 nulla
1743 2948 1889 2988 mors
1913 2953 1924 2986 :

352 3025 444 3079 ubi
475 3039 681 3079 summa
707 3023 1016 3085 concordia,
1040 3037 1247 3076 summa
1267 3021 1556 3087 evidentia,
1575 3038 1780 3077 summa
1801 3038 1928 3078 con-
1953 2997 1998 3056 θ

352 3115 572 3179 stantia,
625 3129 831 3168 summa
879 3112 1171 3182 plenitudo,
1220 3127 1427 3166 summa
1471 3113 1580 3166 vita
1612 3131 1624 3165 :
1656 3113 1746 3167 ubi
1794 3115 1928 3168 nihil

353 3204 528 3266 deest,
563 3203 651 3257 ubi
687 3203 966 3263 redundat,
999 3202 1089 3254 ubi
1110 3203 1207 3268 qui
1230 3202 1418 3270 gignit,
1449 3210 1499 3256 et
1540 3202 1926 3273 quemgignit,

352 3309 520 3350 unum
552 3301 676 3347 sunt
706 3309 718 3344 :
749 3292 834 3344 cui
863 3292 1122 3354 serviunt,
1159 3295 1277 3358 Quae
1319 3292 1561 3344 serviunt
1602 3293 1799 3355 omnia,
1842 3295 1928 3348 cui

351 3385 691 3454 obtemperat
714 3384 890 3439 omnis
916 3384 1055 3438 bona
1081 3383 1279 3446 anima,
1310 3383 1460 3451 cujus
1490 3383 1693 3453 legibus
1739 3394 1928 3438 rotan-

353 3486 448 3532 tur
487 3476 615 3546 poli,
658 3491 846 3528 cursus
890 3489 1017 3528 suos
1059 3474 1235 3530 sidera
1283 3483 1563 3542 peragunt,
1606 3475 1683 3528 sol
1713 3484 1930 3530 exercet

355 3566 518 3629 diem,
549 3564 672 3618 luna
703 3571 962 3632 temperat
988 3572 1196 3617 noctem
1225 3577 1239 3614 :
1272 3562 1552 3631 omnisque
1581 3563 1807 3617 mundus
1834 3578 1928 3632 per

354 3653 492 3714 dies.
521 3647 891 3708 vicissitudine
917 3651 1052 3706 lucis
1077 3661 1132 3705 et
1154 3651 1347 3714 noctis,
1377 3661 1429 3704 et
1460 3667 1554 3721 per
1574 3667 1787 3708 menses
1809 3667 1926 3708 cre-

355 3742 554 3797 mentis
598 3725 1059 3810 decrementisque
1085 3742 1382 3807 lunaribus,
1423 3759 1519 3813 per
1559 3760 1728 3800 annos
1760 3747 1927 3812 veris,

355 3833 584 3898 astatis,
612 3834 874 3898 autumni,
903 3834 1098 3888 hiemis
1141 3833 1570 3900 successionibus
1616 3834 1926 3902 perlustrat,

307 3975 310 3978 .
353 3923 688 3994 perfectione
711 3935 901 3978 cursus
921 3922 1113 3976 solaris
1139 3938 1234 3992 per
1256 3937 1480 3991 magnos
1503 3922 1650 3982 orbis
1679 3937 1930 3979 recursus

357 4014 415 4068 in
440 4021 592 4069 ortus
615 4028 740 4067 suos
765 4011 1002 4067 siderum
1036 4025 1283 4080 magnam
1313 4026 1492 4064 rerum
1521 4011 1925 4078 continentiam,

355 4112 618 4174 quantum
644 4103 912 4158 sensibilis
940 4103 1165 4156 materia
1206 4103 1428 4172 patitur,
1457 4110 1756 4170 temporum
1777 4104 1927 4158 ordi-

356 4193 520 4248 nibus
563 4189 1100 4260 replicationibusque
1147 4189 1397 4244 custodit.
1437 4188 1601 4258 Cujus
1639 4176 1845 4260 legibus
1872 4191 1928 4245 iu

355 4297 474 4338 aevo
520 4266 789 4337 stantibus
834 4291 1011 4337 motus
1053 4281 1321 4336 instabilis
1364 4296 1544 4336 rerum
1588 4281 1926 4336 mutabilium

354 4373 705 4445 perturbatus
745 4387 860 4427 esse
890 4389 995 4429 non
1037 4375 1250 4437 sinitur,
1281 4373 1552 4444 frenisque
1587 4375 1925 4430 circumeun-

356 4465 498 4519 tium
523 4463 836 4519 saeculorum
861 4477 1072 4531 semper
1099 4466 1166 4518 ad
1192 4467 1592 4522 similitudinem
1621 4467 1928 4522 stabilitatis

358 4560 671 4606 renovatur.
702 4548 865 4618 Cujus
889 4549 1094 4619 legibus
1138 4552 1422 4605 arbitrium
1468 4555 1658 4610 anima:
1696 4555 1926 4611 liberum

355 4649 463 4702 est,
489 4640 1009 4711 bonisqueprzemia,
1043 4648 1096 4693 et
1132 4639 1285 4695 malis
1311 4654 1501 4708 pinna),
1543 4640 1663 4695 lixis
1690 4659 1787 4711 per
1812 4657 1929 4698 om-

360 4731 452 4788 nia
496 4731 926 4793 necessitatibus,
969 4730 1265 4786 distributa?
1295 4739 1438 4784 sunt.
1469 4729 1516 4783 Α
1559 4745 1665 4799 quo
1705 4742 1931 4788 manant

355 4817 543 4874 omnia
568 4818 705 4872 bona
731 4835 898 4890 usque
926 4820 993 4875 ad
1021 4837 1136 4885 nos,
1166 4837 1193 4876 a
1225 4835 1331 4892 quo
1368 4829 1683 4874 coercentur
1700 4835 1873 4888 usque
1897 4836 1930 4874 a

358 4905 520 4964 nobis
562 4910 742 4963 omnia
784 4911 922 4965 mala
951 4931 965 4965 :
991 4927 1153 4984 supra
1194 4929 1362 4983 quem
1408 4912 1556 4977 nihil,
1592 4923 1744 4968 extra
1768 4928 1928 4983 quem

277 5028 287 5035 -
360 4996 520 5064 nihil,
544 4997 660 5054 sine
687 5014 795 5069 quo
822 5001 951 5054 nihil
975 5019 993 5054 τ
1023 5003 1122 5058 sub
1145 5019 1254 5072 quo
1287 5013 1479 5070 totum,
1511 5005 1563 5058 in
1597 5019 1704 5074 quo
1735 5003 1926 5069 totum,

358 5103 490 5148 etilli
513 5103 622 5162 quo
648 5101 828 5147 totum
846 5099 928 5146 est
955 5110 968 5145 :
997 5094 1087 5161 qui
1130 5094 1301 5151 fecisti
1339 5097 1607 5152 hominem
1637 5096 1702 5150 ad
1733 5096 1927 5168 imagi-

362 5188 572 5237 nem‘et
590 5180 991 5242 similitudinem
1023 5191 1188 5248 tuam,
1216 5187 1361 5254 quod
1385 5188 1478 5256 qui
1502 5202 1561 5244 se
1596 5186 1743 5243 novit
1762 5202 1929 5257 agno-

358 5271 486 5330 scit.
511 5268 738 5340 Exaudi,
766 5275 982 5339 exaudi,
1005 5276 1198 5330 exaudi
1213 5277 1476 5341 me,Deus
1499 5293 1673 5343 meus,
1691 5277 1928 5332 Domine

361 5375 540 5429 βω.
569 5363 683 5421 Rc!
711 5379 884 5430 mens,
903 5365 1065 5420 Pater
1086 5380 1255 5430 meus,
1279 5381 1442 5428 causa
1470 5383 1612 5433 mea,
1633 5381 1757 5440 spes
1784 5381 1926 5432 mea,

361 5471 457 5514 res
474 5469 616 5523 mea,
642 5455 815 5512 honor
841 5471 1011 5522 meus,
1038 5458 1228 5513 domus
1253 5473 1395 5526 mea,
1417 5462 1588 5531 patria
1620 5476 1756 5526 mea,
1783 5460 1932 5518 salus

361 5561 506 5618 mea,
534 5548 623 5604 lux
656 5563 794 5614 mea,
827 5549 934 5602 vita
963 5564 1099 5604 mea.
1131 5550 1356 5617 Exaudi,
1385 5552 1599 5620 exaudi,
1623 5553 1816 5608 exaudi
1845 5569 1930 5610 me

2030 1770 2081 1816 te
2119 1763 2483 1830 perveniatur,
2527 1761 2659 1814 doce
2708 1775 2813 1814 me.
2845 1758 2986 1812 Nihil
3030 1758 3172 1815 aliud
3225 1759 3380 1830 105
3415 1761 3613 1823 habeo,

2029 1869 2193 1924 quam
2220 1855 2570 1907 voluntatem.
2601 1852 2742 1906 Nihil
2770 1851 2915 1906 aliud
2941 1853 3077 1917 scio,
3107 1853 3212 1906 nisi
3241 1853 3408 1917 fluxa,
3437 1863 3494 1908 et
3521 1869 3616 1908 ca-

2031 1944 2164 1998 duca
2194 1943 2490 2012 spernenda
2530 1957 2670 2005 esse,
2716 1949 2866 1995 certa
2913 1951 2968 1996 et
3017 1951 3220 1997 acterna
3270 1945 3612 2012 requirenda.

2029 2033 2141 2088 Hoc
2161 2033 2514 2096 facio.Pati-r,
2547 2035 2672 2102 quia
2702 2033 2805 2086 hoc
2833 2033 3004 2086 solum
3039 2035 3163 2088 novi
3194 2053 3205 2087 :
3240 2019 3333 2089 sed
3365 2036 3502 2091 unde
3545 2037 3614 2091 ad

2032 2131 2083 2177 te
2108 2127 2472 2194 perveniatur,
2503 2125 2712 2193 ignoro.
2746 2123 2824 2176 Tu
2846 2124 2975 2176 mihi
3008 2140 3257 2194 suggere,
3278 2134 3332 2178 tu
3364 2126 3611 2190 ostende,

2031 2218 2088 2262 tu
2119 2212 2372 2264 viaticum
2402 2213 2599 2280 praebe.
2630 2209 2686 2264 Si
2719 2210 2821 2265 fide
2847 2221 2896 2265 te
2924 2212 3224 2276 inveniunt,
3253 2214 3342 2281 qui
3366 2214 3432 2267 ad
3458 2223 3509 2269 te
3532 2230 3617 2269 re-

2031 2299 2257 2370 fugiunt,
2292 2301 2448 2353 [idem
2485 2303 2551 2353 da
2583 2319 2594 2351 :
2628 2302 2671 2354 si
2717 2303 2932 2364 virtute,
2958 2303 3212 2356 virtutem
3241 2322 3252 2355 :
3281 2303 3326 2356 si
3364 2305 3612 2368 scientia,

2031 2390 2329 2443 scientiam.
2347 2390 2491 2459 Auge
2509 2391 2559 2442 in
2580 2406 2662 2442 ine
2680 2406 2848 2459 spem.
2867 2391 3014 2461 Auge
3029 2390 3372 2445 charitatem.
3389 2392 3433 2447 0
3446 2393 3615 2446 admi-

2032 2481 2197 2532 randa
2218 2480 2568 2550 etsingularis
2590 2480 2801 2534 bonitas
2824 2484 2938 2534 tua!
2960 2483 3041 2536 Ad
3065 2491 3114 2534 te
3132 2482 3399 2546 ainbio,ct
3419 2483 3616 2552 quibus

2032 2569 2190 2622 rebus
2206 2586 2235 2622 a
2257 2578 2309 2622 te
2331 2571 2618 2630 ainbiatur,
2641 2571 2707 2623 ad
2725 2581 2774 2624 te
2795 2587 3011 2624 rursum
3027 2580 3170 2638 peto.
3195 2571 3272 2623 Tu
3293 2571 3439 2625 enim
3452 2572 3498 2625 si
3524 2573 3617 2627 de—

2031 2659 2185 2720 seris,
2217 2658 2422 2725 pcritur
2443 2657 2530 2711 hic
2555 2676 2564 2708 :
2587 2658 2678 2711 sed
2703 2673 2807 2711 non
2833 2659 3060 2723 deseris,
3093 2660 3217 2728 quia
3263 2668 3319 2713 tu
3366 2676 3426 2715 es
3464 2676 3616 2716 sum-

2033 2762 2178 2800 mum
2205 2747 2423 2808 bonum,
2461 2747 2602 2815 quod
2636 2762 2791 2800 nemo
2829 2755 2973 2801 recte
3003 2749 3284 2818 quaesivit,
3315 2759 3372 2804 et
3398 2749 3618 2804 minime

2034 2835 2256 2890 invenit.
2295 2837 2480 2890 Omnis
2506 2846 2685 2891 autem
2721 2846 2864 2892 recte
2891 2839 3162 2908 qnzesivit,
3193 2855 3354 2909 quem
3379 2847 3434 2894 tu
3470 2849 3618 2896 recte

2033 2942 2274 2998 quaerere
2326 2929 2528 2994 fecisti,
2578 2929 2664 2984 fac
2712 2940 2766 2983 et
2801 2945 2906 2995 me,
2942 2930 3140 2998 Pater;
3169 2932 3382 2988 vindica
3427 2947 3512 2986 me
3549 2933 3618 2986 ab

2030 3008 2234 3074 errore.
2255 3019 2524 3086 Quaerenti
2552 3030 2601 3075 te
2617 3022 2747 3075 mihi
2767 3021 2898 3075 nihil
2915 3022 3057 3076 aliud
3069 3038 3171 3090 pro
3198 3031 3250 3077 te
3269 3032 3550 3078 occurrat:
3569 3025 3616 3078 si

2030 3109 2160 3162 nihil
2188 3109 2329 3163 aliud
2359 3111 2606 3164 desidero
2638 3126 2798 3178 quam
2826 3119 2896 3175 te,
2927 3110 3198 3171 inveniam
3230 3120 3282 3166 te
3305 3111 3443 3180 jam,
3469 3129 3614 3182 qua:—

2029 3215 2108 3262 so,
2137 3200 2314 3254 Pater.
2342 3200 2397 3254 Si
2424 3209 2600 3254 autem
2627 3210 2710 3258 est
2735 3201 2786 3256 in
2814 3217 2898 3255 me
2925 3201 3175 3272 superflui
3201 3203 3430 3271 alicujus
3455 3219 3618 3275 appe-

2031 3292 2167 3357 titio,
2221 3301 2274 3346 tu
2322 3294 2433 3363 ipse
2463 3309 2549 3348 me
2586 3294 2802 3358 munda,
2836 3303 2890 3348 et
2924 3295 3009 3349 fac
3047 3295 3296 3349 idoneum
3327 3296 3395 3351 ad
3426 3296 3615 3350 viden-

2029 3383 2156 3436 dum
2187 3392 2256 3438 tc.
2291 3386 2578 3450 Cmterum,
2611 3387 2675 3440 de
2719 3373 2889 3441 salute
2916 3385 3072 3455 hujus
3099 3387 3344 3440 mortalis
3371 3389 3617 3456 corporis

2030 3474 2154 3535 mei,
2183 3477 2416 3542 qumdiu
2463 3478 2514 3530 in
2545 3478 2646 3530 hoc
2685 3478 2944 3540 habitem,
2980 3477 3186 3539 nescio,
3221 3478 3348 3545 quid
3383 3478 3515 3530 mihi
3543 3493 3610 3531 ex

2002 3578 2006 3581 ·
2028 3577 2093 3616 eo
2115 3563 2244 3617 utile
2268 3565 2360 3628 sit,
2386 3566 2467 3618 vel
2503 3566 2601 3628 eis,
2644 3581 2778 3632 quos
2801 3565 2981 3634 diligo.
3011 3565 3128 3618 Tibi
3157 3564 3283 3617 illud
3309 3567 3609 3632 committo,

2028 3651 2188 3706 Pater
2224 3653 2618 3722 sapientissime
2663 3665 2824 3724 atque
2853 3655 3080 3723 opiime,
3115 3664 3171 3708 et
3210 3671 3307 3724 pro
3347 3652 3610 3726 eo,‘qnod

2030 3742 2371 3799 admonueris
2395 3744 2461 3798 ad
2491 3753 2720 3814 tempus,
2757 3744 3104 3814 deprecabor.
3136 3745 3364 3800 Tantum
3389 3763 3487 3801 oro
3508 3763 3606 3803 cx-

2027 3834 2462 3890 cellentissimam
2504 3836 2841 3892 clementiam
2875 3846 3042 3903 tuam,
3077 3848 3136 3891 ut
3165 3853 3250 3894 me
3293 3841 3505 3908 penitus
3538 3841 3607 3896 ad

2028 3929 2083 3976 te
2107 3933 2412 3988 convertas,
2447 3925 2580 3979 nihil
2605 3925 2732 3980 mihi
2760 3941 3054 3996 repugnare
3081 3924 3250 3980 facias
3280 3927 3517 3981 tendenti
3539 3930 3608 3983 ad

2029 4019 2102 4077 te,
2131 4011 2431 4084 iubeasque
2463 4031 2570 4081 me,
2603 4016 2728 4071 dum
2760 4017 2862 4071 hoc
2888 4017 3062 4086 ipsum
3098 4031 3295 4085 corpus
3323 4031 3426 4086 ago
3446 4025 3634 4088 atque-

1996 4099 2202 4171 'porto,
2241 4099 2457 4170 purum,
2493 4105 2913 4174 magnanimum,
2933 4103 3144 4172 justum
3178 4105 3610 4190 prudentemque

2027 4207 2166 4257 esse,
2209 4192 2612 4269 perfectumque
2653 4203 2949 4250 amatorem
3000 4199 3483 4269 perceptpremque
3516 4212 3605 4253 Sa-

2028 4283 2243 4352 pientiae
2272 4267 2398 4349 tum,
2430 4291 2482 4339 et
2518 4284 2737 4356 dignum
2767 4284 3123 4352 habitatione,
3152 4267 3314 4358 aulae
3337 4288 3602 4344 habitato-

2032 4389 2146 4430 rem
2179 4376 2546 4432 beatissimum
2573 4379 2721 4449 regni
2749 4378 2845 4432 tui.
2877 4378 3072 4433 Amen.

2103 4465 2245 4522 Deus
2267 4467 2318 4521 in
2350 4466 2672 4537 adjutorium
2710 4485 2886 4523 meum
2919 4470 3157 4536 intende,
3192 4481 3300 4544 ter.
3367 4494 3371 4498 ~

2644 4597 2980 4653 PSALMUS.

2103 4735 2281 4805 (PSAL.
2316 4736 2448 4800 xu.)
2491 4732 2947 4799 Quemadmodum
2991 4735 3264 4790 desiderat
3306 4751 3501 4794 cervus
3531 4739 3604 4796 ad

2030 4824 2208 4879 fontes
2228 4840 2512 4895 aquarum,
2537 4824 2613 4878 ita
2636 4824 3097 4880 desideratanima
3114 4839 3232 4880 mea
3255 4827 3323 4882 ad
3345 4834 3417 4892 te,
3436 4826 3596 4884 Deus.

2031 4911 2214 4968 Sitivit
2239 4915 2416 4967 anima
2451 4928 2567 4966 mea
2611 4913 2678 4968 ad
2717 4912 2884 4970 Deum
2912 4914 3102 4971 fortem
3134 4915 3311 4971 vivum
3342 4935 3354 4970 :
3388 4918 3604 4987 quando

2031 5004 2241 5058 veniam
2262 5013 2327 5080 _et
2349 5004 2614 5075 apparebo
2649 5011 2773 5059 ante
2803 5003 2996 5062 faciem
3023 5005 3160 5062 Dei?
3197 5007 3437 5063 Fuerunt
3471 5007 3600 5064 mihi

2030 5092 2279 5164 laeryma:
2323 5107 2456 5147 mea:
2491 5107 2660 5164 panes
2681 5095 2767 5151 die
2793 5113 2858 5152 ac
2877 5105 3034 5154 nocte
3059 5116 3072 5152 :
3101 5096 3230 5153 dum
3251 5093 3447 5154 dicitur
3469 5097 3602 5152 mihi

2031 5186 2290 5256 quotidie,
2338 5184 2554 5242 ubiest
2583 5185 2726 5242 Deus
2768 5188 2924 5243 tuus?
2958 5187 3085 5244 Hac
3119 5188 3430 5242 recordatus
3455 5201 3597 5250 sum.

2031 5287 2086 5334 et
2106 5277 2270 5334 effudi
2305 5277 2357 5331 in
2386 5291 2470 5331 me
2495 5278 2728 5334 animam
2753 5293 2926 5334 meam
2957 5297 2971 5332 :
2999 5278 3251 5347 quoniam
3282 5277 3523 5332 transibo
3545 5278 3600 5333 in

2029 5368 2205 5425 locum
2232 5367 2563 5422 tabernaculi
2593 5368 2923 5424 admirabilis
2943 5381 3116 5436 usque
3143 5366 3211 5421 ad
3239 5367 3454 5421 domum
3477 5366 3592 5426 Dei.

2031 5459 2087 5514 In
2114 5474 2245 5514 voce
2273 5459 2644 5516 exsultationis
2665 5470 2720 5516 et
2748 5457 3099 5514 confessionis
3123 5473 3286 5514 sonus
3309 5458 3591 5529 epulantls.

2042 5550 2208 5606 ')uare
2230 5549 2400 5602 tristis
2413 5564 2490 5616 es,
2514 5551 2690 5605 anima
2717 5561 2834 5607 mea
2852 5565 2866 5614 ;
2884 5556 2938 5603 et
2962 5562 3132 5620 quare
3160 5550 3460 5604 conturbas
3474 5551 3597 5605 me?
