4262 6194
567 287 670 342 533

1369 285 1426 340 Β.
1470 285 1530 340 F.
1573 284 1791 340 ALBlN‘l
1833 284 1963 340 SEU
2005 279 2600 354 ALCL'lNlOl‘ERlIM
2638 275 2810 336 PARS
2847 276 2936 335 ιγ.

3679 273 3784 338 564

566 405 734 474 Spera
767 403 822 457 in
857 403 985 467 Deo,
1015 401 1263 470 quoniam
1315 402 1485 454 adhuc
1521 400 1812 454 confitebor
1839 397 1908 451 illi
1939 413 1952 448 :
1981 398 2122 450 salu-
2155 402 2200 456 Λ
2228 394 2399 456 Beati,
2430 393 2517 460 qui
2543 392 2783 446 habitant
2813 391 2866 444 in
2896 391 3052 444 domo
3091 398 3199 449 tua,
3225 389 3442 442 Domine
3476 405 3486 438 :
3519 385 3569 440 in
3595 385 3786 442 saecula

567 505 684 550 tare
725 493 900 548 vultus
933 494 1056 556 mei,
1100 502 1153 546 et
1183 492 1320 546 Deus
1350 507 1516 546 meus.
1556 491 1632 544 Ad
1667 491 1922 559 meipsum
1949 490 2124 543 anima

568 598 686 638 mea
704 583 1018 637 conturbata
1040 589 1153 635 est:
1171 588 1449 649 propterea
1469 594 1671 632 memor
1687 594 1780 633 ero
1797 578 1873 631 tui
1899 579 1963 631 de
1985 587 2128 631 terra

567 671 832 734 Iordanis,
846 682 899 725 et
912 671 1241 724 Hermoniim
1259 686 1286 723 a
1301 678 1475 727 monte
1490 669 1716 722 modico.
1733 669 1967 737 Abyssus
1980 668 2130 737 abys-

569 777 686 816 sum
731 762 941 814 invocat
978 761 1028 813 in
1066 753 1192 813 voce
1227 767 1622 812 eataraetarum
1675 765 1904 810 tuarum.
1937 755 2129 809 Omnia

569 850 778 904 excelsa
828 858 914 903 tua
946 857 997 902 et
1045 848 1235 902 fluctus
1270 847 1530 923 tui__supcr
1563 860 1646 898 me
1680 844 2023 907 transierunt.
2072 844 2130 897 In

570 940 653 993 die
682 941 949 994 mandavit
976 940 1231 994 Dominus
1257 938 1674 992 misericordiam
1704 951 1873 1000 suam,
1899 945 1953 990 et
1975 945 2132 991 nocte

571 1031 835 1084 canticum
873 1028 1004 1099 ejus.
1044 1030 1193 1100 Apud
1225 1045 1309 1082 me
1340 1030 1513 1083 oratio
1543 1027 1650 1081 Deo
1680 1029 1801 1081 vitae
1841 1043 1972 1082 mea:
2008 1044 2021 1079 :
2051 1027 2133 1080 di-

573 1135 690 1173 cam
717 1120 846 1182 Deo,
879 1129 1155 1189 susceptor
1197 1135 1347 1174 meus
1381 1136 1456 1173 es.
1491 1121 1665 1186 Quare
1696 1119 1889 1173 oblitus
1915 1134 1972 1171 es
2009 1117 2132 1178 mei,

573 1221 629 1267 ct
651 1229 814 1282 quare
844 1217 1188 1268 contristatus
1225 1214 1429 1274 incedo,
1465 1215 1586 1265 dum
1621 1210 1799 1278 allligit
1845 1224 1930 1262 me
1963 1208 2136 1261 inimi-

573 1304 699 1356 cus?
732 1304 864 1356 Dum
893 1304 1303 1374 confringuntur
1333 1319 1452 1356 ossa
1494 1317 1608 1354 mea
1639 1319 1648 1353 :
1679 1301 2135 1379 exprobraverunt

575 1398 725 1458 mihi,
752 1397 839 1463 qui
867 1393 1124 1450 tribula'nt
1148 1413 1248 1457 me,
1273 1397 1469 1449 inimici
1495 1395 1615 1447 mei.
1645 1395 1775 1446 Dum
1801 1393 1980 1446 dicunt
2006 1391 2135 1442 mihi

577 1501 672 1553 per
708 1486 939 1554 singulos
985 1486 1243 1548 dies,'ubi
1290 1494 1370 1539 est
1403 1484 1540 1538 Deus
1571 1485 1731 1536 tuus?
1762 1497 1927 1551 quare
1973 1482 2138 1534 tristis

577 1590 654 1638 cs,
682 1577 856 1629 anima
884 1590 1026 1639 mea;
1055 1583 1108 1630 et
1129 1591 1295 1645 quare
1317 1578 1605 1629 conturbas
1624 1575 1741 1628 me?
1764 1573 1926 1641 Spera
1944 1574 1993 1625 in
2008 1572 2135 1633 Deo,

575 1666 825 1734 quoniam
862 1667 1033 1720 adhuc
1069 1667 1363 1721 confitebor
1396 1667 1469 1719 illi
1501 1686 1510 1718 :
1543 1666 1775 1720 salutare
1825 1667 2000 1718 vultus
2035 1665 2139 1717 mei

579 1767 634 1811 et
662 1757 802 1811 Deus
837 1774 1005 1812 meus.

654 1845 720 1898 Ut
745 1864 921 1915 supra.
952 1847 1176 1917 Diligam
1205 1857 1273 1911 te,
1309 1848 1549 1912 Domine,
1580 1846 1833 1901 fortitudo
1861 1861 1996 1898 mea.
2031 1844 2136 1897 Do-

584 1936 758 1992 minus
805 1935 1196 1990 ﬁrmamentum
1247 1953 1445 2001 meum,
1483 1946 1535 1989 et
1567 1936 1824 2007 refugium
1854 1949 2050 1999 meum,
2087 1943 2142 1987 et

584 2029 836 2084 liberator
866 2043 1032 2083 meus.
1067 2029 1205 2084 Deus
1233 2045 1380 2084 meus
1411 2030 1622 2099 adjutor
1648 2043 1816 2093 meus,
1842 2035 1892 2082 et
1918 2028 2142 2097 sperabo

585 2120 642 2176 in
663 2135 805 2173 eum.

655 2209 857 2264 Oratio.
889 2209 1076 2265 Vultus
1119 2213 1293 2266 nostri
1345 2211 1631 2266 mirificum
1688 2210 1938 2272 salutare,
1985 2223 2142 2278 quem

590 2303 779 2356 anima:
813 2302 1042 2357 fidelium
1081 2305 1327 2358 ardenter
1351 2305 1535 2357 sitiunt
1558 2302 1918 2366 servulorum;
1952 2300 2142 2363 tribue,

592 2406 921 2458 quaesumus,
959 2403 1016 2444 ut
1071 2393 1197 2446 dum
1241 2400 1294 2446 te
1335 2392 1528 2446 visibili
1577 2393 1932 2461 lacrymarum
1976 2389 2148 2442 imbre

588 2485 722 2551 pasti
748 2486 1086 2551 requirimus,
1112 2483 1444 2537 invisibiliter
1473 2489 1522 2536 te
1553 2484 1690 2534 intra
1717 2474 1950 2550 pectoris
1979 2477 2147 2531 nostri

592 2575 991 2630 tabernaculum
1020 2575 1364 2628 collocemus.
1399 2573 1520 2625 Per.

1212 2706 1541 2760 PSALMUS.

665 2833 838 2902 (Pssu
859 2833 1010 2903 Liui.)
1030 2831 1188 2895 Deus,
1217 2833 1355 2885 Deus
1377 2849 1544 2892 meus,
1571 2832 1633 2884 ad
1666 2841 1714 2885 te
1741 2832 1805 2884 de
1829 2831 1947 2884 lucc
1970 2827 2149 2900 vigilo.

598 2923 775 2976 Sitivit
801 2923 853 2974 in
891 2931 938 2974 te
967 2923 1139 2973 anima
1172 2935 1309 2982 mea,
1337 2935 1496 2987 quam
1525 2920 1885 2987 multipliciter
1908 2918 2000 2971 tibi
2026 2933 2153 2971 caro

597 3029 732 3068 mea.
773 3014 826 3066 in
865 3021 1007 3065 terra
1059 3014 1288 3073 deserta,
1328 3012 1486 3072 invia,
1542 3019 1595 3063 et
1637 3011 1888 3077 inaquosa
1928 3027 1938 3059 :
1972 3009 2052 3064 sic
2097 3008 2149 3060 in

2232 485 2545 537 sieculorum
2576 484 2864 536 laudabunt
2893 491 2963 535 te.
2993 480 3188 535 Beatus
3215 481 3316 542 vir,
3351 478 3503 546 cujus
3531 483 3614 530 est
3638 479 3789 530 auxi‘

2229 574 2359 627 lium
2389 575 2483 625 abs
2515 582 2585 638 te,
2617 573 2951 626 ascensiones
3000 573 3054 625 in
3095 571 3256 624 corde
3299 584 3395 624 suo
3433 568 3693 636 disposuit
3733 567 3788 621 in

2228 664 2366 716 valle
2417 664 2770 733 lacrymarum
2802 680 2814 714 ε
2845 663 2898 716 in
2944 663 3093 726 loco,
3148 671 3303 730 quem
3344 659 3539 729 posuit.
3577 657 3791 721 Etenim

2231 754 2651 808 benedictionem
2699 754 2845 807 dabit
2882 753 3170 822 legislator,
3204 751 3354 804 ibunt
3397 751 3462 803 de
3502 746 3791 828 virtute'in

2232 845 2521 896 virtutem:
2554 841 2822 896 videbitur
2867 841 3008 894 Deus
3043 841 3260 896 deorum
3301 840 3351 906 in
3391 836 3536 892 Sion.
3569 836 3792 890 Domine
3872 857 3876 862 ·

2233 929 2371 984 Deus
2392 933 2665 994 virtutum,
2689 929 2878 983 exaudi
2901 929 3194 982 orationem
3219 943 3389 981 meam
3407 945 3419 980 :
3437 925 3655 979 auribus
3676 937 3798 992 per-

2235 1019 2369 1086 cipe,
2417 1019 2555 1070 Deus
2583 1019 2765 1074 Jacob.
2800 1018 3079 1072 Protector
3108 1024 3288 1071 noster
3331 1016 3510 1084 aspice
3552 1011 3710 1077 Deus,
3740 1019 3799 1066 et

2235 1107 2437 1175 respice
2468 1107 2519 1159 in
2561 1106 2746 1160 faciem
2788 1107 2983 1160 Christi
3030 1108 3124 1160 tui.
3157 1107 3290 1172 Quia
3321 1105 3507 1160 melior
3548 1110 3632 1158 est
3679 1102 3796 1158 dies

2235 1211 2337 1246 una
2374 1194 2426 1246 in
2460 1195 2613 1249 atriis
2644 1196 2746 1247 tuis
2782 1211 2940 1264 super
2981 1195 3167 1248 millia.
3199 1195 3346 1263 Elegi
3393 1194 3632 1260 abiectus
3677 1207 3796 1247 esse

2237 1285 2289 1337 in
2318 1286 2472 1337 domo
2502 1284 2596 1351 Dei
2622 1286 2723 1338 mei
2755 1303 2766 1336 :
2800 1286 2970 1353 magis
2997 1301 3154 1353 quam
3183 1286 3425 1338 habitare
3456 1285 3506 1337 in
3538 1286 3802 1338 taberna-
3857 1317 3874 1325 -

2236 1374 2368 1428 eulis
2398 1382 2756 1441 peccatorum.
2791 1375 2921 1440 Quia
2969 1374 3391 1428 misericordiam
3422 1382 3475 1428 et
3513 1373 3794 1427 veritatem

2237 1461 2405 1529 diligit
2436 1461 2571 1515 Deus
2601 1481 2610 1513 :
2639 1464 2863 1530 gratiam
2893 1472 2946 1516 et
2965 1464 3185 1532 gloriam
3211 1463 3357 1516 dabit
3382 1463 3654 1516 Dominus.
3681 1460 3797 1515 Non

2238 1554 2470 1620 privabit
2497 1554 2649 1608 bonis
2678 1571 2788 1618 eos,
2813 1555 2904 1624 qui
2933 1555 3205 1624 ambulant
3233 1557 3285 1608 in
3317 1555 3619 1609 innocentia
3651 1572 3664 1606 :
3697 1552 3800 1606 Do-

2242 1639 2383 1699 niine
2410 1646 2912 1710 virtutum,.beatus
2936 1647 3096 1700 homo
3121 1648 3210 1715 qui
3239 1655 3419 1717 sperat
3448 1648 3500 1701 in
3523 1655 3595 1700 te.

2737 1773 2950 1812 LITASIA
2990 1773 3059 1813 UT
3098 1773 3282 1813 SUPBA.

2308 1867 2574 1921 Confirma
2601 1869 2723 1930 hoc,
2757 1869 2917 1932 Deus,
2949 1869 3089 1937 quod
3124 1877 3374 1939 cperatus
3409 1883 3467 1923 es
3492 1866 3544 1922 in
3569 1866 3742 1932 nobis,
3771 1877 3803 1920 a

2240 1956 2436 2026 templo
2464 1965 2552 2010 tuo
2573 1958 2624 2010 in
2655 1955 2985 2011 Hierusalem
3010 1959 3102 2012 tibi
3127 1956 3357 2013 offerunt
3385 1973 3537 2028 reges
3560 1971 3800 2010 munera.

2243 2046 2440 2098 Emitte
2473 2041 2730 2114 Spiritum
2771 2051 2938 2110 tuum,
2979 2056 3031 2101 et
3075 2047 3421 2112 creabuntur,
3448 2056 3502 2102 et
3530 2045 3809 2110 renovabis

2242 2133 2430 2188 faciem
2462 2142 2636 2188 terrm.
2676 2134 2757 2189 Sit
2786 2135 2949 2206 gloria
2979 2135 3186 2190 Domini
3211 2137 3262 2190 in
3300 2136 3570 2197 saeculum,
3602 2133 3808 2189 lzetabi-

2243 2234 2332 2278 tur
2361 2226 2614 2280 Dominus
2644 2227 2695 2280 in
2725 2227 2975 2297 operibus
3004 2228 3133 2280 suis.
3167 2226 3465 2280 Jucundum
3509 2227 3577 2280 sit
3605 2225 3652 2278 ei
3700 2222 3810 2278 elo-

2249 2317 2430 2385 quium
2459 2332 2656 2380 meum,
2686 2333 2784 2387 ego
2813 2333 2940 2370 vero
2966 2316 3267 2370 delectabor
3293 2316 3346 2370 in
3371 2316 3614 2370 Domino.
3642 2313 3809 2368 Laete-

2248 2412 2334 2465 tur
2383 2418 2476 2457 cor
2525 2404 2873 2471 quaerentium
2916 2401 3229 2466 Dominum,
3271 2413 3325 2458 et
3373 2400 3805 2459 confirmamini:

2247 2491 2468 2559 quzeritc
2499 2491 2686 2546 faciem
2721 2490 2836 2558 ejus
2863 2509 3091 2564 semper.

2320 2577 2522 2632 Oratio.
2548 2578 3030 2635 Tabernaculorum
3057 2581 3356 2636 cmlestium
3381 2581 3632 2644 fundator
3657 2586 3809 2633 mter-

2250 2681 2317 2720 ne
2342 2667 2501 2730 Deus,
2547 2668 2785 2736 dispone,
2818 2686 3138 2737 qumsumus,
3181 2686 3432 2725 ascensus
3463 2673 3511 2723 in
3562 2670 3813 2724 cordibus

2253 2757 2468 2821 nostris,
2507 2757 2699 2826 quibus
2740 2760 2928 2812 ad'tua
2959 2760 3299 2814 tabernacula
3347 2775 3650 2815 mereamur
3698 2759 3811 2813 sine

2254 2848 2398 2917 lapsu
2435 2851 2636 2916 peccati
2669 2852 3044 2906 conscendere.
3080 2851 3198 2907 Per.

2611 2978 2862 3033 ORATIO
2903 2963 3144 3033 sine“
3183 2979 3450 3035 ismoru.

599 3110 780 3156 sancto
831 3102 1047 3170 apparui
1099 3102 1212 3163 tibi,
1252 3108 1310 3152 ut
1345 3099 1575 3152 viderem
1623 3084 1871 3150 virtutem
1918 3106 2063 3150 tuam
2102 3078 2227 3150 etC
2325 3084 2623 3139 Beatissimi
2654 3087 2792 3139 servi
2824 3087 2914 3149 illi,
2949 3102 3082 3154 quos
3123 3103 3246 3142 cum
3289 3089 3494 3140 venerit
3538 3085 3812 3148 Dominus,

599 3191 816 3259 gloriam
849 3198 1011 3241 tuam.
1043 3187 1302 3253 Quoniam
1331 3187 1515 3239 melior
1554 3195 1636 3239 est
1663 3187 2022 3240 misericordia
2069 3195 2153 3238 tua

600 3290 759 3346 super
780 3278 917 3329 vitas
954 3294 964 3326 :
999 3277 1134 3328 labia
1164 3292 1277 3328 mea
1306 3274 1591 3350 laudabunt
1621 3283 1689 3326 te.
1725 3274 1812 3327 Sic
1847 3275 2155 3350 benedicam

602 3376 656 3419 te
679 3367 728 3417 in
755 3365 863 3416 vita
887 3381 1001 3418 mea
1029 3383 1040 3416 :
1067 3374 1118 3418 et
1142 3366 1193 3416 in
1219 3365 1428 3417 nomine
1455 3372 1543 3416 tuo
1569 3365 1754 3416 levabo
1776 3378 1963 3416 manus
1991 3379 2154 3417 meas.

605 3457 757 3510 Sicut
792 3457 942 3523 adipe
978 3464 1030 3508 et
1059 3452 1376 3524 pinguedine
1403 3455 1670 3522 repleatur
1705 3457 1878 3508 anima
1908 3471 2022 3508 mea
2059 3475 2070 3507 :
2106 3465 2159 3508 et

609 3548 760 3600 labiis
810 3547 1180 3599 exsultationis
1207 3545 1441 3598 laudabit
1474 3562 1533 3599 os
1585 3529 1904 3599 metim.-Sie
1957 3562 2159 3599 memor

605 3639 677 3692 fui
721 3640 792 3691 lui
846 3654 1002 3706 super
1028 3646 1253 3691 stratum
1302 3652 1497 3702 meum,
1545 3640 1603 3711 in
1633 3640 1903 3691 matutinis
1933 3639 2158 3693 medita-

607 3729 704 3781 bor
725 3729 774 3780 in
803 3736 853 3780 te
882 3747 895 3778 :
925 3729 1048 3794 quia
1077 3729 1219 3780 fuisti
1250 3728 1458 3794 adjutor
1489 3744 1656 3782 meus.
1688 3729 1752 3780 Et
1786 3731 1835 3780 in
1860 3729 2162 3782 velamento

608 3815 807 3866 alarum
849 3825 1058 3867 tuarum
1095 3817 1390 3878 CXSUllabO,
1420 3819 1640 3870 adbzesit
1684 3818 1857 3870 anima
1893 3832 2008 3869 mea
2043 3824 2163 3882 post

610 3912 660 3955 te
689 3920 699 3952 :
738 3904 892 3971 106
921 3919 1000 3955 me
1025 3907 1262 3972 succepit
1297 3907 1513 3958 dextera
1540 3914 1644 3956 tua.
1675 3905 1774 3973 ipsi
1817 3919 1941 3956 vero
1973 3905 2022 3956 in
2066 3919 2159 3955 va-

609 4005 735 4042 num
777 3995 1098 4056 quaesierunt
1134 3994 1362 4044 animam
1399 4009 1586 4054 meam,
1625 3993 1915 4045 iutroibunt
1943 3994 1992 4044 in
2023 3992 2159 4046 infe-

611 4080 748 4131 riora
776 4089 947 4142 teme,
983 4083 1259 4135 tradentur
1284 4083 1335 4134 in
1379 4097 1562 4135 manus
1597 4083 1772 4152 gladii,
1822 4093 1999 4150 partes
2045 4087 2160 4137 vul-

609 4169 751 4235 pium
776 4180 951 4223 erunt.
986 4172 1097 4225 Rex
1131 4187 1256 4225 vero
1277 4173 1542 4226 laetabitur
1571 4175 1621 4225 in
1649 4174 1773 4234 Deo,
1807 4173 2164 4226 laudabuntur

610 4273 810 4321 omnes,
841 4263 931 4327 qui
957 4261 1139 4328 jurant
1165 4264 1214 4315 in
1245 4278 1308 4316 eo
1341 4282 1353 4315 :
1383 4263 1504 4332 quia
1541 4264 1866 4317 obstructum
1895 4273 1976 4316 est
1997 4279 2062 4322 eos
2088 4263 2165 4316 lo-

615 4350 888 4414 quentium
915 4351 1112 4417 iniqua.

685 4431 748 4489 Ut
783 4453 957 4505 supra.
992 4399 1183 4491 Deatus
1207 4453 1363 4506 quem
1391 4439 1595 4505 elegisti
1629 4447 1682 4492 et
1712 4440 2041 4509 assumpsisti
2071 4439 2164 4496 ha-
2191 4399 2240 4456 Β

609 4527 802 4583 bitabit
825 4527 875 4580 in
903 4528 1056 4581 atriis
1089 4529 1213 4581 tuis.

682 4615 882 4670 Oratio.
919 4617 999 4669 Ad
1031 4626 1080 4670 te
1116 4617 1346 4670 diluculo
1378 4617 1715 4685 vigilantibus
1764 4618 1938 4674 lumen
1973 4620 2164 4690 largire

610 4714 944 4773 perpetuum,
974 4715 1160 4758 auctor
1195 4705 1327 4759 lucis
1367 4714 1614 4768 :eternte;
1645 4715 1703 4759 ut
1742 4715 1788 4761 te
1815 4708 1951 4761 labia
1982 4718 2162 4761 nostra

616 4792 849 4857 laudent,
877 4801 929 4847 te
951 4794 1056 4848 vita
1085 4796 1379 4859 benedicat,
1409 4805 1462 4847 te
1483 4797 1756 4851 meditatio
1778 4803 2033 4853 matutina
2054 4802 2164 4871 glo-

618 4881 805 4936 riﬁeet.
834 4882 953 4937 Per.

1212 4994 1546 5052 PSALMUS.

689 5125 874 5197 (Pan.
924 5127 1380 5198 Lxxxni.)Quam
1427 5132 1617 5187 dilecta
1669 5133 2005 5189 tabernacula
2055 5145 2165 5202 tua,

619 5214 842 5270 Domine
868 5215 1119 5269 virtutum
1151 5234 1164 5268 :
1192 5219 1516 5288 eonwpiscit
1540 5229 1594 5276 et
1633 5222 1811 5278 deﬁcit
1849 5225 2024 5280 anima
2049 5241 2167 5279 mea

620 5304 674 5358 in
696 5306 828 5358 atria
849 5305 1076 5360 Domini.
1095 5305 1199 5361 Cor
1224 5321 1400 5362 meum
1415 5318 1468 5364 et
1493 5327 1617 5366 earo
1631 5320 1746 5368 mea
1770 5316 2170 5370 exsultaverunt

623 5391 674 5443 in
701 5392 866 5445 Deum
896 5395 1092 5449 virum.
1126 5395 1332 5450 Etenim
1358 5405 1541 5465 passer
1566 5401 1762 5456 invenit
1781 5403 1882 5457 sibi
1912 5405 2123 5458 domum
2151 5423 2163 5458 :

623 5485 677 5529 et
704 5486 874 5532 turtur
895 5483 1075 5537 nidum
1103 5486 1224 5549 sibi,
1255 5486 1342 5540 ubi
1368 5496 1588 5556 reponat
1611 5490 1779 5556 pullos
1802 5507 1943 5547 suos.
1967 5495 2168 5549 Altaria

625 5571 734 5627 tua,
767 5564 983 5623 Domine
1024 5573 1275 5626 virtutum
1307 5591 1322 5626 :
1355 5574 1467 5628 Rex
1521 5592 1671 5632 meus
1715 5586 1770 5633 et
1809 5580 1948 5637 Deus
1996 5598 2164 5640 meus.

2259 3176 2517 3230 invenerit
2551 3177 2828 3246 vigilantes
2858 3177 3007 3248 (-Luc.
3037 3196 3133 3242 xu,
3158 3180 3267 3246 5'7).
3295 3179 3455 3233 Beata
3487 3178 3686 3247 vigilia,
3713 3193 3815 3248 qua
3887 3171 3908 3181 “

2258 3269 2323 3321 ad
2364 3266 2644 3320 Dominum
2683 3271 3042 3323 universitatis
3080 3281 3371 3324 amatorem
3399 3271 3664 3338 vigilatur.
3698 3269 3818 3325 Uti-

2257 3374 2380 3411 nam
2411 3372 2493 3410 me
2521 3344 2732 3436 quoque
2776 3359 2953 3423 vilem,
2993 3361 3115 3414 licet
3147 3367 3292 3413 tuum
3319 3370 3496 3415 tamen
3523 3363 3814 3425 servulum,

2260 3449 2328 3500 ita
2354 3449 2604 3517 digneris,
2635 3448 2873 3515 Domine,
2902 3452 2966 3510 de
2993 3467 3179 3506 somno
3207 3454 3414 3508 inertiae
3442 3456 3709 3519 excitare;
3744 3456 3818 3508 ita

2260 3535 2348 3589 illo
2388 3535 2579 3588 divinae
2609 3539 2884 3591 ebaritatis
2916 3540 3034 3608 igne
3085 3543 3397 3606 accendere,
3444 3558 3549 3611 quo
3600 3544 3666 3597 de
3704 3557 3823 3596 meo

2261 3625 2421 3677 corde
2437 3636 2595 3692 supra
2609 3626 2779 3678 sidera
2796 3629 3166 3684 exardesceret
3180 3638 3282 3684 tua:
3295 3633 3572 3704 charitatis
3587 3632 3819 3695 ﬂamma,

2264 3721 2365 3765 tute
2389 3713 2565 3765 nimiae
2584 3714 2882 3770 dilectionis
2907 3717 3249 3783 desiderium,
3273 3735 3586 3790 semperque
3612 3721 3822 3775 divinus

2261 3807 2398 3875 ignis
2439 3807 2577 3860 intra
2609 3823 2692 3861 me
2723 3809 2960 3863 arderet!
3003 3811 3216 3865 Utinam
3264 3813 3352 3867 illa
3383 3812 3521 3881 ligna
3549 3814 3820 3875 haberem,

2260 3901 2554 3967 quibusille
2576 3902 2916 3971 ignisjugiter
2945 3904 3197 3969 aleretur,
3225 3915 3565 3974 pasceretur,
3598 3921 3821 3960 succen-

2261 3990 2498 4053 dcretur,
2553 3998 2607 4042 et
2657 3991 2744 4043 illa
2794 3991 3004 4046 ﬂamma
3047 3995 3361 4058 nutriretur,
3395 4005 3512 4060 quae
3557 3994 3821 4064 exstingui

2262 4081 2512 4139 nesciret,
2550 4080 2641 4132 sed
2669 4082 2851 4150 augeri
2881 4081 3067 4134 sciret!
3105 4083 3319 4136 Utinam
3351 4083 3471 4136 talis
3505 4099 3675 4137 essem
3711 4099 3824 4137 me-

2265 4167 2375 4229 riti,
2407 4176 2463 4219 ut
2509 4182 2625 4227 mea
2653 4169 2892 4223 .lucerna
2942 4184 3150 4238 semper
3199 4177 3304 4224 tota
3357 4179 3510 4225 nocte
3549 4171 3598 4225 in
3628 4171 3825 4240 templo

2264 4251 2471 4305 Domini
2501 4253 2593 4305 Dei
2623 4254 2724 4307 mei
2761 4256 2990 4317 arderet,
3022 4265 3079 4308 ut
3105 4259 3352 4309 omnibus
3377 4258 3590 4310 domum
3623 4257 3714 4310 Dei
3746 4258 3826 4310 in-

2267 4339 2534 4392 trantibus
2561 4340 2788 4393 luceret!
2821 4340 2896 4394 Da
2928 4343 3078 4407 mihi,
3119 4341 3358 4408 Domine,
3392 4359 3519 4413 rogo
3549 4351 3618 4406 te,
3650 4344 3702 4397 in
3731 4356 3828 4397 no-

2268 4426 2546 4482 mineJesu
2562 4426 2783 4492 ChriSti,
2809 4430 2924 4482 Filii
2958 4433 3030 4484 tui
3057 4433 3147 4485 Dei
3171 4433 3295 4496 mei,
3326 4434 3486 4494 illam,
3515 4450 3633 4502 quze
3659 4431 3825 4488 nescit

2268 4515 2482 4578 cadere,
2515 4517 2876 4570 cbaritatem':
2913 4529 2972 4571 ut
3003 4534 3116 4574 mea
3161 4521 3374 4575 lucerna
3421 4523 3637 4577 accendi
3670 4522 3824 4585 sciat,

2265 4605 2529 4674 exstingui
2557 4608 2786 4672 nesciat;
2814 4610 2942 4662 mihi
2972 4612 3173 4676 ardeat,
3213 4613 3330 4666 aliis
3358 4613 3550 4667 luceat.
3586 4612 3662 4666 Tn
3691 4613 3857 4683 ipse,-

2266 4691 2508 4757 Christe,
2562 4695 2805 4752 lucernas
2849 4708 3060 4753 nostras
3107 4702 3399 4754 accendere
3447 4701 3713 4770 digneris,
3764 4702 3828 4756 ac

2265 4783 2587 4839 lucidissime
2629 4787 2874 4841 Salvator
2898 4798 3103 4852 noster,
3134 4805 3237 4858 quo
3260 4795 3514 4860 perpetue
3535 4794 3745 4849 luceant
3773 4793 3827 4848 in

2261 4874 2458 4942 templo
2479 4883 2597 4954 tuo,
2625 4891 2688 4930 ac
2734 4889 2964 4944 perenne
3010 4877 3186 4932 lumen
3227 4896 3254 4933 a
3289 4890 3354 4940 te,
3386 4883 3602 4950 perenni
3632 4881 3831 4937 lumine

2267 4963 2551 5031 accipiant,
2590 4972 2650 5016 ut
2706 4963 2938 5019 tenebrae
2979 4977 3177 5022 nostra:
3232 4967 3828 5036 illuminentur,~mundi

2268 5061 2446 5106 autem
2479 5054 2708 5107 tenebras
2749 5054 2998 5122 fugentur
3031 5075 3042 5109 ε
3078 5057 3155 5112 sic
3184 5059 3360 5116 lumen
3409 5077 3540 5116 mete
3583 5061 3832 5131 lar-giaris

2269 5140 2520 5204 lucernae,
2547 5152 2674 5211 rogo
2697 5149 2773 5206 te,
2799 5143 3023 5199 Domine
3051 5137 3196 5212 Jesu,
3223 5159 3280 5202 ut
3305 5149 3443 5202 illius
3470 5149 3684 5205 luminis
3712 5153 3825 5207 cta—

2275 5232 2436 5285 ritate
2461 5271 2476 5295 ,
2523 5231 2612 5285 illa
2661 5233 2733 5286 ita
2781 5228 2911 5288 mihi
2952 5243 3132 5292 saneto
3175 5246 3478 5293 sanetorum
3516 5244 3827 5310 appareant,

2273 5334 2391 5389 qua
2416 5329 2466 5376 te
2497 5329 2754 5377 auersum
2780 5323 3087 5393 pontiﬁcem
3111 5326 3433 5382 memorum
3475 5329 3527 5383 in
3559 5329 3828 5386 interierit

2272 5412 2372 5468 bus
2395 5411 2571 5483 magni
2599 5413 2739 5467 illius
2775 5416 2849 5468 tui
2895 5418 3075 5486 templi
3108 5417 3200 5471 illo
3249 5418 3535 5474 intrantem
3571 5419 3827 5484 habeant,

2274 5504 2380 5570 quo
2407 5512 2459 5559 te
2473 5504 2672 5575 iugiter
2693 5508 3058 5561 tantummodo
3082 5507 3355 5576 aspiciam,
3389 5509 3706 5574 desiderem,
3729 5522 3828 5563 ex-

2277 5599 2532 5659 spectem.
2565 5591 2795 5647 Tantum
2819 5601 2872 5648 te
2893 5608 3082 5650 amans
3109 5598 3507 5665 concupiscam.
3534 5599 3706 5653 Tuum
3727 5599 3822 5668 sit,
