4286 6224
447 462 552 520 585

1425 456 1816 514 LITURCICA.
1856 485 1923 495 —-
1961 452 2225 510 OFFICIA
2272 452 2399 506 PER
2443 451 2705 506 FERIAS.

1688 33 3841 61 m

3593 445 3694 503 586

446 591 649 649 quaeso,
679 575 749 629 ita
779 582 827 627 te
859 573 1011 627 nobis
1055 570 1388 640 pulsantibus
1414 570 1804 633 demonstrare,
1828 570 2086 645 aman-._A
2115 566 2335 635 spiritus
2358 567 2486 628 mei,
2522 575 2570 619 et
2601 567 2842 633 corporis
2874 582 2977 620 iuet
3016 580 3138 619 cum
3166 563 3416 620 otnutlms
3456 565 3706 635 personis

448 667 655 722 tissime
698 664 943 719 Salvator
986 670 1190 723 noster,
1219 669 1278 713 ut
1306 668 1357 714 te
1394 659 1622 729 amplius
1663 660 2017 729 intelligemus

449 763 503 810 te
536 762 745 810 tantum
782 766 1043 817 amemus,
1076 760 1129 807 te
1176 752 1348 807 solum
1388 751 1475 805 die
1514 765 1577 804 ac
1606 756 1765 805 nocte
1791 748 2017 803 medite-

450 861 593 909 mur,
627 843 781 914 107
812 856 1024 911 semper
1063 841 1130 896 de
1159 848 1211 896 te
1252 841 1592 911 cogitemus:
1623 846 1677 893 ct
1713 839 1765 893 in
1811 845 2017 893 tantum

451 936 607 992 nobis
637 943 782 989 tuam
812 933 1078 1002 inspirare
1108 922 1344 1003 digneris
1368 930 1726 994 dilectionem,
1757 940 2017 998 quantum

451 1025 621 1080 amari
644 1024 809 1079 Deum
832 1023 986 1078 decet
1002 1036 1068 1076 ac
1088 1020 1259 1091 diligi,
1277 1028 1336 1074 ut
1353 1020 1534 1075 omnia
1555 1018 1811 1074 interiora
1838 1024 2019 1071 nostra

450 1122 543 1168 tua
565 1113 784 1185 impleat
797 1112 1030 1175 dilectio,
1048 1118 1294 1179 totosque
1309 1125 1408 1165 nos
1432 1119 1554 1164 tuus
1565 1096 2017 1178 possideatamor,

450 1212 544 1258 tua
586 1202 805 1272 impleat
831 1200 1093 1264 charitas,
1122 1208 1182 1255 ut
1227 1209 1313 1254 tua
1346 1198 1499 1271 igniti
1527 1197 1795 1252 eharitate
1825 1204 2023 1265 pnctcr

452 1302 507 1347 te
549 1291 692 1366 aliud
713 1304 897 1348 amare
929 1290 1252 1353 nesciamus,
1278 1305 1385 1360 quo
1411 1296 1555 1342 tanta
1584 1286 1824 1341 charitas
1869 1284 2023 1354 aquis
2058 1342 2062 1348 ,

454 1380 639 1453 multis
660 1380 820 1450 hujus
844 1382 1007 1444 aeris,
1042 1379 1202 1450 hujus
1231 1389 1409 1443 terrze,
1434 1377 1697 1447 hujusque
1719 1375 1884 1430 maris
1908 1390 2025 1429 exs-

455 1472 627 1542 tingui
670 1471 745 1526 in
772 1470 928 1525 nobis
953 1479 1187 1538 nequeat
1227 1488 1254 1523 :-
1277 1469 1431 1538 juxta
1463 1467 1615 1531 illud,
1652 1465 1816 1536 Αᾳκω
1844 1462 2023 1517 multm

454 1576 557 1615 non
592 1569 829 1631 poterunt
855 1560 1183 1630 exstinguere
1212 1560 1520 1612 charitatcm
1559 1574 1572 1610 :
1605 1556 1750 1626 quod
1786 1554 1839 1610 in
1872 1554 2025 1607 nobis

450 1665 663 1721 quoque
687 1648 943 1720 compleri
978 1648 1063 1704 vel
1104 1663 1171 1703 ex
1216 1655 1367 1717 parte
1394 1647 1535 1701 Deus
1578 1644 1763 1707 faciat,
1790 1643 2025 1696 donante

454 1741 679 1796 Domino
705 1737 1041 1795 nostro'Jesu
1069 1736 1307 1794 Christo.
1851 1757 1854 1759 λ

921 1882 1148 1925 causam:
1180 1886 1302 1924 Αιιιι
1333 1854 1550 1924 ennio.

474 2042 487 2055 ﬁ
521 1985 673 2057 Apud
703 1999 801 2039 nos
831 1983 951 2051 tias,
981 1996 1310 2052 quaesumus,
1345 1980 1593 2042 Domine,
1642 1987 1702 2033 ut
1724 1962 1827 2033 nos
1854 1977 2033 2031 defen-

452 2078 547 2133 das
574 2077 627 2132 in
654 2075 819 2147 gloria
844 2092 856 2125 :
904 2074 1047 2129 intra
1075 2087 1174 2126 nos
1204 2070 1303 2126 ﬁas
1322 2112 1336 2136 ,
1365 2079 1424 2125 ut
1451 2084 1551 2125 nos
1584 2067 1851 2139 recipias:
1884 2066 2031 2120 circa

452 2181 550 2222 nos
575 2165 697 2229 tias,
734 2170 795 2218 ut
822 2151 922 2218 nos
947 2175 1236 2237 conserves
1262 2179 1275 2214 :
1311 2168 1438 2215 ante
1464 2166 1566 2214 nes
1592 2158 1712 2222 tias,
1732 2165 1795 2211 ut
1821 2170 1919 2209 nos
1947 2152 2035 2207 de-

408 2276 413 2281 '
451 2259 617 2314 ducas
640 2276 653 2311 :
678 2270 777 2329 pro
797 2255 951 2311 nobis
978 2257 1099 2318 tias,
1126 2262 1185 2308 ut
1204 2269 1301 2324 pro
1324 2253 1480 2307 nobis
1498 2249 1803 2317 intercetlas
1831 2267 1841 2300 :
1874 2261 2035 2314 super

452 2352 634 2407 omnia
671 2349 788 2413 tias,
833 2354 894 2401 ut
915 2361 1015 2401 nos
1050 2344 1364 2407 benedicas,
1390 2332 1468 2397 'et
1492 2356 1753 2411 provoces
1781 2340 1847 2392 ad
1885 2346 2033 2390 tuum

454 2456 699 2513 regnum,
728 2438 821 2508 qui
845 2437 982 2491 vivis
1004 2442 1058 2491 et
1086 2449 1299 2506 regnas.

513 2539 725 2635 near
752 2570 1113 2633 SABBATO
1146 2570 1227 2631 IN
1271 2566 1602 2630 nouom;
1637 2564 1967 2648 onsutu

991 2668 1473 2733 SANCTORUM

676 2813 931 2871 omne
954 2772 1197 2869 SANcrt
1219 2808 1547 2866 esseom!
1574 2807 1796 2862 eam.

528 2921 671 2982 Deus
700 2925 1039 2994 omnipotens
1076 2922 1236 2977 Pater
1272 2928 1327 2974 et
1356 2919 1525 2974 Filius
1563 2930 1619 2973 et
1646 2918 1879 2988 Spiritus
1920 2934 2041 2971 san-

458 3024 599 3081 ctus,
645 3015 806 3070 unica
835 3012 1071 3068 Trinitas
1097 3011 1150 3066 in
1179 3010 1350 3064 tribus
1377 3008 1645 3080 personis,
1685 3007 1776 3077 qui
1807 3023 1867 3061 es
1898 3007 2038 3061 idem

460 3116 515 3164 et
537 3105 630 3177 qui
654 3120 798 3169 eras,
828 3112 883 3159 et
903 3102 995 3177 qui
1020 3108 1278 3157 venturus
1304 3115 1383 3156 es.
1433 3098 1626 3153 Libera
1650 3112 1757 3162 me,
1788 3095 2036 3161 Domine,

458 3198 528 3253 ab
571 3196 821 3252 omnibus
846 3190 1085 3265 peccatis
1121 3190 1259 3246 meis
1300 3199 1356 3246 et
1381 3190 1483 3245 ista
1526 3188 1873 3252 mortalitate,
1922 3196 1976 3243 et
2008 3203 2037 3240 a

461 3296 636 3345 morte
659 3300 850 3357 paenae,
894 3300 925 3339 a
951 3284 1133 3354 planta
1163 3297 1333 3354 usque
1360 3282 1427 3336 ad
1466 3281 1719 3337 verticem
1742 3320 1757 3344 ,
1797 3280 1945 3334 intus
1986 3286 2043 3334 ct

461 3377 611 3434 foris.
653 3375 973 3432 lntereedite
1010 3390 1110 3444 pro
1148 3388 1236 3428 me
1262 3380 1452 3437 sancta
1492 3372 1772 3426 cherubim
1795 3411 1810 3436 ,
1852 3380 2042 3426 sancta

460 3464 754 3537 seraphim,
792 3463 967 3519 sancti
1003 3462 1205 3528 throni,
1237 3468 1439 3529 sancte
1464 3458 1883 3524 dominationes,
1913 3474 2042 3514 san-

428 3558 535 3614 -cti
563 3557 923 3628 principatus,
971 3562 1172 3609 sancta:
1208 3559 1528 3623 potestates,
1559 3559 1761 3607 sanctae
1789 3551 2041 3611 virtutes.

462 3648 636 3704 sancti
662 3644 861 3717 angeli,
891 3643 1065 3700 sancti
1092 3641 1418 3713 archangeli.
1450 3642 1646 3695 Sancte
1664 3640 1900 3705 Gabriel,
1926 3656 2046 3694 san-

462 3744 546 3791 cte
571 3731 820 3796 Michael,
846 3739 1034 3789 sancte
1064 3730 1323 3802 Raphael,
1356 3720 1508 3791 orate
1543 3744 1641 3801 pro
1670 3746 1774 3785 me.
1818 3730 2047 3785 Interer-

464 3826 573 3881 dite
597 3839 695 3895 pro
720 3839 805 3880 me
824 3862 838 3889 ,
873 3821 1048 3878 sancti
1074 3819 1417 3892 patriarehtc,
1448 3819 1622 3874 sancti
1653 3819 1837 3883 duces,
1869 3820 2043 3873 sancti

457 3911 689 3981 iudices,
726 3912 899 3968 sancti
945 3909 1274 3972 sacerdotes,
1318 3909 1494 3963 sancti
1534 3907 1829 3976 prophetae,
1868 3906 2042 3960 sancti

463 4019 642 4077 reges,
680 4002 851 4059 sancti
880 4000 1190 4063 Machabmi,
1235 3999 1405 4052 sancti
1434 3996 1691 4067 Infantes.
1723 3996 2043 4050 lntcrceditc

464 4110 565 4168 pro
586 4108 672 4149 me
692 4092 946 4149 nativitas
968 4089 1190 4152 Christi,
1218 4086 1417 4143 Christi
1450 4083 1810 4151 circumcisio,
1841 4085 2041 4143 Christi

466 4186 751 4259 baptisma,
780 4182 979 4240 Christi
1018 4180 1284 4252 operatio,
1327 4178 1529 4235 Christi
1557 4179 1809 4243 virtutes,
1838 4178 2041 4234 Christi

465 4278 734 4342 doctrina,
768 4275 971 4333 Christi
999 4289 1157 4339 crux,
1186 4272 1385 4331 Christi
1414 4273 1618 4337 anima,
1662 4271 1864 4329 Christi
1890 4288 2038 4337 caro,

466 4366 670 4425 Christi
698 4354 1042 4428 resItrrectio,
1069 4362 1271 4418 Christi
1296 4361 1601 4425 descensio,
1630 4360 1832 4417 Christi
1855 4372 2043 4417 ascen-

467 4459 569 4514 sio.
600 4455 798 4512 Sancta
837 4452 1027 4518 Maria,
1064 4451 1241 4507 sancti
1265 4449 1519 4522 apostoli,
1564 4449 1737 4505 sancti
1768 4450 2037 4521 discipuli,

2052 1901 2099 1958 Β

2121 657 2256 710 meis
2281 656 2429 709 intus
2459 664 2512 709 et
2545 656 2695 721 furis,
2726 673 2753 709 ιι
2790 655 2970 725 planta
3008 672 3179 725 usque
3205 655 3273 710 ad
3304 656 3558 712 verticem
3585 675 3598 709 :
3633 658 3699 708 \i-

2122 746 2229 810 sui,
2257 746 2486 809 auditui,
2518 746 2788 809 oduralui,
2834 747 3046 816 gustui,
3090 745 3254 799 tactui
3276 786 3291 810 ,
3323 745 3473 800 carni
3500 754 3555 801 et
3582 761 3699 799 san-

2122 834 2268 903 guini
2291 850 2414 887 cum
2445 834 2697 888 omnibus
2725 835 2962 897 ossibus,
3002 842 3058 887 et
3085 834 3289 898 nervis,
3330 842 3387 891 et
3409 835 3705 890 visceribus

2123 926 2279 987 meis.
2325 925 2503 986 venis,
2549 924 2819 989 medullis,
2864 926 3233 997 compagibus,
3270 924 3500 991 artubus
3547 926 3707 990 meis,

2124 1016 2257 1080 cuti,
2286 1016 2554 1071 meatibus
2576 1015 2729 1069 meis.
2781 1015 2886 1070 Per
2914 1024 2967 1071 te
2990 1018 3155 1081 enim,
3178 1015 3305 1072 Jcsu
3334 1015 3567 1080 Christe,
3598 1032 3710 1073 om-

2125 1106 2215 1160 nia
2238 1106 2603 1173 vlviiicautur,
2633 1115 2685 1161 ct
2705 1105 3060 1176 iuspirantur,
3092 1116 3146 1161 et
3176 1114 3472 1172 mutantur,
3497 1116 3553 1164 et
3579 1124 3709 1163 sana

2124 1203 2272 1251 sunt.
2321 1196 2550 1268 Protegc
2590 1214 2696 1261 me,
2731 1196 2976 1259 Dmninc,
3007 1214 3036 1250 a
3077 1197 3285 1251 dextris
3310 1207 3366 1252 et
3390 1215 3419 1252 a
3452 1199 3711 1265 sinistris,

2125 1292 2252 1339 ante
2284 1270 2341 1340 ct
2366 1294 2531 1350 retro,
2580 1286 2771 1340 subtus
2810 1294 2865 1341 et
2888 1301 3067 1355 supra,
3109 1287 3162 1340 in
3195 1302 3340 1351 aere,
3379 1287 3433 1341 in
3463 1296 3626 1354 terra,
3658 1292 3711 1345 in

2124 1376 2304 1443 aquis,
2336 1376 2393 1430 in
2418 1376 2577 1441 mari,
2616 1376 2669 1429 in
2699 1375 2860 1442 ﬂexu,
2890 1376 2949 1430 in
2973 1378 3272 1440 erectiono,
3315 1378 3368 1432 in
3404 1395 3613 1451 gressu,
3660 1381 3714 1434 in

2125 1465 2276 1528 sede,
2307 1465 2363 1520 in
2393 1465 2611 1530 stando,
2640 1466 2694 1521 in
2724 1466 3072 1534 ambulando,
3109 1468 3161 1521 in
3190 1468 3489 1538 vigilando,
3525 1469 3579 1522 in
3603 1470 3717 1523 dor-

2126 1555 2366 1619 mienda,
2397 1556 2452 1609 in
2474 1556 2615 1620 loco,
2644 1555 2697 1609 in
2725 1557 2873 1611 omni
2910 1556 3064 1619 hora,
3098 1558 3153 1611 in
3184 1558 3328 1611 omni
3360 1558 3464 1621 die,
3495 1558 3547 1611 in
3572 1557 3718 1611 omni

2128 1653 2306 1711 nocte,
2338 1646 2394 1699 in
2424 1646 2572 1700 onmi
2604 1646 2731 1699 vita.
2773 1644 2979 1714 Adjuva
3012 1663 3120 1711 me,
3151 1648 3363 1702 custodi
3408 1664 3515 1711 me,
3549 1646 3722 1701 Trini-

2132 1747 2213 1792 tas
2242 1748 2426 1792 sancta
2447 1779 2461 1797 .
2502 1739 2845 1807 omnipotens
2874 1739 3036 1793 Deus.
3079 1741 3272 1795 Libera
3316 1758 3401 1795 me.
3423 1782 3437 1806 ,
3471 1741 3718 1804 Domine.

2130 1829 2198 1882 ab
2253 1830 2401 1883 omni
2453 1828 2596 1884 malo
2634 1831 2940 1900 praeterito,
2990 1833 3243 1901 praesenti
3289 1842 3344 1887 et
3390 1834 3612 1890 l'utnro:
3657 1837 3723 1889 de

2133 1922 2390 1991 periculis
2421 1930 2597 1989 teme,
2642 1932 2696 1976 et
2726 1923 2913 1989 utaris,
2943 1933 2999 1977 et
3029 1926 3268 1979 omnium
3314 1926 3608 1982 bestiarum
3629 1970 3642 1992 ,
3671 1940 3727 1983 ct

2134 2011 2597 2078 phantasmatum,
2641 2020 2697 2065 et
2738 2012 3040 2079 volucrum,
3084 2022 3140 2068 ct
3178 2016 3582 2086 quadrupedum
3608 2060 3622 2083 ,
3671 2028 3727 2072 et

2134 2101 2487 2169 serpentium.
2528 2100 2769 2156 Defende
2801 2119 2885 2157 me
2914 2104 2983 2158 ab
3009 2104 3133 2175 igne
3157 2114 3212 2160 ct
3251 2104 3478 2176 fulgure,
3522 2124 3551 2161 a
3593 2110 3727 2162 toni-

2137 2201 2277 2253 truo,
2323 2206 2352 2245 a
2383 2192 2668 2262 grandine,
2710 2194 2911 2257 a'nivc,
2940 2210 2969 2247 a
2991 2193 3193 2264 pluvia,
3230 2212 3258 2249 a
3286 2197 3480 2263 ventis,
3508 2214 3539 2251 a
3576 2198 3721 2253 hiatu

2138 2292 2317 2344 teme,
2343 2298 2373 2335 a
2419 2283 2654 2347 turbine,
2689 2299 2720 2337 a
2750 2283 2904 2338 terra:
2929 2293 3100 2349 motu,
3127 2286 3197 2340 ab
3222 2287 3475 2343 omnibus
3497 2288 3728 2345 homini-

2137 2370 2235 2424 bus
2267 2371 2444 2435 malis,
2490 2389 2519 2425 a
2554 2372 2851 2439 veneficiis,
2887 2374 2959 2428 ab
2995 2374 3193 2430 invidis
3221 2376 3413 2431 oculis.
3464 2377 3574 2447 Ego
3601 2393 3728 2434 con-

2138 2459 2291 2513 fiteor
2321 2460 2654 2530 impietatem
2689 2463 2899 2531 peccati
2928 2464 3034 2519 mei
3060 2482 3073 2517 :
3119 2475 3376 2535 peccator
3409 2468 3555 2525 enim
3584 2484 3723 2531 sum,

2136 2557 2189 2600 et
2216 2548 2283 2602 dc
2308 2558 2534 2618 peccato
2581 2559 2760 2605 natus.
2796 2550 2876 2609 Tu
2914 2561 3097 2609 autem
3127 2569 3289 2610 verus
3318 2556 3459 2612 Deus
3487 2560 3728 2627 omnipo-

2139 2650 2260 2696 tens
2287 2642 2404 2696 sine
2450 2652 2691 2712 peccato.
2736 2644 2886 2717 Rogo
2924 2645 3139 2702 Patrem
3177 2664 3275 2718 per
3316 2649 3530 2704 Filium.
3580 2650 3728 2721 [lego

2140 2730 2334 2786 Filium
2358 2748 2455 2801 per
2477 2733 2711 2801 Patrem.
2764 2736 2915 2808 Rogo
2944 2737 3203 2806 Spiritum
3229 2747 3477 2795 sanctum
3506 2758 3604 2811 per
3627 2742 3727 2797 Pa-

2140 2830 2277 2876 trem
2307 2831 2359 2877 et
2389 2823 2607 2889 Filium,
2650 2834 2711 2879 ut
2736 2836 2792 2880 et
2826 2828 3007 2881 omnia
3042 2828 3173 2881 vitia
3208 2828 3527 2901 clongcntur
3555 2850 3586 2886 a
3616 2850 3724 2897 me,

2139 2921 2191 2963 et
2234 2928 2426 2967 omnes
2466 2925 2670 2969 sancta:
2712 2916 2943 2972 virtutes
2974 2918 3302 2989 ‘plantcntur
3340 2922 3393 2976 iu
3440 2937 3545 2979 me.
3589 2926 3730 2981 Deus

2141 3002 2426 3069 immense,
2460 3005 2621 3078 ιω
2640 3021 2670 3060 a
2699 3022 2806 3078 quo
2832 3010 3035 3076 omnia,
3059 3025 3157 3080 per
3182 3028 3343 3081 quem
3367 3002 3547 3071 Omnia
3570 3028 3725 3073 sunt:

2143 3095 2196 3147 in
2227 3110 2336 3164 quo
2377 3097 2560 3151 omnia
2587 3098 2728 3153 facta
2760 3109 2907 3165 sunt,
2940 3102 3172 3157 visibilia
3212 3112 3268 3157 et
3292 3104 3600 3174 invisibilia,
3641 3125 3730 3163 su-

2143 3200 2240 3257 pra
2264 3193 2477 3259 tegens,
2506 3195 2561 3243 et
2592 3188 2734 3245 infra
2760 3189 2964 3257 ferens,
3001 3208 3165 3263 opera
3200 3206 3290 3252 tua
3320 3213 3475 3253 cura
3504 3198 3710 3256 circum

2146 3278 2305 3341 dans,
2337 3278 2476 3332 intra
2504 3279 2737 3349 replens.
2766 3280 2988 3336 Custodi
3015 3298 3124 3351 me,
3147 3285 3394 3351 Domine,
3426 3298 3730 3346 creaturam

2144 3373 2291 3420 tuam
2318 3381 2489 3435 usque
2531 3368 2584 3419 iu
2620 3369 3031 3438 sempiternum.
3081 3372 3190 3430 Hos
3217 3392 3405 3433 omnes
3447 3379 3638 3436 invoco
3676 3384 3731 3439 in

2143 3454 2401 3509 attxilium
2433 3471 2630 3511 meum.
2661 3457 2783 3514 Per.

2348 3588 2679 3661 ,Ρδιωιιςδ
2716 3591 2783 3644 IN
2819 3591 3100 3653 liO-NORE
3141 3598 3199 3654 S.
3238 3601 3498 3658 MARMZ.

2216 3725 2397 3795 (Dur.
2421 3728 2590 3795 κων.)
2619 3729 2897 3786 Erueuu'it
2923 3747 3016 3787 cor
3046 3749 3224 3789 meum
3247 3739 3468 3793 verbum
3497 3740 3727 3797 bonum:

2142 3818 2266 3871 dieo
2314 3833 2413 3886 ego
2457 3833 2620 3887 opera
2674 3835 2793 3874 mea
2847 3821 2999 3892 Regi.
3056 3824 3263 3898 Lingua
3318 3846 3437 3884 mea
3491 3832 3732 3892 calamus

2143 3907 2336 3963 scribae
2382 3908 2644 3964 velociter
2690 3911 2999 3968 scribentis.
3063 3914 3353 3986 Speciosus
3403 3920 3571 3978 forma
3622 3942 3733 3995 prae

2145 3995 2269 4051 filiis
2298 3996 2600 4065 hominum,
2632 3999 2827 4057 dili‘usa
2859 4013 2944 4059 est
2963 4006 3134 4075 gratia
3166 4008 3220 4063 in
3251 4008 3408 4066 labiis
3439 4013 3581 4069 tuis:
3616 4028 3736 4088 pro-

2144 4098 2325 4156 pterea
2356 4090 2637 4147 benedixit
2665 4102 2715 4148 te
2740 4092 2885 4163 Deus
2914 4096 2968 4151 in
2990 4105 3274 4154 maternum.
3305 4101 3605 4175 Accingere
3630 4107 3737 4179 gla-

2140 4181 2231 4245 dio
2254 4190 2345 4236 tuo
2371 4196 2535 4251 super
2561 4180 2738 4238 femur
2765 4192 2939 4249 tuum,
2979 4189 3372 4256 potentissime.
3423 4192 3615 4262 Specie
3646 4208 3733 4251 tua

2142 4280 2197 4325 et
2216 4271 2622 4341 pulchritudine
2652 4281 2779 4328 tua:
2814 4277 3056 4340 intende,
3100 4294 3381 4351 prospere,
3411 4289 3643 4353 procede
3679 4301 3730 4345 et

2142 4374 2327 4431 regna.
2363 4359 2589 4432 Propter
2618 4364 2901 4421 veritatem
2932 4376 2985 4421 et
3010 4373 3480 4431 mansuetudinem
3496 4386 3557 4433 ct
3575 4377 3734 4447 justi.

2144 4451 2273 4505 tiam
2300 4468 2313 4504 :
2359 4458 2415 4505 et
2429 4450 2662 4510 deducet
2680 4461 2733 4510 te
2752 4455 3076 4514 mirabiliter
3103 4461 3328 4518 dextera
3348 4462 3465 4520 tua.
3510 4466 3730 4540 Sagitta:

389 4581 396 4587 ε
466 4547 643 4629 sancti
663 4558 1024 4609 successores.
1051 4542 1226 4599 8³ηοῑὶ
1249 4542 1515 4615 baptism.
1542 4542 1714 4597 sane“
1745 4541 2038 4613 prim‘ipcS.
2064 4578 2121 4635 η
2146 4558 2250 4602 tum
2277 4556 2469 4612 acut'c,
2521 4550 2703 4621 populi
2733 4552 2836 4607 sub
2863 4561 2915 4608 te
2944 4556 3142 4612 cadent
3189 4546 3242 4613 in
3285 4561 3450 4616 corda
3489 4563 3734 4619 inimico-

468 4637 642 4695 sancti
680 4638 956 4709 episcopi,
996 4639 1170 4694 sancti
1214 4639 1536 4711 presbyteri,
1582 4638 1757 4695 sancti
1804 4638 2040 4701 diaconi,

469 4727 642 4786 sancti
680 4726 1017 4793 subdiaconi,
1046 4726 1223 4782 sancti
1249 4726 1501 4793 lectores,
1532 4729 1707 4784 sancti
1737 4730 2041 4791 exorcistze.

468 4819 641 4875 sancti
670 4826 953 4889 martyres,
997 4816 1172 4872 sancti
1199 4815 1559 4880 confessum,
1601 4818 1775 4871 sancti
1816 4819 2048 4874 anacho-

470 4917 621 4974 reue,
634 4909 807 4965 sancti
830 4901 1101 4973 monachi,
1124 4905 1294 4962 sancti
1325 4904 1529 4969 clerici,
1551 4907 1726 4959 sancti
1752 4906 1900 4971 laici,
1924 4924 2044 4963 san-

469 5002 568 5051 cta
606 4995 875 5066 virgines,
917 5002 1118 5051 sancta:
1142 5007 1361 5058 uxores,
1393 4992 1568 5048 sancti
1596 4991 1823 5057 domini,
1866 4997 2041 5050 sancti

468 5083 634 5148 servi,
663 5085 835 5139 sancti
874 5084 1092 5149 divites,
1134 5083 1308 5141 sancti
1330 5097 1625 5155 pauperes,
1665 5082 1838 5138 sancti
1868 5082 2050 5140 docto-

469 5189 592 5240 res,
615 5173 789 5230 sancti
812 5173 1031 5239 fratres,
1069 5182 1274 5230 sancta:
1296 5188 1530 5248 sorores.
1575 5169 1775 5228 ﬁmum
1804 5172 2044 5229 omnium

469 5264 791 5339 generaliter
835 5265 1053 5321 nomina
1080 5306 1094 5330 ,
1133 5274 1191 5322 et
1233 5266 1542 5331 memerita,
1589 5274 1647 5320 et
1686 5264 1910 5339 spiritus
1934 5308 1949 5330 ,
1992 5276 2049 5324 et

471 5359 685 5424 animat,
731 5366 785 5414 et
812 5362 1014 5415 sancta
1040 5356 1422 5429 wgitationos,
1463 5364 1519 5413 et
1556 5365 1744 5414 sancta
1772 5357 1962 5423 verba,
1992 5368 2048 5416 et

473 5458 656 5505 sancta
679 5464 863 5520 opera,
892 5457 949 5504 et
979 5448 1171 5503 merita
1206 5447 1262 5501 in
1289 5447 1471 5514 aulis,
1502 5458 1559 5505 et
1586 5449 1827 5522 reliquias
1851 5450 1907 5506 in
1936 5458 2046 5507 ter-

472 5526 569 5603 ris,
593 5545 648 5593 et
668 5538 875 5593 divitia:
892 5535 1151 5592 bonitatis
1177 5533 1273 5590 Dei
1293 5576 1307 5592 .
1328 5544 1386 5591 et
1405 5536 1850 5609 longanintitatis,
1880 5546 1936 5593 et
1956 5553 2049 5609 pa.

472 5629 693 5694 tientiae,
723 5636 780 5684 et
805 5627 1225 5684 misericordia:
1270 5626 1386 5682 haec
1408 5630 1589 5706 omnia
1615 5630 1669 5684 in
1694 5630 1914 5693 nomine
1944 5617 2049 5685 Do;

475 5720 609 5775 mini
642 5720 811 5775 nostri
832 5718 960 5774 .lesu
978 5718 1218 5783 Christi,
1250 5718 1362 5774 sint
1382 5729 1559 5786 scuta,
1588 5720 1699 5776 sint
1724 5710 1909 5792 galeae,
1938 5723 2052 5777 sint

477 5814 754 5875 sanitates,
784 5813 895 5868 sint
917 5809 1190 5878 suifragia,
1231 5810 1340 5863 sint
1375 5809 1558 5867 loricae
1582 5812 1775 5866 animae
1802 5827 1955 5876 mea,
1998 5822 2048 5868 et

792 5906 1065 5970 PATROL.
1108 5907 1209 5973 ΕΙ.

2150 4655 2270 4695 rum
2300 4640 2459 4711 regis.
2485 4640 2654 4699 Sedes
2682 4652 2770 4699 tua
2793 4643 2935 4701 Deus
2957 4648 3011 4703 in
3034 4650 3289 4723 smculom
3320 4655 3500 4710 steculi
3524 4674 3537 4707 :
3581 4656 3730 4729 virga

2149 4731 2483 4796 directionis,
2528 4732 2679 4805 virga
2710 4735 2859 4804 regni
2901 4736 3000 4790 tui.
3051 4736 3294 4796 Dilcxisti
3329 4741 3629 4810 justitiam,
3673 4747 3727 4801 et

2148 4819 2313 4875 odisti
2354 4820 2734 4892 iniquitatem:
2785 4832 3067 4894 propterea
3117 4814 3271 4883 un'xit
3311 4838 3361 4883 te
3401 4830 3564 4897 Deus,
3589 4834 3731 4893 Deus

2152 4917 2276 4965 tttus
2320 4911 2441 4968 oleo
2475 4910 2670 4966 laetitia:
2715 4928 2825 4982 pro:
2867 4918 3211 4973 consortibus
3257 4921 3379 4975 tuis.
3427 4922 3639 4995 Myrrha
3676 4939 3732 4983 et

2151 5007 2374 5074 gutta'et
2400 5003 2547 5058 casia
2572 5016 2602 5055 a
2623 5004 2964 5064 vestimentis
2992 5010 3096 5064 tuis
3114 5025 3145 5063 a
3169 5009 3417 5070 domibus
3441 5016 3728 5077 eburneis:

2152 5103 2221 5144 cx
2246 5089 2444 5159 quibus
2488 5088 2893 5151 delectaverunt
2931 5104 2986 5150 te
3040 5096 3164 5152 tilia:
3207 5113 3395 5171 regum
3441 5103 3495 5160 in
3526 5106 3731 5165 honore

2153 5192 2263 5238 tuo.
2292 5180 2480 5237 Astitit
2496 5180 2703 5254 Regina
2718 5199 2748 5239 a
2771 5184 2978 5242 dextris
3000 5186 3111 5242 tuis
3128 5187 3185 5244 in
3212 5190 3414 5247 vestitu
3440 5193 3724 5254 deaurato:

2151 5271 2483 5348 circumdata
2513 5274 2791 5333 varietate.
2835 5265 2975 5332 Audi
3019 5276 3128 5335 tilia
3157 5288 3213 5337 st
3246 5280 3370 5340 vids
3390 5324 3406 5350 ,
3443 5292 3501 5342 et
3526 5287 3727 5347 inclina

2152 5376 2337 5421 aurem
2377 5369 2562 5419 tuam:
2613 5374 2670 5423 et
2710 5366 3034 5425 obliviscere
3068 5371 3323 5443 populum
3350 5382 3501 5432 tuum
3540 5386 3601 5435 ct
3638 5379 3729 5436 do-

2152 5465 2298 5507 mum
2324 5454 2494 5524 patris
2532 5455 2630 5512 tui.
2660 5456 2729 5513 Et
2754 5458 3102 5529 concupiscet
3125 5460 3241 5518 Rex
3273 5463 3526 5523 decorem
3553 5478 3725 5537 unum.

2153 5539 2405 5610 quoniam
2434 5544 2549 5614 ipse
2575 5553 2661 5601 est
2700 5543 2962 5603 Dominus
2990 5549 3132 5605 Deus
3158 5561 3301 5617 tuus,
3344 5563 3399 5610 et
3426 5536 3726 5620 adorabunt

2139 5642 2295 5695 eum.
2345 5630 2415 5686 Et
2436 5631 2559 5688 tilia:
2581 5631 2708 5704 Tyri
2738 5633 2795 5692 in
2818 5636 3135 5693 muneribus
3160 5656 3173 5692 :
3220 5641 3426 5700 vultum
3465 5655 3614 5704 tuum
3642 5653 3732 5706 de-

2155 5721 2525 5795 precabuntug
2542 5738 2735 5779 omnes
2757 5722 2954 5780 divites
2977 5725 3169 5796 plebis.
3194 5729 3386 5791 Omnis
3409 5736 3577 5808 gloria
3607 5739 3728 5795 tiliae

2156 5813 2299 5881 regis
2334 5813 2404 5886 ab
2427 5815 2593 5878 intus,
2624 5814 2679 5868 in
2711 5815 2939 5872 ﬁmbriis
2966 5820 3166 5886 aureis.
3201 5825 3606 5884 circumamicta
3639 5848 3729 5883 va-

3317 5927 3454 6003 19..
