  <div class='ocr_page' id='page_1' title='image "/cluster/home/n/w/nwhite01/storage/ocr_20150623/101/uva.x000834944/301.png"; bbox 0 0 4262 6194; ppageno 0'>
   <div class='ocr_carea' id='block_1_1' title="bbox 619 286 718 339">
    <p class='ocr_par' dir='ltr' id='par_1_1' title="bbox 619 286 718 339">
     <span class='ocr_line' id='line_1_1' title="bbox 619 286 718 339; baseline 0.03 -3"><span class='ocrx_word' id='word_1_1' title='bbox 619 286 718 339; x_wconf 70' lang='lat'>587</span> 
     </span>
    </p>
   </div>
   <div class='ocr_carea' id='block_1_2' title="bbox 1453 282 3014 343">
    <p class='ocr_par' dir='ltr' id='par_1_2' title="bbox 1453 282 3014 343">
     <span class='ocr_line' id='line_1_2' title="bbox 1453 282 3014 343; baseline 0.003 -7"><span class='ocrx_word' id='word_1_2' title='bbox 1453 285 1506 336; x_wconf 69' lang='lat' dir='ltr'>lt.</span> <span class='ocrx_word' id='word_1_3' title='bbox 1543 285 1601 337; x_wconf 68' lang='grc' dir='ltr'>γ.</span> <span class='ocrx_word' id='word_1_4' title='bbox 1646 283 1867 337; x_wconf 51' lang='grc' dir='ltr'>,λιικιλι</span> <span class='ocrx_word' id='word_1_5' title='bbox 1911 283 2035 338; x_wconf 60' lang='grc' dir='ltr'>εει</span> <span class='ocrx_word' id='word_1_6' title='bbox 2080 282 2355 338; x_wconf 65' lang='grc' dir='ltr'>ᾹΜΖΙΗΝΙ</span> <span class='ocrx_word' id='word_1_7' title='bbox 2393 286 2677 343; x_wconf 66' lang='grc' dir='ltr'>ορειιωι</span> <span class='ocrx_word' id='word_1_8' title='bbox 2714 286 2891 341; x_wconf 72' lang='lat' dir='ltr'>PARS</span> <span class='ocrx_word' id='word_1_9' title='bbox 2928 286 3014 342; x_wconf 80' lang='grc' dir='ltr'>ιν.</span> 
     </span>
    </p>
   </div>
   <div class='ocr_carea' id='block_1_3' title="bbox 3759 295 3860 351">
    <p class='ocr_par' dir='ltr' id='par_1_3' title="bbox 3759 295 3860 351">
     <span class='ocr_line' id='line_1_3' title="bbox 3759 295 3860 351; baseline 0 0"><span class='ocrx_word' id='word_1_10' title='bbox 3759 295 3860 351; x_wconf 82' lang='grc'>588</span> 
     </span>
    </p>
   </div>
   <div class='ocr_carea' id='block_1_4' title="bbox 619 380 3859 477">
    <p class='ocr_par' dir='ltr' id='par_1_4' title="bbox 619 380 3859 477">
     <span class='ocr_line' id='line_1_4' title="bbox 619 380 3859 477; baseline 0.003 -25"><span class='ocrx_word' id='word_1_11' title='bbox 619 397 917 452; x_wconf 81' lang='lat' dir='ltr'>rictati&#39;uus.</span> <span class='ocrx_word' id='word_1_12' title='bbox 989 380 1327 448; x_wconf 62' lang='lat' dir='ltr'>.ttltlurcntur</span> <span class='ocrx_word' id='word_1_13' title='bbox 1389 395 1500 462; x_wconf 71' lang='lat' dir='ltr'>regi</span> <span class='ocrx_word' id='word_1_14' title='bbox 1554 395 1790 464; x_wconf 82' lang='lat' dir='ltr'>virgines</span> <span class='ocrx_word' id='word_1_15' title='bbox 1847 404 1968 462; x_wconf 83' lang='lat' dir='ltr'>post</span> <span class='ocrx_word' id='word_1_16' title='bbox 2016 410 2132 449; x_wconf 88' lang='lat' dir='ltr'>eam</span> <span class='ocrx_word' id='word_1_17' title='bbox 2172 414 2181 446; x_wconf 89' lang='lat'>:</span> <span class='ocrx_word' id='word_1_18' title='bbox 2219 399 2262 457; x_wconf 85' lang='grc' dir='ltr'>Λ</span> <span class='ocrx_word' id='word_1_19' title='bbox 2291 397 2424 462; x_wconf 84' lang='lat' dir='ltr'>Quin</span> <span class='ocrx_word' id='word_1_20' title='bbox 2458 408 2661 454; x_wconf 88' lang='lat' dir='ltr'>rectum</span> <span class='ocrx_word' id='word_1_21' title='bbox 2696 411 2781 454; x_wconf 84' lang='lat' dir='ltr'>est</span> <span class='ocrx_word' id='word_1_22' title='bbox 2827 402 3046 456; x_wconf 90' lang='lat' dir='ltr'>verbum</span> <span class='ocrx_word' id='word_1_23' title='bbox 3092 402 3322 468; x_wconf 84' lang='lat' dir='ltr'>Domini,</span> <span class='ocrx_word' id='word_1_24' title='bbox 3376 405 3430 456; x_wconf 66' lang='lat' dir='ltr'>cit</span> <span class='ocrx_word' id='word_1_25' title='bbox 3473 406 3653 459; x_wconf 89' lang='lat' dir='ltr'>omnia</span> <span class='ocrx_word' id='word_1_26' title='bbox 3680 422 3859 477; x_wconf 75' lang='lat' dir='ltr'>&#39;opera</span> 
     </span>
    </p>
   </div>
   <div class='ocr_carea' id='block_1_5' title="bbox 619 483 2186 556">
    <p class='ocr_par' dir='ltr' id='par_1_5' title="bbox 619 483 2186 556">
     <span class='ocr_line' id='line_1_5' title="bbox 619 483 2186 556; baseline -0.001 -18"><span class='ocrx_word' id='word_1_27' title='bbox 619 488 874 556; x_wconf 71' lang='lat' dir='ltr'>proxima:</span> <span class='ocrx_word' id='word_1_28' title='bbox 899 486 1013 554; x_wconf 83' lang='lat' dir='ltr'>ejus</span> <span class='ocrx_word' id='word_1_29' title='bbox 1037 484 1325 538; x_wconf 72' lang='lat' dir='ltr'>afferentur</span> <span class='ocrx_word' id='word_1_30' title='bbox 1350 485 1466 538; x_wconf 91' lang='lat' dir='ltr'>tibi.</span> <span class='ocrx_word' id='word_1_31' title='bbox 1510 483 1812 538; x_wconf 65' lang='lat' dir='ltr'>Alfi-rentur</span> <span class='ocrx_word' id='word_1_32' title='bbox 1838 484 1891 536; x_wconf 91' lang='lat' dir='ltr'>in</span> <span class='ocrx_word' id='word_1_33' title='bbox 1923 483 2102 537; x_wconf 60' lang='lat' dir='ltr'>Itetitia</span> <span class='ocrx_word' id='word_1_34' title='bbox 2133 494 2186 536; x_wconf 92' lang='lat' dir='ltr'>ct</span> 
     </span>
    </p>
   </div>
   <div class='ocr_carea' id='block_1_6' title="bbox 619 575 2188 644">
    <p class='ocr_par' dir='ltr' id='par_1_6' title="bbox 619 575 2188 644">
     <span class='ocr_line' id='line_1_6' title="bbox 619 575 2188 644; baseline -0.002 -14"><span class='ocrx_word' id='word_1_35' title='bbox 619 578 974 633; x_wconf 76' lang='lat' dir='ltr'>exsultatione</span> <span class='ocrx_word' id='word_1_36' title='bbox 999 596 1010 628; x_wconf 88' lang='lat'>:</span> <span class='ocrx_word' id='word_1_37' title='bbox 1041 575 1374 630; x_wconf 74' lang='lat' dir='ltr'>adducentur</span> <span class='ocrx_word' id='word_1_38' title='bbox 1412 576 1466 629; x_wconf 93' lang='lat' dir='ltr'>in</span> <span class='ocrx_word' id='word_1_39' title='bbox 1493 575 1746 643; x_wconf 88' lang='lat' dir='ltr'>templum</span> <span class='ocrx_word' id='word_1_40' title='bbox 1775 576 1933 644; x_wconf 81' lang='lat' dir='ltr'>regis.</span> <span class='ocrx_word' id='word_1_41' title='bbox 1969 575 2073 630; x_wconf 85' lang='lat' dir='ltr'><strong>Pro</strong></span> <span class='ocrx_word' id='word_1_42' title='bbox 2101 591 2188 643; x_wconf 84' lang='lat' dir='ltr'>pa-</span> 
     </span>
    </p>
   </div>
   <div class='ocr_carea' id='block_1_7' title="bbox 620 664 2187 736">
    <p class='ocr_par' dir='ltr' id='par_1_7' title="bbox 620 664 2187 736">
     <span class='ocr_line' id='line_1_7' title="bbox 620 664 2187 736; baseline -0.002 -16"><span class='ocrx_word' id='word_1_43' title='bbox 620 668 788 721; x_wconf 84' lang='lat' dir='ltr'>tribus</span> <span class='ocrx_word' id='word_1_44' title='bbox 818 667 920 720; x_wconf 88' lang='lat' dir='ltr'>tuis</span> <span class='ocrx_word' id='word_1_45' title='bbox 951 667 1062 718; x_wconf 88' lang='lat' dir='ltr'>nati</span> <span class='ocrx_word' id='word_1_46' title='bbox 1089 673 1215 719; x_wconf 89' lang='lat' dir='ltr'>sunt</span> <span class='ocrx_word' id='word_1_47' title='bbox 1239 665 1334 720; x_wconf 89' lang='lat' dir='ltr'>tibi</span> <span class='ocrx_word' id='word_1_48' title='bbox 1363 664 1457 718; x_wconf 83' lang='lat' dir='ltr'>ﬁlii</span> <span class='ocrx_word' id='word_1_49' title='bbox 1482 683 1494 718; x_wconf 95' lang='lat'>:</span> <span class='ocrx_word' id='word_1_50' title='bbox 1542 667 1836 720; x_wconf 89' lang='lat' dir='ltr'>constitues</span> <span class='ocrx_word' id='word_1_51' title='bbox 1863 682 1953 721; x_wconf 90' lang='lat' dir='ltr'>eos</span> <span class='ocrx_word' id='word_1_52' title='bbox 1991 665 2187 736; x_wconf 84' lang='lat' dir='ltr'>princi-</span> 
     </span>
    </p>
   </div>
   <div class='ocr_carea' id='block_1_8' title="bbox 619 753 2184 825">
    <p class='ocr_par' dir='ltr' id='par_1_8' title="bbox 619 753 2184 825">
     <span class='ocr_line' id='line_1_8' title="bbox 619 753 2184 825; baseline -0.003 -14"><span class='ocrx_word' id='word_1_53' title='bbox 619 774 711 825; x_wconf 79' lang='lat' dir='ltr'>pes</span> <span class='ocrx_word' id='word_1_54' title='bbox 757 773 914 825; x_wconf 88' lang='lat' dir='ltr'>super</span> <span class='ocrx_word' id='word_1_55' title='bbox 950 771 1166 810; x_wconf 88' lang='lat' dir='ltr'>omnem</span> <span class='ocrx_word' id='word_1_56' title='bbox 1199 763 1418 808; x_wconf 89' lang='lat' dir='ltr'>terram.</span> <span class='ocrx_word' id='word_1_57' title='bbox 1469 753 1670 808; x_wconf 86' lang='lat' dir='ltr'>Memor</span> <span class='ocrx_word' id='word_1_58' title='bbox 1695 770 1810 809; x_wconf 76' lang='lat' dir='ltr'>cro</span> <span class='ocrx_word' id='word_1_59' title='bbox 1845 755 2078 808; x_wconf 86' lang='lat' dir='ltr'><strong>nominis</strong></span> <span class='ocrx_word' id='word_1_60' title='bbox 2111 755 2184 806; x_wconf 89' lang='lat' dir='ltr'>tui</span> 
     </span>
    </p>
   </div>
   <div class='ocr_carea' id='block_1_9' title="bbox 621 844 2190 928">
    <p class='ocr_par' dir='ltr' id='par_1_9' title="bbox 621 844 2190 928">
     <span class='ocr_line' id='line_1_9' title="bbox 621 844 2190 928; baseline 0.001 -31"><span class='ocrx_word' id='word_1_61' title='bbox 621 848 670 898; x_wconf 90' lang='lat' dir='ltr'>in</span> <span class='ocrx_word' id='word_1_62' title='bbox 699 847 841 899; x_wconf 89' lang='lat' dir='ltr'>omni</span> <span class='ocrx_word' id='word_1_63' title='bbox 873 845 1215 914; x_wconf 90' lang='lat' dir='ltr'>generatione</span> <span class='ocrx_word' id='word_1_64' title='bbox 1243 853 1295 922; x_wconf 74' lang='lat' dir='ltr'>et</span> <span class='ocrx_word' id='word_1_65' title='bbox 1325 844 1743 914; x_wconf 84' lang='lat' dir='ltr'>generationem.</span> <span class='ocrx_word' id='word_1_66' title='bbox 1775 845 2066 928; x_wconf 70' lang='lat' dir='ltr'>Propterea</span> <span class='ocrx_word' id='word_1_67' title='bbox 2102 861 2190 914; x_wconf 86' lang='lat' dir='ltr'>po—</span> 
     </span>
    </p>
   </div>
   <div class='ocr_carea' id='block_1_10' title="bbox 618 932 2189 1003">
    <p class='ocr_par' dir='ltr' id='par_1_10' title="bbox 618 932 2189 1003">
     <span class='ocr_line' id='line_1_10' title="bbox 618 932 2189 1003; baseline -0.001 -14"><span class='ocrx_word' id='word_1_68' title='bbox 618 937 723 1003; x_wconf 85' lang='lat' dir='ltr'>puli</span> <span class='ocrx_word' id='word_1_69' title='bbox 757 936 1148 989; x_wconf 81' lang='lat' dir='ltr'>conﬁtebuntur</span> <span class='ocrx_word' id='word_1_70' title='bbox 1178 934 1269 988; x_wconf 85' lang='lat' dir='ltr'><strong>tibi</strong></span> <span class='ocrx_word' id='word_1_71' title='bbox 1313 935 1366 988; x_wconf 93' lang='lat' dir='ltr'>in</span> <span class='ocrx_word' id='word_1_72' title='bbox 1397 943 1691 995; x_wconf 61' lang='lat' dir='ltr'>aeternum,</span> <span class='ocrx_word' id='word_1_73' title='bbox 1745 943 1800 987; x_wconf 88' lang='lat' dir='ltr'>et</span> <span class='ocrx_word' id='word_1_74' title='bbox 1837 951 1889 987; x_wconf 88' lang='lat' dir='ltr'>tu</span> <span class='ocrx_word' id='word_1_75' title='bbox 1918 932 2189 989; x_wconf 62' lang='lat' dir='ltr'>sarculum</span> 
     </span>
    </p>
   </div>
   <div class='ocr_carea' id='block_1_11' title="bbox 620 1026 1223 1080">
    <p class='ocr_par' dir='ltr' id='par_1_11' title="bbox 620 1026 1223 1080">
     <span class='ocr_line' id='line_1_11' title="bbox 620 1026 1223 1080; baseline 0 0"><span class='ocrx_word' id='word_1_76' title='bbox 620 1029 820 1080; x_wconf 60' lang='lat' dir='ltr'>seculi.</span> <span class='ocrx_word' id='word_1_77' title='bbox 1219 1026 1223 1032; x_wconf 82' lang='grc'><em>’</em></span> 
     </span>
    </p>
   </div>
   <div class='ocr_carea' id='block_1_12' title="bbox 688 1116 2189 1188">
    <p class='ocr_par' dir='ltr' id='par_1_12' title="bbox 688 1116 2189 1188">
     <span class='ocr_line' id='line_1_12' title="bbox 688 1116 2189 1188; baseline -0.001 -15"><span class='ocrx_word' id='word_1_78' title='bbox 688 1120 888 1173; x_wconf 85' lang='lat' dir='ltr'>Oratio.</span> <span class='ocrx_word' id='word_1_79' title='bbox 922 1119 1132 1172; x_wconf 76' lang='lat' dir='ltr'>Christe</span> <span class='ocrx_word' id='word_1_80' title='bbox 1162 1118 1385 1172; x_wconf 85' lang='lat' dir='ltr'>Domine</span> <span class='ocrx_word' id='word_1_81' title='bbox 1412 1116 1644 1171; x_wconf 68' lang='lat' dir='ltr'>Verbum</span> <span class='ocrx_word' id='word_1_82' title='bbox 1671 1117 1867 1182; x_wconf 89' lang='lat' dir='ltr'>Patris,</span> <span class='ocrx_word' id='word_1_83' title='bbox 1913 1134 2007 1187; x_wconf 88' lang='lat' dir='ltr'>per</span> <span class='ocrx_word' id='word_1_84' title='bbox 2031 1135 2189 1188; x_wconf 85' lang='lat' dir='ltr'>quem</span> 
     </span>
    </p>
   </div>
   <div class='ocr_carea' id='block_1_13' title="bbox 616 1208 2205 1288">
    <p class='ocr_par' dir='ltr' id='par_1_13' title="bbox 616 1208 2205 1288">
     <span class='ocr_line' id='line_1_13' title="bbox 616 1208 2205 1288; baseline 0.001 -30"><span class='ocrx_word' id='word_1_85' title='bbox 616 1220 806 1264; x_wconf 72' lang='lat' dir='ltr'>cuncta</span> <span class='ocrx_word' id='word_1_86' title='bbox 833 1217 1012 1262; x_wconf 82' lang='lat' dir='ltr'>creata</span> <span class='ocrx_word' id='word_1_87' title='bbox 1043 1216 1170 1262; x_wconf 87' lang='lat' dir='ltr'>sunt</span> <span class='ocrx_word' id='word_1_88' title='bbox 1197 1216 1252 1261; x_wconf 87' lang='lat' dir='ltr'>et</span> <span class='ocrx_word' id='word_1_89' title='bbox 1275 1216 1530 1261; x_wconf 82' lang='lat' dir='ltr'>creantur</span> <span class='ocrx_word' id='word_1_90' title='bbox 1555 1225 1564 1259; x_wconf 95' lang='lat'>:</span> <span class='ocrx_word' id='word_1_91' title='bbox 1593 1208 1824 1271; x_wconf 78' lang='lat' dir='ltr'>custodi,</span> <span class='ocrx_word' id='word_1_92' title='bbox 1860 1223 2205 1288; x_wconf 69' lang='lat' dir='ltr'>quaesumus,</span> 
     </span>
    </p>
   </div>
   <div class='ocr_carea' id='block_1_14' title="bbox 616 1299 2194 1370">
    <p class='ocr_par' dir='ltr' id='par_1_14' title="bbox 616 1299 2194 1370">
     <span class='ocr_line' id='line_1_14' title="bbox 616 1299 2194 1370; baseline 0 -18"><span class='ocrx_word' id='word_1_93' title='bbox 616 1299 908 1356; x_wconf 78' lang='lat' dir='ltr'>Ecclesium</span> <span class='ocrx_word' id='word_1_94' title='bbox 933 1310 1078 1355; x_wconf 85' lang='lat' dir='ltr'>tuam</span> <span class='ocrx_word' id='word_1_95' title='bbox 1115 1299 1373 1351; x_wconf 75' lang='lat' dir='ltr'>varietate</span> <span class='ocrx_word' id='word_1_96' title='bbox 1399 1299 1640 1369; x_wconf 89' lang='lat' dir='ltr'>gentium</span> <span class='ocrx_word' id='word_1_97' title='bbox 1669 1309 2048 1370; x_wconf 81' lang='lat' dir='ltr'>congregatum</span> <span class='ocrx_word' id='word_1_98' title='bbox 2077 1339 2092 1364; x_wconf 93' lang='lat'>,</span> <span class='ocrx_word' id='word_1_99' title='bbox 2135 1309 2194 1352; x_wconf 90' lang='lat' dir='ltr'>ut</span> 
     </span>
    </p>
   </div>
   <div class='ocr_carea' id='block_1_15' title="bbox 615 1389 2193 1460">
    <p class='ocr_par' dir='ltr' id='par_1_15' title="bbox 615 1389 2193 1460">
     <span class='ocr_line' id='line_1_15' title="bbox 615 1389 2193 1460; baseline -0.001 -16"><span class='ocrx_word' id='word_1_100' title='bbox 615 1394 739 1450; x_wconf 81' lang='lat' dir='ltr'>dum</span> <span class='ocrx_word' id='word_1_101' title='bbox 773 1401 823 1444; x_wconf 87' lang='lat' dir='ltr'>te</span> <span class='ocrx_word' id='word_1_102' title='bbox 849 1407 910 1444; x_wconf 78' lang='lat' dir='ltr'>ex</span> <span class='ocrx_word' id='word_1_103' title='bbox 943 1391 1056 1458; x_wconf 80' lang='lat' dir='ltr'>ipsa</span> <span class='ocrx_word' id='word_1_104' title='bbox 1086 1389 1644 1458; x_wconf 83' lang='lat' dir='ltr'>credulitatisjustitia</span> <span class='ocrx_word' id='word_1_105' title='bbox 1675 1390 1834 1444; x_wconf 90' lang='lat' dir='ltr'>corde</span> <span class='ocrx_word' id='word_1_106' title='bbox 1857 1406 1993 1458; x_wconf 89' lang='lat' dir='ltr'>puro</span> <span class='ocrx_word' id='word_1_107' title='bbox 2019 1390 2193 1460; x_wconf 84' lang='lat' dir='ltr'>diligi-</span> 
     </span>
    </p>
   </div>
   <div class='ocr_carea' id='block_1_16' title="bbox 617 1481 2194 1553">
    <p class='ocr_par' dir='ltr' id='par_1_16' title="bbox 617 1481 2194 1553">
     <span class='ocr_line' id='line_1_16' title="bbox 617 1481 2194 1553; baseline -0.001 -17"><span class='ocrx_word' id='word_1_108' title='bbox 617 1501 758 1546; x_wconf 86' lang='lat' dir='ltr'>mus,</span> <span class='ocrx_word' id='word_1_109' title='bbox 783 1482 1137 1551; x_wconf 77' lang='lat' dir='ltr'>principatum</span> <span class='ocrx_word' id='word_1_110' title='bbox 1166 1482 1349 1535; x_wconf 82' lang='lat' dir='ltr'>:eterni</span> <span class='ocrx_word' id='word_1_111' title='bbox 1370 1481 1549 1536; x_wconf 80' lang='lat' dir='ltr'>saeculi</span> <span class='ocrx_word' id='word_1_112' title='bbox 1572 1497 1696 1536; x_wconf 88' lang='lat' dir='ltr'>eum</span> <span class='ocrx_word' id='word_1_113' title='bbox 1718 1481 1966 1536; x_wconf 69' lang='lat' dir='ltr'>Pati-ibus</span> <span class='ocrx_word' id='word_1_114' title='bbox 1994 1497 2194 1553; x_wconf 86' lang='lat' dir='ltr'>merca-</span> 
     </span>
    </p>
   </div>
   <div class='ocr_carea' id='block_1_17' title="bbox 619 1558 909 1627">
    <p class='ocr_par' dir='ltr' id='par_1_17' title="bbox 619 1558 909 1627">
     <span class='ocr_line' id='line_1_17' title="bbox 619 1558 909 1627; baseline -0.007 -1"><span class='ocrx_word' id='word_1_115' title='bbox 619 1591 754 1627; x_wconf 86' lang='lat' dir='ltr'>mur.</span> <span class='ocrx_word' id='word_1_116' title='bbox 790 1558 909 1627; x_wconf 39' lang='lat' dir='ltr'>l’c‘r.</span> 
     </span>
    </p>
   </div>
   <div class='ocr_carea' id='block_1_18' title="bbox 627 1661 2189 1731">
    <p class='ocr_par' dir='ltr' id='par_1_18' title="bbox 627 1661 2189 1731">
     <span class='ocr_line' id='line_1_18' title="bbox 627 1661 2189 1731; baseline 0.001 -17"><span class='ocrx_word' id='word_1_117' title='bbox 627 1695 633 1703; x_wconf 74' lang='grc' dir='ltr'>ι</span> <span class='ocrx_word' id='word_1_118' title='bbox 667 1662 800 1723; x_wconf 68' lang='grc' dir='ltr'>,Λιὶα</span> <span class='ocrx_word' id='word_1_119' title='bbox 831 1663 1016 1716; x_wconf 85' lang='lat' dir='ltr'>oratio.</span> <span class='ocrx_word' id='word_1_120' title='bbox 1050 1662 1276 1716; x_wconf 81' lang='lat' dir='ltr'>Domine</span> <span class='ocrx_word' id='word_1_121' title='bbox 1305 1661 1446 1717; x_wconf 89' lang='lat' dir='ltr'>Deus</span> <span class='ocrx_word' id='word_1_122' title='bbox 1493 1669 1698 1727; x_wconf 87' lang='lat' dir='ltr'>uoster,</span> <span class='ocrx_word' id='word_1_123' title='bbox 1729 1662 1902 1731; x_wconf 75' lang='lat' dir='ltr'>.Cujus</span> <span class='ocrx_word' id='word_1_124' title='bbox 1933 1662 2090 1717; x_wconf 88' lang='lat' dir='ltr'>sedes</span> <span class='ocrx_word' id='word_1_125' title='bbox 2135 1663 2189 1716; x_wconf 93' lang='lat' dir='ltr'>in</span> 
     </span>
    </p>
   </div>
   <div class='ocr_carea' id='block_1_19' title="bbox 2284 486 3873 564">
    <p class='ocr_par' dir='ltr' id='par_1_19' title="bbox 2284 486 3873 564">
     <span class='ocr_line' id='line_1_19' title="bbox 2284 486 3873 564; baseline 0.009 -25"><span class='ocrx_word' id='word_1_126' title='bbox 2284 486 2400 553; x_wconf 73' lang='lat' dir='ltr'>ejus</span> <span class='ocrx_word' id='word_1_127' title='bbox 2441 489 2493 540; x_wconf 90' lang='lat' dir='ltr'>in</span> <span class='ocrx_word' id='word_1_128' title='bbox 2527 489 2648 544; x_wconf 85' lang='lat' dir='ltr'>ﬁde.</span> <span class='ocrx_word' id='word_1_129' title='bbox 2690 490 2870 560; x_wconf 87' lang='lat' dir='ltr'>Diligit</span> <span class='ocrx_word' id='word_1_130' title='bbox 2901 491 3322 546; x_wconf 86' lang='lat' dir='ltr'>miscricordiam</span> <span class='ocrx_word' id='word_1_131' title='bbox 3358 503 3414 547; x_wconf 87' lang='lat' dir='ltr'>et</span> <span class='ocrx_word' id='word_1_132' title='bbox 3436 494 3732 564; x_wconf 83' lang='lat' dir='ltr'>judicium:</span> <span class='ocrx_word' id='word_1_133' title='bbox 3768 500 3873 554; x_wconf 83' lang='lat' dir='ltr'>mi-</span> 
     </span>
    </p>
   </div>
   <div class='ocr_carea' id='block_1_20' title="bbox 2285 578 3867 652">
    <p class='ocr_par' dir='ltr' id='par_1_20' title="bbox 2285 578 3867 652">
     <span class='ocr_line' id='line_1_20' title="bbox 2285 578 3867 652; baseline 0.008 -22"><span class='ocrx_word' id='word_1_134' title='bbox 2285 578 2577 632; x_wconf 78' lang='lat' dir='ltr'>sericordia</span> <span class='ocrx_word' id='word_1_135' title='bbox 2620 580 2831 634; x_wconf 89' lang='lat' dir='ltr'>Domini</span> <span class='ocrx_word' id='word_1_136' title='bbox 2877 581 3035 649; x_wconf 85' lang='lat' dir='ltr'>plena</span> <span class='ocrx_word' id='word_1_137' title='bbox 3085 591 3168 637; x_wconf 89' lang='lat' dir='ltr'>est</span> <span class='ocrx_word' id='word_1_138' title='bbox 3210 591 3371 652; x_wconf 80' lang='lat' dir='ltr'>terra.</span> <span class='ocrx_word' id='word_1_139' title='bbox 3429 583 3601 640; x_wconf 87' lang='lat' dir='ltr'>Verbo</span> <span class='ocrx_word' id='word_1_140' title='bbox 3646 586 3867 642; x_wconf 88' lang='lat' dir='ltr'>Domini</span> 
     </span>
    </p>
   </div>
   <div class='ocr_carea' id='block_1_21' title="bbox 2285 667 3864 744">
    <p class='ocr_par' dir='ltr' id='par_1_21' title="bbox 2285 667 3864 744">
     <span class='ocr_line' id='line_1_21' title="bbox 2285 667 3864 744; baseline 0.008 -25"><span class='ocrx_word' id='word_1_141' title='bbox 2285 667 2406 720; x_wconf 66' lang='lat' dir='ltr'>caeli</span> <span class='ocrx_word' id='word_1_142' title='bbox 2440 668 2636 723; x_wconf 88' lang='lat' dir='ltr'>firmati</span> <span class='ocrx_word' id='word_1_143' title='bbox 2673 677 2834 724; x_wconf 90' lang='lat' dir='ltr'>sunt:</span> <span class='ocrx_word' id='word_1_144' title='bbox 2869 681 2926 725; x_wconf 89' lang='lat' dir='ltr'>et</span> <span class='ocrx_word' id='word_1_145' title='bbox 2959 672 3156 742; x_wconf 85' lang='lat' dir='ltr'>spiritu</span> <span class='ocrx_word' id='word_1_146' title='bbox 3195 674 3453 744; x_wconf 85' lang='lat' dir='ltr'>orisejus</span> <span class='ocrx_word' id='word_1_147' title='bbox 3488 677 3666 731; x_wconf 87' lang='lat' dir='ltr'>omnis</span> <span class='ocrx_word' id='word_1_148' title='bbox 3692 678 3864 732; x_wconf 87' lang='lat' dir='ltr'>virtus</span> 
     </span>
    </p>
   </div>
   <div class='ocr_carea' id='block_1_22' title="bbox 2286 746 3866 838">
    <p class='ocr_par' dir='ltr' id='par_1_22' title="bbox 2286 746 3866 838">
     <span class='ocr_line' id='line_1_22' title="bbox 2286 746 3866 838; baseline 0.008 -31"><span class='ocrx_word' id='word_1_149' title='bbox 2286 770 2490 809; x_wconf 88' lang='lat' dir='ltr'>eorum.</span> <span class='ocrx_word' id='word_1_150' title='bbox 2533 758 2875 829; x_wconf 84' lang='lat' dir='ltr'>Congregaus</span> <span class='ocrx_word' id='word_1_151' title='bbox 2911 761 3055 815; x_wconf 88' lang='lat' dir='ltr'>sicut</span> <span class='ocrx_word' id='word_1_152' title='bbox 3089 763 3144 816; x_wconf 90' lang='lat' dir='ltr'>in</span> <span class='ocrx_word' id='word_1_153' title='bbox 3180 771 3298 818; x_wconf 89' lang='lat' dir='ltr'>utre</span> <span class='ocrx_word' id='word_1_154' title='bbox 3330 746 3496 834; x_wconf 76' lang='lat' dir='ltr'>aquas</span> <span class='ocrx_word' id='word_1_155' title='bbox 3531 768 3697 822; x_wconf 89' lang='lat' dir='ltr'>maris</span> <span class='ocrx_word' id='word_1_156' title='bbox 3721 785 3739 822; x_wconf 87' lang='lat'>:</span> <span class='ocrx_word' id='word_1_157' title='bbox 3774 784 3866 838; x_wconf 90' lang='lat' dir='ltr'>po-</span> 
     </span>
    </p>
   </div>
   <div class='ocr_carea' id='block_1_23' title="bbox 2288 846 3865 921">
    <p class='ocr_par' dir='ltr' id='par_1_23' title="bbox 2288 846 3865 921">
     <span class='ocr_line' id='line_1_23' title="bbox 2288 846 3865 921; baseline 0.011 -25"><span class='ocrx_word' id='word_1_158' title='bbox 2288 860 2422 899; x_wconf 90' lang='lat' dir='ltr'>nens</span> <span class='ocrx_word' id='word_1_159' title='bbox 2460 846 2514 898; x_wconf 90' lang='lat' dir='ltr'>in</span> <span class='ocrx_word' id='word_1_160' title='bbox 2543 847 2809 904; x_wconf 83' lang='lat' dir='ltr'>thesauris</span> <span class='ocrx_word' id='word_1_161' title='bbox 2842 852 3082 921; x_wconf 79' lang='lat' dir='ltr'>abyssos.</span> <span class='ocrx_word' id='word_1_162' title='bbox 3133 853 3341 908; x_wconf 86' lang='lat' dir='ltr'>Timeat</span> <span class='ocrx_word' id='word_1_163' title='bbox 3373 855 3657 918; x_wconf 86' lang='lat' dir='ltr'>Dominum</span> <span class='ocrx_word' id='word_1_164' title='bbox 3686 859 3865 914; x_wconf 84' lang='lat' dir='ltr'>omnis</span> 
     </span>
    </p>
   </div>
   <div class='ocr_carea' id='block_1_24' title="bbox 2290 938 3867 1003">
    <p class='ocr_par' dir='ltr' id='par_1_24' title="bbox 2290 938 3867 1003">
     <span class='ocr_line' id='line_1_24' title="bbox 2290 938 3867 1003; baseline 0.009 -14"><span class='ocrx_word' id='word_1_165' title='bbox 2290 945 2431 991; x_wconf 88' lang='lat' dir='ltr'>terra</span> <span class='ocrx_word' id='word_1_166' title='bbox 2461 957 2472 990; x_wconf 89' lang='lat'>:</span> <span class='ocrx_word' id='word_1_167' title='bbox 2503 938 2574 992; x_wconf 82' lang='lat' dir='ltr'>ab</span> <span class='ocrx_word' id='word_1_168' title='bbox 2603 955 2666 994; x_wconf 91' lang='lat' dir='ltr'>eo</span> <span class='ocrx_word' id='word_1_169' title='bbox 2689 949 2866 996; x_wconf 88' lang='lat' dir='ltr'>autem</span> <span class='ocrx_word' id='word_1_170' title='bbox 2895 953 3334 999; x_wconf 77' lang='lat' dir='ltr'>commoveantur</span> <span class='ocrx_word' id='word_1_171' title='bbox 3353 962 3544 1002; x_wconf 81' lang='lat' dir='ltr'>onmes</span> <span class='ocrx_word' id='word_1_172' title='bbox 3567 948 3867 1003; x_wconf 85' lang='lat' dir='ltr'>inhabitan-</span> 
     </span>
    </p>
   </div>
   <div class='ocr_carea' id='block_1_25' title="bbox 2291 1030 3866 1106">
    <p class='ocr_par' dir='ltr' id='par_1_25' title="bbox 2291 1030 3866 1106">
     <span class='ocr_line' id='line_1_25' title="bbox 2291 1030 3866 1106; baseline 0.008 -26"><span class='ocrx_word' id='word_1_173' title='bbox 2291 1035 2370 1080; x_wconf 85' lang='lat' dir='ltr'>tes</span> <span class='ocrx_word' id='word_1_174' title='bbox 2397 1030 2908 1097; x_wconf 37' lang='lat' dir='ltr'>orbem..Quoniam</span> <span class='ocrx_word' id='word_1_175' title='bbox 2939 1033 3054 1102; x_wconf 84' lang='lat' dir='ltr'>ipse</span> <span class='ocrx_word' id='word_1_176' title='bbox 3081 1034 3243 1100; x_wconf 75' lang='lat' dir='ltr'>dixit,</span> <span class='ocrx_word' id='word_1_177' title='bbox 3284 1042 3340 1089; x_wconf 90' lang='lat' dir='ltr'>et</span> <span class='ocrx_word' id='word_1_178' title='bbox 3373 1035 3514 1090; x_wconf 87' lang='lat' dir='ltr'>facta</span> <span class='ocrx_word' id='word_1_179' title='bbox 3546 1045 3708 1094; x_wconf 92' lang='lat' dir='ltr'>sunt:</span> <span class='ocrx_word' id='word_1_180' title='bbox 3751 1038 3866 1106; x_wconf 81' lang='lat' dir='ltr'>ipse</span> 
     </span>
    </p>
   </div>
   <div class='ocr_carea' id='block_1_26' title="bbox 2289 1118 3863 1196">
    <p class='ocr_par' dir='ltr' id='par_1_26' title="bbox 2289 1118 3863 1196">
     <span class='ocr_line' id='line_1_26' title="bbox 2289 1118 3863 1196; baseline 0.007 -27"><span class='ocrx_word' id='word_1_181' title='bbox 2289 1118 2584 1182; x_wconf 77' lang='lat' dir='ltr'>mandavit,</span> <span class='ocrx_word' id='word_1_182' title='bbox 2611 1129 2666 1175; x_wconf 90' lang='lat' dir='ltr'>et</span> <span class='ocrx_word' id='word_1_183' title='bbox 2698 1130 2879 1175; x_wconf 85' lang='lat' dir='ltr'>creata</span> <span class='ocrx_word' id='word_1_184' title='bbox 2901 1133 3044 1177; x_wconf 80' lang='lat' dir='ltr'>sunt.</span> <span class='ocrx_word' id='word_1_185' title='bbox 3075 1124 3337 1184; x_wconf 86' lang='lat' dir='ltr'>Dominus</span> <span class='ocrx_word' id='word_1_186' title='bbox 3379 1127 3607 1196; x_wconf 83' lang='lat' dir='ltr'>dissipat</span> <span class='ocrx_word' id='word_1_187' title='bbox 3639 1129 3863 1182; x_wconf 85' lang='lat' dir='ltr'>consilia</span> 
     </span>
    </p>
   </div>
   <div class='ocr_carea' id='block_1_27' title="bbox 2281 1207 3864 1287">
    <p class='ocr_par' dir='ltr' id='par_1_27' title="bbox 2281 1207 3864 1287">
     <span class='ocr_line' id='line_1_27' title="bbox 2281 1207 3864 1287; baseline 0.011 -30"><span class='ocrx_word' id='word_1_188' title='bbox 2281 1207 2568 1274; x_wconf 76' lang='lat' dir='ltr'>gen-tium:</span> <span class='ocrx_word' id='word_1_189' title='bbox 2619 1211 2872 1278; x_wconf 82' lang='lat' dir='ltr'>reprobat</span> <span class='ocrx_word' id='word_1_190' title='bbox 2919 1221 3097 1268; x_wconf 86' lang='lat' dir='ltr'>autem</span> <span class='ocrx_word' id='word_1_191' title='bbox 3146 1216 3498 1287; x_wconf 81' lang='lat' dir='ltr'>cogitationes</span> <span class='ocrx_word' id='word_1_192' title='bbox 3531 1218 3864 1287; x_wconf 87' lang='lat' dir='ltr'>populorum,</span> 
     </span>
    </p>
   </div>
   <div class='ocr_carea' id='block_1_28' title="bbox 2291 1288 3869 1374">
    <p class='ocr_par' dir='ltr' id='par_1_28' title="bbox 2291 1288 3869 1374">
     <span class='ocr_line' id='line_1_28' title="bbox 2291 1288 3869 1374; baseline 0.008 -25"><span class='ocrx_word' id='word_1_193' title='bbox 2291 1303 2346 1349; x_wconf 90' lang='lat' dir='ltr'>et</span> <span class='ocrx_word' id='word_1_194' title='bbox 2389 1298 2640 1366; x_wconf 86' lang='lat' dir='ltr'>reprobat</span> <span class='ocrx_word' id='word_1_195' title='bbox 2691 1288 2912 1355; x_wconf 63' lang='lat' dir='ltr'>cons—iiia</span> <span class='ocrx_word' id='word_1_196' title='bbox 2962 1305 3286 1374; x_wconf 89' lang='lat' dir='ltr'>principum.</span> <span class='ocrx_word' id='word_1_197' title='bbox 3341 1307 3640 1362; x_wconf 83' lang='lat' dir='ltr'>Consilium</span> <span class='ocrx_word' id='word_1_198' title='bbox 3688 1317 3869 1363; x_wconf 79' lang='lat' dir='ltr'>autem</span> 
     </span>
    </p>
   </div>
   <div class='ocr_carea' id='block_1_29' title="bbox 2294 1385 3868 1467">
    <p class='ocr_par' dir='ltr' id='par_1_29' title="bbox 2294 1385 3868 1467">
     <span class='ocr_line' id='line_1_29' title="bbox 2294 1385 3868 1467; baseline 0.008 -29"><span class='ocrx_word' id='word_1_199' title='bbox 2294 1385 2504 1440; x_wconf 90' lang='lat' dir='ltr'>Domini</span> <span class='ocrx_word' id='word_1_200' title='bbox 2541 1388 2595 1441; x_wconf 89' lang='lat' dir='ltr'><strong>in</strong></span> <span class='ocrx_word' id='word_1_201' title='bbox 2625 1397 2885 1445; x_wconf 73' lang='lat' dir='ltr'>:eternum</span> <span class='ocrx_word' id='word_1_202' title='bbox 2915 1403 3129 1449; x_wconf 87' lang='lat' dir='ltr'>manet:</span> <span class='ocrx_word' id='word_1_203' title='bbox 3171 1397 3524 1467; x_wconf 67' lang='lat' dir='ltr'>cogitationes</span> <span class='ocrx_word' id='word_1_204' title='bbox 3551 1399 3730 1453; x_wconf 86' lang='lat' dir='ltr'>cordis</span> <span class='ocrx_word' id='word_1_205' title='bbox 3752 1398 3868 1467; x_wconf 86' lang='lat' dir='ltr'>ejus</span> 
     </span>
    </p>
   </div>
   <div class='ocr_carea' id='block_1_30' title="bbox 2295 1475 3869 1559">
    <p class='ocr_par' dir='ltr' id='par_1_30' title="bbox 2295 1475 3869 1559">
     <span class='ocr_line' id='line_1_30' title="bbox 2295 1475 3869 1559; baseline 0.011 -32"><span class='ocrx_word' id='word_1_206' title='bbox 2295 1475 2348 1528; x_wconf 91' lang='lat' dir='ltr'>in</span> <span class='ocrx_word' id='word_1_207' title='bbox 2394 1478 2738 1546; x_wconf 79' lang='lat' dir='ltr'>generatione</span> <span class='ocrx_word' id='word_1_208' title='bbox 2766 1490 2820 1534; x_wconf 89' lang='lat' dir='ltr'>et</span> <span class='ocrx_word' id='word_1_209' title='bbox 2853 1485 3274 1551; x_wconf 82' lang='lat' dir='ltr'>generationem.</span> <span class='ocrx_word' id='word_1_210' title='bbox 3319 1486 3482 1540; x_wconf 89' lang='lat' dir='ltr'>Beata</span> <span class='ocrx_word' id='word_1_211' title='bbox 3513 1504 3676 1559; x_wconf 82' lang='lat' dir='ltr'>gens,</span> <span class='ocrx_word' id='word_1_212' title='bbox 3716 1491 3869 1559; x_wconf 81' lang='lat' dir='ltr'>cujus</span> 
     </span>
    </p>
   </div>
   <div class='ocr_carea' id='block_1_31' title="bbox 2293 1564 3871 1648">
    <p class='ocr_par' dir='ltr' id='par_1_31' title="bbox 2293 1564 3871 1648">
     <span class='ocr_line' id='line_1_31' title="bbox 2293 1564 3871 1648; baseline 0.01 -31"><span class='ocrx_word' id='word_1_213' title='bbox 2293 1572 2376 1617; x_wconf 89' lang='lat' dir='ltr'>est</span> <span class='ocrx_word' id='word_1_214' title='bbox 2403 1564 2832 1626; x_wconf 78' lang='lat' dir='ltr'>Dominus-Deus</span> <span class='ocrx_word' id='word_1_215' title='bbox 2868 1569 2983 1638; x_wconf 89' lang='lat' dir='ltr'>ejus</span> <span class='ocrx_word' id='word_1_216' title='bbox 3008 1591 3019 1624; x_wconf 90' lang='lat'>:</span> <span class='ocrx_word' id='word_1_217' title='bbox 3058 1573 3282 1642; x_wconf 90' lang='lat' dir='ltr'>populus</span> <span class='ocrx_word' id='word_1_218' title='bbox 3309 1591 3468 1643; x_wconf 85' lang='lat' dir='ltr'>quem</span> <span class='ocrx_word' id='word_1_219' title='bbox 3497 1578 3658 1648; x_wconf 78' lang='lat' dir='ltr'>elegit</span> <span class='ocrx_word' id='word_1_220' title='bbox 3691 1580 3742 1632; x_wconf 92' lang='lat' dir='ltr'>in</span> <span class='ocrx_word' id='word_1_221' title='bbox 3765 1579 3871 1633; x_wconf 54' lang='lat' dir='ltr'>hai—</span> 
     </span>
    </p>
   </div>
   <div class='ocr_carea' id='block_1_32' title="bbox 2278 1655 3872 1734">
    <p class='ocr_par' dir='ltr' id='par_1_32' title="bbox 2278 1655 3872 1734">
     <span class='ocr_line' id='line_1_32' title="bbox 2278 1655 3872 1734; baseline 0.011 -27"><span class='ocrx_word' id='word_1_222' title='bbox 2278 1655 2575 1712; x_wconf 87' lang='lat' dir='ltr'>-reditatem</span> <span class='ocrx_word' id='word_1_223' title='bbox 2623 1657 2748 1711; x_wconf 86' lang='lat' dir='ltr'><strong>sibi.</strong></span> <span class='ocrx_word' id='word_1_224' title='bbox 2804 1659 2878 1713; x_wconf 89' lang='lat' dir='ltr'>De</span> <span class='ocrx_word' id='word_1_225' title='bbox 2927 1661 3064 1715; x_wconf 73' lang='lat' dir='ltr'>cwlo</span> <span class='ocrx_word' id='word_1_226' title='bbox 3100 1666 3341 1733; x_wconf 79' lang='lat' dir='ltr'>respexit</span> <span class='ocrx_word' id='word_1_227' title='bbox 3390 1665 3681 1734; x_wconf 85' lang='lat' dir='ltr'>Dominus,</span> <span class='ocrx_word' id='word_1_228' title='bbox 3736 1669 3872 1724; x_wconf 88' lang='lat' dir='ltr'>vidit</span> 
     </span>
    </p>
   </div>
   <div class='ocr_carea' id='block_1_33' title="bbox 543 1735 3870 1823">
    <p class='ocr_par' dir='ltr' id='par_1_33' title="bbox 543 1735 3870 1823">
     <span class='ocr_line' id='line_1_33' title="bbox 543 1735 3870 1823; baseline 0.008 -24"><span class='ocrx_word' id='word_1_229' title='bbox 543 1751 868 1814; x_wconf 39' lang='lat' dir='ltr'>.._,sa‘.eulum</span> <span class='ocrx_word' id='word_1_230' title='bbox 898 1753 1077 1806; x_wconf 64' lang='lat' dir='ltr'>seculi</span> <span class='ocrx_word' id='word_1_231' title='bbox 1100 1745 1279 1808; x_wconf 85' lang='lat' dir='ltr'>manet</span> <span class='ocrx_word' id='word_1_232' title='bbox 1305 1772 1317 1804; x_wconf 90' lang='lat'>:</span> <span class='ocrx_word' id='word_1_233' title='bbox 1362 1761 1574 1822; x_wconf 69' lang='lat' dir='ltr'>praesta,</span> <span class='ocrx_word' id='word_1_234' title='bbox 1605 1762 1666 1806; x_wconf 91' lang='lat' dir='ltr'>ut</span> <span class='ocrx_word' id='word_1_235' title='bbox 1690 1753 1808 1816; x_wconf 92' lang='lat' dir='ltr'>tibi,</span> <span class='ocrx_word' id='word_1_236' title='bbox 1839 1753 1954 1806; x_wconf 81' lang='lat' dir='ltr'>Rex</span> <span class='ocrx_word' id='word_1_237' title='bbox 1982 1759 2201 1817; x_wconf 69' lang='lat' dir='ltr'>noster,</span> <span class='ocrx_word' id='word_1_238' title='bbox 2220 1735 2264 1795; x_wconf 68' lang='grc' dir='ltr'><strong>Β</strong></span> <span class='ocrx_word' id='word_1_239' title='bbox 2290 1758 2478 1798; x_wconf 71' lang='lat' dir='ltr'>omnes</span> <span class='ocrx_word' id='word_1_240' title='bbox 2509 1745 2646 1800; x_wconf 69' lang='grc' dir='ltr'>ίίῖίοῧ</span> <span class='ocrx_word' id='word_1_241' title='bbox 2675 1746 2971 1804; x_wconf 61' lang='lat' dir='ltr'><strong>hominum</strong></span> <span class='ocrx_word' id='word_1_242' title='bbox 3008 1751 3081 1806; x_wconf 61' lang='lat' dir='ltr'>De</span> <span class='ocrx_word' id='word_1_243' title='bbox 3115 1765 3412 1823; x_wconf 59' lang='grc' dir='ltr'>Ρπιὲρθναιο</span> <span class='ocrx_word' id='word_1_244' title='bbox 3438 1758 3743 1814; x_wconf 45' lang='lat' dir='ltr'>habitam!“</span> <span class='ocrx_word' id='word_1_245' title='bbox 3773 1774 3870 1814; x_wconf 70' lang='grc' dir='ltr'>δυο</span> 
     </span>
    </p>
   </div>
   <div class='ocr_carea' id='block_1_34' title="bbox 547 1842 2190 1918">
    <p class='ocr_par' dir='ltr' id='par_1_34' title="bbox 547 1842 2190 1918">
     <span class='ocr_line' id='line_1_34' title="bbox 547 1842 2190 1918; baseline -0.002 -18"><span class='ocrx_word' id='word_1_246' title='bbox 547 1875 591 1900; x_wconf 69' lang='grc' dir='ltr'>ει.</span> <span class='ocrx_word' id='word_1_247' title='bbox 616 1856 775 1909; x_wconf 78' lang='lat' dir='ltr'>opera</span> <span class='ocrx_word' id='word_1_248' title='bbox 804 1852 984 1896; x_wconf 88' lang='lat' dir='ltr'>nostra</span> <span class='ocrx_word' id='word_1_249' title='bbox 1015 1845 1333 1911; x_wconf 88' lang='lat' dir='ltr'>pandamus,</span> <span class='ocrx_word' id='word_1_250' title='bbox 1363 1842 1450 1918; x_wconf 80' lang='lat' dir='ltr'>cui</span> <span class='ocrx_word' id='word_1_251' title='bbox 1479 1851 1766 1912; x_wconf 86' lang='lat' dir='ltr'>antequam</span> <span class='ocrx_word' id='word_1_252' title='bbox 1796 1842 1927 1896; x_wconf 84' lang='lat' dir='ltr'>fiant</span> <span class='ocrx_word' id='word_1_253' title='bbox 1955 1850 2100 1907; x_wconf 91' lang='lat' dir='ltr'>nota,</span> <span class='ocrx_word' id='word_1_254' title='bbox 2135 1849 2190 1896; x_wconf 85' lang='lat' dir='ltr'>et</span> 
     </span>
    </p>
   </div>
   <div class='ocr_carea' id='block_1_35' title="bbox 617 1931 1818 2001">
    <p class='ocr_par' dir='ltr' id='par_1_35' title="bbox 617 1931 1818 2001">
     <span class='ocr_line' id='line_1_35' title="bbox 617 1931 1818 2001; baseline 0.001 -17"><span class='ocrx_word' id='word_1_255' title='bbox 617 1947 710 1999; x_wconf 84' lang='lat' dir='ltr'>per</span> <span class='ocrx_word' id='word_1_256' title='bbox 733 1941 784 1986; x_wconf 88' lang='lat' dir='ltr'>te</span> <span class='ocrx_word' id='word_1_257' title='bbox 809 1942 1100 2001; x_wconf 74' lang='lat' dir='ltr'>prtesentes</span> <span class='ocrx_word' id='word_1_258' title='bbox 1121 1940 1412 2001; x_wconf 86' lang='lat' dir='ltr'>potestates</span> <span class='ocrx_word' id='word_1_259' title='bbox 1441 1933 1663 1986; x_wconf 89' lang='lat' dir='ltr'>scimus.</span> <span class='ocrx_word' id='word_1_260' title='bbox 1697 1931 1818 1986; x_wconf 87' lang='lat' dir='ltr'>Per.</span> 
     </span>
    </p>
   </div>
   <div class='ocr_carea' id='block_1_36' title="bbox 964 2045 1833 2102">
    <p class='ocr_par' dir='ltr' id='par_1_36' title="bbox 964 2045 1833 2102">
     <span class='ocr_line' id='line_1_36' title="bbox 964 2045 1833 2102; baseline -0.002 -2"><span class='ocrx_word' id='word_1_261' title='bbox 964 2045 1278 2100; x_wconf 55' lang='lat' dir='ltr'>PSALMUS</span> <span class='ocrx_word' id='word_1_262' title='bbox 1307 2045 1833 2102; x_wconf 73' lang='lat' dir='ltr'>APOSTOLORUM.</span> 
     </span>
    </p>
   </div>
   <div class='ocr_carea' id='block_1_37' title="bbox 688 2157 2189 2229">
    <p class='ocr_par' dir='ltr' id='par_1_37' title="bbox 688 2157 2189 2229">
     <span class='ocr_line' id='line_1_37' title="bbox 688 2157 2189 2229; baseline 0.002 -18"><span class='ocrx_word' id='word_1_263' title='bbox 688 2158 865 2225; x_wconf 78' lang='lat' dir='ltr'>(PstL.</span> <span class='ocrx_word' id='word_1_264' title='bbox 895 2157 1072 2226; x_wconf 74' lang='lat' dir='ltr'>xvni.)</span> <span class='ocrx_word' id='word_1_265' title='bbox 1101 2157 1230 2208; x_wconf 68' lang='grc' dir='ltr'><strong>(ἶφιί</strong></span> <span class='ocrx_word' id='word_1_266' title='bbox 1264 2167 1522 2210; x_wconf 89' lang='lat' dir='ltr'>enarrant</span> <span class='ocrx_word' id='word_1_267' title='bbox 1542 2159 1766 2228; x_wconf 83' lang='lat' dir='ltr'>gloriam</span> <span class='ocrx_word' id='word_1_268' title='bbox 1783 2159 1875 2212; x_wconf 89' lang='lat' dir='ltr'>Dei</span> <span class='ocrx_word' id='word_1_269' title='bbox 1905 2178 1914 2211; x_wconf 93' lang='lat'>:</span> <span class='ocrx_word' id='word_1_270' title='bbox 1946 2170 2000 2213; x_wconf 86' lang='lat' dir='ltr'>et</span> <span class='ocrx_word' id='word_1_271' title='bbox 2026 2173 2189 2229; x_wconf 86' lang='lat' dir='ltr'>opera</span> 
     </span>
    </p>
   </div>
   <div class='ocr_carea' id='block_1_38' title="bbox 617 2245 2190 2315">
    <p class='ocr_par' dir='ltr' id='par_1_38' title="bbox 617 2245 2190 2315">
     <span class='ocr_line' id='line_1_38' title="bbox 617 2245 2190 2315; baseline 0.002 -16"><span class='ocrx_word' id='word_1_272' title='bbox 617 2263 870 2299; x_wconf 83' lang='lat' dir='ltr'>manuum</span> <span class='ocrx_word' id='word_1_273' title='bbox 925 2246 1042 2315; x_wconf 79' lang='lat' dir='ltr'>ejus</span> <span class='ocrx_word' id='word_1_274' title='bbox 1099 2247 1382 2298; x_wconf 87' lang='lat' dir='ltr'>annuntiat</span> <span class='ocrx_word' id='word_1_275' title='bbox 1431 2245 1844 2302; x_wconf 77' lang='lat' dir='ltr'>ﬁrmamentdm.</span> <span class='ocrx_word' id='word_1_276' title='bbox 1913 2249 2037 2304; x_wconf 89' lang='lat' dir='ltr'>Dies</span> <span class='ocrx_word' id='word_1_277' title='bbox 2082 2249 2190 2304; x_wconf 90' lang='lat' dir='ltr'>diei</span> 
     </span>
    </p>
   </div>
   <div class='ocr_carea' id='block_1_39' title="bbox 614 2338 2188 2396">
    <p class='ocr_par' dir='ltr' id='par_1_39' title="bbox 614 2338 2188 2396">
     <span class='ocr_line' id='line_1_39' title="bbox 614 2338 2188 2396; baseline 0.001 -4"><span class='ocrx_word' id='word_1_278' title='bbox 614 2346 820 2392; x_wconf 77' lang='lat' dir='ltr'>eructat</span> <span class='ocrx_word' id='word_1_279' title='bbox 840 2339 1057 2390; x_wconf 79' lang='lat' dir='ltr'>verbum</span> <span class='ocrx_word' id='word_1_280' title='bbox 1086 2356 1097 2388; x_wconf 96' lang='lat'>:</span> <span class='ocrx_word' id='word_1_281' title='bbox 1129 2345 1182 2390; x_wconf 90' lang='lat' dir='ltr'>et</span> <span class='ocrx_word' id='word_1_282' title='bbox 1208 2353 1311 2390; x_wconf 80' lang='lat' dir='ltr'>nox</span> <span class='ocrx_word' id='word_1_283' title='bbox 1338 2339 1478 2391; x_wconf 89' lang='lat' dir='ltr'>nocti</span> <span class='ocrx_word' id='word_1_284' title='bbox 1509 2338 1711 2396; x_wconf 84' lang='lat' dir='ltr'>indicat</span> <span class='ocrx_word' id='word_1_285' title='bbox 1735 2340 2038 2394; x_wconf 86' lang='lat' dir='ltr'>scientiam.</span> <span class='ocrx_word' id='word_1_286' title='bbox 2074 2340 2188 2394; x_wconf 85' lang='lat' dir='ltr'>Non</span> 
     </span>
    </p>
   </div>
   <div class='ocr_carea' id='block_1_40' title="bbox 617 2403 2191 2497">
    <p class='ocr_par' dir='ltr' id='par_1_40' title="bbox 617 2403 2191 2497">
     <span class='ocr_line' id='line_1_40' title="bbox 617 2403 2191 2497; baseline 0.002 -15"><span class='ocrx_word' id='word_1_287' title='bbox 617 2403 740 2482; x_wconf 86' lang='lat' dir='ltr'>sunt</span> <span class='ocrx_word' id='word_1_288' title='bbox 767 2428 985 2494; x_wconf 79' lang='lat' dir='ltr'>loquelae</span> <span class='ocrx_word' id='word_1_289' title='bbox 1015 2443 1188 2494; x_wconf 83' lang='lat' dir='ltr'>neque</span> <span class='ocrx_word' id='word_1_290' title='bbox 1219 2442 1520 2490; x_wconf 79' lang='lat' dir='ltr'>sermones,</span> <span class='ocrx_word' id='word_1_291' title='bbox 1569 2442 1797 2497; x_wconf 90' lang='lat' dir='ltr'>quorum</span> <span class='ocrx_word' id='word_1_292' title='bbox 1837 2445 1942 2483; x_wconf 90' lang='lat' dir='ltr'>non</span> <span class='ocrx_word' id='word_1_293' title='bbox 1975 2431 2191 2485; x_wconf 89' lang='lat' dir='ltr'>audian-</span> 
     </span>
    </p>
   </div>
   <div class='ocr_carea' id='block_1_41' title="bbox 620 2519 2192 2580">
    <p class='ocr_par' dir='ltr' id='par_1_41' title="bbox 620 2519 2192 2580">
     <span class='ocr_line' id='line_1_41' title="bbox 620 2519 2192 2580; baseline 0.003 -8"><span class='ocrx_word' id='word_1_294' title='bbox 620 2531 702 2573; x_wconf 88' lang='lat' dir='ltr'>tur</span> <span class='ocrx_word' id='word_1_295' title='bbox 729 2535 884 2572; x_wconf 86' lang='lat' dir='ltr'>voces</span> <span class='ocrx_word' id='word_1_296' title='bbox 909 2534 1114 2571; x_wconf 87' lang='lat' dir='ltr'>eormn.</span> <span class='ocrx_word' id='word_1_297' title='bbox 1162 2519 1216 2571; x_wconf 91' lang='lat' dir='ltr'>lu</span> <span class='ocrx_word' id='word_1_298' title='bbox 1245 2533 1463 2580; x_wconf 84' lang='lat' dir='ltr'>omnem</span> <span class='ocrx_word' id='word_1_299' title='bbox 1483 2527 1684 2573; x_wconf 89' lang='lat' dir='ltr'>terram</span> <span class='ocrx_word' id='word_1_300' title='bbox 1709 2522 1878 2575; x_wconf 78' lang='lat' dir='ltr'>exivit</span> <span class='ocrx_word' id='word_1_301' title='bbox 1901 2536 2066 2577; x_wconf 89' lang='lat' dir='ltr'>sonus</span> <span class='ocrx_word' id='word_1_302' title='bbox 2109 2539 2192 2577; x_wconf 90' lang='lat' dir='ltr'>eo-</span> 
     </span>
    </p>
   </div>
   <div class='ocr_carea' id='block_1_42' title="bbox 618 2598 2191 2670">
    <p class='ocr_par' dir='ltr' id='par_1_42' title="bbox 618 2598 2191 2670">
     <span class='ocr_line' id='line_1_42' title="bbox 618 2598 2191 2670; baseline 0.005 -8"><span class='ocrx_word' id='word_1_303' title='bbox 618 2627 770 2663; x_wconf 86' lang='lat' dir='ltr'>rum:</span> <span class='ocrx_word' id='word_1_304' title='bbox 813 2619 867 2663; x_wconf 88' lang='lat' dir='ltr'>et</span> <span class='ocrx_word' id='word_1_305' title='bbox 911 2610 962 2662; x_wconf 93' lang='lat' dir='ltr'>in</span> <span class='ocrx_word' id='word_1_306' title='bbox 1007 2609 1137 2662; x_wconf 85' lang='lat' dir='ltr'>lines</span> <span class='ocrx_word' id='word_1_307' title='bbox 1166 2609 1311 2664; x_wconf 85' lang='lat' dir='ltr'>orbis</span> <span class='ocrx_word' id='word_1_308' title='bbox 1352 2598 1510 2664; x_wconf 74' lang='lat' dir='ltr'>terra:</span> <span class='ocrx_word' id='word_1_309' title='bbox 1540 2612 1702 2666; x_wconf 85' lang='lat' dir='ltr'>verba</span> <span class='ocrx_word' id='word_1_310' title='bbox 1733 2621 1935 2667; x_wconf 87' lang='lat' dir='ltr'>eorum.</span> <span class='ocrx_word' id='word_1_311' title='bbox 1979 2613 2039 2667; x_wconf 78' lang='lat' dir='ltr'>in</span> <span class='ocrx_word' id='word_1_312' title='bbox 2083 2615 2191 2670; x_wconf 86' lang='lat' dir='ltr'>sole</span> 
     </span>
    </p>
   </div>
   <div class='ocr_carea' id='block_1_43' title="bbox 613 2699 2191 2773">
    <p class='ocr_par' dir='ltr' id='par_1_43' title="bbox 613 2699 2191 2773">
     <span class='ocr_line' id='line_1_43' title="bbox 613 2699 2191 2773; baseline 0.003 -19"><span class='ocrx_word' id='word_1_313' title='bbox 613 2703 788 2769; x_wconf 80' lang='lat' dir='ltr'>posuit</span> <span class='ocrx_word' id='word_1_314' title='bbox 819 2699 1220 2753; x_wconf 83' lang='lat' dir='ltr'>tabernaculum</span> <span class='ocrx_word' id='word_1_315' title='bbox 1244 2717 1398 2753; x_wconf 88' lang='lat' dir='ltr'>suum</span> <span class='ocrx_word' id='word_1_316' title='bbox 1428 2718 1439 2753; x_wconf 95' lang='lat'>:</span> <span class='ocrx_word' id='word_1_317' title='bbox 1467 2709 1522 2754; x_wconf 88' lang='lat' dir='ltr'>et</span> <span class='ocrx_word' id='word_1_318' title='bbox 1550 2701 1662 2770; x_wconf 89' lang='lat' dir='ltr'>ipse</span> <span class='ocrx_word' id='word_1_319' title='bbox 1684 2709 1940 2772; x_wconf 85' lang='lat' dir='ltr'>tanquam</span> <span class='ocrx_word' id='word_1_320' title='bbox 1962 2718 2191 2773; x_wconf 87' lang='lat' dir='ltr'>sponsus</span> 
     </span>
    </p>
   </div>
   <div class='ocr_carea' id='block_1_44' title="bbox 616 2791 2193 2864">
    <p class='ocr_par' dir='ltr' id='par_1_44' title="bbox 616 2791 2193 2864">
     <span class='ocr_line' id='line_1_44' title="bbox 616 2791 2193 2864; baseline 0.003 -21"><span class='ocrx_word' id='word_1_321' title='bbox 616 2793 907 2859; x_wconf 80' lang='lat' dir='ltr'>procedens</span> <span class='ocrx_word' id='word_1_322' title='bbox 934 2791 998 2842; x_wconf 86' lang='lat' dir='ltr'>de</span> <span class='ocrx_word' id='word_1_323' title='bbox 1027 2791 1257 2843; x_wconf 88' lang='lat' dir='ltr'>thalamo</span> <span class='ocrx_word' id='word_1_324' title='bbox 1281 2806 1396 2844; x_wconf 91' lang='lat' dir='ltr'>suo.</span> <span class='ocrx_word' id='word_1_325' title='bbox 1423 2791 1723 2845; x_wconf 72' lang='lat' dir='ltr'>Exsultavit</span> <span class='ocrx_word' id='word_1_326' title='bbox 1747 2802 1806 2846; x_wconf 91' lang='lat' dir='ltr'>ut</span> <span class='ocrx_word' id='word_1_327' title='bbox 1827 2794 1975 2864; x_wconf 81' lang='lat' dir='ltr'>gigas</span> <span class='ocrx_word' id='word_1_328' title='bbox 1993 2792 2056 2847; x_wconf 86' lang='lat' dir='ltr'>ad</span> <span class='ocrx_word' id='word_1_329' title='bbox 2078 2809 2193 2856; x_wconf 86' lang='lat' dir='ltr'>cur-</span> 
     </span>
    </p>
   </div>
   <div class='ocr_carea' id='block_1_45' title="bbox 615 2881 2192 2951">
    <p class='ocr_par' dir='ltr' id='par_1_45' title="bbox 615 2881 2192 2951">
     <span class='ocr_line' id='line_1_45' title="bbox 615 2881 2192 2951; baseline 0.001 -16"><span class='ocrx_word' id='word_1_330' title='bbox 615 2883 836 2951; x_wconf 53' lang='lat' dir='ltr'>rendum</span> <span class='ocrx_word' id='word_1_331' title='bbox 881 2883 1054 2934; x_wconf 79' lang='lat' dir='ltr'>viam:</span> <span class='ocrx_word' id='word_1_332' title='bbox 1089 2896 1118 2933; x_wconf 90' lang='lat' dir='ltr'>a</span> <span class='ocrx_word' id='word_1_333' title='bbox 1149 2896 1358 2934; x_wconf 88' lang='lat' dir='ltr'>summo</span> <span class='ocrx_word' id='word_1_334' title='bbox 1394 2881 1532 2933; x_wconf 72' lang='lat' dir='ltr'>cmlo</span> <span class='ocrx_word' id='word_1_335' title='bbox 1569 2882 1809 2950; x_wconf 82' lang='lat' dir='ltr'>egressio</span> <span class='ocrx_word' id='word_1_336' title='bbox 1838 2881 1972 2949; x_wconf 89' lang='lat' dir='ltr'>ejus.</span> <span class='ocrx_word' id='word_1_337' title='bbox 2013 2883 2080 2935; x_wconf 87' lang='lat' dir='ltr'>Et</span> <span class='ocrx_word' id='word_1_338' title='bbox 2104 2897 2192 2936; x_wconf 90' lang='lat' dir='ltr'>oc-</span> 
     </span>
    </p>
   </div>
   <div class='ocr_carea' id='block_1_46' title="bbox 617 2971 2190 3053">
    <p class='ocr_par' dir='ltr' id='par_1_46' title="bbox 617 2971 2190 3053">
     <span class='ocr_line' id='line_1_46' title="bbox 617 2971 2190 3053; baseline 0.001 -27"><span class='ocrx_word' id='word_1_339' title='bbox 617 2989 806 3028; x_wconf 76' lang='lat' dir='ltr'>cursus</span> <span class='ocrx_word' id='word_1_340' title='bbox 832 2972 947 3040; x_wconf 86' lang='lat' dir='ltr'>ejus</span> <span class='ocrx_word' id='word_1_341' title='bbox 974 2987 1143 3040; x_wconf 85' lang='lat' dir='ltr'>usque</span> <span class='ocrx_word' id='word_1_342' title='bbox 1187 2972 1253 3024; x_wconf 85' lang='lat' dir='ltr'>ad</span> <span class='ocrx_word' id='word_1_343' title='bbox 1279 2987 1547 3053; x_wconf 86' lang='lat' dir='ltr'>summum</span> <span class='ocrx_word' id='word_1_344' title='bbox 1572 2971 1710 3038; x_wconf 87' lang='lat' dir='ltr'>ejus,</span> <span class='ocrx_word' id='word_1_345' title='bbox 1736 2986 1835 3025; x_wconf 88' lang='lat' dir='ltr'>nec</span> <span class='ocrx_word' id='word_1_346' title='bbox 1861 2982 1965 3037; x_wconf 87' lang='lat' dir='ltr'>est,</span> <span class='ocrx_word' id='word_1_347' title='bbox 2009 2973 2101 3041; x_wconf 91' lang='lat' dir='ltr'>qui</span> <span class='ocrx_word' id='word_1_348' title='bbox 2131 2990 2190 3029; x_wconf 88' lang='lat' dir='ltr'>se</span> 
     </span>
    </p>
   </div>
   <div class='ocr_carea' id='block_1_47' title="bbox 617 3060 2397 3153">
    <p class='ocr_par' dir='ltr' id='par_1_47' title="bbox 617 3060 2397 3153">
     <span class='ocr_line' id='line_1_47' title="bbox 617 3060 2397 3153; baseline 0.002 -35"><span class='ocrx_word' id='word_1_349' title='bbox 617 3064 909 3118; x_wconf 71' lang='lat' dir='ltr'>abscondat</span> <span class='ocrx_word' id='word_1_350' title='bbox 957 3079 985 3115; x_wconf 90' lang='lat' dir='ltr'>a</span> <span class='ocrx_word' id='word_1_351' title='bbox 1029 3061 1205 3114; x_wconf 83' lang='lat' dir='ltr'>calore</span> <span class='ocrx_word' id='word_1_352' title='bbox 1245 3060 1380 3128; x_wconf 84' lang='lat' dir='ltr'>ejus.</span> <span class='ocrx_word' id='word_1_353' title='bbox 1433 3061 1544 3113; x_wconf 74' lang='lat' dir='ltr'>Lex</span> <span class='ocrx_word' id='word_1_354' title='bbox 1587 3061 1796 3114; x_wconf 78' lang='lat' dir='ltr'>Demini</span> <span class='ocrx_word' id='word_1_355' title='bbox 1847 3061 2184 3116; x_wconf 86' lang='lat' dir='ltr'>immaculata</span> <span class='ocrx_word' id='word_1_356' title='bbox 2217 3072 2258 3131; x_wconf 64' lang='grc' dir='ltr'>(ζ</span> <span class='ocrx_word' id='word_1_357' title='bbox 2294 3060 2397 3153; x_wconf 48' lang='lat' dir='ltr'>ho!“</span> 
     </span>
    </p>
   </div>
   <div class='ocr_carea' id='block_1_48' title="bbox 617 3151 2190 3216">
    <p class='ocr_par' dir='ltr' id='par_1_48' title="bbox 617 3151 2190 3216">
     <span class='ocr_line' id='line_1_48' title="bbox 617 3151 2190 3216; baseline 0.002 -13"><span class='ocrx_word' id='word_1_358' title='bbox 617 3164 936 3210; x_wconf 58' lang='lat' dir='ltr'>convertens</span> <span class='ocrx_word' id='word_1_359' title='bbox 974 3155 1179 3206; x_wconf 87' lang='lat' dir='ltr'>animas</span> <span class='ocrx_word' id='word_1_360' title='bbox 1207 3171 1217 3204; x_wconf 92' lang='lat'>:</span> <span class='ocrx_word' id='word_1_361' title='bbox 1252 3152 1622 3205; x_wconf 86' lang='lat' dir='ltr'>testimonium</span> <span class='ocrx_word' id='word_1_362' title='bbox 1651 3151 1858 3205; x_wconf 86' lang='lat' dir='ltr'>Domini</span> <span class='ocrx_word' id='word_1_363' title='bbox 1891 3151 2079 3216; x_wconf 84' lang='lat' dir='ltr'>fidele,</span> <span class='ocrx_word' id='word_1_364' title='bbox 2110 3168 2190 3206; x_wconf 90' lang='lat' dir='ltr'>sa-</span> 
     </span>
    </p>
   </div>
   <div class='ocr_carea' id='block_1_49' title="bbox 619 3242 2184 3317">
    <p class='ocr_par' dir='ltr' id='par_1_49' title="bbox 619 3242 2184 3317">
     <span class='ocr_line' id='line_1_49' title="bbox 619 3242 2184 3317; baseline 0 -19"><span class='ocrx_word' id='word_1_365' title='bbox 619 3248 872 3317; x_wconf 80' lang='lat' dir='ltr'>pientiam</span> <span class='ocrx_word' id='word_1_366' title='bbox 909 3255 1170 3314; x_wconf 70' lang='lat' dir='ltr'>prtestans</span> <span class='ocrx_word' id='word_1_367' title='bbox 1199 3245 1453 3313; x_wconf 79' lang='lat' dir='ltr'>parvulis.</span> <span class='ocrx_word' id='word_1_368' title='bbox 1509 3242 1740 3297; x_wconf 72' lang='lat' dir='ltr'>Iustitia:</span> <span class='ocrx_word' id='word_1_369' title='bbox 1763 3243 1975 3298; x_wconf 91' lang='lat' dir='ltr'>Domini</span> <span class='ocrx_word' id='word_1_370' title='bbox 2005 3255 2184 3308; x_wconf 65' lang='lat' dir='ltr'>recta},</span> 
     </span>
    </p>
   </div>
   <div class='ocr_carea' id='block_1_50' title="bbox 625 3333 2191 3402">
    <p class='ocr_par' dir='ltr' id='par_1_50' title="bbox 625 3333 2191 3402">
     <span class='ocr_line' id='line_1_50' title="bbox 625 3333 2191 3402; baseline -0.003 -11"><span class='ocrx_word' id='word_1_371' title='bbox 625 3337 950 3391; x_wconf 79' lang='lat' dir='ltr'>hetiticantes</span> <span class='ocrx_word' id='word_1_372' title='bbox 979 3335 1136 3387; x_wconf 80' lang='lat' dir='ltr'>corda</span> <span class='ocrx_word' id='word_1_373' title='bbox 1166 3352 1176 3385; x_wconf 91' lang='lat'>:</span> <span class='ocrx_word' id='word_1_374' title='bbox 1203 3344 1525 3401; x_wconf 62' lang='lat' dir='ltr'>prateeptum</span> <span class='ocrx_word' id='word_1_375' title='bbox 1556 3333 2048 3402; x_wconf 81' lang='lat' dir='ltr'>Dominilucidum,</span> <span class='ocrx_word' id='word_1_376' title='bbox 2079 3335 2191 3390; x_wconf 91' lang='lat' dir='ltr'>illu-</span> 
     </span>
    </p>
   </div>
   <div class='ocr_carea' id='block_1_51' title="bbox 621 3421 2186 3491">
    <p class='ocr_par' dir='ltr' id='par_1_51' title="bbox 621 3421 2186 3491">
     <span class='ocr_line' id='line_1_51' title="bbox 621 3421 2186 3491; baseline -0.003 -10"><span class='ocrx_word' id='word_1_377' title='bbox 621 3430 830 3485; x_wconf 84' lang='lat' dir='ltr'>minans</span> <span class='ocrx_word' id='word_1_378' title='bbox 861 3427 1060 3479; x_wconf 88' lang='lat' dir='ltr'>oculos.</span> <span class='ocrx_word' id='word_1_379' title='bbox 1103 3421 1286 3476; x_wconf 85' lang='lat' dir='ltr'>Timor</span> <span class='ocrx_word' id='word_1_380' title='bbox 1324 3421 1533 3474; x_wconf 89' lang='lat' dir='ltr'>Domini</span> <span class='ocrx_word' id='word_1_381' title='bbox 1575 3430 1792 3475; x_wconf 85' lang='lat' dir='ltr'>sanctus</span> <span class='ocrx_word' id='word_1_382' title='bbox 1816 3431 2107 3491; x_wconf 81' lang='lat' dir='ltr'>permanet</span> <span class='ocrx_word' id='word_1_383' title='bbox 2135 3425 2186 3477; x_wconf 92' lang='lat' dir='ltr'>in</span> 
     </span>
    </p>
   </div>
   <div class='ocr_carea' id='block_1_52' title="bbox 621 3510 2187 3580">
    <p class='ocr_par' dir='ltr' id='par_1_52' title="bbox 621 3510 2187 3580">
     <span class='ocr_line' id='line_1_52' title="bbox 621 3510 2187 3580; baseline -0.006 -7"><span class='ocrx_word' id='word_1_384' title='bbox 621 3518 867 3574; x_wconf 63' lang='lat' dir='ltr'>saeculum</span> <span class='ocrx_word' id='word_1_385' title='bbox 901 3513 1079 3568; x_wconf 64' lang='lat' dir='ltr'>surculi</span> <span class='ocrx_word' id='word_1_386' title='bbox 1104 3534 1114 3565; x_wconf 92' lang='lat'>:</span> <span class='ocrx_word' id='word_1_387' title='bbox 1143 3511 1343 3580; x_wconf 88' lang='lat' dir='ltr'>judicia</span> <span class='ocrx_word' id='word_1_388' title='bbox 1372 3511 1581 3564; x_wconf 88' lang='lat' dir='ltr'>Domini</span> <span class='ocrx_word' id='word_1_389' title='bbox 1613 3526 1760 3574; x_wconf 88' lang='lat' dir='ltr'>vera,</span> <span class='ocrx_word' id='word_1_390' title='bbox 1795 3510 2088 3578; x_wconf 85' lang='lat' dir='ltr'>justificata</span> <span class='ocrx_word' id='word_1_391' title='bbox 2135 3514 2187 3565; x_wconf 88' lang='lat' dir='ltr'>in</span> 
     </span>
    </p>
   </div>
   <div class='ocr_carea' id='block_1_53' title="bbox 622 3601 2190 3674">
    <p class='ocr_par' dir='ltr' id='par_1_53' title="bbox 622 3601 2190 3674">
     <span class='ocr_line' id='line_1_53' title="bbox 622 3601 2190 3674; baseline -0.004 -14"><span class='ocrx_word' id='word_1_392' title='bbox 622 3609 922 3674; x_wconf 83' lang='lat' dir='ltr'>semetipsa.</span> <span class='ocrx_word' id='word_1_393' title='bbox 981 3601 1361 3656; x_wconf 84' lang='lat' dir='ltr'>Desiderabilia</span> <span class='ocrx_word' id='word_1_394' title='bbox 1414 3615 1576 3668; x_wconf 89' lang='lat' dir='ltr'>super</span> <span class='ocrx_word' id='word_1_395' title='bbox 1618 3614 1810 3654; x_wconf 88' lang='lat' dir='ltr'>aurum</span> <span class='ocrx_word' id='word_1_396' title='bbox 1864 3610 1918 3654; x_wconf 92' lang='lat' dir='ltr'>et</span> <span class='ocrx_word' id='word_1_397' title='bbox 1961 3601 2190 3670; x_wconf 79' lang='lat' dir='ltr'>lapidem</span> 
     </span>
    </p>
   </div>
   <div class='ocr_carea' id='block_1_54' title="bbox 622 3677 2187 3766">
    <p class='ocr_par' dir='ltr' id='par_1_54' title="bbox 622 3677 2187 3766">
     <span class='ocr_line' id='line_1_54' title="bbox 622 3677 2187 3766; baseline -0.004 -15"><span class='ocrx_word' id='word_1_398' title='bbox 622 3677 908 3766; x_wconf 82' lang='lat' dir='ltr'>pretiosum</span> <span class='ocrx_word' id='word_1_399' title='bbox 947 3694 1171 3747; x_wconf 90' lang='lat' dir='ltr'>multum</span> <span class='ocrx_word' id='word_1_400' title='bbox 1198 3711 1208 3744; x_wconf 87' lang='lat'>:</span> <span class='ocrx_word' id='word_1_401' title='bbox 1240 3701 1292 3746; x_wconf 88' lang='lat' dir='ltr'>et</span> <span class='ocrx_word' id='word_1_402' title='bbox 1319 3691 1555 3747; x_wconf 84' lang='lat' dir='ltr'>dulciora</span> <span class='ocrx_word' id='word_1_403' title='bbox 1583 3705 1746 3759; x_wconf 83' lang='lat' dir='ltr'>super</span> <span class='ocrx_word' id='word_1_404' title='bbox 1774 3690 1880 3745; x_wconf 90' lang='lat' dir='ltr'>mel</span> <span class='ocrx_word' id='word_1_405' title='bbox 1916 3699 1969 3744; x_wconf 89' lang='lat' dir='ltr'>et</span> <span class='ocrx_word' id='word_1_406' title='bbox 1991 3690 2187 3745; x_wconf 81' lang='lat' dir='ltr'>favum.</span> 
     </span>
    </p>
   </div>
   <div class='ocr_carea' id='block_1_55' title="bbox 609 3781 2191 3841">
    <p class='ocr_par' dir='ltr' id='par_1_55' title="bbox 609 3781 2191 3841">
     <span class='ocr_line' id='line_1_55' title="bbox 609 3781 2191 3841; baseline -0.003 0"><span class='ocrx_word' id='word_1_407' title='bbox 609 3787 829 3841; x_wconf 70' lang='lat' dir='ltr'>Etenim</span> <span class='ocrx_word' id='word_1_408' title='bbox 861 3799 1048 3837; x_wconf 88' lang='lat' dir='ltr'>servus</span> <span class='ocrx_word' id='word_1_409' title='bbox 1073 3791 1196 3835; x_wconf 77' lang='lat' dir='ltr'>tuus</span> <span class='ocrx_word' id='word_1_410' title='bbox 1221 3782 1456 3838; x_wconf 81' lang='lat' dir='ltr'>custodit</span> <span class='ocrx_word' id='word_1_411' title='bbox 1481 3797 1542 3835; x_wconf 85' lang='lat' dir='ltr'>ea</span> <span class='ocrx_word' id='word_1_412' title='bbox 1571 3799 1582 3832; x_wconf 93' lang='lat'>:</span> <span class='ocrx_word' id='word_1_413' title='bbox 1621 3782 1674 3833; x_wconf 92' lang='lat' dir='ltr'>in</span> <span class='ocrx_word' id='word_1_414' title='bbox 1696 3781 2062 3836; x_wconf 84' lang='lat' dir='ltr'>custodiendis</span> <span class='ocrx_word' id='word_1_415' title='bbox 2089 3782 2191 3836; x_wconf 84' lang='lat' dir='ltr'>illis</span> 
     </span>
    </p>
   </div>
   <div class='ocr_carea' id='block_1_56' title="bbox 620 3869 2194 3939">
    <p class='ocr_par' dir='ltr' id='par_1_56' title="bbox 620 3869 2194 3939">
     <span class='ocr_line' id='line_1_56' title="bbox 620 3869 2194 3939; baseline -0.002 -11"><span class='ocrx_word' id='word_1_416' title='bbox 620 3874 906 3928; x_wconf 80' lang='lat' dir='ltr'>retributio</span> <span class='ocrx_word' id='word_1_417' title='bbox 937 3871 1120 3925; x_wconf 88' lang='lat' dir='ltr'>multa.</span> <span class='ocrx_word' id='word_1_418' title='bbox 1167 3870 1365 3924; x_wconf 84' lang='lat' dir='ltr'>Delicta</span> <span class='ocrx_word' id='word_1_419' title='bbox 1397 3871 1516 3937; x_wconf 88' lang='lat' dir='ltr'>quis</span> <span class='ocrx_word' id='word_1_420' title='bbox 1548 3869 1836 3939; x_wconf 84' lang='lat' dir='ltr'>intelligit?</span> <span class='ocrx_word' id='word_1_421' title='bbox 1866 3871 1934 3924; x_wconf 86' lang='lat' dir='ltr'>ab</span> <span class='ocrx_word' id='word_1_422' title='bbox 1971 3871 2194 3925; x_wconf 83' lang='lat' dir='ltr'>occultis</span> 
     </span>
    </p>
   </div>
   <div class='ocr_carea' id='block_1_57' title="bbox 624 3960 2191 4027">
    <p class='ocr_par' dir='ltr' id='par_1_57' title="bbox 624 3960 2191 4027">
     <span class='ocr_line' id='line_1_57' title="bbox 624 3960 2191 4027; baseline -0.002 -10"><span class='ocrx_word' id='word_1_423' title='bbox 624 3966 758 4017; x_wconf 83' lang='lat' dir='ltr'>meis</span> <span class='ocrx_word' id='word_1_424' title='bbox 787 3962 980 4016; x_wconf 87' lang='lat' dir='ltr'>munda</span> <span class='ocrx_word' id='word_1_425' title='bbox 1011 3976 1125 4024; x_wconf 91' lang='lat' dir='ltr'>me,</span> <span class='ocrx_word' id='word_1_426' title='bbox 1175 3969 1227 4014; x_wconf 84' lang='lat' dir='ltr'>et.</span> <span class='ocrx_word' id='word_1_427' title='bbox 1268 3961 1334 4012; x_wconf 80' lang='lat' dir='ltr'>ab</span> <span class='ocrx_word' id='word_1_428' title='bbox 1371 3960 1558 4011; x_wconf 83' lang='lat' dir='ltr'>alienis</span> <span class='ocrx_word' id='word_1_429' title='bbox 1600 3974 1761 4027; x_wconf 88' lang='lat' dir='ltr'>parce</span> <span class='ocrx_word' id='word_1_430' title='bbox 1795 3974 1951 4012; x_wconf 85' lang='lat' dir='ltr'>servo</span> <span class='ocrx_word' id='word_1_431' title='bbox 1986 3971 2094 4012; x_wconf 85' lang='lat' dir='ltr'>tuo.</span> <span class='ocrx_word' id='word_1_432' title='bbox 2135 3960 2191 4014; x_wconf 90' lang='lat' dir='ltr'><strong>Si</strong></span> 
     </span>
    </p>
   </div>
   <div class='ocr_carea' id='block_1_58' title="bbox 624 4051 2197 4121">
    <p class='ocr_par' dir='ltr' id='par_1_58' title="bbox 624 4051 2197 4121">
     <span class='ocr_line' id='line_1_58' title="bbox 624 4051 2197 4121; baseline -0.002 -13"><span class='ocrx_word' id='word_1_433' title='bbox 624 4058 727 4110; x_wconf 87' lang='lat' dir='ltr'>mei</span> <span class='ocrx_word' id='word_1_434' title='bbox 760 4071 864 4110; x_wconf 83' lang='lat' dir='ltr'>non</span> <span class='ocrx_word' id='word_1_435' title='bbox 893 4054 1091 4121; x_wconf 83' lang='lat' dir='ltr'>fuerint</span> <span class='ocrx_word' id='word_1_436' title='bbox 1118 4052 1397 4115; x_wconf 82' lang='lat' dir='ltr'>deminuti,</span> <span class='ocrx_word' id='word_1_437' title='bbox 1427 4060 1554 4104; x_wconf 90' lang='lat' dir='ltr'>tunc</span> <span class='ocrx_word' id='word_1_438' title='bbox 1582 4051 1955 4104; x_wconf 90' lang='lat' dir='ltr'>immaculatus</span> <span class='ocrx_word' id='word_1_439' title='bbox 1981 4067 2073 4105; x_wconf 89' lang='lat' dir='ltr'>ero</span> <span class='ocrx_word' id='word_1_440' title='bbox 2101 4070 2110 4104; x_wconf 93' lang='lat'>:</span> <span class='ocrx_word' id='word_1_441' title='bbox 2143 4060 2197 4105; x_wconf 91' lang='lat' dir='ltr'>et</span> 
     </span>
    </p>
   </div>
   <div class='ocr_carea' id='block_1_59' title="bbox 625 4141 2195 4210">
    <p class='ocr_par' dir='ltr' id='par_1_59' title="bbox 625 4141 2195 4210">
     <span class='ocr_line' id='line_1_59' title="bbox 625 4141 2195 4210; baseline -0.003 -11"><span class='ocrx_word' id='word_1_442' title='bbox 625 4146 952 4199; x_wconf 81' lang='lat' dir='ltr'>emundabor</span> <span class='ocrx_word' id='word_1_443' title='bbox 980 4161 1010 4197; x_wconf 90' lang='lat' dir='ltr'>a</span> <span class='ocrx_word' id='word_1_444' title='bbox 1037 4143 1231 4196; x_wconf 89' lang='lat' dir='ltr'>delicto</span> <span class='ocrx_word' id='word_1_445' title='bbox 1263 4142 1515 4194; x_wconf 76' lang='lat' dir='ltr'>maximo.</span> <span class='ocrx_word' id='word_1_446' title='bbox 1559 4141 1625 4194; x_wconf 86' lang='lat' dir='ltr'>Et</span> <span class='ocrx_word' id='word_1_447' title='bbox 1661 4149 1840 4205; x_wconf 91' lang='lat' dir='ltr'>erunt,</span> <span class='ocrx_word' id='word_1_448' title='bbox 1881 4150 1943 4194; x_wconf 89' lang='lat' dir='ltr'>ut</span> <span class='ocrx_word' id='word_1_449' title='bbox 1970 4141 2195 4210; x_wconf 90' lang='lat' dir='ltr'>compla-</span> 
     </span>
    </p>
   </div>
   <div class='ocr_carea' id='block_1_60' title="bbox 627 4233 2193 4305">
    <p class='ocr_par' dir='ltr' id='par_1_60' title="bbox 627 4233 2193 4305">
     <span class='ocr_line' id='line_1_60' title="bbox 627 4233 2193 4305; baseline -0.001 -17"><span class='ocrx_word' id='word_1_450' title='bbox 627 4245 783 4288; x_wconf 83' lang='lat' dir='ltr'>ccant</span> <span class='ocrx_word' id='word_1_451' title='bbox 819 4236 1029 4305; x_wconf 81' lang='lat' dir='ltr'>eloquia</span> <span class='ocrx_word' id='word_1_452' title='bbox 1057 4236 1166 4288; x_wconf 90' lang='lat' dir='ltr'>oris</span> <span class='ocrx_word' id='word_1_453' title='bbox 1195 4233 1322 4294; x_wconf 88' lang='lat' dir='ltr'>mei,</span> <span class='ocrx_word' id='word_1_454' title='bbox 1369 4242 1422 4286; x_wconf 90' lang='lat' dir='ltr'>et</span> <span class='ocrx_word' id='word_1_455' title='bbox 1465 4233 1744 4286; x_wconf 86' lang='lat' dir='ltr'>meditatio</span> <span class='ocrx_word' id='word_1_456' title='bbox 1789 4233 1966 4286; x_wconf 89' lang='lat' dir='ltr'>cordis</span> <span class='ocrx_word' id='word_1_457' title='bbox 2005 4235 2108 4287; x_wconf 91' lang='lat' dir='ltr'>mei</span> <span class='ocrx_word' id='word_1_458' title='bbox 2142 4235 2193 4287; x_wconf 91' lang='lat' dir='ltr'>in</span> 
     </span>
    </p>
   </div>
   <div class='ocr_carea' id='block_1_61' title="bbox 627 4322 2197 4394">
    <p class='ocr_par' dir='ltr' id='par_1_61' title="bbox 627 4322 2197 4394">
     <span class='ocr_line' id='line_1_61' title="bbox 627 4322 2197 4394; baseline -0.002 -15"><span class='ocrx_word' id='word_1_459' title='bbox 627 4334 916 4394; x_wconf 84' lang='lat' dir='ltr'>conspectu</span> <span class='ocrx_word' id='word_1_460' title='bbox 959 4335 1047 4376; x_wconf 89' lang='lat' dir='ltr'>tuo</span> <span class='ocrx_word' id='word_1_461' title='bbox 1078 4337 1304 4389; x_wconf 89' lang='lat' dir='ltr'>semper.</span> <span class='ocrx_word' id='word_1_462' title='bbox 1355 4322 1600 4383; x_wconf 86' lang='lat' dir='ltr'>Domine,</span> <span class='ocrx_word' id='word_1_463' title='bbox 1631 4322 1840 4389; x_wconf 87' lang='lat' dir='ltr'>adjutor</span> <span class='ocrx_word' id='word_1_464' title='bbox 1867 4337 2018 4375; x_wconf 89' lang='lat' dir='ltr'>meus</span> <span class='ocrx_word' id='word_1_465' title='bbox 2041 4331 2099 4376; x_wconf 86' lang='lat' dir='ltr'>et</span> <span class='ocrx_word' id='word_1_466' title='bbox 2123 4338 2197 4376; x_wconf 93' lang='lat' dir='ltr'>re-</span> 
     </span>
    </p>
   </div>
   <div class='ocr_carea' id='block_1_62' title="bbox 626 4417 1064 4486">
    <p class='ocr_par' dir='ltr' id='par_1_62' title="bbox 626 4417 1064 4486">
     <span class='ocr_line' id='line_1_62' title="bbox 626 4417 1064 4486; baseline -0.009 -15"><span class='ocrx_word' id='word_1_467' title='bbox 626 4417 869 4486; x_wconf 82' lang='lat' dir='ltr'>demptor</span> <span class='ocrx_word' id='word_1_468' title='bbox 897 4433 1064 4469; x_wconf 83' lang='lat' dir='ltr'>meus.</span> 
     </span>
    </p>
   </div>
   <div class='ocr_carea' id='block_1_63' title="bbox 698 4505 2193 4575">
    <p class='ocr_par' dir='ltr' id='par_1_63' title="bbox 698 4505 2193 4575">
     <span class='ocr_line' id='line_1_63' title="bbox 698 4505 2193 4575; baseline 0.001 -15"><span class='ocrx_word' id='word_1_469' title='bbox 698 4507 965 4574; x_wconf 80' lang='lat' dir='ltr'>Utsupm.</span> <span class='ocrx_word' id='word_1_470' title='bbox 1016 4507 1248 4569; x_wconf 77' lang='lat' dir='ltr'>Sanctis,</span> <span class='ocrx_word' id='word_1_471' title='bbox 1299 4505 1388 4574; x_wconf 88' lang='lat' dir='ltr'>qui</span> <span class='ocrx_word' id='word_1_472' title='bbox 1439 4513 1599 4570; x_wconf 80' lang='lat' dir='ltr'>sunt;</span> <span class='ocrx_word' id='word_1_473' title='bbox 1642 4505 1694 4558; x_wconf 90' lang='lat' dir='ltr'>in</span> <span class='ocrx_word' id='word_1_474' title='bbox 1743 4520 1957 4559; x_wconf 88' lang='lat' dir='ltr'>omnem</span> <span class='ocrx_word' id='word_1_475' title='bbox 1997 4515 2193 4575; x_wconf 83' lang='lat' dir='ltr'>terram</span> 
     </span>
    </p>
   </div>
   <div class='ocr_carea' id='block_1_64' title="bbox 630 4595 2195 4653">
    <p class='ocr_par' dir='ltr' id='par_1_64' title="bbox 630 4595 2195 4653">
     <span class='ocr_line' id='line_1_64' title="bbox 630 4595 2195 4653; baseline 0.001 -1"><span class='ocrx_word' id='word_1_476' title='bbox 630 4601 794 4652; x_wconf 72' lang='lat' dir='ltr'>exivit</span> <span class='ocrx_word' id='word_1_477' title='bbox 819 4614 982 4652; x_wconf 88' lang='lat' dir='ltr'>sonus</span> <span class='ocrx_word' id='word_1_478' title='bbox 1011 4614 1212 4650; x_wconf 83' lang='lat' dir='ltr'>eorum.</span> <span class='ocrx_word' id='word_1_479' title='bbox 1244 4597 1554 4650; x_wconf 83' lang='lat' dir='ltr'>Constitues</span> <span class='ocrx_word' id='word_1_480' title='bbox 1584 4611 1695 4650; x_wconf 88' lang='lat' dir='ltr'>eos.</span> <span class='ocrx_word' id='word_1_481' title='bbox 1745 4595 1913 4652; x_wconf 83' lang='lat' dir='ltr'>Nimis</span> <span class='ocrx_word' id='word_1_482' title='bbox 1949 4597 2195 4653; x_wconf 88' lang='lat' dir='ltr'>honorati</span> 
     </span>
    </p>
   </div>
   <div class='ocr_carea' id='block_1_65' title="bbox 631 4689 1229 4745">
    <p class='ocr_par' dir='ltr' id='par_1_65' title="bbox 631 4689 1229 4745">
     <span class='ocr_line' id='line_1_65' title="bbox 631 4689 1229 4745; baseline -0.007 -3"><span class='ocrx_word' id='word_1_483' title='bbox 631 4701 752 4745; x_wconf 86' lang='lat' dir='ltr'>sunt</span> <span class='ocrx_word' id='word_1_484' title='bbox 779 4689 936 4743; x_wconf 86' lang='lat' dir='ltr'>amici</span> <span class='ocrx_word' id='word_1_485' title='bbox 969 4689 1042 4740; x_wconf 87' lang='lat' dir='ltr'>tui</span> <span class='ocrx_word' id='word_1_486' title='bbox 1072 4689 1229 4740; x_wconf 83' lang='lat' dir='ltr'>Deus.</span> 
     </span>
    </p>
   </div>
   <div class='ocr_carea' id='block_1_66' title="bbox 705 4777 2200 4848">
    <p class='ocr_par' dir='ltr' id='par_1_66' title="bbox 705 4777 2200 4848">
     <span class='ocr_line' id='line_1_66' title="bbox 705 4777 2200 4848; baseline 0.001 -15"><span class='ocrx_word' id='word_1_487' title='bbox 705 4781 857 4847; x_wconf 83' lang='lat'>109</span> <span class='ocrx_word' id='word_1_488' title='bbox 886 4779 1085 4832; x_wconf 83' lang='lat' dir='ltr'>Oratio.</span> <span class='ocrx_word' id='word_1_489' title='bbox 1117 4777 1360 4841; x_wconf 88' lang='lat' dir='ltr'>Domine,</span> <span class='ocrx_word' id='word_1_490' title='bbox 1393 4786 1514 4830; x_wconf 90' lang='lat' dir='ltr'>ante</span> <span class='ocrx_word' id='word_1_491' title='bbox 1537 4792 1694 4846; x_wconf 88' lang='lat' dir='ltr'>quem</span> <span class='ocrx_word' id='word_1_492' title='bbox 1724 4777 1899 4833; x_wconf 87' lang='lat' dir='ltr'>nullus</span> <span class='ocrx_word' id='word_1_493' title='bbox 1924 4781 2200 4848; x_wconf 81' lang='lat' dir='ltr'>abscondi-</span> 
     </span>
    </p>
   </div>
   <div class='ocr_carea' id='block_1_67' title="bbox 634 4868 2194 4941">
    <p class='ocr_par' dir='ltr' id='par_1_67' title="bbox 634 4868 2194 4941">
     <span class='ocr_line' id='line_1_67' title="bbox 634 4868 2194 4941; baseline 0.004 -20"><span class='ocrx_word' id='word_1_494' title='bbox 634 4879 718 4921; x_wconf 88' lang='lat' dir='ltr'>tur</span> <span class='ocrx_word' id='word_1_495' title='bbox 747 4909 759 4931; x_wconf 98' lang='lat'>,</span> <span class='ocrx_word' id='word_1_496' title='bbox 789 4885 818 4920; x_wconf 93' lang='lat' dir='ltr'>a</span> <span class='ocrx_word' id='word_1_497' title='bbox 847 4870 991 4935; x_wconf 84' lang='lat' dir='ltr'>cujus</span> <span class='ocrx_word' id='word_1_498' title='bbox 1029 4868 1373 4937; x_wconf 83' lang='lat' dir='ltr'>inquisitione</span> <span class='ocrx_word' id='word_1_499' title='bbox 1408 4870 1549 4935; x_wconf 87' lang='lat' dir='ltr'>quod</span> <span class='ocrx_word' id='word_1_500' title='bbox 1582 4869 1775 4934; x_wconf 86' lang='lat' dir='ltr'>latitat,</span> <span class='ocrx_word' id='word_1_501' title='bbox 1819 4886 1926 4925; x_wconf 88' lang='lat' dir='ltr'>non</span> <span class='ocrx_word' id='word_1_502' title='bbox 1944 4872 2194 4941; x_wconf 67' lang='lat' dir='ltr'>celatur;</span> 
     </span>
    </p>
   </div>
   <div class='ocr_carea' id='block_1_68' title="bbox 633 4957 2197 5032">
    <p class='ocr_par' dir='ltr' id='par_1_68' title="bbox 633 4957 2197 5032">
     <span class='ocr_line' id='line_1_68' title="bbox 633 4957 2197 5032; baseline 0.003 -19"><span class='ocrx_word' id='word_1_503' title='bbox 633 4959 701 5013; x_wconf 87' lang='lat' dir='ltr'>ab</span> <span class='ocrx_word' id='word_1_504' title='bbox 729 4957 950 5012; x_wconf 79' lang='lat' dir='ltr'>occultis</span> <span class='ocrx_word' id='word_1_505' title='bbox 992 4961 1188 5011; x_wconf 84' lang='lat' dir='ltr'>nostris</span> <span class='ocrx_word' id='word_1_506' title='bbox 1233 4958 1431 5010; x_wconf 90' lang='lat' dir='ltr'>munda</span> <span class='ocrx_word' id='word_1_507' title='bbox 1462 4974 1558 5011; x_wconf 89' lang='lat' dir='ltr'>nos</span> <span class='ocrx_word' id='word_1_508' title='bbox 1586 5000 1598 5021; x_wconf 93' lang='lat'>,</span> <span class='ocrx_word' id='word_1_509' title='bbox 1637 4968 1691 5013; x_wconf 89' lang='lat' dir='ltr'>et</span> <span class='ocrx_word' id='word_1_510' title='bbox 1718 4961 1784 5014; x_wconf 88' lang='lat' dir='ltr'>ab</span> <span class='ocrx_word' id='word_1_511' title='bbox 1813 4962 2008 5029; x_wconf 77' lang='lat' dir='ltr'>alienis</span> <span class='ocrx_word' id='word_1_512' title='bbox 2027 4979 2197 5032; x_wconf 87' lang='lat' dir='ltr'>parce</span> 
     </span>
    </p>
   </div>
   <div class='ocr_carea' id='block_1_69' title="bbox 633 5048 2197 5115">
    <p class='ocr_par' dir='ltr' id='par_1_69' title="bbox 633 5048 2197 5115">
     <span class='ocr_line' id='line_1_69' title="bbox 633 5048 2197 5115; baseline 0.003 -13"><span class='ocrx_word' id='word_1_513' title='bbox 633 5048 804 5115; x_wconf 80' lang='lat' dir='ltr'>servis</span> <span class='ocrx_word' id='word_1_514' title='bbox 832 5050 936 5100; x_wconf 88' lang='lat' dir='ltr'>tuis</span> <span class='ocrx_word' id='word_1_515' title='bbox 958 5088 970 5109; x_wconf 93' lang='lat'>,</span> <span class='ocrx_word' id='word_1_516' title='bbox 1014 5056 1068 5100; x_wconf 86' lang='lat' dir='ltr'>et</span> <span class='ocrx_word' id='word_1_517' title='bbox 1104 5056 1297 5115; x_wconf 70' lang='lat' dir='ltr'>pnesta</span> <span class='ocrx_word' id='word_1_518' title='bbox 1341 5056 1402 5100; x_wconf 86' lang='lat' dir='ltr'>ut</span> <span class='ocrx_word' id='word_1_519' title='bbox 1449 5049 1864 5105; x_wconf 80' lang='lat' dir='ltr'>examinationis</span> <span class='ocrx_word' id='word_1_520' title='bbox 1890 5060 1992 5107; x_wconf 74' lang='lat' dir='ltr'>tua:</span> <span class='ocrx_word' id='word_1_521' title='bbox 2021 5053 2197 5108; x_wconf 87' lang='lat' dir='ltr'>calore</span> 
     </span>
    </p>
   </div>
   <div class='ocr_carea' id='block_1_70' title="bbox 635 5139 1621 5205">
    <p class='ocr_par' dir='ltr' id='par_1_70' title="bbox 635 5139 1621 5205">
     <span class='ocr_line' id='line_1_70' title="bbox 635 5139 1621 5205; baseline 0.001 -18"><span class='ocrx_word' id='word_1_522' title='bbox 635 5139 839 5205; x_wconf 73' lang='lat' dir='ltr'>pur-itas</span> <span class='ocrx_word' id='word_1_523' title='bbox 867 5152 894 5188; x_wconf 84' lang='lat' dir='ltr'>a</span> <span class='ocrx_word' id='word_1_524' title='bbox 927 5144 977 5189; x_wconf 89' lang='lat' dir='ltr'>te</span> <span class='ocrx_word' id='word_1_525' title='bbox 999 5149 1252 5190; x_wconf 81' lang='lat' dir='ltr'>concessa</span> <span class='ocrx_word' id='word_1_526' title='bbox 1277 5152 1384 5190; x_wconf 90' lang='lat' dir='ltr'>non</span> <span class='ocrx_word' id='word_1_527' title='bbox 1413 5145 1621 5192; x_wconf 85' lang='lat' dir='ltr'>aestuet.</span> 
     </span>
    </p>
   </div>
   <div class='ocr_carea' id='block_1_71' title="bbox 1040 5238 1795 5304">
    <p class='ocr_par' dir='ltr' id='par_1_71' title="bbox 1040 5238 1795 5304">
     <span class='ocr_line' id='line_1_71' title="bbox 1040 5238 1795 5304; baseline 0.005 -6"><span class='ocrx_word' id='word_1_528' title='bbox 1040 5238 1349 5300; x_wconf 62' lang='lat' dir='ltr'>l’SALMUS</span> <span class='ocrx_word' id='word_1_529' title='bbox 1389 5247 1795 5304; x_wconf 71' lang='lat' dir='ltr'>MARTYRUM.</span> 
     </span>
    </p>
   </div>
   <div class='ocr_carea' id='block_1_72' title="bbox 708 5359 2200 5433">
    <p class='ocr_par' dir='ltr' id='par_1_72' title="bbox 708 5359 2200 5433">
     <span class='ocr_line' id='line_1_72' title="bbox 708 5359 2200 5433; baseline 0.007 -20"><span class='ocrx_word' id='word_1_530' title='bbox 708 5361 1108 5433; x_wconf 62' lang='lat' dir='ltr'>(l&#39;su..&#39;xxxn.)</span> <span class='ocrx_word' id='word_1_531' title='bbox 1142 5359 1564 5429; x_wconf 76' lang='lat' dir='ltr'>Exsultatejnsti</span> <span class='ocrx_word' id='word_1_532' title='bbox 1610 5367 1665 5416; x_wconf 91' lang='lat' dir='ltr'>in</span> <span class='ocrx_word' id='word_1_533' title='bbox 1711 5364 1974 5418; x_wconf 82' lang='lat' dir='ltr'>Domino:</span> <span class='ocrx_word' id='word_1_534' title='bbox 2027 5377 2200 5423; x_wconf 88' lang='lat' dir='ltr'>rectos</span> 
     </span>
    </p>
   </div>
   <div class='ocr_carea' id='block_1_73' title="bbox 641 5450 2195 5513">
    <p class='ocr_par' dir='ltr' id='par_1_73' title="bbox 641 5450 2195 5513">
     <span class='ocr_line' id='line_1_73' title="bbox 641 5450 2195 5513; baseline 0.004 -9"><span class='ocrx_word' id='word_1_535' title='bbox 641 5451 790 5506; x_wconf 69' lang='lat' dir='ltr'>decet</span> <span class='ocrx_word' id='word_1_536' title='bbox 830 5452 1165 5504; x_wconf 67' lang='lat' dir='ltr'>cuiiatnlatio.</span> <span class='ocrx_word' id='word_1_537' title='bbox 1212 5450 1552 5504; x_wconf 84' lang='lat' dir='ltr'>Coniitemini</span> <span class='ocrx_word' id='word_1_538' title='bbox 1591 5454 1815 5508; x_wconf 86' lang='lat' dir='ltr'>Domino</span> <span class='ocrx_word' id='word_1_539' title='bbox 1863 5456 1917 5508; x_wconf 90' lang='lat' dir='ltr'>in</span> <span class='ocrx_word' id='word_1_540' title='bbox 1954 5458 2195 5513; x_wconf 86' lang='lat' dir='ltr'>cithara:</span> 
     </span>
    </p>
   </div>
   <div class='ocr_carea' id='block_1_74' title="bbox 640 5536 2201 5613">
    <p class='ocr_par' dir='ltr' id='par_1_74' title="bbox 640 5536 2201 5613">
     <span class='ocr_line' id='line_1_74' title="bbox 640 5536 2201 5613; baseline 0.006 -18"><span class='ocrx_word' id='word_1_541' title='bbox 640 5547 692 5595; x_wconf 84' lang='lat' dir='ltr'>in</span> <span class='ocrx_word' id='word_1_542' title='bbox 724 5542 972 5610; x_wconf 78' lang='lat' dir='ltr'>psalterio</span> <span class='ocrx_word' id='word_1_543' title='bbox 995 5544 1174 5598; x_wconf 88' lang='lat' dir='ltr'>decem</span> <span class='ocrx_word' id='word_1_544' title='bbox 1204 5536 1521 5598; x_wconf 82' lang='lat' dir='ltr'>chordarum</span> <span class='ocrx_word' id='word_1_545' title='bbox 1548 5546 1756 5613; x_wconf 78' lang='lat' dir='ltr'>psallite</span> <span class='ocrx_word' id='word_1_546' title='bbox 1787 5548 1878 5601; x_wconf 87' lang='lat' dir='ltr'>illi.</span> <span class='ocrx_word' id='word_1_547' title='bbox 1907 5547 2129 5606; x_wconf 79' lang='lat' dir='ltr'>Caritate</span> <span class='ocrx_word' id='word_1_548' title='bbox 2151 5552 2201 5606; x_wconf 85' lang='lat' dir='ltr'>ei</span> 
     </span>
    </p>
   </div>
   <div class='ocr_carea' id='block_1_75' title="bbox 641 5633 2197 5700">
    <p class='ocr_par' dir='ltr' id='par_1_75' title="bbox 641 5633 2197 5700">
     <span class='ocr_line' id='line_1_75' title="bbox 641 5633 2197 5700; baseline 0.009 -22"><span class='ocrx_word' id='word_1_549' title='bbox 641 5633 908 5684; x_wconf 82' lang='lat' dir='ltr'>eanticum</span> <span class='ocrx_word' id='word_1_550' title='bbox 937 5647 1167 5687; x_wconf 87' lang='lat' dir='ltr'>novum:</span> <span class='ocrx_word' id='word_1_551' title='bbox 1208 5635 1342 5687; x_wconf 84' lang='lat' dir='ltr'>bene</span> <span class='ocrx_word' id='word_1_552' title='bbox 1380 5635 1584 5700; x_wconf 69' lang='grc' dir='ltr'>νςτιῐιὶιρ</span> <span class='ocrx_word' id='word_1_553' title='bbox 1615 5638 1658 5688; x_wconf 87' lang='lat' dir='ltr'>ei</span> <span class='ocrx_word' id='word_1_554' title='bbox 1707 5638 1758 5690; x_wconf 90' lang='lat' dir='ltr'>in</span> <span class='ocrx_word' id='word_1_555' title='bbox 1799 5636 2197 5692; x_wconf 80' lang='lat' dir='ltr'>vociferatione.</span> 
     </span>
    </p>
   </div>
   <div class='ocr_carea' id='block_1_76' title="bbox 2291 1836 3867 1917">
    <p class='ocr_par' dir='ltr' id='par_1_76' title="bbox 2291 1836 3867 1917">
     <span class='ocr_line' id='line_1_76' title="bbox 2291 1836 3867 1917; baseline 0.013 -30"><span class='ocrx_word' id='word_1_556' title='bbox 2291 1836 2530 1903; x_wconf 76' lang='lat' dir='ltr'>respexit</span> <span class='ocrx_word' id='word_1_557' title='bbox 2579 1852 2742 1906; x_wconf 84' lang='lat' dir='ltr'>super</span> <span class='ocrx_word' id='word_1_558' title='bbox 2804 1855 2992 1896; x_wconf 89' lang='lat' dir='ltr'>omnes</span> <span class='ocrx_word' id='word_1_559' title='bbox 3052 1843 3141 1911; x_wconf 91' lang='lat' dir='ltr'>qui</span> <span class='ocrx_word' id='word_1_560' title='bbox 3205 1845 3452 1902; x_wconf 87' lang='lat' dir='ltr'>habitant</span> <span class='ocrx_word' id='word_1_561' title='bbox 3495 1858 3717 1904; x_wconf 88' lang='lat' dir='ltr'>terram.</span> <span class='ocrx_word' id='word_1_562' title='bbox 3765 1851 3867 1917; x_wconf 82' lang='lat' dir='ltr'>Qui</span> 
     </span>
    </p>
   </div>
   <div class='ocr_carea' id='block_1_77' title="bbox 2291 1924 3865 2010">
    <p class='ocr_par' dir='ltr' id='par_1_77' title="bbox 2291 1924 3865 2010">
     <span class='ocr_line' id='line_1_77' title="bbox 2291 1924 3865 2010; baseline 0.009 -33"><span class='ocrx_word' id='word_1_563' title='bbox 2291 1924 2446 1979; x_wconf 79' lang='lat' dir='ltr'>finxit</span> <span class='ocrx_word' id='word_1_564' title='bbox 2475 1926 2783 1996; x_wconf 89' lang='lat' dir='ltr'>singillatim</span> <span class='ocrx_word' id='word_1_565' title='bbox 2806 1930 2968 1984; x_wconf 84' lang='lat' dir='ltr'>corda</span> <span class='ocrx_word' id='word_1_566' title='bbox 3002 1946 3186 1986; x_wconf 88' lang='lat' dir='ltr'>eorum</span> <span class='ocrx_word' id='word_1_567' title='bbox 3219 1953 3230 1987; x_wconf 88' lang='lat'>:</span> <span class='ocrx_word' id='word_1_568' title='bbox 3269 1935 3360 2004; x_wconf 92' lang='lat' dir='ltr'>qui</span> <span class='ocrx_word' id='word_1_569' title='bbox 3398 1937 3650 2010; x_wconf 81' lang='lat' dir='ltr'>intelligit</span> <span class='ocrx_word' id='word_1_570' title='bbox 3686 1940 3865 1994; x_wconf 85' lang='lat' dir='ltr'>omnia</span> 
     </span>
    </p>
   </div>
   <div class='ocr_carea' id='block_1_78' title="bbox 2282 2019 3871 2097">
    <p class='ocr_par' dir='ltr' id='par_1_78' title="bbox 2282 2019 3871 2097">
     <span class='ocr_line' id='line_1_78' title="bbox 2282 2019 3871 2097; baseline 0.009 -26"><span class='ocrx_word' id='word_1_571' title='bbox 2282 2033 2449 2086; x_wconf 88' lang='lat' dir='ltr'>opera</span> <span class='ocrx_word' id='word_1_572' title='bbox 2486 2034 2692 2073; x_wconf 89' lang='lat' dir='ltr'>eorum.</span> <span class='ocrx_word' id='word_1_573' title='bbox 2741 2019 2854 2075; x_wconf 79' lang='lat' dir='ltr'>Non</span> <span class='ocrx_word' id='word_1_574' title='bbox 2893 2022 3131 2078; x_wconf 85' lang='lat' dir='ltr'>salvatur</span> <span class='ocrx_word' id='word_1_575' title='bbox 3175 2024 3290 2081; x_wconf 84' lang='lat' dir='ltr'>Rex</span> <span class='ocrx_word' id='word_1_576' title='bbox 3320 2044 3417 2097; x_wconf 90' lang='lat' dir='ltr'>per</span> <span class='ocrx_word' id='word_1_577' title='bbox 3451 2030 3672 2085; x_wconf 81' lang='lat' dir='ltr'>multam</span> <span class='ocrx_word' id='word_1_578' title='bbox 3709 2033 3871 2086; x_wconf 81' lang='lat' dir='ltr'>virtu-</span> 
     </span>
    </p>
   </div>
   <div class='ocr_carea' id='block_1_79' title="bbox 2293 2112 3870 2184">
    <p class='ocr_par' dir='ltr' id='par_1_79' title="bbox 2293 2112 3870 2184">
     <span class='ocr_line' id='line_1_79' title="bbox 2293 2112 3870 2184; baseline 0.011 -22"><span class='ocrx_word' id='word_1_579' title='bbox 2293 2119 2434 2163; x_wconf 86' lang='lat' dir='ltr'>tem:</span> <span class='ocrx_word' id='word_1_580' title='bbox 2473 2119 2528 2164; x_wconf 88' lang='lat' dir='ltr'>et</span> <span class='ocrx_word' id='word_1_581' title='bbox 2561 2112 2708 2182; x_wconf 84' lang='lat' dir='ltr'>gigas</span> <span class='ocrx_word' id='word_1_582' title='bbox 2744 2128 2850 2168; x_wconf 90' lang='lat' dir='ltr'>non</span> <span class='ocrx_word' id='word_1_583' title='bbox 2884 2115 3179 2172; x_wconf 87' lang='lat' dir='ltr'>salvabitur</span> <span class='ocrx_word' id='word_1_584' title='bbox 3211 2120 3263 2173; x_wconf 91' lang='lat' dir='ltr'>in</span> <span class='ocrx_word' id='word_1_585' title='bbox 3293 2120 3634 2184; x_wconf 85' lang='lat' dir='ltr'>multitudine</span> <span class='ocrx_word' id='word_1_586' title='bbox 3653 2125 3870 2180; x_wconf 83' lang='lat' dir='ltr'>virtutis</span> 
     </span>
    </p>
   </div>
   <div class='ocr_carea' id='block_1_80' title="bbox 2290 2201 3868 2276">
    <p class='ocr_par' dir='ltr' id='par_1_80' title="bbox 2290 2201 3868 2276">
     <span class='ocr_line' id='line_1_80' title="bbox 2290 2201 3868 2276; baseline 0.011 -23"><span class='ocrx_word' id='word_1_587' title='bbox 2290 2215 2418 2253; x_wconf 65' lang='lat' dir='ltr'>sum.</span> <span class='ocrx_word' id='word_1_588' title='bbox 2449 2201 2629 2256; x_wconf 78' lang='lat' dir='ltr'>Fallax</span> <span class='ocrx_word' id='word_1_589' title='bbox 2658 2219 2828 2273; x_wconf 88' lang='lat' dir='ltr'>equus</span> <span class='ocrx_word' id='word_1_590' title='bbox 2855 2205 2919 2260; x_wconf 88' lang='lat' dir='ltr'>ad</span> <span class='ocrx_word' id='word_1_591' title='bbox 2951 2207 3198 2275; x_wconf 89' lang='lat' dir='ltr'>salutem,</span> <span class='ocrx_word' id='word_1_592' title='bbox 3234 2211 3288 2265; x_wconf 91' lang='lat' dir='ltr'>in</span> <span class='ocrx_word' id='word_1_593' title='bbox 3325 2213 3652 2276; x_wconf 81' lang='lat' dir='ltr'>abundantia</span> <span class='ocrx_word' id='word_1_594' title='bbox 3690 2225 3868 2271; x_wconf 89' lang='lat' dir='ltr'>autem</span> 
     </span>
    </p>
   </div>
   <div class='ocr_carea' id='block_1_81' title="bbox 2291 2290 3873 2362">
    <p class='ocr_par' dir='ltr' id='par_1_81' title="bbox 2291 2290 3873 2362">
     <span class='ocr_line' id='line_1_81' title="bbox 2291 2290 3873 2362; baseline 0.013 -20"><span class='ocrx_word' id='word_1_595' title='bbox 2291 2290 2506 2344; x_wconf 87' lang='lat' dir='ltr'>virtutis</span> <span class='ocrx_word' id='word_1_596' title='bbox 2543 2307 2650 2347; x_wconf 68' lang='lat' dir='ltr'>suae</span> <span class='ocrx_word' id='word_1_597' title='bbox 2684 2310 2792 2348; x_wconf 91' lang='lat' dir='ltr'>non</span> <span class='ocrx_word' id='word_1_598' title='bbox 2837 2296 3147 2353; x_wconf 88' lang='lat' dir='ltr'>salvabitur.</span> <span class='ocrx_word' id='word_1_599' title='bbox 3196 2301 3336 2356; x_wconf 85' lang='lat' dir='ltr'>Ecce</span> <span class='ocrx_word' id='word_1_600' title='bbox 3371 2305 3510 2359; x_wconf 91' lang='lat' dir='ltr'>oculi</span> <span class='ocrx_word' id='word_1_601' title='bbox 3540 2297 3752 2361; x_wconf 71' lang='lat' dir='ltr'>Domini</span> <span class='ocrx_word' id='word_1_602' title='bbox 3783 2325 3873 2362; x_wconf 90' lang='lat' dir='ltr'>su-</span> 
     </span>
    </p>
   </div>
   <div class='ocr_carea' id='block_1_82' title="bbox 2289 2387 3870 2467">
    <p class='ocr_par' dir='ltr' id='par_1_82' title="bbox 2289 2387 3870 2467">
     <span class='ocr_line' id='line_1_82' title="bbox 2289 2387 3870 2467; baseline 0.013 -35"><span class='ocrx_word' id='word_1_603' title='bbox 2289 2393 2387 2448; x_wconf 89' lang='lat' dir='ltr'>per</span> <span class='ocrx_word' id='word_1_604' title='bbox 2409 2389 2710 2436; x_wconf 83' lang='lat' dir='ltr'>metuentes</span> <span class='ocrx_word' id='word_1_605' title='bbox 2735 2399 2878 2450; x_wconf 86' lang='lat' dir='ltr'>cum,</span> <span class='ocrx_word' id='word_1_606' title='bbox 2915 2394 2969 2440; x_wconf 91' lang='lat' dir='ltr'>et</span> <span class='ocrx_word' id='word_1_607' title='bbox 2993 2387 3046 2441; x_wconf 90' lang='lat' dir='ltr'>in</span> <span class='ocrx_word' id='word_1_608' title='bbox 3089 2389 3172 2446; x_wconf 82' lang='lat' dir='ltr'>eis</span> <span class='ocrx_word' id='word_1_609' title='bbox 3217 2391 3307 2459; x_wconf 90' lang='lat' dir='ltr'>qui</span> <span class='ocrx_word' id='word_1_610' title='bbox 3333 2403 3554 2461; x_wconf 88' lang='lat' dir='ltr'>sperant</span> <span class='ocrx_word' id='word_1_611' title='bbox 3582 2413 3744 2467; x_wconf 89' lang='lat' dir='ltr'>super</span> <span class='ocrx_word' id='word_1_612' title='bbox 3773 2417 3870 2452; x_wconf 86' lang='lat' dir='ltr'>mr-</span> 
     </span>
    </p>
   </div>
   <div class='ocr_carea' id='block_1_83' title="bbox 2290 2472 3872 2553">
    <p class='ocr_par' dir='ltr' id='par_1_83' title="bbox 2290 2472 3872 2553">
     <span class='ocr_line' id='line_1_83' title="bbox 2290 2472 3872 2553; baseline 0.012 -29"><span class='ocrx_word' id='word_1_613' title='bbox 2290 2472 2586 2527; x_wconf 88' lang='lat' dir='ltr'>sericordia</span> <span class='ocrx_word' id='word_1_614' title='bbox 2614 2473 2754 2542; x_wconf 90' lang='lat' dir='ltr'>&#39;ejus.</span> <span class='ocrx_word' id='word_1_615' title='bbox 2773 2477 2861 2544; x_wconf 31' lang='lat' dir='ltr'>&#39;Ut</span> <span class='ocrx_word' id='word_1_616' title='bbox 2887 2487 3041 2532; x_wconf 86' lang='lat' dir='ltr'>eruat</span> <span class='ocrx_word' id='word_1_617' title='bbox 3077 2495 3107 2533; x_wconf 92' lang='lat' dir='ltr'>a</span> <span class='ocrx_word' id='word_1_618' title='bbox 3135 2489 3306 2536; x_wconf 85' lang='lat' dir='ltr'>morte</span> <span class='ocrx_word' id='word_1_619' title='bbox 3333 2485 3546 2540; x_wconf 88' lang='lat' dir='ltr'>animas</span> <span class='ocrx_word' id='word_1_620' title='bbox 3569 2502 3777 2553; x_wconf 84' lang='lat' dir='ltr'>eorum,</span> <span class='ocrx_word' id='word_1_621' title='bbox 3815 2501 3872 2544; x_wconf 88' lang='lat' dir='ltr'>et</span> 
     </span>
    </p>
   </div>
   <div class='ocr_carea' id='block_1_84' title="bbox 2291 2556 3865 2631">
    <p class='ocr_par' dir='ltr' id='par_1_84' title="bbox 2291 2556 3865 2631">
     <span class='ocr_line' id='line_1_84' title="bbox 2291 2556 3865 2631; baseline 0.013 -19"><span class='ocrx_word' id='word_1_622' title='bbox 2291 2559 2398 2613; x_wconf 85' lang='lat' dir='ltr'>alat</span> <span class='ocrx_word' id='word_1_623' title='bbox 2423 2577 2515 2615; x_wconf 91' lang='lat' dir='ltr'>eos</span> <span class='ocrx_word' id='word_1_624' title='bbox 2555 2563 2610 2615; x_wconf 92' lang='lat' dir='ltr'>in</span> <span class='ocrx_word' id='word_1_625' title='bbox 2637 2563 2797 2617; x_wconf 85' lang='lat' dir='ltr'>fame.</span> <span class='ocrx_word' id='word_1_626' title='bbox 2821 2565 3028 2631; x_wconf 71' lang='lat' dir='ltr'>Anima</span> <span class='ocrx_word' id='word_1_627' title='bbox 3065 2577 3248 2623; x_wconf 90' lang='lat' dir='ltr'>nostra</span> <span class='ocrx_word' id='word_1_628' title='bbox 3276 2556 3506 2628; x_wconf 87' lang='lat' dir='ltr'>sustinet</span> <span class='ocrx_word' id='word_1_629' title='bbox 3542 2575 3865 2631; x_wconf 81' lang='lat' dir='ltr'>Dominum:</span> 
     </span>
    </p>
   </div>
   <div class='ocr_carea' id='block_1_85' title="bbox 2291 2653 3871 2732">
    <p class='ocr_par' dir='ltr' id='par_1_85' title="bbox 2291 2653 3871 2732">
     <span class='ocr_line' id='line_1_85' title="bbox 2291 2653 3871 2732; baseline 0.011 -29"><span class='ocrx_word' id='word_1_630' title='bbox 2291 2653 2869 2721; x_wconf 80' lang='lat' dir='ltr'>quoniamadjutoret</span> <span class='ocrx_word' id='word_1_631' title='bbox 2887 2661 3175 2725; x_wconf 79' lang='lat' dir='ltr'>protector</span> <span class='ocrx_word' id='word_1_632' title='bbox 3198 2671 3383 2716; x_wconf 88' lang='lat' dir='ltr'>noster</span> <span class='ocrx_word' id='word_1_633' title='bbox 3405 2673 3506 2718; x_wconf 86' lang='lat' dir='ltr'>cst.</span> <span class='ocrx_word' id='word_1_634' title='bbox 3546 2664 3680 2732; x_wconf 85' lang='lat' dir='ltr'>Quia</span> <span class='ocrx_word' id='word_1_635' title='bbox 3717 2667 3772 2720; x_wconf 89' lang='lat' dir='ltr'>in</span> <span class='ocrx_word' id='word_1_636' title='bbox 3805 2682 3871 2720; x_wconf 91' lang='lat' dir='ltr'>eo</span> 
     </span>
    </p>
   </div>
   <div class='ocr_carea' id='block_1_86' title="bbox 2290 2742 3870 2826">
    <p class='ocr_par' dir='ltr' id='par_1_86' title="bbox 2290 2742 3870 2826">
     <span class='ocr_line' id='line_1_86' title="bbox 2290 2742 3870 2826; baseline 0.011 -31"><span class='ocrx_word' id='word_1_637' title='bbox 2290 2742 2556 2797; x_wconf 76' lang='lat' dir='ltr'>luctabitur</span> <span class='ocrx_word' id='word_1_638' title='bbox 2583 2760 2694 2798; x_wconf 87' lang='lat' dir='ltr'>cor</span> <span class='ocrx_word' id='word_1_639' title='bbox 2724 2755 2978 2800; x_wconf 83' lang='lat' dir='ltr'>nostrum</span> <span class='ocrx_word' id='word_1_640' title='bbox 3017 2767 3027 2802; x_wconf 93' lang='lat'>:</span> <span class='ocrx_word' id='word_1_641' title='bbox 3073 2758 3129 2803; x_wconf 82' lang='lat' dir='ltr'>et</span> <span class='ocrx_word' id='word_1_642' title='bbox 3171 2751 3225 2803; x_wconf 92' lang='lat' dir='ltr'>in</span> <span class='ocrx_word' id='word_1_643' title='bbox 3269 2755 3486 2817; x_wconf 84' lang='lat' dir='ltr'>nomine</span> <span class='ocrx_word' id='word_1_644' title='bbox 3525 2765 3713 2811; x_wconf 88' lang='lat' dir='ltr'>sancto</span> <span class='ocrx_word' id='word_1_645' title='bbox 3754 2757 3870 2826; x_wconf 87' lang='lat' dir='ltr'>ejus</span> 
     </span>
    </p>
   </div>
   <div class='ocr_carea' id='block_1_87' title="bbox 2291 2834 3871 2918">
    <p class='ocr_par' dir='ltr' id='par_1_87' title="bbox 2291 2834 3871 2918">
     <span class='ocr_line' id='line_1_87' title="bbox 2291 2834 3871 2918; baseline 0.011 -32"><span class='ocrx_word' id='word_1_646' title='bbox 2291 2834 2642 2901; x_wconf 81' lang='lat' dir='ltr'>speravimus.</span> <span class='ocrx_word' id='word_1_647' title='bbox 2683 2835 2802 2890; x_wconf 86' lang='lat' dir='ltr'>Fiat</span> <span class='ocrx_word' id='word_1_648' title='bbox 2838 2838 3210 2895; x_wconf 85' lang='lat' dir='ltr'>misericordia</span> <span class='ocrx_word' id='word_1_649' title='bbox 3256 2853 3368 2909; x_wconf 89' lang='lat' dir='ltr'>tua,</span> <span class='ocrx_word' id='word_1_650' title='bbox 3421 2845 3666 2912; x_wconf 91' lang='lat' dir='ltr'>Domine,</span> <span class='ocrx_word' id='word_1_651' title='bbox 3709 2863 3871 2918; x_wconf 80' lang='lat' dir='ltr'>super</span> 
     </span>
    </p>
   </div>
   <div class='ocr_carea' id='block_1_88' title="bbox 2292 2925 3442 2996">
    <p class='ocr_par' dir='ltr' id='par_1_88' title="bbox 2292 2925 3442 2996">
     <span class='ocr_line' id='line_1_88' title="bbox 2292 2925 3442 2996; baseline 0.012 -22"><span class='ocrx_word' id='word_1_652' title='bbox 2292 2936 2411 2985; x_wconf 89' lang='lat' dir='ltr'>nos,</span> <span class='ocrx_word' id='word_1_653' title='bbox 2439 2925 2884 2991; x_wconf 83' lang='lat' dir='ltr'>quemadmodum</span> <span class='ocrx_word' id='word_1_654' title='bbox 2921 2931 3256 2996; x_wconf 82' lang='lat' dir='ltr'>speravimus</span> <span class='ocrx_word' id='word_1_655' title='bbox 3287 2927 3442 2988; x_wconf 81' lang='lat' dir='ltr'>inte.</span> 
     </span>
    </p>
   </div>
   <div class='ocr_carea' id='block_1_89' title="bbox 2364 3011 3871 3094">
    <p class='ocr_par' dir='ltr' id='par_1_89' title="bbox 2364 3011 3871 3094">
     <span class='ocr_line' id='line_1_89' title="bbox 2364 3011 3871 3094; baseline 0.013 -30"><span class='ocrx_word' id='word_1_656' title='bbox 2364 3011 2430 3064; x_wconf 79' lang='lat' dir='ltr'>Ut</span> <span class='ocrx_word' id='word_1_657' title='bbox 2454 3027 2632 3082; x_wconf 82' lang='lat' dir='ltr'>supra.</span> <span class='ocrx_word' id='word_1_658' title='bbox 2664 3013 2895 3080; x_wconf 88' lang='lat' dir='ltr'>Sanctis,</span> <span class='ocrx_word' id='word_1_659' title='bbox 2929 3019 3019 3086; x_wconf 89' lang='lat' dir='ltr'>qui</span> <span class='ocrx_word' id='word_1_660' title='bbox 3051 3031 3176 3074; x_wconf 74' lang='lat' dir='ltr'>sunt</span> <span class='ocrx_word' id='word_1_661' title='bbox 3198 3021 3250 3074; x_wconf 92' lang='lat' dir='ltr'>in</span> <span class='ocrx_word' id='word_1_662' title='bbox 3277 3030 3417 3076; x_wconf 88' lang='lat' dir='ltr'>terra</span> <span class='ocrx_word' id='word_1_663' title='bbox 3448 3025 3584 3094; x_wconf 88' lang='lat' dir='ltr'>ejus.</span> <span class='ocrx_word' id='word_1_664' title='bbox 3609 3025 3787 3082; x_wconf 83' lang='lat' dir='ltr'>Gloria</span> <span class='ocrx_word' id='word_1_665' title='bbox 3801 3039 3871 3083; x_wconf 63' lang='lat' dir='ltr'>:et</span> 
     </span>
    </p>
   </div>
   <div class='ocr_carea' id='block_1_90' title="bbox 2403 3107 3480 3175">
    <p class='ocr_par' dir='ltr' id='par_1_90' title="bbox 2403 3107 3480 3175">
     <span class='ocr_line' id='line_1_90' title="bbox 2403 3107 3480 3175; baseline 0.011 -21"><span class='ocrx_word' id='word_1_666' title='bbox 2403 3117 2494 3156; x_wconf 92' lang='lat' dir='ltr'>ore</span> <span class='ocrx_word' id='word_1_667' title='bbox 2518 3107 2788 3174; x_wconf 86' lang='lat' dir='ltr'>coronasti</span> <span class='ocrx_word' id='word_1_668' title='bbox 2809 3120 2920 3161; x_wconf 86' lang='lat' dir='ltr'>eos.</span> <span class='ocrx_word' id='word_1_669' title='bbox 2956 3107 3207 3175; x_wconf 85' lang='lat' dir='ltr'>Posuisti,</span> <span class='ocrx_word' id='word_1_670' title='bbox 3237 3110 3480 3167; x_wconf 89' lang='lat' dir='ltr'>Domine.</span> 
     </span>
    </p>
   </div>
   <div class='ocr_carea' id='block_1_91' title="bbox 2363 3192 3866 3278">
    <p class='ocr_par' dir='ltr' id='par_1_91' title="bbox 2363 3192 3866 3278">
     <span class='ocr_line' id='line_1_91' title="bbox 2363 3192 3866 3278; baseline 0.015 -34"><span class='ocrx_word' id='word_1_671' title='bbox 2363 3192 2565 3248; x_wconf 83' lang='lat' dir='ltr'>Oratio.</span> <span class='ocrx_word' id='word_1_672' title='bbox 2595 3195 2714 3250; x_wconf 81' lang='lat' dir='ltr'>Fiat</span> <span class='ocrx_word' id='word_1_673' title='bbox 2739 3197 3105 3254; x_wconf 85' lang='lat' dir='ltr'>misericordia</span> <span class='ocrx_word' id='word_1_674' title='bbox 3138 3210 3247 3269; x_wconf 92' lang='lat' dir='ltr'>tua,</span> <span class='ocrx_word' id='word_1_675' title='bbox 3285 3200 3530 3270; x_wconf 86' lang='lat' dir='ltr'>Domine,</span> <span class='ocrx_word' id='word_1_676' title='bbox 3566 3222 3728 3278; x_wconf 86' lang='lat' dir='ltr'>super</span> <span class='ocrx_word' id='word_1_677' title='bbox 3747 3225 3866 3275; x_wconf 85' lang='lat' dir='ltr'>nos,</span> 
     </span>
    </p>
   </div>
   <div class='ocr_carea' id='block_1_92' title="bbox 2289 3286 3869 3369">
    <p class='ocr_par' dir='ltr' id='par_1_92' title="bbox 2289 3286 3869 3369">
     <span class='ocr_line' id='line_1_92' title="bbox 2289 3286 3869 3369; baseline 0.012 -32"><span class='ocrx_word' id='word_1_678' title='bbox 2289 3293 2342 3338; x_wconf 84' lang='lat' dir='ltr'>et.</span> <span class='ocrx_word' id='word_1_679' title='bbox 2366 3286 2647 3341; x_wconf 90' lang='lat' dir='ltr'>animabus</span> <span class='ocrx_word' id='word_1_680' title='bbox 2683 3289 2881 3345; x_wconf 82' lang='lat' dir='ltr'>nostris</span> <span class='ocrx_word' id='word_1_681' title='bbox 2921 3291 3235 3359; x_wconf 86' lang='lat' dir='ltr'>patientiam</span> <span class='ocrx_word' id='word_1_682' title='bbox 3267 3297 3334 3349; x_wconf 92' lang='lat' dir='ltr'>ad</span> <span class='ocrx_word' id='word_1_683' title='bbox 3368 3299 3549 3352; x_wconf 87' lang='lat' dir='ltr'>omnia</span> <span class='ocrx_word' id='word_1_684' title='bbox 3593 3301 3869 3369; x_wconf 85' lang='lat' dir='ltr'>toleranda</span> 
     </span>
    </p>
   </div>
   <div class='ocr_carea' id='block_1_93' title="bbox 2292 3373 3868 3461">
    <p class='ocr_par' dir='ltr' id='par_1_93' title="bbox 2292 3373 3868 3461">
     <span class='ocr_line' id='line_1_93' title="bbox 2292 3373 3868 3461; baseline 0.013 -36"><span class='ocrx_word' id='word_1_685' title='bbox 2292 3373 2554 3440; x_wconf 81' lang='lat' dir='ltr'>adjutorio</span> <span class='ocrx_word' id='word_1_686' title='bbox 2579 3384 2678 3430; x_wconf 79' lang='lat' dir='ltr'>tua:</span> <span class='ocrx_word' id='word_1_687' title='bbox 2699 3381 3051 3446; x_wconf 88' lang='lat' dir='ltr'>protectionis</span> <span class='ocrx_word' id='word_1_688' title='bbox 3075 3383 3288 3438; x_wconf 88' lang='lat' dir='ltr'>insinua</span> <span class='ocrx_word' id='word_1_689' title='bbox 3314 3403 3329 3450; x_wconf 84' lang='lat'><strong>;</strong></span> <span class='ocrx_word' id='word_1_690' title='bbox 3360 3396 3414 3440; x_wconf 91' lang='lat' dir='ltr'>et</span> <span class='ocrx_word' id='word_1_691' title='bbox 3437 3389 3526 3457; x_wconf 87' lang='lat' dir='ltr'>qui</span> <span class='ocrx_word' id='word_1_692' title='bbox 3559 3391 3868 3461; x_wconf 85' lang='lat' dir='ltr'>singillatim</span> 
     </span>
    </p>
   </div>
   <div class='ocr_carea' id='block_1_94' title="bbox 2291 3463 3870 3553">
    <p class='ocr_par' dir='ltr' id='par_1_94' title="bbox 2291 3463 3870 3553">
     <span class='ocr_line' id='line_1_94' title="bbox 2291 3463 3870 3553; baseline 0.015 -38"><span class='ocrx_word' id='word_1_693' title='bbox 2291 3463 2451 3516; x_wconf 81' lang='lat' dir='ltr'>corda</span> <span class='ocrx_word' id='word_1_694' title='bbox 2489 3465 2763 3520; x_wconf 89' lang='lat' dir='ltr'>hominum</span> <span class='ocrx_word' id='word_1_695' title='bbox 2799 3468 2977 3541; x_wconf 84' lang='lat' dir='ltr'>fingis,</span> <span class='ocrx_word' id='word_1_696' title='bbox 3021 3488 3115 3542; x_wconf 89' lang='lat' dir='ltr'>spe</span> <span class='ocrx_word' id='word_1_697' title='bbox 3150 3478 3240 3528; x_wconf 86' lang='lat' dir='ltr'>tua</span> <span class='ocrx_word' id='word_1_698' title='bbox 3284 3478 3612 3545; x_wconf 81' lang='lat' dir='ltr'>sanctifices,</span> <span class='ocrx_word' id='word_1_699' title='bbox 3659 3490 3713 3536; x_wconf 90' lang='lat' dir='ltr'>et</span> <span class='ocrx_word' id='word_1_700' title='bbox 3745 3484 3870 3553; x_wconf 90' lang='lat' dir='ltr'>quia</span> 
     </span>
    </p>
   </div>
   <div class='ocr_carea' id='block_1_95' title="bbox 2291 3553 3874 3642">
    <p class='ocr_par' dir='ltr' id='par_1_95' title="bbox 2291 3553 3874 3642">
     <span class='ocr_line' id='line_1_95' title="bbox 2291 3553 3874 3642; baseline 0.015 -37"><span class='ocrx_word' id='word_1_701' title='bbox 2291 3553 2429 3607; x_wconf 77' lang='lat' dir='ltr'>oculi</span> <span class='ocrx_word' id='word_1_702' title='bbox 2458 3555 2534 3607; x_wconf 91' lang='lat' dir='ltr'>tui</span> <span class='ocrx_word' id='word_1_703' title='bbox 2567 3569 2728 3624; x_wconf 89' lang='lat' dir='ltr'>super</span> <span class='ocrx_word' id='word_1_704' title='bbox 2759 3573 2852 3612; x_wconf 89' lang='lat' dir='ltr'>eos</span> <span class='ocrx_word' id='word_1_705' title='bbox 2877 3571 3021 3627; x_wconf 90' lang='lat' dir='ltr'>sunt,</span> <span class='ocrx_word' id='word_1_706' title='bbox 3051 3565 3142 3632; x_wconf 91' lang='lat' dir='ltr'>qui</span> <span class='ocrx_word' id='word_1_707' title='bbox 3363 3566 3545 3639; x_wconf 81' lang='lat' dir='ltr'>[Forte</span> <span class='ocrx_word' id='word_1_708' title='bbox 3566 3572 3736 3642; x_wconf 81' lang='lat' dir='ltr'>suppl.</span> <span class='ocrx_word' id='word_1_709' title='bbox 3765 3590 3874 3628; x_wconf 51' lang='lat' dir='ltr'>mea</span> 
     </span>
    </p>
   </div>
   <div class='ocr_carea' id='block_1_96' title="bbox 2295 3643 3869 3726">
    <p class='ocr_par' dir='ltr' id='par_1_96' title="bbox 2295 3643 3869 3726">
     <span class='ocr_line' id='line_1_96' title="bbox 2295 3643 3869 3726; baseline 0.017 -33"><span class='ocrx_word' id='word_1_710' title='bbox 2295 3643 2491 3713; x_wconf 90' lang='lat' dir='ltr'>tuunt],</span> <span class='ocrx_word' id='word_1_711' title='bbox 2533 3645 2738 3701; x_wconf 87' lang='lat' dir='ltr'>timoris</span> <span class='ocrx_word' id='word_1_712' title='bbox 2777 3649 2850 3702; x_wconf 89' lang='lat' dir='ltr'>tui</span> <span class='ocrx_word' id='word_1_713' title='bbox 2884 3652 2947 3704; x_wconf 90' lang='lat' dir='ltr'>da</span> <span class='ocrx_word' id='word_1_714' title='bbox 2982 3655 3136 3708; x_wconf 91' lang='lat' dir='ltr'>nobis</span> <span class='ocrx_word' id='word_1_715' title='bbox 3165 3649 3578 3726; x_wconf 83' lang='lat' dir='ltr'>plenitudinem,</span> <span class='ocrx_word' id='word_1_716' title='bbox 3616 3671 3676 3716; x_wconf 87' lang='lat' dir='ltr'>ut</span> <span class='ocrx_word' id='word_1_717' title='bbox 3709 3666 3869 3722; x_wconf 89' lang='lat' dir='ltr'>etiam</span> 
     </span>
    </p>
   </div>
   <div class='ocr_carea' id='block_1_97' title="bbox 2294 3736 3174 3809">
    <p class='ocr_par' dir='ltr' id='par_1_97' title="bbox 2294 3736 3174 3809">
     <span class='ocr_line' id='line_1_97' title="bbox 2294 3736 3174 3809; baseline 0.015 -26"><span class='ocrx_word' id='word_1_718' title='bbox 2294 3736 2533 3800; x_wconf 82' lang='lat' dir='ltr'>aspectui</span> <span class='ocrx_word' id='word_1_719' title='bbox 2565 3736 2814 3792; x_wconf 86' lang='lat' dir='ltr'>conferas</span> <span class='ocrx_word' id='word_1_720' title='bbox 2839 3739 3174 3809; x_wconf 85' lang='lat' dir='ltr'>dignitatem.</span> 
     </span>
    </p>
   </div>
   <div class='ocr_carea' id='block_1_98' title="bbox 2595 3889 3554 3959">
    <p class='ocr_par' dir='ltr' id='par_1_98' title="bbox 2595 3889 3554 3959">
     <span class='ocr_line' id='line_1_98' title="bbox 2595 3889 3554 3959; baseline 0.018 -16"><span class='ocrx_word' id='word_1_721' title='bbox 2595 3889 2910 3948; x_wconf 74' lang='lat' dir='ltr'>PSALMUS</span> <span class='ocrx_word' id='word_1_722' title='bbox 2946 3896 3107 3949; x_wconf 76' lang='lat' dir='ltr'>ITEM</span> <span class='ocrx_word' id='word_1_723' title='bbox 3147 3899 3554 3959; x_wconf 77' lang='lat' dir='ltr'>MARTYRUM.</span> 
     </span>
    </p>
   </div>
   <div class='ocr_carea' id='block_1_99' title="bbox 2366 4018 3875 4101">
    <p class='ocr_par' dir='ltr' id='par_1_99' title="bbox 2366 4018 3875 4101">
     <span class='ocr_line' id='line_1_99' title="bbox 2366 4018 3875 4101; baseline 0.015 -30"><span class='ocrx_word' id='word_1_724' title='bbox 2366 4018 2542 4088; x_wconf 73' lang='lat' dir='ltr'>(PSAL.</span> <span class='ocrx_word' id='word_1_725' title='bbox 2589 4024 2838 4101; x_wconf 71' lang='lat' dir='ltr'>Lxxvtu.)</span> <span class='ocrx_word' id='word_1_726' title='bbox 2888 4025 3044 4087; x_wconf 88' lang='lat' dir='ltr'>Deus,</span> <span class='ocrx_word' id='word_1_727' title='bbox 3080 4040 3340 4084; x_wconf 85' lang='lat' dir='ltr'>venerunt</span> <span class='ocrx_word' id='word_1_728' title='bbox 3363 4035 3628 4101; x_wconf 62' lang='lat' dir='ltr'>gentesjn</span> <span class='ocrx_word' id='word_1_729' title='bbox 3651 4032 3875 4100; x_wconf 63' lang='lat' dir='ltr'>haereb-</span> 
     </span>
    </p>
   </div>
   <div class='ocr_carea' id='block_1_100' title="bbox 2296 4089 3874 4194">
    <p class='ocr_par' dir='ltr' id='par_1_100' title="bbox 2296 4089 3874 4194">
     <span class='ocr_line' id='line_1_100' title="bbox 2296 4089 3874 4194; baseline 0.015 -38"><span class='ocrx_word' id='word_1_730' title='bbox 2296 4111 2459 4159; x_wconf 85' lang='lat' dir='ltr'>tatem</span> <span class='ocrx_word' id='word_1_731' title='bbox 2487 4115 2654 4178; x_wconf 77' lang='lat' dir='ltr'>tuam,</span> <span class='ocrx_word' id='word_1_732' title='bbox 2681 4089 2982 4177; x_wconf 78' lang='lat' dir='ltr'>polluerunt</span> <span class='ocrx_word' id='word_1_733' title='bbox 3009 4115 3265 4182; x_wconf 90' lang='lat' dir='ltr'>templum</span> <span class='ocrx_word' id='word_1_734' title='bbox 3291 4089 3537 4175; x_wconf 66' lang='lat' dir='ltr'>sanctum</span> <span class='ocrx_word' id='word_1_735' title='bbox 3563 4096 3709 4178; x_wconf 86' lang='lat' dir='ltr'>tuum</span> <span class='ocrx_word' id='word_1_736' title='bbox 3736 4144 3747 4178; x_wconf 95' lang='lat'>:</span> <span class='ocrx_word' id='word_1_737' title='bbox 3785 4142 3874 4194; x_wconf 90' lang='lat' dir='ltr'>po-</span> 
     </span>
    </p>
   </div>
   <div class='ocr_carea' id='block_1_101' title="bbox 2298 4196 3874 4274">
    <p class='ocr_par' dir='ltr' id='par_1_101' title="bbox 2298 4196 3874 4274">
     <span class='ocr_line' id='line_1_101' title="bbox 2298 4196 3874 4274; baseline 0.015 -27"><span class='ocrx_word' id='word_1_738' title='bbox 2298 4205 2520 4249; x_wconf 89' lang='lat' dir='ltr'>suerunt</span> <span class='ocrx_word' id='word_1_739' title='bbox 2550 4196 2879 4255; x_wconf 80' lang='lat' dir='ltr'>Hierusalem</span> <span class='ocrx_word' id='word_1_740' title='bbox 2923 4203 2976 4256; x_wconf 94' lang='lat' dir='ltr'>in</span> <span class='ocrx_word' id='word_1_741' title='bbox 3008 4219 3286 4274; x_wconf 85' lang='lat' dir='ltr'>pomorum</span> <span class='ocrx_word' id='word_1_742' title='bbox 3308 4213 3642 4267; x_wconf 71' lang='lat' dir='ltr'>custodiam.</span> <span class='ocrx_word' id='word_1_743' title='bbox 3681 4215 3874 4270; x_wconf 81' lang='lat' dir='ltr'>Posuc-</span> 
     </span>
    </p>
   </div>
   <div class='ocr_carea' id='block_1_102' title="bbox 2299 4291 3872 4362">
    <p class='ocr_par' dir='ltr' id='par_1_102' title="bbox 2299 4291 3872 4362">
     <span class='ocr_line' id='line_1_102' title="bbox 2299 4291 3872 4362; baseline 0.015 -24"><span class='ocrx_word' id='word_1_744' title='bbox 2299 4297 2426 4340; x_wconf 89' lang='lat' dir='ltr'>runt</span> <span class='ocrx_word' id='word_1_745' title='bbox 2475 4291 2756 4344; x_wconf 88' lang='lat' dir='ltr'>morticina</span> <span class='ocrx_word' id='word_1_746' title='bbox 2801 4308 3076 4348; x_wconf 89' lang='lat' dir='ltr'>servorum</span> <span class='ocrx_word' id='word_1_747' title='bbox 3124 4308 3336 4351; x_wconf 91' lang='lat' dir='ltr'>tuorum</span> <span class='ocrx_word' id='word_1_748' title='bbox 3381 4308 3536 4356; x_wconf 84' lang='lat' dir='ltr'>escas</span> <span class='ocrx_word' id='word_1_749' title='bbox 3572 4292 3872 4362; x_wconf 82' lang='lat' dir='ltr'>velatilibus</span> 
     </span>
    </p>
   </div>
   <div class='ocr_carea' id='block_1_103' title="bbox 2212 4377 3873 4477">
    <p class='ocr_par' dir='ltr' id='par_1_103' title="bbox 2212 4377 3873 4477">
     <span class='ocr_line' id='line_1_103' title="bbox 2212 4377 3873 4477; baseline 0.014 -50"><span class='ocrx_word' id='word_1_750' title='bbox 2212 4414 2274 4477; x_wconf 65' lang='grc' dir='ltr'><strong>Β</strong></span> <span class='ocrx_word' id='word_1_751' title='bbox 2299 4377 2458 4430; x_wconf 75' lang='lat' dir='ltr'>cmli:</span> <span class='ocrx_word' id='word_1_752' title='bbox 2493 4394 2686 4434; x_wconf 87' lang='lat' dir='ltr'>carnes</span> <span class='ocrx_word' id='word_1_753' title='bbox 2709 4391 3017 4456; x_wconf 84' lang='lat' dir='ltr'>sanctorum</span> <span class='ocrx_word' id='word_1_754' title='bbox 3053 4393 3264 4439; x_wconf 86' lang='lat' dir='ltr'>tuorum</span> <span class='ocrx_word' id='word_1_755' title='bbox 3301 4389 3490 4444; x_wconf 89' lang='lat' dir='ltr'>bestiis</span> <span class='ocrx_word' id='word_1_756' title='bbox 3526 4400 3696 4453; x_wconf 74' lang='lat' dir='ltr'>teme.</span> <span class='ocrx_word' id='word_1_757' title='bbox 3738 4395 3873 4450; x_wconf 74' lang='lat' dir='ltr'>Effu-</span> 
     </span>
    </p>
   </div>
   <div class='ocr_carea' id='block_1_104' title="bbox 2297 4466 3869 4558">
    <p class='ocr_par' dir='ltr' id='par_1_104' title="bbox 2297 4466 3869 4558">
     <span class='ocr_line' id='line_1_104' title="bbox 2297 4466 3869 4558; baseline 0.015 -41"><span class='ocrx_word' id='word_1_758' title='bbox 2297 4466 2493 4520; x_wconf 91' lang='lat' dir='ltr'>derunt</span> <span class='ocrx_word' id='word_1_759' title='bbox 2513 4469 2828 4538; x_wconf 89' lang='lat' dir='ltr'>sanguinem</span> <span class='ocrx_word' id='word_1_760' title='bbox 2854 4487 3040 4526; x_wconf 88' lang='lat' dir='ltr'>eorum</span> <span class='ocrx_word' id='word_1_761' title='bbox 3076 4483 3327 4544; x_wconf 86' lang='lat' dir='ltr'>tanquam</span> <span class='ocrx_word' id='word_1_762' title='bbox 3348 4495 3541 4550; x_wconf 88' lang='lat' dir='ltr'>aquam</span> <span class='ocrx_word' id='word_1_763' title='bbox 3566 4483 3618 4535; x_wconf 91' lang='lat' dir='ltr'>in</span> <span class='ocrx_word' id='word_1_764' title='bbox 3643 4484 3869 4558; x_wconf 77' lang='lat' dir='ltr'>circuitu</span> 
     </span>
    </p>
   </div>
   <div class='ocr_carea' id='block_1_105' title="bbox 2299 4553 3872 4637">
    <p class='ocr_par' dir='ltr' id='par_1_105' title="bbox 2299 4553 3872 4637">
     <span class='ocr_line' id='line_1_105' title="bbox 2299 4553 3872 4637; baseline 0.015 -31"><span class='ocrx_word' id='word_1_765' title='bbox 2299 4553 2678 4611; x_wconf 67' lang='lat' dir='ltr'>Hierusalem:</span> <span class='ocrx_word' id='word_1_766' title='bbox 2699 4569 2754 4613; x_wconf 89' lang='lat' dir='ltr'>et</span> <span class='ocrx_word' id='word_1_767' title='bbox 2784 4576 2889 4615; x_wconf 91' lang='lat' dir='ltr'>non</span> <span class='ocrx_word' id='word_1_768' title='bbox 2922 4573 3057 4628; x_wconf 88' lang='lat' dir='ltr'>erat,</span> <span class='ocrx_word' id='word_1_769' title='bbox 3087 4567 3176 4633; x_wconf 92' lang='lat' dir='ltr'>qui</span> <span class='ocrx_word' id='word_1_770' title='bbox 3209 4569 3480 4637; x_wconf 86' lang='lat' dir='ltr'>sepeliret.</span> <span class='ocrx_word' id='word_1_771' title='bbox 3516 4553 3672 4627; x_wconf 80' lang='lat' dir='ltr'>Facti</span> <span class='ocrx_word' id='word_1_772' title='bbox 3689 4590 3872 4631; x_wconf 84' lang='lat' dir='ltr'>sumus</span> 
     </span>
    </p>
   </div>
   <div class='ocr_carea' id='block_1_106' title="bbox 2297 4647 3873 4724">
    <p class='ocr_par' dir='ltr' id='par_1_106' title="bbox 2297 4647 3873 4724">
     <span class='ocr_line' id='line_1_106' title="bbox 2297 4647 3873 4724; baseline 0.015 -27"><span class='ocrx_word' id='word_1_773' title='bbox 2297 4647 2640 4714; x_wconf 89' lang='lat' dir='ltr'>opprobrium</span> <span class='ocrx_word' id='word_1_774' title='bbox 2681 4653 2873 4708; x_wconf 74' lang='lat' dir='ltr'>vicinis</span> <span class='ocrx_word' id='word_1_775' title='bbox 2916 4657 3147 4721; x_wconf 88' lang='lat' dir='ltr'>nostris,</span> <span class='ocrx_word' id='word_1_776' title='bbox 3201 4660 3549 4724; x_wconf 87' lang='lat' dir='ltr'>subsannatio</span> <span class='ocrx_word' id='word_1_777' title='bbox 3591 4671 3646 4716; x_wconf 86' lang='lat' dir='ltr'>et</span> <span class='ocrx_word' id='word_1_778' title='bbox 3697 4664 3873 4720; x_wconf 76' lang='lat' dir='ltr'>illusio</span> 
     </span>
    </p>
   </div>
   <div class='ocr_carea' id='block_1_107' title="bbox 2299 4736 3869 4818">
    <p class='ocr_par' dir='ltr' id='par_1_107' title="bbox 2299 4736 3869 4818">
     <span class='ocr_line' id='line_1_107' title="bbox 2299 4736 3869 4818; baseline 0.013 -31"><span class='ocrx_word' id='word_1_779' title='bbox 2299 4736 2383 4788; x_wconf 89' lang='lat' dir='ltr'>his</span> <span class='ocrx_word' id='word_1_780' title='bbox 2418 4737 2506 4805; x_wconf 92' lang='lat' dir='ltr'>qui</span> <span class='ocrx_word' id='word_1_781' title='bbox 2541 4739 2597 4791; x_wconf 93' lang='lat' dir='ltr'>in</span> <span class='ocrx_word' id='word_1_782' title='bbox 2620 4741 2846 4796; x_wconf 90' lang='lat' dir='ltr'>circuitu</span> <span class='ocrx_word' id='word_1_783' title='bbox 2876 4753 3061 4798; x_wconf 89' lang='lat' dir='ltr'>nostro</span> <span class='ocrx_word' id='word_1_784' title='bbox 3089 4757 3234 4800; x_wconf 85' lang='lat' dir='ltr'>sunt.</span> <span class='ocrx_word' id='word_1_785' title='bbox 3271 4749 3576 4818; x_wconf 87' lang='lat' dir='ltr'>Usquequo,</span> <span class='ocrx_word' id='word_1_786' title='bbox 3627 4751 3869 4818; x_wconf 77' lang='lat' dir='ltr'>Domine.</span> 
     </span>
    </p>
   </div>
   <div class='ocr_carea' id='block_1_108' title="bbox 2301 4827 3872 4916">
    <p class='ocr_par' dir='ltr' id='par_1_108' title="bbox 2301 4827 3872 4916">
     <span class='ocr_line' id='line_1_108' title="bbox 2301 4827 3872 4916; baseline 0.014 -37"><span class='ocrx_word' id='word_1_787' title='bbox 2301 4827 2553 4883; x_wconf 89' lang='lat' dir='ltr'>irasceris</span> <span class='ocrx_word' id='word_1_788' title='bbox 2603 4831 2654 4884; x_wconf 93' lang='lat' dir='ltr'>in</span> <span class='ocrx_word' id='word_1_789' title='bbox 2703 4831 2864 4886; x_wconf 79' lang='lat' dir='ltr'>tinent</span> <span class='ocrx_word' id='word_1_790' title='bbox 2906 4854 2918 4887; x_wconf 91' lang='lat'>:</span> <span class='ocrx_word' id='word_1_791' title='bbox 2959 4837 3282 4891; x_wconf 81' lang='lat' dir='ltr'>accendetur</span> <span class='ocrx_word' id='word_1_792' title='bbox 3338 4839 3480 4916; x_wconf 73' lang='lat' dir='ltr'>velut</span> <span class='ocrx_word' id='word_1_793' title='bbox 3533 4842 3669 4912; x_wconf 83' lang='lat' dir='ltr'>ignis</span> <span class='ocrx_word' id='word_1_794' title='bbox 3725 4846 3872 4901; x_wconf 86' lang='lat' dir='ltr'>zelus</span> 
     </span>
    </p>
   </div>
   <div class='ocr_carea' id='block_1_109' title="bbox 2304 4920 3888 4999">
    <p class='ocr_par' dir='ltr' id='par_1_109' title="bbox 2304 4920 3888 4999">
     <span class='ocr_line' id='line_1_109' title="bbox 2304 4920 3888 4999; baseline 0.012 -27"><span class='ocrx_word' id='word_1_795' title='bbox 2304 4921 2470 4974; x_wconf 86' lang='lat' dir='ltr'>tuus?</span> <span class='ocrx_word' id='word_1_796' title='bbox 2496 4920 2718 4976; x_wconf 81' lang='lat' dir='ltr'>Eﬂ&#39;unde</span> <span class='ocrx_word' id='word_1_797' title='bbox 2745 4923 2880 4976; x_wconf 86' lang='lat' dir='ltr'>iram</span> <span class='ocrx_word' id='word_1_798' title='bbox 2912 4932 3057 4976; x_wconf 89' lang='lat' dir='ltr'>tuam</span> <span class='ocrx_word' id='word_1_799' title='bbox 3084 4926 3135 4978; x_wconf 90' lang='lat' dir='ltr'>in</span> <span class='ocrx_word' id='word_1_800' title='bbox 3172 4936 3380 4994; x_wconf 81' lang='lat' dir='ltr'>gentes,</span> <span class='ocrx_word' id='word_1_801' title='bbox 3416 4946 3533 4999; x_wconf 68' lang='lat' dir='ltr'>quae</span> <span class='ocrx_word' id='word_1_802' title='bbox 3571 4943 3622 4988; x_wconf 87' lang='lat' dir='ltr'>te</span> <span class='ocrx_word' id='word_1_803' title='bbox 3648 4950 3752 4992; x_wconf 89' lang='lat' dir='ltr'>non</span> <span class='ocrx_word' id='word_1_804' title='bbox 3777 4953 3888 4991; x_wconf 84' lang='lat' dir='ltr'>no—.</span> 
     </span>
    </p>
   </div>
   <div class='ocr_carea' id='block_1_110' title="bbox 2303 5012 3875 5081">
    <p class='ocr_par' dir='ltr' id='par_1_110' title="bbox 2303 5012 3875 5081">
     <span class='ocr_line' id='line_1_110' title="bbox 2303 5012 3875 5081; baseline 0.01 -20"><span class='ocrx_word' id='word_1_805' title='bbox 2303 5021 2529 5063; x_wconf 84' lang='lat' dir='ltr'>verunt:</span> <span class='ocrx_word' id='word_1_806' title='bbox 2564 5019 2618 5064; x_wconf 89' lang='lat' dir='ltr'>et</span> <span class='ocrx_word' id='word_1_807' title='bbox 2657 5012 2712 5065; x_wconf 93' lang='lat' dir='ltr'>in</span> <span class='ocrx_word' id='word_1_808' title='bbox 2749 5027 2914 5081; x_wconf 84' lang='lat' dir='ltr'>regna</span> <span class='ocrx_word' id='word_1_809' title='bbox 2958 5031 3075 5081; x_wconf 68' lang='lat' dir='ltr'>quae</span> <span class='ocrx_word' id='word_1_810' title='bbox 3111 5033 3306 5071; x_wconf 90' lang='lat' dir='ltr'>nomen</span> <span class='ocrx_word' id='word_1_811' title='bbox 3342 5030 3492 5074; x_wconf 90' lang='lat' dir='ltr'>tuum</span> <span class='ocrx_word' id='word_1_812' title='bbox 3520 5039 3624 5077; x_wconf 88' lang='lat' dir='ltr'>non</span> <span class='ocrx_word' id='word_1_813' title='bbox 3663 5024 3875 5077; x_wconf 90' lang='lat' dir='ltr'>invoca-</span> 
     </span>
    </p>
   </div>
   <div class='ocr_carea' id='block_1_111' title="bbox 2304 5101 3877 5180">
    <p class='ocr_par' dir='ltr' id='par_1_111' title="bbox 2304 5101 3877 5180">
     <span class='ocr_line' id='line_1_111' title="bbox 2304 5101 3877 5180; baseline 0.012 -29"><span class='ocrx_word' id='word_1_814' title='bbox 2304 5110 2514 5155; x_wconf 90' lang='lat' dir='ltr'>verunt.</span> <span class='ocrx_word' id='word_1_815' title='bbox 2552 5101 2686 5169; x_wconf 86' lang='lat' dir='ltr'>Quia</span> <span class='ocrx_word' id='word_1_816' title='bbox 2723 5103 3074 5159; x_wconf 88' lang='lat' dir='ltr'>comederunt</span> <span class='ocrx_word' id='word_1_817' title='bbox 3097 5106 3294 5174; x_wconf 85' lang='lat' dir='ltr'>Jacob,</span> <span class='ocrx_word' id='word_1_818' title='bbox 3329 5123 3383 5165; x_wconf 90' lang='lat' dir='ltr'>et</span> <span class='ocrx_word' id='word_1_819' title='bbox 3425 5114 3748 5180; x_wconf 63' lang='lat' dir='ltr'>locnm&#39;ejus</span> <span class='ocrx_word' id='word_1_820' title='bbox 3785 5116 3877 5170; x_wconf 53' lang='lat' dir='ltr'>de.</span> 
     </span>
    </p>
   </div>
   <div class='ocr_carea' id='block_1_112' title="bbox 2305 5183 3871 5271">
    <p class='ocr_par' dir='ltr' id='par_1_112' title="bbox 2305 5183 3871 5271">
     <span class='ocr_line' id='line_1_112' title="bbox 2305 5183 3871 5271; baseline 0.011 -27"><span class='ocrx_word' id='word_1_821' title='bbox 2305 5183 2646 5247; x_wconf 31' lang='lat' dir='ltr'>solaverunt.‘</span> <span class='ocrx_word' id='word_1_822' title='bbox 2685 5192 2760 5247; x_wconf 86' lang='lat' dir='ltr'>Ne</span> <span class='ocrx_word' id='word_1_823' title='bbox 2813 5198 3120 5253; x_wconf 88' lang='lat' dir='ltr'>memineris</span> <span class='ocrx_word' id='word_1_824' title='bbox 3174 5201 3529 5271; x_wconf 72' lang='lat' dir='ltr'>iniquitatutn.</span> <span class='ocrx_word' id='word_1_825' title='bbox 3567 5192 3871 5262; x_wconf 80' lang='lat' dir='ltr'>nostrarum</span> 
     </span>
    </p>
   </div>
   <div class='ocr_carea' id='block_1_113' title="bbox 2305 5284 3870 5363">
    <p class='ocr_par' dir='ltr' id='par_1_113' title="bbox 2305 5284 3870 5363">
     <span class='ocr_line' id='line_1_113' title="bbox 2305 5284 3870 5363; baseline 0.013 -29"><span class='ocrx_word' id='word_1_826' title='bbox 2305 5284 2681 5352; x_wconf 89' lang='lat' dir='ltr'>antiquarum:</span> <span class='ocrx_word' id='word_1_827' title='bbox 2722 5286 2827 5337; x_wconf 84' lang='lat' dir='ltr'>cito</span> <span class='ocrx_word' id='word_1_828' title='bbox 2859 5289 3152 5344; x_wconf 83' lang='lat' dir='ltr'>anticiuent</span> <span class='ocrx_word' id='word_1_829' title='bbox 3196 5309 3293 5347; x_wconf 85' lang='lat' dir='ltr'>nos</span> <span class='ocrx_word' id='word_1_830' title='bbox 3332 5296 3712 5352; x_wconf 74' lang='lat' dir='ltr'>misericordia:</span> <span class='ocrx_word' id='word_1_831' title='bbox 3743 5308 3870 5363; x_wconf 68' lang='lat' dir='ltr'>tute,</span> 
     </span>
    </p>
   </div>
   <div class='ocr_carea' id='block_1_114' title="bbox 2307 5375 3873 5456">
    <p class='ocr_par' dir='ltr' id='par_1_114' title="bbox 2307 5375 3873 5456">
     <span class='ocr_line' id='line_1_114' title="bbox 2307 5375 3873 5456; baseline 0.013 -33"><span class='ocrx_word' id='word_1_832' title='bbox 2307 5375 2428 5442; x_wconf 87' lang='lat' dir='ltr'>quia</span> <span class='ocrx_word' id='word_1_833' title='bbox 2465 5390 2726 5443; x_wconf 73' lang='lat' dir='ltr'>pauperes</span> <span class='ocrx_word' id='word_1_834' title='bbox 2769 5376 2891 5430; x_wconf 83' lang='lat' dir='ltr'>facti</span> <span class='ocrx_word' id='word_1_835' title='bbox 2927 5396 3110 5440; x_wconf 85' lang='lat' dir='ltr'>sumus</span> <span class='ocrx_word' id='word_1_836' title='bbox 3137 5383 3316 5437; x_wconf 90' lang='lat' dir='ltr'>nimis.</span> <span class='ocrx_word' id='word_1_837' title='bbox 3359 5385 3559 5456; x_wconf 84' lang='lat' dir='ltr'>Adjuva</span> <span class='ocrx_word' id='word_1_838' title='bbox 3591 5406 3709 5455; x_wconf 91' lang='lat' dir='ltr'>nos,</span> <span class='ocrx_word' id='word_1_839' title='bbox 3732 5390 3873 5445; x_wconf 87' lang='lat' dir='ltr'>Deus</span> 
     </span>
    </p>
   </div>
   <div class='ocr_carea' id='block_1_115' title="bbox 2306 5463 3874 5544">
    <p class='ocr_par' dir='ltr' id='par_1_115' title="bbox 2306 5463 3874 5544">
     <span class='ocr_line' id='line_1_115' title="bbox 2306 5463 3874 5544; baseline 0.012 -28"><span class='ocrx_word' id='word_1_840' title='bbox 2306 5463 2555 5517; x_wconf 84' lang='lat' dir='ltr'>salutaris</span> <span class='ocrx_word' id='word_1_841' title='bbox 2580 5474 2763 5517; x_wconf 86' lang='lat' dir='ltr'>noster</span> <span class='ocrx_word' id='word_1_842' title='bbox 2792 5484 2802 5518; x_wconf 91' lang='lat'>:</span> <span class='ocrx_word' id='word_1_843' title='bbox 2838 5476 2890 5519; x_wconf 89' lang='lat' dir='ltr'>et</span> <span class='ocrx_word' id='word_1_844' title='bbox 2923 5478 3138 5537; x_wconf 88' lang='lat' dir='ltr'>propter</span> <span class='ocrx_word' id='word_1_845' title='bbox 3163 5471 3382 5539; x_wconf 88' lang='lat' dir='ltr'>gloriam</span> <span class='ocrx_word' id='word_1_846' title='bbox 3399 5479 3632 5533; x_wconf 89' lang='lat' dir='ltr'>nominis</span> <span class='ocrx_word' id='word_1_847' title='bbox 3655 5480 3750 5544; x_wconf 89' lang='lat' dir='ltr'>tui,</span> <span class='ocrx_word' id='word_1_848' title='bbox 3776 5480 3874 5532; x_wconf 79' lang='lat' dir='ltr'>Do-</span> 
     </span>
    </p>
   </div>
   <div class='ocr_carea' id='block_1_116' title="bbox 2306 5551 3872 5636">
    <p class='ocr_par' dir='ltr' id='par_1_116' title="bbox 2306 5551 3872 5636">
     <span class='ocr_line' id='line_1_116' title="bbox 2306 5551 3872 5636; baseline 0.01 -33"><span class='ocrx_word' id='word_1_849' title='bbox 2306 5553 2470 5616; x_wconf 90' lang='lat' dir='ltr'>mine,</span> <span class='ocrx_word' id='word_1_850' title='bbox 2513 5551 2678 5607; x_wconf 88' lang='lat' dir='ltr'>libera</span> <span class='ocrx_word' id='word_1_851' title='bbox 2707 5570 2826 5618; x_wconf 89' lang='lat' dir='ltr'>nos,</span> <span class='ocrx_word' id='word_1_852' title='bbox 2872 5564 2926 5608; x_wconf 89' lang='lat' dir='ltr'>et</span> <span class='ocrx_word' id='word_1_853' title='bbox 2968 5559 3227 5627; x_wconf 89' lang='lat' dir='ltr'>propitius</span> <span class='ocrx_word' id='word_1_854' title='bbox 3253 5573 3369 5618; x_wconf 91' lang='lat' dir='ltr'>esto</span> <span class='ocrx_word' id='word_1_855' title='bbox 3402 5570 3638 5636; x_wconf 89' lang='lat' dir='ltr'>peccatis</span> <span class='ocrx_word' id='word_1_856' title='bbox 3673 5568 3872 5623; x_wconf 90' lang='lat' dir='ltr'>nostris</span> 
     </span>
    </p>
   </div>
   <div class='ocr_carea' id='block_1_117' title="bbox 2305 5646 3866 5730">
    <p class='ocr_par' dir='ltr' id='par_1_117' title="bbox 2305 5646 3866 5730">
     <span class='ocr_line' id='line_1_117' title="bbox 2305 5646 3866 5730; baseline 0.013 -40"><span class='ocrx_word' id='word_1_857' title='bbox 2305 5649 2522 5708; x_wconf 85' lang='lat' dir='ltr'>propter</span> <span class='ocrx_word' id='word_1_858' title='bbox 2563 5657 2754 5694; x_wconf 86' lang='lat' dir='ltr'>nomen</span> <span class='ocrx_word' id='word_1_859' title='bbox 2801 5652 2966 5698; x_wconf 88' lang='lat' dir='ltr'>tuum.</span> <span class='ocrx_word' id='word_1_860' title='bbox 3019 5646 3091 5702; x_wconf 83' lang='lat' dir='ltr'>Ne</span> <span class='ocrx_word' id='word_1_861' title='bbox 3125 5649 3258 5708; x_wconf 83' lang='lat' dir='ltr'>forte</span> <span class='ocrx_word' id='word_1_862' title='bbox 3286 5655 3468 5710; x_wconf 88' lang='lat' dir='ltr'>dicant</span> <span class='ocrx_word' id='word_1_863' title='bbox 3502 5658 3554 5711; x_wconf 89' lang='lat' dir='ltr'>in</span> <span class='ocrx_word' id='word_1_864' title='bbox 3583 5658 3866 5730; x_wconf 84' lang='lat' dir='ltr'>gentibus:</span> 
     </span>
    </p>
   </div>
  </div>
