4262 6200
418 323 521 378 589

1405 314 1794 371 LITURGICA.
1840 345 1908 354 —
1947 311 2212 368 OFFICIA
2252 310 2384 365 I‘Ell
2425 308 2688 365 FERIAS.

3561 300 3662 354 590

419 433 505 487 ubi
544 441 627 487 est
661 431 801 489 Deus
823 416 1014 483 eorum
1038 429 1061 480 ?
1087 437 1089 439 ’
1112 436 1166 480 et
1209 428 1548 481 innotescunt
1594 427 1645 479 in
1686 425 1988 486 nationibus
2021 431 2062 485 Α
2095 423 2230 476 eula.
2264 421 2592 476 Commendo
2622 421 2857 476 animam
2889 436 3060 472 lllt‘:llll
3096 437 3146 473 HI
3185 437 3373 474 manus
3415 419 3666 490 potentia:

416 537 597 578 coram
627 517 796 576 oculis
829 519 1049 574 nostris.
1091 517 1234 574 Ultio
1255 517 1534 587 sanguinis
1568 531 1848 572 servorum
1879 525 1990 585 tuo-

393 628 558 677 -rum,
609 612 700 682 qui
742 609 942 665 eﬂ‘usus
963 619 1070 675 est,
1110 608 1346 664 introeat
1373 610 1428 662 in
1461 618 1755 678 conspectu
1790 616 1882 662 tuo
1906 622 1992 677 ge-

417 705 582 760 mitus
607 701 1052 772 compeditorum.
1072 701 1400 757 [Secundum
1422 699 1845 770 magnitudinem
1867 697 1991 752 bra-

417 793 521 848 ehii
555 792 630 848 tui
664 791 877 860 posside
909 791 1046 864 ﬁlios
1075 791 1538 846 mortiﬁcatorum.
1569 789 1636 843 Et
1665 788 1828 844 redde
1856 787 1992 843 vici-

419 883 505 937 nis
529 883 732 938 nostris
757 881 1058 952 septuplum
1091 882 1145 937 in
1181 882 1302 936 sinu
1338 896 1522 935 eorum
1552 899 1564 933 :
1610 879 1992 959 improperium

355 955 358 961 ’
419 973 695 1043 ipsorum,
741 972 884 1041 quod
913 973 1373 1042 exprobrat-erunt
1415 972 1533 1036 tibi,
1580 971 1823 1025 Domine.
1885 955 1992 1025 Nos

381 1132 386 1138 λ
417 1073 596 1120 autem
620 1065 848 1136 populus
880 1064 1000 1119 tuus
1026 1071 1081 1118 et
1106 1079 1234 1139 oves
1260 1079 1468 1134 pascuze
1491 1073 1596 1118 tuae
1618 1061 1994 1118 conﬁtebimur

421 1155 514 1209 tibi
547 1156 601 1209 in
627 1154 902 1212 saeculum.
936 1155 993 1208 In
1020 1145 1366 1225 generatione
1396 1162 1453 1210 et
1474 1153 1872 1225 generationem
1898 1168 1995 1206 an-

421 1246 784 1306 nnntiabitnus
818 1231 1030 1310 laudem
1065 1255 1232 1302 tuam.

496 1337 652 1406 ιιο
686 1335 755 1390 Ut
781 1352 963 1408 supra.
990 1320 1152 1392 {Oculi
1188 1337 1401 1391 Domini
1443 1352 1606 1406 super
1629 1337 1822 1406 iustos.
1873 1335 1996 1392 Prc-

419 1427 556 1482 tiosa
595 1427 980 1498 inconspectu
1008 1415 1241 1487 Domini.
1273 1426 1547 1483 Justornm
1581 1427 1794 1481 anima}.

492 1516 692 1573 Oratio.
723 1517 801 1574 Ne
823 1519 1136 1575 memineris
1167 1519 1514 1589 iniquitatum
1558 1526 1864 1573 nostrarum
1905 1534 1998 1572 an-

421 1610 688 1678 tiquarum
709 1650 724 1674 ,
750 1610 997 1674 Domine,
1025 1624 1201 1680 neque
1242 1608 1647 1679 nosorigiualis
1673 1607 1829 1678 culpa
1867 1624 1997 1661 eon-

423 1700 620 1764 tristet,
654 1713 789 1772 quos
810 1699 1045 1755 secunda
1074 1699 1330 1752 nativitas
1365 1698 1420 1750 in
1441 1697 1656 1752 Christo
1690 1685 1992 1769 regenerat.

2093 523 2218 578 tum,
2257 522 2316 567 ut
2337 513 2611 568 custodias
2642 528 2760 566 cam
2788 512 2974 566 diebus
2998 527 3059 564 ac
3103 511 3372 578 noctibus,
3412 510 3559 565 horis
3589 516 3665 562 at-

2089 619 2192 672 que
2208 605 2520 660 momentis.‘
2539 602 2792 656 Miserere
2819 601 2943 665 mei,
2975 602 3114 656 Deus
3131 601 3460 671 angelorum.
3485 599 3667 670 Dirige

2091 710 2178 750 me
2207 694 2321 750 Rex
2355 694 2819 766 archangelorum.
2866 695 3085 749 Custodi
3130 711 3214 749 me
3261 682 3357 765 per
3395 695 3666 749 orationes

2090 784 2535 855 patriarcharum,
2562 799 2659 854 per
2691 785 2882 840 merita
2915 787 3313 857 prophetarum,
3355 802 3451 856 per
3482 784 3669 842 suifra-

2092 874 2178 946 gia
2205 873 2590 942 apostolorum,
2613 889 2710 943 per
2733 875 2983 930 victorias
3014 885 3334 947 martyrum,
3367 892 3464 947 per
3506 875 3667 932 ﬁdem

2092 964 2459 1022 confessorum
2486 1007 2500 1031 ,
2550 981 2648 1035 per
2692 967 3132 1023 intercessionem
3181 969 3420 1024 omnium
3462 977 3671 1026 sancto-

2093 1073 2236 1123 rum,
2269 1059 2359 1127 qui
2395 1059 2490 1113 tibi
2531 1057 2850 1128 placuerunt
2871 1060 2940 1115 ab
2962 1061 3168 1131 origine
3194 1062 3380 1116 mundi
3409 1079 3581 1134 usque
3602 1063 3671 1117 ad

2090 1151 2610 1226 consummationem
2636 1152 2837 1207 suaculi.
2878 1151 3008 1208 Oret
3034 1169 3130 1222 pro
3159 1168 3245 1208 me
3267 1162 3487 1210 sanctus
3513 1154 3667 1216 Abel,

2093 1243 2184 1312 qui
2206 1242 2411 1312 primus
2437 1250 2726 1297 coronatus
2754 1252 2837 1298 est
2862 1246 3136 1316 martyrio.
3162 1246 3292 1302 Oret
3312 1263 3411 1316 pro
3442 1263 3528 1303 me
3553 1264 3670 1303 san-

2094 1339 2218 1386 ctus
2253 1331 2417 1396 Seth,
2461 1332 2552 1402 qui
2594 1333 2800 1403 primus
2849 1336 3011 1404 cmpit
3043 1337 3293 1392 invocare
3334 1353 3529 1394 nomen
3574 1338 3672 1393 Do-

2095 1423 2247 1476 mini.
2295 1423 2425 1478 Oret
2453 1439 2550 1494 pro
2599 1440 2684 1478 me
2730 1435 2951 1482 sanctus
2981 1427 3192 1494 Enoch,
3245 1429 3338 1499 qui
3381 1430 3675 1485 ambulavit

2097 1530 2219 1570 cum
2246 1515 2376 1581 Deo,
2415 1524 2469 1572 et
2505 1517 2798 1573 translatus
2823 1527 2908 1574 est
2938 1519 3004 1573 de
3040 1519 3258 1575 mundo.
3309 1520 3436 1577 Oret
3468 1537 3565 1592 pro
3589 1540 3673 1576 me.

2096 1614 2316 1660 sanctus
2348 1605 2480 1672 Noe,
2511 1624 2670 1678 quem
2708 1598 2858 1664 Deus.
2876 1613 3111 1666 servavit
3133 1613 3186 1665 in
3228 1613 3424 1668 diluvio
3460 1625 3675 1685 propter

2092 1695 2376 1766 justitiam.
2429 1699 2558 1754 Oret
2591 1714 2686 1769 pro
2712 1716 2799 1755 me
2830 1700 3217 1758 Melchisedech
3248 1721 3341 1759 rex
3360 1706 3556 1775 justus,
3582 1709 3671 1778 qui

418 1765 798 1860 Apprehendat
971 1789 1152 1859 itaque
1180 1774 1544 1843 misericordia
1587 1794 1700 1852 tua,
1742 1765 1991 1852 Domine,
2028 1765 2071 1824 Β
2095 1765 2333 1843 Obviavit
2368 1765 2634 1856 Abrahe,
2689 1800 2745 1845 et
2786 1791 3062 1848 benedixit
3107 1794 3179 1850 ei.
3234 1765 3406 1868 Roget
3446 1765 3554 1867 pro,
3591 1765 3676 1852 in...

419 1881 544 1951 quia
566 1878 793 1935 Creator
817 1879 1056 1934 hominis
1097 1879 1152 1933 in
1202 1879 1420 1933 homine
1454 1877 1715 1942 nascitur,
1749 1887 1804 1932 et
1834 1877 1996 1931 homo

421 1971 475 2025 in
521 1969 632 2024 Deo
663 1970 1018 2041 'gloriﬁcanio
1076 1969 1148 2042 [F
1152 1981 1283 2034 orte,
1328 1968 1730 2040 gloriﬁcandus]
1777 1970 2001 2023 assumi—

425 2070 534 2116 tur.

774 2134 1093 2209 emimus
1127 2149 1650 2209 conressonuu.

487 2266 667 2337 (PSAL.
723 2265 938 2338 cum.)
991 2263 1106 2334 Nisi
1138 2263 1559 2341 quiaDominus
1586 2247 1790 2318 eratin
1819 2265 1993 2325 nobis,

420 2355 564 2411 dicat
589 2362 718 2420 tunc
747 2354 912 2410 Israel
942 2373 954 2408 :
989 2354 1095 2410 nisi
1125 2354 1253 2424 quia
1292 2353 1548 2409 Dominus
1578 2361 1696 2408 erat
1731 2355 1786 2407 in
1822 2354 1994 2408 nobis.

319 2434 331 2441 ’
421 2441 552 2499 Cum
577 2445 1196 2515 exsurgerenthomines
1224 2446 1277 2500 in
1318 2460 1438 2509 nos,
1485 2445 1620 2500 forte
1642 2445 1792 2500 vivos
1817 2446 2000 2516 deglu-

421 2534 613 2589 tissent
650 2549 766 2589 nos.
813 2533 948 2588 Cum
993 2535 1318 2589 irasceretur
1360 2535 1509 2590 furor
1539 2551 1723 2590 eorum
1764 2536 1818 2590 in
1859 2551 1994 2589 nos:

421 2622 643 2699 forsitan
674 2641 813 2695 aqua
849 2625 1214 2680 ahsorbuisset
1239 2640 1357 2680 nos.
1389 2623 1707 2682 Torrentem
1729 2635 2003 2696 pertrans-

421 2714 519 2768 ivit
571 2715 752 2772 anima
803 2724 989 2770 nostra
1040 2732 1053 2768 :
1107 2713 1331 2769 forsitan
1377 2717 1762 2785 pertransiss‘et
1818 2716 1996 2790 anima

421 2814 608 2864 nostra
654 2820 849 2876 aquam
886 2805 1304 2862 intolerabilem.
1352 2805 1672 2859 Benedictus
1716 2805 1997 2868 Dominus,

421 2894 512 2962 qui
551 2908 657 2948 non
709 2894 854 2948 dedit
897 2908 998 2950 nos
1045 2894 1100 2948 in
1143 2894 1448 2964 captionem
1495 2894 1749 2948 dentibus
1787 2910 1994 2950 eorum.

425 2981 616 3036 Anima
657 2992 844 3037 nostra
875 2982 1018 3037 sicut
1052 2997 1242 3052 passer
1265 2991 1450 3051 erepta
1474 2992 1558 3037 est
1591 2983 1655 3037 de
1681 2983 1872 3052 laqueo
1903 2999 1996 3038 ve-

424 3072 686 3126 nantium.
734 3071 983 3142 Laqueus
1013 3072 1284 3128 coutiitus'
1308 3081 1392 3127 est
1418 3090 1429 3125 :
1469 3081 1522 3126 et
1552 3089 1652 3128 nos
1677 3073 1887 3129 liberati
1915 3091 1998 3128 su-

425 3178 562 3219 mus.
604 3162 943 3232 Adjutorium
972 3171 1214 3219 nostrum
1254 3163 1307 3218 in
1356 3166 1572 3220 nomine
1612 3165 1857 3221 Domini:
1905 3168 1996 3236 qui

427 3243 557 3306 fecit
585 3251 781 3324 coelum
802 3260 860 3306 et
895 3261 1115 3308 terram.

496 3339 564 3393 Ut
617 3357 796 3409 supra.
846 3340 1056 3395 Inimici
1107 3341 1419 3396 deiecerunt
1473 3341 1672 3396 framea
1721 3341 1996 3413 [Vulgata,

427 3427 664 3500 framea]
701 3429 755 3482 in
800 3427 985 3485 ﬁnem.
1044 3430 1367 3484 Destruxisti
1417 3448 1605 3486 omnes
1660 3434 1816 3503 sepes
1859 3433 1994 3501 ejus.

428 3508 664 3576 Laudem
694 3521 904 3576 Domini
929 3526 1179 3592 loquetur
1203 3538 1262 3578 os
1285 3537 1481 3576 meum.

500 3611 701 3666 Oratio.
735 3611 1024 3679 Converte,
1073 3613 1331 3677 Domine,
1374 3614 1628 3684 laqueos,
1669 3631 1802 3686 quos
1845 3617 2000 3672 nobis

429 3704 506 3770 hi,
536 3705 626 3774 qui
653 3705 859 3760 animas
886 3712 1098 3760 nostras
1136 3693 1338 3760 venari.
1359 3716 1648 3773 conantur,
1683 3717 1996 3778 opponunt;

429 3801 484 3848 et
507 3784 900 3850 adverSa'ntium
930 3803 1090 3864 atque
1118 3794 1504 3864 eaptivantium
1533 3811 1630 3850 nos
1664 3797 1885 3854 insidias
1910 3797 2003 3850 ad,-
2040 3866 2042 3868 ν

428 3880 612 3952 interii
643 3882 719 3934 tui
744 3881 1094 3950 opitulatione
1127 3879 1418 3946 cohturba,
1451 3883 1575 3950 quia
1603 3883 1706 3937 nisi
1736 3893 1788 3937 tu
1821 3884 1882 3937 in
1909 3898 2002 3937 no-

431 3970 512 4024 bis
544 3968 732 4033 fueris,
758 3977 868 4021 tam
889 3983 988 4023 nos
1019 3977 1197 4037 potest
1226 3970 1497 4024 contraria
1522 3971 1692 4026 virtus
1717 3971 1999 4041 deglutire,

432 4074 587 4128 quam
610 4059 1080 4140 absorbere._Esto
1102 4061 1386 4116 servorum
1413 4069 1629 4128 tuorum,
1650 4071 1705 4117 et
1735 4074 1917 4123 custos
1947 4075 2004 4119 et

432 4153 682 4222 pravius,
715 4160 776 4206 ut
796 4143 1118 4222 spiritalium
1150 4154 1510 4223 nequitiarum
1533 4157 1859 4226 muscipulas
1893 4174 1999 4212 non

434 4241 709 4309 incurrat;
742 4250 802 4296 ut
829 4242 1069 4307 volatus,
1101 4243 1297 4312 quibus
1327 4244 1393 4297 ad
1431 4252 1484 4299 te
1517 4247 1700 4299 venire
1734 4248 1999 4310 nituntur,

436 4342 546 4386 tota
575 4333 849 4390 alacritate
870 4341 1182 4389 exerceant.

2097 1876 2268 1932 ﬁdelis
2305 1879 2600 1944 Abraham,
2648 1881 2740 1950 qui
2783 1881 2991 1950 primus
3016 1884 3263 1951 credidit,
3315 1887 3402 1941 eui
3431 1899 3674 1957 reputata

2097 1977 2180 2023 est
2200 1967 2334 2024 ﬁdes
2357 1970 2424 2023 ad
2443 1970 2730 2040 justitiam.
2754 1971 3058 2035 Intercedat
3075 1990 3174 2044 pro
3198 1992 3284 2032 me
3299 1977 3478 2047 justus
3503 1979 3672 2041 Isaae,

2099 2057 2189 2125 qui
2219 2057 2318 2112 fuit
2350 2059 2609 2114 obediens
2635 2061 2776 2128 patri
2818 2077 2987 2130 usque
3031 2064 3099 2118 ad
3131 2076 3381 2131 mortem,
3421 2067 3473 2120 in
3503 2084 3680 2124 exem-

2099 2145 2244 2214 plum
2270 2145 2676 2202 Domini-nostri
2703 2147 2830 2219 Jesu
2866 2150 3088 2218 Christi,
3113 2155 3205 2225 qui
3225 2154 3436 2212 oblatus
3457 2167 3540 2213 est
3570 2159 3678 2213 Deo

2098 2235 2243 2290 Patri
2270 2251 2367 2305 pro
2389 2236 2558 2292 salute
2587 2239 2794 2294 mundi.
2842 2239 3084 2296 Postulet
3105 2257 3203 2313 pro
3233 2259 3320 2300 me
3342 2245 3468 2300 felix
3488 2247 3677 2316 Iacob,

2098 2327 2191 2396 qui
2220 2327 2352 2382 vidit
2386 2329 2604 2399 angelos
2652 2330 2747 2386 Dei
2778 2339 2832 2386 et
2876 2332 3087 2388 Domini
3131 2337 3411 2393 venientes
3445 2341 3500 2394 in
3533 2344 3684 2399 auxi-

2098 2420 2229 2476 lium
2271 2423 2391 2477 sibi.
2441 2422 2570 2479 Oret
2610 2440 2707 2494 pro
2739 2440 2824 2480 me
2874 2427 3062 2481 beatus
3105 2427 3339 2500 Ioseph,
3385 2433 3476 2502 qui
3525 2435 3684 2492 solvit

2099 2513 2307 2567 somnia
2333 2514 2495 2586 regis,
2522 2524 2576 2569 ct
2599 2516 2981 2586 interpretatus
3006 2527 3113 2584 est,
3150 2529 3205 2574 et
3225 2521 3484 2577 liberatus
3509 2533 3589 2578 est
3615 2525 3682 2578 de

2079 2619 2340 2688 carcere.
2387 2605 2517 2660 Oret
2563 2621 2661 2675 pro
2697 2621 2782 2660 me
2817 2619 3038 2677 sanctus
3074 2609 3203 2674 Job,
3248 2628 3474 2682 magnus
3508 2623 3564 2670 et
3595 2631 3686 2685 pa~
3779 2673 3783 2678 ,

2103 2693 2277 2758 tiens,
2318 2695 2409 2763 qui
2445 2695 2576 2749 nihil
2604 2697 2846 2764 peccavit
2883 2698 2940 2750 ‘in
2984 2697 3140 2753 labiis
3171 2701 3307 2767 suis,
3348 2701 3403 2756 in
3432 2701 3683 2761 omnibus

2099 2795 2218 2850 qure
2253 2783 2567 2838 acciderunt
2612 2784 2708 2838 illi.
2764 2784 2891 2840 Oret
2941 2802 3040 2856 pro
3088 2805 3173 2844 me
3223 2791 3418 2848 beatus
3452 2794 3681 2866 Moyses,

2101 2888 2222 2927 eum
2246 2887 2353 2943 quo
2386 2873 2594 2932 loeutus
2629 2887 2713 2932 est
2748 2878 2889 2934 Deus
2925 2879 3062 2936 facie
3086 2883 3152 2937 ad
3188 2881 3404 2940 faciem.
3441 2885 3570 2944 Oret
3588 2905 3686 2963 pro

2102 2979 2186 3018 me
2222 2965 2415 3022 lliesus
2438 2967 2580 3024 ﬁlius
2603 2968 2745 3036 Non,
2790 2987 2952 3041 quem
2989 2973 3222 3045 elegisti,
3269 2975 3519 3045 Domine,
3563 2989 3687 3050 post
3753 2993 3757 3000 ‘

2104 3057 2320 3128 Moysen
2381 3058 2639 3115 famulum
2672 3071 2840 3117 tuum.
2878 3063 3008 3120 Oret
3047 3081 3149 3135 pro
3179 3083 3266 3122 me
3297 3073 3543 3132 sanctus
3592 3061 3688 3128 Sa-

2104 3153 2246 3207 muel
2266 3155 2550 3224 propheta,
2579 3155 2670 3223 qui
2692 3155 2970 3211 benedixit
2993 3165 3048 3212 et
3077 3159 3232 3213 unxit
3255 3159 3389 3216 duos
3414 3177 3571 3232 reges
3602 3180 3690 3218 su-

2102 3257 2200 3310 per
2253 3241 2440 3297 Israel.
2488 3242 2786 3299 Subveniat
2829 3245 2962 3299 mihi
3010 3242 3232 3304 sanctus
3278 3250 3476 3316 David,
3524 3269 3689 3324 quem

2101 3333 2309 3402 elegisti
2336 3335 2631 3388 secundum
2647 3349 2742 3414 eor
2767 3345 2936 3400 tuum,
2967 3337 3211 3414 Domine.
3240 3340 3572 3413 Deprecetur
3591 3362 3688 3416 pro

2103 3438 2186 3476 me
2227 3433 2447 3481 sanctus
2472 3426 2616 3482 Elias
2656 3430 2807 3500 ιιι
2849 3432 3132 3501 propheta,
3180 3451 3341 3504 quem
3369 3438 3594 3494 elevasti
3630 3441 3683 3494 in

2102 3532 2266 3570 curru
2307 3517 2468 3587 igneo
2503 3534 2672 3588 usque
2715 3522 2782 3575 ad
2828 3522 3044 3577 coelum.
3097 3522 3228 3580 Oret
3255 3542 3352 3595 pro
3380 3542 3465 3581 me
3499 3529 3688 3584 beatus

2103 3605 2290 3672 Isaias,
2333 3609 2484 3677 cujus
2520 3611 2775 3664 mundata
2809 3621 2936 3666 sunt
2961 3613 3099 3666 labia
3124 3615 3247 3683 igne
3269 3616 3497 3670 ctelesti.
3533 3617 3690 3673 Adsit

2104 3698 2236 3753 mihi
2281 3699 2472 3753 beatus
2506 3698 2803 3765 Jeremias,
2841 3717 3002 3774 quem
3046 3703 3412 3780 sanctiﬁcasti'
3439 3709 3491 3761 in
3531 3717 3687 3762 utero

2103 3789 2291 3844 matris
2324 3805 2452 3844 sum.
2489 3789 2619 3846 Oret
2639 3807 2736 3860 pro
2756 3809 2843 3847 me
2869 3804 3090 3849 sanctus
3117 3795 3369 3853 Ezechiel
3403 3802 3686 3870 propheta,

2103 3879 2196 3948 qui
2225 3879 2358 3934 vidit
2391 3881 2626 3936 visiones
2667 3883 2942 3938 mirabiles
2973 3885 3102 3952 Dei,
3149 3896 3204 3942 et
3233 3891 3573 3960 prophetavit
3610 3910 3689 3948 re-

2103 3973 2496 4028 surrectionem
2523 3983 2874 4028 mortuorum.
2903 3976 3235 4046 Depreeetur
3261 3995 3358 4048 pro
3379 3995 3464 4037 me
3486 3984 3688 4042 electus

2105 4060 2315 4126 Daniel,
2366 4063 2740 4118 desiderabilis
2786 4064 2904 4128 Dei,
2942 4067 3033 4134 qui
3071 4067 3232 4121 solvit
3264 4072 3472 4124 somnia
3517 4073 3684 4141 regis.

2103 4161 2158 4205 et
2191 4153 2577 4222 interpretatus
2601 4161 2706 4217 est,
2735 4163 2792 4206 et
2810 4152 3068 4208 liberatus
3092 4164 3172 4209 est
3205 4155 3271 4210 de
3297 4157 3414 4212 lacu
3437 4159 3648 4214 leonum
3674 4181 3684 4214 :

2105 4253 2159 4297 et
2188 4250 2300 4298 tres
2329 4244 2479 4311 pueri
2515 4241 2778 4306 Ananiae,
2810 4242 3057 4308 Azarias,
3092 4244 3337 4311 Misahel,
3373 4247 3584 4305 liberati
3621 4253 3690 4304 ab

2108 4336 2248 4404 igne.
2305 4333 2596 4389 Duodecim
2651 4333 2947 4403 prophetae,
2991 4333 3151 4401 Osee,
3197 4337 3385 4403 Amos,
3414 4338 3685 4406 Micbreas,

503 4425 736 4480 Laudate
766 4425 1049 4480 Dominum
1073 4425 1140 4481 de
1159 4426 1588 4500 cmlis..Require
1609 4439 1743 4483 retro
1767 4430 1818 4482 in
1846 4427 2001 4482 Fe‘ria
2033 4457 2084 4516 υ
2108 4423 2283 4489 Jobel,
2299 4421 3017 4516 hbdias,gilabaeuc,Jonas,
3034 4426 3228 4493 Naum,
3249 4431 3570 4498 Sophonias,
3591 4433 3690 4505 Ag-

401 4569 404 4572 ,
435 4516 619 4584 prima.

929 4622 1165 4675 uerm
1200 4624 1270 4663 ur
1305 4624 1489 4665 suras.

506 4715 640 4772 Justi
672 4717 724 4771 in
769 4723 1028 4787 perpetuo
1069 4717 1269 4772 vivent.
1311 4717 1692 4776 Gloriahuutur
1725 4726 1780 4780 in
1812 4736 1864 4780 te
1899 4743 2008 4782 om—

439 4825 552 4874 nes,
577 4812 668 4880 qui
699 4810 922 4880 diligunt
950 4823 1143 4865 nomen
1169 4818 1336 4864 tuum.
1372 4810 1727 4867 Exsultabunt
1749 4819 1922 4880 sancti
1951 4820 2005 4876 in

441 4899 621 4967 gloria.
671 4897 947 4955 Exsultmit
970 4898 1024 4951 in
1049 4909 1340 4968 conspectu
1364 4899 1491 4966 Dei;
1525 4906 1662 4970 apud
1696 4913 1746 4958 te
1775 4917 1880 4972 est,
1907 4911 2009 4963 Do-

441 4987 601 5048 mine,
648 4985 767 5040 fons
805 4988 943 5042 vita).
991 4967 1250 5047 Ilirabilis
1287 4991 1426 5045 Deus
1451 4992 1503 5045 in
1537 4967 1742 5047 sanctis
1768 4967 1898 5050 suis.
1948 5000 2004 5052 in
2073 4967 2077 4972 ν

442 5075 1068 5147 ennspeetuangelerum
1102 5080 1328 5148 psallam
1355 5082 1469 5135 tibi.
1503 5083 1729 5142 Exaudi,
1761 5085 2004 5146 Domine.

441 5181 625 5220 vocem
653 5180 850 5229 meam,
885 5183 988 5237 qua
1018 5173 1263 5225 clamavi.

787 5292 1036 5353 ORATIO
1063 5298 1303 5356 S.\NCTI
1329 5305 1670 5362 GREGORII.

512 5410 826 5466 Dominator
853 5410 1074 5471 Domine
1107 5411 1244 5465 Deus
1287 5421 1645 5486 omnipotens,
1677 5421 1764 5488 qui
1806 5435 1864 5475 es
1891 5421 2008 5476 Tri-

447 5500 586 5554 nitas
613 5513 743 5562 una,
777 5500 934 5555 Pater
969 5502 1020 5553 in
1052 5499 1208 5565 Filio,
1238 5502 1402 5558 Filias
1426 5507 1481 5560 in
1509 5507 1688 5571 Patre,
1737 5526 1858 5564 eum
1891 5511 2008 5582 Spi-

445 5588 548 5642 ritu
573 5596 792 5641 saneto:
829 5590 921 5659 qui
955 5606 1244 5660 essemper
1266 5593 1318 5646 in
1356 5592 1621 5660 omnibus,
1658 5607 1710 5652 et
1736 5615 1855 5653 ens
1883 5613 2008 5656 ante

407 5713 412 5719 ι
445 5681 646 5743 omnia,
698 5685 751 5731 et
784 5677 889 5732 eris
921 5695 1080 5750 super
1106 5683 1281 5736 omnia
1317 5682 1458 5738 Deus
1484 5688 1795 5744 benedictus
1833 5692 1882 5750 in
1912 5709 2008 5747 su:—

597 5921 632 5928 ιο

2109 4529 2274 4584 gmus,
2311 4514 2623 4579 Zacharias,
2652 4514 2991 4573 Malachias:
3035 4519 3221 4584 Esne,
3250 4518 3468 4586 Tobias,
3500 4533 3554 4579 et
3577 4524 3693 4579 “Ma-

2111 4603 2333 4659 chabti.
2385 4602 2517 4666 llos,
2556 4611 2823 4658 etomnes
2863 4614 3081 4662 sanctos
3117 4605 3330 4664 Veteris
3357 4609 3690 4678 Testamenti

2111 4696 2303 4749 invoco
2327 4694 2384 4749 in
2411 4695 2667 4750 auxilium
2696 4708 2895 4750 meum.
2941 4695 3072 4752 Oret
3099 4713 3309 4765 prome
3334 4710 3518 4755 saneta
3542 4690 3692 4775 virgo

2113 4784 2278 4839 Maria
2311 4793 2482 4838 mater
2513 4783 2832 4850 Salvatoris,
2861 4796 2917 4845 et
2937 4798 3163 4845 sanctus
3195 4790 3428 4844 Joannes
3450 4791 3687 4858 Baptista

2113 4889 2413 4945 praecursor
2446 4875 2680 4941 Domini,
2711 4884 2770 4933 et
2789 4892 2981 4936 omnes
3019 4882 3194 4953 ιιιηαὶ
3224 4881 3450 4950 apostoli
3475 4895 3691 4939 bonum

2109 4964 2446 5020 nostri'Jesu
2477 4965 2715 5032 Christi,
2755 4966 2952 5023 Petrus
2980 4976 3038 5024 et
3082 4967 3312 5034 Paulus,
3349 4969 3594 5027 Andreas
3636 4986 3689 5030 et

2107 5059 2343 5116 Joannes
2363 5101 2376 5123 ,
2435 5071 2546 5116 tres
2579 5059 2788 5126 Jacobi,
2840 5053 3118 5132 Philippus
3156 5071 3212 5118 et
3243 5063 3686 5136 Bartholomzeus,

2111 5151 2343 5208 Thomas
2371 5160 2423 5205 et
2450 5151 2747 5217 lliatthzeus,
2789 5151 3041 5209 Tathazus
3077 5153 3264 5212 Simon
3284 5198 3298 5224 ,
3332 5156 3608 5215 Barnabas
3636 5171 3694 5216 et

2113 5241 2359 5301 Mathias,
2391 5240 2620 5303 Marcus,
2644 5241 2841 5308 Lucas,
2867 5241 3199 5316 Stephanus.
3227 5250 3332 5306 Per
3352 5252 3541 5306 horum
3563 5268 3692 5321 ergo

2114 5339 2167 5382 et
2196 5340 2507 5387 ceterorum
2552 5332 2796 5387 omnium
2833 5347 3144 5398 sanctorum
3183 5340 3320 5396 Novi
3359 5341 3687 5398 Testamenti

2117 5432 2303 5476 merita
2362 5422 2579 5491 depelle
2624 5440 2655 5478 ι
2709 5441 2796 5482 me
2822 5468 2835 5490 ,
2893 5429 3140 5495 Domine,
3195 5433 3688 5504 concupiscentiam

2115 5515 2268 5586 gulae,
2313 5523 2370 5568 et
2401 5515 2467 5569 da
2511 5516 2641 5573 mihi
2670 5521 2920 5578 virtutem
2965 5525 3306 5590 abstinentim
3335 5541 3350 5581 τ
3399 5528 3518 5599 fuga
3546 5546 3573 5585 a
3603 5542 3692 5585 me

2114 5604 2358 5673 spiritum
2399 5603 2804 5676 fornicationis,
2834 5622 2889 5667 et
2917 5615 2981 5670 da
3025 5613 3155 5670 mihi
3198 5619 3442 5675 antorem
3476 5624 3692 5678 castita-

2115 5695 2184 5753 tis
2210 5714 2222 5750 :
2261 5695 2544 5768 exstingue
2571 5699 2625 5755 in
2659 5716 2741 5754 me
2769 5704 2886 5771 rupi
2912 5704 3134 5770 'itatem,
3167 5716 3219 5759 el.
3248 5709 3308 5761 da
3338 5711 3466 5763 mihi
3512 5712 3687 5766 volun-
