4262 6224
1648 44 1659 45 κ
1716 38 1871 49 -ι-ν-ν-ι

2086 38 2683 63 δ--Ἦ-ῐὶδι-ὶ-ψ
2676 46 2725 65 at
2744 40 3317 71 mam
3324 38 3777 78 m7,
3562 38 3611 41 ”’
3710 38 3731 39 '7
3748 40 3771 49 “’
3788 44 4057 83 ’.ἓν-επις,
3934 42 3947 51 ⁴
3976 38 3979 39 ν
4014 38 4025 45 ⁷

438 264 547 324 597
1068 267 1073 272 '
1430 269 1819 325 Ll'l'UittilCA.
1861 298 1930 307 —
1966 265 2228 322 ()FFICIA
2273 269 2405 323 mea
2445 269 2713 324 renus.
3583 249 3686 314 598

438 384 649 451 semper
670 379 1004 438 adoreuhet‘
1021 397 1179 436 aures
1200 381 1449 446 intentas,
1473 397 1591 451 qua:
1613 398 1805 436 nomen
1831 389 2003 442 tuum,
2035 386 2082 439 A
2114 389 2271 436 teme
2306 383 2470 452 petita
2520 381 2756 437 laudatio
2786 400 2797 433 :
2830 380 2900 437 ob
2939 374 3040 435 hoc
3088 378 3340 448 pietatem
3389 385 3556 435 tuam,
3586 374 3692 429 Do-

437 477 495 524 et
519 467 703 540 legem
721 476 887 532 tuam,
912 478 975 525 et-
992 472 1155 526 verba
1184 475 1278 526 tua
1308 473 1565 529 audiam:
1598 480 1655 527 et
1685 472 1870 527 oculos
1910 470 2009 525 liu-
2040 516 2048 524 .
2112 473 2256 527 mine
2280 473 2700 528 clementissime
2718 472 2898 538 Pater,
2921 484 3231 533 exoramus,
3254 475 3435 539 optata
3455 466 3687 529 tribuas,

437 558 612 624 miles,
636 559 731 630 qui
776 566 830 615 te
854 559 1088 625 videant.
1119 575 1358 625 sensum,
1399 562 1492 631 qui
1519 569 1573 617 te
1602 563 1820 627 sentiat,
1854 563 2010 618 intel-

433 649 657 715 lectum,
682 650 776 719 qui
802 657 855 705 te
891 649 1171 721 intelligat,
1200 659 1256 705 et
1298 651 1562 717 animum,
1593 651 1684 721 qui
1716 660 1770 708 te
1794 666 2013 722 semper

435 742 640 815 cogitet
665 751 721 798 et
747 742 933 814 diligat
958 761 971 796 :
996 751 1050 799 et
1080 759 1190 798 non
1224 743 1402 800 veniat
1434 742 1568 799 mihi
1595 758 1691 814 pes
1723 744 2008 814 superbiae,

433 848 493 896 et
532 851 730 892 munus
762 836 1062 906 peccatoris
1106 852 1212 892 non
1240 826 1454 893 moveat
1498 853 1606 894 me.
1634 836 1761 893 Non
1795 820 2014 893 hebetet

438 940 525 981 me
564 917 963 997 gastrijmargia.
986 933 1042 980 et
1071 941 1177 981 non
1207 928 1537 999 coinquinet!
1562 916 1651 984 me
1696 926 2008 990 fornicatio.

440 1015 555 1071 Non
578 1015 842 1086 gubernet
862 1012 949 1071 me
976 1031 1114 1071 vana
1142 1016 1331 1087 gloria,
1357 1034 1463 1072 non
1489 1018 1725 1089 obducat
1752 1034 1838 1074 me
1865 1017 2011 1075 ﬁler-

437 1106 591 1178 giria,
615 1119 723 1160 non
746 1104 966 1160 dilaniet
987 1122 1071 1160 me
1093 1106 1199 1173 ira,
1216 1123 1323 1163 non
1354 1108 1644 1165 mortiﬁcet
1662 1125 1747 1165 me
1771 1109 2008 1166 tristitia.

437 1197 558 1253 Non
583 1206 776 1254 vacuet
798 1212 885 1253 me
933 1198 1137 1262 acedia,
1177 1214 1282 1253 non
1311 1199 1557 1255 bumiliet
1583 1212 1670 1254 me
1690 1199 2008 1265 cenodoxia,

436 1297 496 1347 et
521 1305 631 1346 non
662 1288 908 1344 destruat
935 1303 1023 1346 me
1046 1288 1314 1365 superbia;
1358 1288 1466 1344 Sed
1490 1289 1689 1361 largire
1715 1289 1873 1354 mihi,
1901 1288 2011 1345 cle-

431 1395 595 1452 mens
618 1378 882 1444 Trinitas,
904 1368 1307 1436 abstinenti’ani'
1324 1387 1382 1435 ‘et
1411 1381 1739 1448 castitatem,
1766 1381 2011 1436 volunta-

438 1471 578 1526 riam
619 1468 991 1543 paupertatem
1030 1477 1087 1525 et
1120 1468 1630 1527 mansuetudinem:
1674 1471 2009 1543 largitatem,

308 1598 319 1611 .
418 1560 729 1633 pietatem,
765 1567 821 1614 et
866 1560 1103 1629 quietem
1141 1577 1156 1613 :
1200 1560 1659 1624 misericordiam,
1705 1562 2008 1640 lenitatem,

442 1646 843 1719 indulgentiam,
890 1650 1276 1717 humilitatem,
1319 1651 1727 1723 benignitatem,
1756 1652 2009 1707 hilarita-

443 1748 572 1815 tem,
608 1740 944 1812 patientiam,
970 1735 1285 1797 modeStiam
1302 1781 1318 1807 ,
1361 1742 1752 1810 sinceritatem,
1798 1742 2014 1812 sapien-

443 1827 611 1895 tiam,
632 1829 1012 1905 concordiam,
1059 1845 1249 1900 pacem
1287 1837 1342 1884 et
1382 1830 1722 1907 charitatem.
1762 1830 2016 1887 Miserere

442 1921 571 1976 mihi
588 1965 604 1989 ,
635 1920 878 1987 Domine,
908 1921 1169 1977 miserere
1189 1921 1341 1977 mihi.
1368 1922 1445 2001 De
1466 1922 1753 1993 praeteritis
1777 1923 2011 1987 veniam,

442 2010 517 2077 de.
552 2012 904 2082 praesentibus
945 2012 1411 2080 emendationem,
1456 2014 1525 2068 de
1572 2013 1769 2071 futuris
1816 2012 2015 2085 largire
2082 2058 2092 2066 .

440 2103 759 2158 custodiam.
808 2101 915 2159 Per
970 2102 1261 2161 Dominum
1312 2112 1555 2166 nostrum
1610 2106 1795 2184 Jesum'
1845 2106 2007 2162 Chri-
2071 2131 2074 2134 ~

476 2200 608 2248 tum.

444 2206 608 2251 sum
841 2257 1140 2321 niueum
1176 2261 1634 2319 commeans.

512 2369 589 2425 Te
617 2372 793 2427 Deum
822 2373 1125 2441 laudamus,
1154 2381 1207 2429 te
1233 2373 1550 2440 Dominum_
1565 2375 1903 2431 conﬁtemur.
1939 2373 2014 2430 Tc

356 2453 363 2459 ’
440 2470 697 2520 ueternum
724 2460 941 2516 Patrem
976 2463 1153 2519 omnis
1203 2470 1355 2519 terra.
1385 2475 1696 2520 veneratur.
1748 2465 1870 2521 Tibi
1901 2482 2015 2541 «una

440 2569 539 2613 nes
584 2555 790 2627 angeli,
832 2556 927 2611 tibi
965 2556 1090 2612 caeli
1135 2565 1192 2611 et
1224 2558 1489 2625 universa)
1531 2567 1855 2628 potestates.
1893 2558 2014 2615 Tibi

443 2648 723 2705 cherubim
747 2656 805 2705 et
834 2649 1109 2718 seraphim
1132 2640 1439 2707 incessabili
1468 2666 1608 2708 voce
1637 2651 2008 2721 proclamant:

443 2739 698 2805 Sanctus,
735 2747 971 2806 sanctus,
1001 2748 1240 2808 sanctus,
1280 2742 1540 2799 Dominus
1567 2743 1709 2798 Deus
1753 2741 2014 2798 Sabaoth.

441 2821 591 2884 Pleni
628 2837 758 2886 sunt
800 2830 926 2887 caeli
966 2839 1023 2886 et
1050 2839 1195 2887 εει-νει
1228 2831 1530 2901 maiestatis
1554 2834 1737 2904 gloria:
1767 2844 1891 2890 tute.
1939 2835 2015 2899 Te

400 2913 409 2920 ’
444 2917 707 3016 gloriosus
732 2919 1098 2988 apostolorum
1126 2922 1345 3016 chorus.
1373 2922 1449 2977 Te
1483 2924 1867 2992 prophetarum
1898 2923 2015 2978 lau-

444 3007 640 3065 dabilis
673 3024 954 3066 numerus.
1005 3011 1081 3066 Te
1125 3007 1423 3084 martyrum
1471 3013 1798 3070 candidatus.
1833 3014 2015 3069 laudat

441 3102 733 3161 exercitus.
767 3102 843 3158 Te
865 3117 965 3173 per
1000 3105 1189 3161 orbem
1216 3096 1483 3164 terrarum
1515 3115 1702 3163 sancta
1726 3107 2013 3163 conﬁtetur

444 3191 699 3251 Ecclesia.
725 3193 943 3251 Patrem
970 3196 1251 3254 immensa;
1278 3198 1600 3269 maiestatis.
1632 3201 2011 3257 Venerandum

442 3290 594 3339 tuum
618 3301 810 3341 verum
831 3288 1049 3343 unicum
1078 3288 1294 3363 Filium.
1320 3289 1583 3348 Sanctum
1608 3306 1824 3363 quoque
1853 3307 2014 3362 para-

424 3372 639 3455 ‘cletum
658 3375 945 3444 Spiritum.
977 3378 1057 3434 Tu
1080 3379 1195 3455 Rex
1222 3382 1405 3453 gloriae
1429 3381 1697 3439 Christus.
1731 3382 1813 3438 Tu
1837 3382 2014 3439 Patris

442 3462 800 3533 sempiternus
818 3480 879 3521 es
901 3465 1090 3524 Filius.
1116 3462 1197 3524 Tu
1217 3472 1285 3527 ad
1310 3472 1647 3527 liberandum
1668 3480 2017 3541 suscepturus

443 3552 714 3611 hominem
740 3569 847 3609 non
869 3557 1128 3613 horruisti
1159 3559 1395 3630 Virginis
1432 3568 1668 3616 uterum.
1699 3562 1778 3617 Tu
1803 3562 2014 3619 devicto

444 3643 637 3700 mortis
662 3645 851 3701 aculeo
874 3647 1127 3716 aperuisti
1156 3648 1500 3704 credentibus
1530 3651 2007 3720 regnacmlorum.

444 3730 525 3791 Tu
553 3735 622 3793 ad
649 3737 926 3802 dexteram
957 3738 1052 3794 Dei
1088 3738 1245 3800 sedes
1276 3740 1345 3795 ‘in
1394 3736 1565 3813 gloria
1609 3740 1808 3800 Patris.
1840 3740 2012 3800 Iudex

408 3824 681 3893 crederis
727 3826 883 3901 117
922 3843 1044 3886 esse
1078 3833 1356 3888 venturus.
1387 3831 1469 3889 Te
1508 3848 1640 3905 ergo
1680 3850 2011 3905 quaesumus,

443 3914 554 3971 tuis
573 3912 787 3974 famulis
813 3920 1059 3988 subveni,
1077 3937 1213 3992 quos
1238 3923 1479 3994 pretioso
1499 3925 1762 3996 sanguine
1783 3926 2014 3983 redemi-

441 4003 531 4063 sti.
557 4001 785 4062 Aharna
808 4008 892 4065 fac
919 4026 1043 4066 cum
1076 4015 1283 4071 sanctis
1305 4015 1413 4072 tuis
1431 4015 1490 4070 in
1513 4015 1684 4087 gloria
1713 4020 2009 4086 numerari.

443 4091 659 4156 Salvum
685 4094 769 4152 fac
792 4098 1048 4169 populum
1072 4109 1247 4172 tuum,
1283 4102 1535 4175 Domine,
1555 4114 1612 4161 et
1635 4106 1874 4163 ‘benedio
1902 4110 2011 4165 bae-

442 4186 655 4243 reditati
692 4196 823 4263 .tuaz.
852 4190 919 4251 Et
962 4206 1090 4264 rege
1130 4208 1224 4250 eos
1261 4203 1317 4251 et
1358 4195 1556 4253 extolle
1584 4196 1707 4257 illos
1737 4212 1908 4266 usque
1953 4200 2007 4254 in

440 4283 722 4341 aeternum.
751 4279 854 4334 Per
886 4279 1123 4353 singulos
1150 4283 1267 4339 dies
1289 4283 1657 4348 benedicimus
1691 4294 1763 4342 te.
1797 4287 1867 4351 Et
1893 4287 2008 4343 lau-.

441 4367 633 4425 damus
658 4384 851 4425 nomen
880 4379 1030 4427 tuum
1057 4372 1111 4428 in
1137 4374 1414 4443 steeulum,
1446 4384 1502 4433 et
1524 4377 1592 4431 in
1613 4377 1871 4434 saeculum
1911 4393 2009 4433 sa:-
2035 4401 2089 4464 υ

440 4456 566 4511 culi.
592 4457 843 4530 Dignare,
866 4462 1110 4531 Domine,
1137 4464 1224 4519 die
1250 4465 1503 4529 isto-sine
1529 4475 1754 4539 peccato
1775 4483 1879 4523 nos
1916 4483 2011 4523 cus-

440 4547 662 4605 stodire.
698 4549 952 4608 Miserere
988 4556 1183 4623 nostri,
1226 4557 1480 4625 Domine,
1522 4559 1781 4618 miserere
1812 4559 2006 4615 nostri.

439 4635 559 4693 Fiat
586 4637 953 4696 misericordia
980 4650 1094 4709 tua,
1121 4644 1368 4714 Domine,
1397 4664 1561 4719 super
1588 4664 1690 4706 nos
1712 4668 1727 4704 :
1752 4651 2011 4720 quemad-

440 4726 660 4783 modum
677 4728 1008 4809 speravimus
1029 4730 1084 4786 in
1106 4737 1180 4790 te.
1198 4725 1255 4787 In
1278 4743 1352 4800 te,
1374 4736 1619 4804 Domine,
1640 4738 1883 4815 speravi:
1903 4753 2009 4797 non

440 4819 742 4881 confundat:
763 4824 820 4879 in
842 4832 1124 4881 aeternum.

539 4931 545 4935 ’
1105 4932 1331 4976 ORATIO.

512 5000 864 5075 Densi-erum
900 5008 1143 5064 omnium
1167 5007 1430 5066 Conditor
1456 5017 1621 5081 atque
1644 5010 1889 5080 Creator,
1917 5015 2008 5085 qui

442 5107 583 5152 unus
614 5092 672 5149 in
700 5091 992 5164 Trinitate,
1020 5109 1076 5155 et
1102 5101 1275 5157 trinus
1315 5100 1371 5165 in
1399 5100 1602 5158 unitate
1622 5105 2006 5174 cognosceris,

440 5181 598 5255 cuius
638 5183 1065 5259 magnitudinem
1111 5189 1366 5249 deﬁciens
1411 5200 1496 5248 est
1539 5191 1721 5264 lingua
1773 5182 2007 5251 humana
2051 5187 2066 5195 ’

440 5285 692 5341 narrare;
720 5285 880 5345 quem
917 5275 1036 5331 sine
1076 5282 1379 5339 cessatione
1404 5282 1743 5353 proclamant
1782 5286 1955 5356 angeli
1990 5305 2005 5341 :

439 5378 674 5431 unaue.
704 5366 832 5426 ideo
856 5383 956 5425 nos
983 5370 1196 5428 minimi
1221 5373 1406 5432 famuli
1438 5377 1514 5433 tui
1542 5392 1637 5434 ore
1677 5376 1893 5448 quidem
1931 5379 2010 5435 in—

442 5454 605 5529 digno
632 5472 743 5519 non
782 5467 1178 5527 tressanctos.
1216 5466 1313 5527 sed
1356 5473 1441 5523 ter
1469 5467 1714 5533 Sanctus,
1739 5458 2010 5540 praeconio

442 5546 594 5625 vocis
606 5548 922 5637 attollimus,
944 5559 1004 5607 ut
1028 5566 1263 5611 consona
1286 5558 1648 5629 modulamina
1676 5561 2010 5629 proclamant

456 5677 469 5681 ’
516 5671 543 5703 ι
575 5646 738 5717 Uncis
762 5660 966 5717 inclusa
992 5661 1183 5768 desun't
1209 5665 1262 5720 in
1292 5666 1513 5726 Hilario.

2112 563 2403 619 commissa
2448 563 2747 635 indulgeas,
2780 570 2840 617 ut
2867 563 3080 617 detersa
3110 576 3141 615 a
3171 559 3326 617 nobis
3353 557 3688 630 peccamina,
3737 569 3739 572 ‘

2114 668 2246 721 pura
2272 662 2327 707 et
2360 653 2529 708 libera
2558 652 2889 709 conscientia
2908 692 2923 718 ,
2953 660 3046 707 tua
3078 665 3385 706 mereamur
3418 648 3690 720 opulentia

2117 743 2402 813 gratulari.
2428 744 2550 804 Per.

2512 854 2708 921 ΕΠ)Εὸ
2758 854 2945 913 APUD
2995 854 3279 913 ΝΙΟΛΕΑΜ

2310 947 2352 1007 Α
2381 947 2619 1001 trecentis
2647 947 2820 1001 decem
2847 955 2896 1001 et
2922 956 3037 1002 octo
3059 947 3309 1017 episcopis
3339 947 3498 1002 edita.

2185 1050 2471 1115 Credimus
2505 1051 2560 1113 in
2590 1074 2758 1114 unum
2787 1059 2956 1114 Deum
2987 1059 3200 1114 Patrem
3244 1058 3688 1128 omnipotentem,

2114 1151 2354 1207 omnium
2390 1150 2681 1206 visibilium
2724 1158 2779 1205 et
2829 1146 3505 1215 invisibilium'factorem,
3534 1158 3589 1204 et
3634 1151 3688 1205 in

2114 1256 2281 1295 unum
2325 1238 2611 1296 Damiuum
2658 1248 2903 1294 nostrum
2945 1237 3127 1296 Iesum
3169 1241 3448 1298 Christum
3495 1239 3690 1295 Filium

2114 1330 2210 1385 Dei
2236 1330 2303 1385 de
2338 1330 2730 1396 Patre‘natum
2770 1330 3126 1403 unigenitum,
3168 1331 3273 1386 hoc
3300 1339 3408 1395 est,
3454 1331 3520 1386 de
3566 1332 3693 1386 sub«

2116 1422 2312 1477 stantia
2335 1420 2532 1477 Patris.
2557 1422 2725 1477 Deum
2747 1437 2813 1477 ex
2838 1424 2970 1491 Deo,
2992 1422 3173 1479 lumen
3194 1439 3261 1479 ex
3281 1424 3502 1487 lumine,
3524 1424 3690 1478 Deum

2116 1493 2303 1590 verum
2330 1513 2396 1568 de
2426 1513 2535 1567 Deo
2564 1529 2712 1569 vero.
2762 1512 2982 1580 Natum,
3028 1529 3137 1570 non
3168 1514 3370 1570 factum
3399 1514 3689 1571 Omousion

2116 1599 2288 1668 Patri,
2318 1603 2419 1659 hoc
2455 1613 2567 1669 est,
2592 1605 2835 1675 ejusdem
2863 1620 2985 1660 cum
3030 1605 3189 1660 Patre
3232 1607 3567 1672 substantiae,
3598 1622 3695 1676 per

2048 1718 2100 1777 Β
2117 1693 2472 1760 qucm'omnia
2498 1692 2638 1749 facta
2660 1703 2785 1749 sunt
2802 1695 2854 1749 in
2871 1695 3007 1750 cmlo
3019 1704 3074 1751 et
3094 1697 3146 1750 in
3171 1704 3332 1751 terra.
3351 1695 3450 1764 Qui
3473 1705 3693 1769 propter

2119 1799 2236 1849 nos,
2257 1792 2312 1838 et
2336 1791 2553 1855 propter
2577 1794 2818 1840 nostram
2844 1787 3074 1843 salutem
3096 1789 3373 1844 descendit
3394 1796 3449 1844 et
3473 1805 3690 1846 carnem

2114 1876 2437 1945 assumpsit,
2481 1887 2536 1930 et
2574 1878 2738 1932 homo
2775 1876 2948 1934 factus
2993 1886 3094 1934 est.
3125 1879 3324 1935 Passus
3367 1889 3480 1947 est,
3509 1891 3564 1936 et
3612 1898 3693 1937 re-

2113 1967 2350 2046 surrexit
2382 1967 2539 2021 tertia
2567 1968 2671 2023 die.
2704 1968 2962 2024 Ascendit
2990 1971 3056 2025 ad
3087 1969 3272 2035 (turios,
3300 1972 3451 2027 sedet
3484 1973 3538 2025 in
3568 1973 3694 2027 dex—

2116 2073 2285 2118 teram
2315 2063 2407 2117 Dei
2458 2062 2633 2118 Patris
2676 2055 3080 2134 omnipotentis.
3112 2067 3236 2122 lude
3262 2076 3525 2123 venturus
3548 2066 3692 2137 judio

2114 2170 2240 2211 care
2262 2155 2419 2210 vivos
2438 2163 2491 2210 et
2521 2164 2781 2212 mortuos.
2812 2156 2879 2209 Et
2908 2157 2961 2210 in
2996 2155 3255 2226 Spiritum
3284 2168 3550 2213 sanctum.
3568 2160 3693 2214 -En.~.

2114 2257 2313 2312 autem,
2341 2247 2433 2317 qui
2479 2247 2685 2311 dicunt,
2732 2247 3021 2317 aliquando
3049 2258 3165 2303 erat
3198 2257 3429 2319 tempus,
3473 2251 3689 2320 quando

2113 2330 2219 2392 non
2263 2345 2412 2401 erat,
2452 2346 2505 2392 et
2554 2339 2867 2408 priusquam
2914 2346 3261 2404 nasceretur,
3302 2356 3409 2396 non
3449 2351 3595 2401 erat;
3640 2352 3694 2395 et

2113 2430 2238 2499 quia
2280 2443 2346 2482 ex
2378 2426 2538 2484 nullis
2567 2430 2986 2511 subsistentibus
3012 2428 3188 2485 factus
3228 2439 3341 2498 est;
3375 2440 3554 2511 autex
3583 2432 3691 2486 alia

2113 2519 2413 2574 substantia
2440 2519 2535 2572 vel
2560 2506 2815 2585 essentia,
2842 2527 2935 2573 aut
2963 2519 3271 2573 mutabilem
3317 2506 3503 2574 dicunt
3544 2535 3685 2584 esse,

2113 2604 2197 2665 vel
2230 2610 2630 2673 convertibilem
2659 2610 2854 2665 Filium
2890 2610 2979 2665 Dei
2999 2651 3012 2675 ,
3044 2611 3464 2666 auatbematizat
3501 2612 3688 2668 catho-

2108 2700 2215 2755 lica
2244 2709 2298 2755 et
2328 2702 2621 2772 apostolica
2649 2702 2909 2762 Ecclesia,

2471 2809 2725 2868 ORATIO
2764 2809 3009 2865 suam
3047 2791 3338 2876 tamen,

2117 2886 2283 2971 Quam
2313 2916 2390 2956 xu
2421 2900 2589 2967 libris,
2615 2919 2743 2972 quos
2770 2902 2852 3026 dab
2866 2912 3049 2985 sancta
3079 2903 3382 2973 conscripsi!
3411 2901 3683 2970 Trinitalc,

2654 2990 2673 3000 ·
2758 2989 2818 3025 su
2861 2981 3049 3026 iunxit.

2654 2990 2673 3000 ·
2758 2981 3049 3044 subjunxit.

2040 3061 2088 3125 (ἶ
2190 3083 2387 3140 Sancta
2418 3084 2677 3150 Trinitas,
2725 3100 3008 3149 conserva,
3036 3088 3148 3147 o'ro,
3191 3086 3310 3142 ﬁdei
3343 3101 3476 3142 mea:
3507 3088 3692 3142 incon-

2117 3174 2433 3231 taminatam
2467 3173 2802 3245 religionem,
2833 3190 3005 3245 usque
3053 3176 3117 3231 ad
3161 3191 3440 3232 excessum
3471 3177 3694 3246 spiritus
3783 3161 3802 3203 ί

2116 3265 2241 3319 mei.
2286 3265 2433 3320 Dona
2480 3264 2614 3320 mibi
2664 3269 2803 3323 hanc
2842 3266 3187 3323 conscientiae
3225 3283 3359 3324 mete
3386 3282 3589 3333 vocem,
3634 3280 3692 3323 ut

2114 3354 2258 3423 quod
2294 3355 2346 3409 in
2384 3356 2810 3425 regenerationis
2839 3371 2972 3411 mete
3014 3357 3274 3427 symbolo,
3303 3356 3607 3428 baptizatus
3639 3359 3689 3412 in

2114 3446 2277 3502 Patre
2300 3456 2355 3502 et
2380 3446 2520 3502 Filio
2541 3455 2597 3502 et
2619 3445 2827 3517 Spiritu
2855 3455 3063 3510 sancto,
3088 3444 3362 3517 professus
3387 3463 3527 3512 surn,
3556 3464 3692 3503 sem-

2114 3551 2211 3605 per
2253 3537 2527 3596 obtineam
2556 3555 2569 3591 :
2597 3536 2813 3595 Patrem
2844 3536 3053 3592 scilicet
3097 3545 3150 3590 te
3196 3526 3464 3602 nostrum,
3492 3534 3685 3593 Filium

2114 3632 2268 3680 tuum
2293 3641 2401 3682 una
2423 3634 2600 3685 tecum
2622 3625 2863 3691 adorem,
2887 3634 2941 3681 et
2963 3634 3207 3682 sanctum
3234 3626 3493 3697 Spiritum
3520 3635 3689 3694 tuum,
3746 3642 3752 3650 ‘

2113 3715 2205 3784 qui
2232 3731 2299 3770 ex
2329 3724 2380 3770 te
2412 3709 2509 3788 per
2533 3709 2868 3786 unigenitum
2895 3724 3047 3771 tuum
3071 3724 3171 3780 est,
3202 3731 3540 3786 promereor;
3565 3718 3693 3787 quia

2114 3804 2246 3859 mihi
2266 3805 2498 3867 idoneus
2522 3798 2591 3861 ad
2621 3803 2780 3860 ﬁdem
2805 3803 2961 3863 testis
2984 3811 3088 3871 est,
3116 3805 3301 3861 dicens
3327 3824 3339 3860 :
3368 3804 3553 3872 Pater,
3581 3823 3691 3861 om-

2114 3895 2201 3955 nia
2243 3912 2358 3952 mea
2392 3904 2484 3950 tu’a
2513 3904 2656 3962 sunt,
2685 3904 2733 3949 et
2770 3905 2861 3950 tua
2891 3912 3025 3950 mea.
3052 3893 3102 3968 [ει
3130 3896 3273 3954 Deus
3306 3913 3478 3963 meus,
3508 3899 3691 3954 omnia

2114 3984 2232 4044 mea
2272 3997 2364 4044 tua
2389 3998 2548 4056 sunt,
2573 3996 2628 4044 et
2652 3995 2742 4048 tua
2770 3986 2937 4061 mea.]
2976 3987 3119 4045 Deus
3160 4004 3311 4059 meus
3336 3982 3492 4046 Jesus
3528 3990 3687 4047 Chri-

2113 4086 2229 4135 stus
2269 4094 2493 4136 manens
2536 4079 2590 4135 in
2635 4086 2708 4144 te,
2750 4087 2805 4134 et
2843 4094 2911 4134 ex
2955 4087 3038 4142 te,
3101 4088 3158 4135 et
3193 4080 3335 4152 apud
3376 4090 3427 4159 te
3478 4096 3692 4153 semper

2113 4167 2293 4232 Deus,
2342 4170 2431 4239 qui
2488 4178 2572 4223 cst
2626 4169 2941 4224 benedictus
2996 4170 3050 4224 in
3106 4171 3301 4227 saecula
3346 4173 3682 4230 smculorum.

2109 4259 2301 4317 Amen.
3152 4259 3167 4267 “

2253 4366 2508 4431 omne
2538 4342 2783 4427 sanari
2808 4368 3180 4442 mensum
3218 4371 3539 4429 EPISCOPI.

2182 4484 2321 4540 Deus
2338 4480 2584 4552 iustitiae,
2599 4482 2948 4554 tedeprecor,
2965 4483 3106 4539 Deus
3124 4485 3527 4559 niisericordim,
3544 4487 3686 4546 Deus

2111 4574 2410 4641 invisibilis,
2434 4573 2576 4655 Deus
2591 4573 3171 4646 incomprehensibilis,
3192 4578 3335 4634 Deus
3354 4580 3684 4636 inenarrabi-

2110 4670 2195 4735 lis,
2224 4675 2444 4733 aeterne,
2473 4680 2749 4738 perpetuo,
2772 4668 3051 4723 benedicta
3075 4687 3086 4721 :
3117 4668 3281 4738 Deus,
3309 4673 3461 4743 cujus
3478 4674 3680 4739 omnia,

2110 4762 2162 4817 in
2185 4775 2291 4830 quo
2309 4760 2512 4824 omnia,
2534 4761 2634 4815 sub
2656 4772 2765 4829 quo
2781 4759 2986 4826 omnia,
3015 4775 3111 4831 per
3133 4776 3295 4832 quem
3323 4763 3499 4819 omnia
3523 4774 3678 4819 sunt:

2108 4861 2275 4922 parce
2300 4850 2494 4905 animae
2521 4862 2676 4915 mea,
2702 4862 2866 4921 parce
2890 4850 3048 4908 malis
3076 4854 3231 4919 meis,
3263 4868 3424 4923 parce
3445 4856 3682 4923 peccatis

2109 4942 2242 4998 meis
2263 4951 2424 5011 atque
2439 4940 2790 4999 criminibus:
2815 4942 2971 4998 visita
2993 4942 3281 5008 inﬁrmum,
3304 4958 3432 4998 cura
3455 4959 3676 5017 aegrum,

2108 5049 2237 5089 sana
2260 5033 2619 5104 languentem.
2636 5033 2715 5090 Da
2730 5049 2846 5100 eor,
2862 5034 3003 5103 quod
3027 5041 3076 5088 te
3097 5033 3303 5101 timeat,
3324 5050 3561 5104 sensum,
3584 5042 3677 5108 qui

2108 5130 2160 5191 te
2189 5122 2469 5193 intelligat,
2498 5124 2686 5180 oculos
2729 5124 2927 5187 cordis,
2970 5122 3061 5191 qui
3092 5130 3144 5178 te
3170 5122 3409 5181 videant.
3436 5127 3512 5181 Da
3545 5128 3678 5181 mibi

2106 5210 2392 5268 scintillam
2444 5214 2722 5284 sapientia:
2750 5223 2877 5277 tuae,
2904 5195 3025 5283 quae
3072 5213 3205 5270 mihi
3228 5214 3673 5285 justiﬁeationum

2109 5311 2321 5357 tuarum
2346 5302 2453 5357 iter
2478 5305 2750 5369 ostendat,
2775 5312 2830 5359 et
2859 5302 3042 5360 foveas
3070 5305 3270 5361 inimici
3296 5306 3566 5362 declinare
3589 5322 3677 5363 me

2105 5392 2314 5446 doceat.
2343 5391 2597 5450 Miserere
2620 5394 2745 5457 mei,
2774 5395 2898 5464 quia
2928 5397 3166 5465 peccavi,
3200 5404 3256 5452 et
3288 5404 3503 5466 propter
3527 5396 3678 5452 duri-

2108 5483 2235 5537 tiam
2262 5485 2442 5542 cordis
2470 5484 2605 5548 mel,
2634 5483 2689 5539 in
2715 5484 2833 5555 ipsa
2859 5496 3201 5555 peccatorum
3231 5500 3472 5542 meorum
3502 5498 3676 5545 morte

2107 5572 2334 5639 perduro
2368 5592 2380 5625 :
2422 5558 2520 5641 ego
2557 5588 2673 5638 ore,
2704 5580 2803 5644 ego
2851 5577 3171 5644 cordc,-ego
3202 5591 3380 5646 opere,
3421 5592 3519 5649 ego
3555 5594 3674 5642 orn—
