4262 6190
576 140 680 195 599

1402 144 1457 197 Β.
1500 144 1560 198 Ρ.
1604 145 1825 199 Αιλιιιχι
1866 136 1993 197 εει)
2035 142 2307 197 ALCUINI
2346 140 2629 198 OPERL‘!
2665 141 2844 213 PARS
2879 140 2963 195 ιγ.

3708 145 3811 202 600

575 253 730 307 nibus
775 256 916 306 vitiis
944 255 1249 322 inquinate.
1280 275 1416 319 satu,
1445 260 1692 311 omnibus
1719 260 2010 313 sceleribus
2054 272 2140 309 t'O-
2175 262 2215 314 Λ
2248 272 2420 316 mum.
2470 265 2527 309 ut
2572 266 2620 308 ῑί·
2666 257 2801 311 bone
2830 272 3039 325 T0301".
3076 266 3129 311 εί
3157 265 3215 311 ιιι
3252 272 3337 311 me
3378 272 3530 328 δεξιαὶ
3568 259 3811 328 dignum.

573 356 792 414 opertus
820 363 957 399 sum.
1007 348 1224 400 Veniam
1276 359 1413 418 peto,
1464 352 1587 418 quia
1616 352 1818 404 crimen
1860 367 2137 419 agnosco:

576 436 774 489 scelera
808 452 924 489 mca
955 438 1048 491 tibi
1083 437 1273 501 fateor,
1302 454 1420 507 qua:
1452 442 1551 493 ctsi
1593 457 1696 494 non
1726 440 2032 499 confiterer.
2065 449 2142 492 ta—

576 540 697 578 men
730 534 789 578 te
807 526 972 579 latere
998 542 1099 578 non
1130 536 1369 593 possunt.
1394 527 1471 581 Tu
1499 529 1643 581 enim
1674 537 1941 582 sentiatur
1962 529 2142 582 cordis

576 628 627 669 et
659 618 865 670 reninm
894 633 985 680 es,
1032 618 1125 671 tibi
1155 618 1359 671 occulta
1393 619 1823 683 manifeslantttr,
1854 631 1908 673 et
1936 628 2141 674 secreta

577 705 855 774 patefiunt.
882 705 1135 759 Miserere
1157 707 1283 771 mei,
1307 707 1546 767 Domine,
1577 723 1642 761 ne
1670 724 1753 762 me
1781 709 1954 777 perire
1984 708 2145 778 113

574 796 793 864 patiaris
822 813 834 848 :
864 812 929 848 ne
959 812 1040 849 me
1070 797 1349 865 permittas
1387 798 1603 852 :eternis
1646 798 1878 851 tenebris
1928 806 1982 850 et
2020 811 2144 869 per-

578 895 732 954 petua
781 896 952 940 morte
982 889 1244 941 consumi.
1277 885 1443 941 Aufer
1478 904 1507 940 a
1547 890 1707 942 corde
1750 902 1869 941 meo
1907 888 2141 942 alientnn

578 995 812 1041 sensum,
846 994 972 1032 cura
1014 980 1065 1032 in
1100 994 1182 1032 me
1210 988 1478 1047 stuporem
1506 980 1702 1032 lliCllliS
1729 998 1738 1032 :
1770 980 1978 1048 cxtirpa
2005 995 2035 1031 a
2070 980 2144 1032 vi-

575 1072 815 1125 sceribus
866 1070 1001 1124 meis
1045 1069 1265 1124 consilia
1316 1070 1642 1139 iniquitatis,
1690 1069 1849 1123 erade
1887 1086 1916 1121 a
1964 1068 2143 1138 lingua

578 1179 691 1217 mea
734 1160 1045 1216 detrahendi
1090 1159 1552 1232 consuetudinem,
1598 1160 1885 1214 mentiendi
1918 1158 2152 1213 facilitaJ

576 1264 703 1315 tein,
737 1251 984 1321 loquendi
1020 1249 1431 1313 scurrilitatem,
1476 1259 1529 1303 et
1573 1266 1761 1307 omnes
1808 1259 1961 1305 actus
1996 1267 2145 1305 meos

573 1353 689 1398 arte
720 1353 773 1395 et
810 1342 1073 1397 medicina
1108 1349 1194 1396 tua
1239 1355 1387 1394 sana.
1429 1337 1764 1393 Circumcide
1811 1341 1862 1393 in
1906 1354 2009 1401 me,
2045 1340 2144 1393 Do-

575 1435 739 1498 mine,
770 1434 897 1489 vitia
927 1431 1106 1490 cordis
1130 1440 1186 1485 et
1219 1430 1481 1500 corporis.
1522 1430 1774 1484 Miserere
1804 1430 1938 1493 mei,
1983 1430 2141 1492 Deus,

573 1528 697 1597 quia
733 1537 788 1581 tu
834 1528 973 1581 nosti
1005 1526 1142 1579 faeta
1177 1541 1314 1579 mea.
1345 1524 1403 1578 Si
1431 1532 1485 1577 tu
1514 1524 1969 1594 transgressiones
1999 1539 2145 1578 nicas

2242 348 2381 411 quod
2425 363 2508 400 me
2556 347 2827 400 exaudias.
2857 348 3002 417 Auge
3052 348 3103 401 in
3151 362 3257 411 me,
3303 346 3545 413 Domine,
3587 364 3808 404 munera

2244 444 2353 499 tua,
2384 445 2440 487 ut
2465 436 2640 489 anima
2668 449 2782 489 mea
2811 435 2995 505 diligat
3020 428 3069 490 te
3109 444 3164 491 et
3192 436 3284 490 fiat
3306 437 3551 506 expedita
3576 437 3643 493 ab
3662 439 3809 491 omni

2242 526 2373 578 vitio
2409 526 2875 595 concupiscentiae.
2928 528 3076 597 Rogo
3113 536 3184 591 te,
3214 527 3397 593 Pater,
3437 528 3809 597 deprecor'te.

2243 614 2362 678 Fili,
2388 616 2611 670 obsecro
2636 622 2706 678 te,
2732 616 2965 685 Spiritus
2984 625 3188 683 sancte,
3211 624 3270 671 ut
3290 617 3512 671 evadam
3536 617 3602 672 de
3628 617 3812 672 mundi

2241 706 2483 769 miseria,
2513 714 2568 760 et
2597 707 2765 761 dones
2795 708 2925 760 mihi
2966 708 3156 762 aeterni
3196 709 3344 779 regni
3385 717 3640 778 perpetua
3686 723 3814 777 gau-

2242 796 2353 854 dia.
2376 796 2667 853 Revertere
2684 795 2796 865 jam
2821 782 2963 852 Deus
2990 812 3160 863 meus,
3184 807 3240 863 et
3262 812 3329 852 ne
3352 798 3692 853 obliviscaris
3709 798 3815 854 mei

2242 900 2415 954 usque
2444 886 2495 939 in
2530 886 2711 951 finem,
2737 902 2842 940 non
2889 886 2942 940 in
2979 894 3293 954 perpetuum
3335 887 3574 951 deseras,
3604 902 3701 941 nec
3731 902 3816 942 me

2244 974 2435 1027 eadem
2478 974 2530 1027 in
2578 982 2841 1043 potestate
2885 974 3184 1030 dazmonum
3227 975 3526 1044 permittas.
3574 975 3724 1030 Licet
3760 975 3815 1030 in

2244 1060 2443 1115 offensa
2478 1063 2720 1131 jaceam,
2770 1072 2825 1151 tu
2874 1071 3050 1117 tamen
3091 1063 3346 1127 clemens,
3384 1073 3439 1119 tu
3470 1066 3606 1134 pius,
3641 1074 3697 1118 tu
3726 1081 3818 1135 pa-

2247 1151 2413 1214 tiens,
2463 1160 2518 1206 tu
2570 1153 2793 1207 multum
2845 1152 3175 1218 misericors,
3219 1153 3423 1210 nullum
3468 1152 3811 1222 derelinquis,

2246 1242 2447 1295 nullum
2493 1244 2703 1311 spernis
2746 1243 2813 1296 ad
2843 1243 3126 1300 sanitatem
3160 1242 3499 1307 venientem,
3543 1244 3636 1299 sed
3674 1244 3817 1298 ultro

2245 1330 2476 1384 offerens
2517 1332 3004 1386 misericordiarum
3045 1331 3359 1389 eletnentias
3390 1340 3701 1401 peccatores
3725 1349 3819 1387 ex—

2246 1431 2479 1489 spectas,
2506 1432 2565 1475 ut
2595 1422 2833 1476 redeant.
2860 1420 3055 1488 Quanti
3083 1421 3227 1475 enim
3258 1420 3523 1487 scelerati,
3553 1431 3609 1479 et
3635 1423 3820 1479 multis

2246 1510 2461 1582 flagitiis
2490 1511 2730 1574 involuti,
2762 1526 2856 1581 per
2882 1511 3139 1566 bonitatis
3164 1517 3267 1565 tua:
3295 1511 3523 1581 gratiam
3560 1512 3627 1567 ad
3651 1510 3821 1566 indul-

568 1617 771 1685 judicio
816 1626 906 1669 tuo
949 1616 1196 1685 persequi
1240 1630 1301 1669 ae
1350 1614 1539 1684 punire
1580 1613 1858 1678 voluisses,
1891 1614 2017 1667 olim
2060 1628 2143 1666 me
2181 1585 2251 1661 Β

2136 1630 2143 1665 ε
2181 1585 2224 1645 Β
2250 1602 2482 1671 gentiam
2512 1601 2903 1670 pervenerunt?
2946 1600 3097 1655 Sicut
3127 1600 3309 1656 multis
3351 1616 3460 1660 non
3489 1601 3819 1658 merentibus

575 1716 719 1762 terra
752 1706 931 1759 vivum
971 1704 1355 1759 absorbuisset.
1404 1703 1508 1759 Sed
1554 1704 1679 1774 quia
1713 1712 1860 1757 tanta
1903 1712 1987 1757 est
2031 1704 2141 1757 cle-

576 1803 773 1859 mentia
802 1800 1098 1871 inajestatis
1120 1810 1242 1863 tum,
1266 1808 1323 1853 ut
1349 1799 1548 1853 nullum
1576 1799 1750 1867 perire
1771 1799 2023 1871 patiaris;
2051 1798 2142 1851 scd

572 1909 761 1948 omnes
803 1902 1085 1962 exspectas
1123 1891 1186 1946 ad
1234 1892 1604 1963 pwnitentiam
1646 1894 1874 1954 reverti,
1917 1894 2005 1963 qui
2048 1892 2143 1945 das

574 1984 802 2053 spatium
846 1983 1163 2053 pmnitcndi;
1210 1983 1273 2036 da
1312 1983 1722 2054 possibilitatem
1766 1984 2043 2054 operanti,
2087 1992 2143 2036 ut

574 2091 676 2127 non
716 2075 785 2128 sit
831 2074 926 2127 hoc
974 2089 1164 2129 vanum
1212 2073 1551 2144 indulgentia:
1592 2083 1695 2128 tua:
1740 2082 1969 2144 tempus,
2002 2075 2142 2142 quod

577 2168 702 2222 mihi
737 2167 917 2236 largiri
966 2170 1064 2234 prb
1093 2173 1179 2219 tua
1210 2165 1407 2233 pietate
1440 2164 1694 2233 dignaris.
1728 2164 1979 2217 Miserere
2016 2164 2139 2224 mei.

576 2257 734 2319 Deus,
764 2270 830 2310 ne
860 2270 942 2308 me
973 2253 1257 2321 despicias,
1286 2269 1455 2322 neque
1480 2262 1693 2329 avertas
1720 2253 1909 2310 faciem
1944 2263 2088 2308 tuam
2112 2272 2143 2309 a

573 2366 677 2411 me,
704 2348 828 2417 quia
874 2364 977 2400 non
1026 2362 1123 2416 pro
1156 2346 1368 2415 justitia
1417 2361 1535 2400 mea
1564 2355 1687 2417 peto
1718 2348 2141 2401 misericordiam

572 2447 714 2489 tuam
736 2476 749 2499 ,
788 2437 881 2490 sed
910 2444 1127 2504 propter
1153 2435 1490 2489 clementiam
1522 2444 1668 2488 tuam
1710 2435 1915 2505 respice
1951 2435 2015 2489 ad
2058 2452 2142 2489 me

570 2526 635 2577 de.
664 2523 787 2578 sede
818 2524 1116 2591 majestatis
1141 2532 1270 2594 Itu-c,
1297 2531 1351 2575 ct
1377 2525 1629 2579 tenebras
1654 2524 1834 2578 cordis
1859 2524 1962 2580 mei
1991 2526 2142 2580 radio

568 2614 865 2683 splendoris
892 2614 965 2667 tui
1010 2613 1267 2667 illumina.
1310 2612 1533 2681 Protege
1575 2628 1679 2677 me,
1714 2614 1955 2677 Domine,
1989 2627 2141 2670 scuto

569 2703 807 2757 veritatis
829 2717 892 2757 ac
919 2703 1067 2766 fidei,
1105 2710 1157 2755 ut
1190 2718 1273 2756 me
1303 2702 1496 2757 diaboli
1520 2702 1695 2770 jacula
1726 2703 1886 2771 ignita
1917 2721 2022 2758 non
2052 2722 2142 2773 pc-

569 2802 871 2857 netrcnt,et
898 2793 1156 2861 quidquid
1182 2792 1309 2845 illud
1340 2803 1443 2857 est,
1472 2795 1613 2864 quod
1644 2794 1928 2847 infelicitas
1966 2812 2080 2848 mea
2112 2811 2137 2847 a

568 2896 619 2939 te
649 2893 829 2952 petere
858 2890 947 2935 aut
978 2898 1081 2935 non
1110 2881 1403 2951 pimsumit,
1434 2893 1523 2935 aut
1556 2898 1660 2936 non
1701 2883 1969 2953 intelligit,
2002 2885 2052 2937 i:l
2084 2894 2137 2938 tu

567 2992 662 3045 pro
691 2986 777 3031 tua
803 2977 1002 3029 virtute
1045 2975 1129 3028 lril
1154 2990 1237 3036 ue,
1264 2984 1315 3029 et
1348 2975 1449 3030 hoc
1486 2975 1702 3045 largire,
1732 2978 1874 3045 quod
1904 2978 2138 3030 animant

569 3087 741 3127 meam
764 3071 935 3126 salvet
973 3087 1001 3123 ιι
1034 3077 1233 3134 morte;
1261 3077 1313 3122 et
1354 3069 1571 3123 exeunti
1600 3070 1729 3123 milii
1758 3070 1824 3123 de
1863 3070 1964 3125 hac
1994 3070 2141 3123 elan-

567 3179 689 3216 sura
722 3162 1063 3215 tenebrarum
1099 3174 1314 3212 manum
1344 3160 1575 3227 porrige,
1603 3169 1659 3213 et
1686 3159 1863 3213 lumen
1894 3162 2136 3215 ostende.

571 3256 822 3309 Miserere
866 3252 1001 3317 mei,
1048 3251 1290 3315 Domine,
1341 3259 1396 3304 et
1442 3252 1742 3320 redintegra
1780 3252 2137 3315 confractum,

564 3361 695 3401 sana
726 3352 1054 3415 corruptum,
1083 3342 1306 3397 emenda
1337 3343 1601 3407 vitiatum,
1641 3353 1694 3397 et
1734 3343 1859 3398 illud
1904 3344 2136 3414 indulge,

564 3432 707 3507 quod
734 3435 860 3500 feci,
887 3442 941 3490 et
968 3435 1090 3499 boc,
1124 3442 1337 3503 pmsta,
1370 3448 1435 3487 ne
1465 3435 1656 3489 iterum
1688 3435 1899 3490 faciam.
1936 3435 2141 3491 Miseri-

564 3546 686 3585 cors
710 3537 765 3583 et
793 3527 1075 3581 miseratur
1104 3524 1260 3589 Deus,
1289 3526 1379 3595 qui
1410 3534 1464 3581 et
1495 3526 1753 3583 barbaros
1800 3529 2008 3583 salvare
2036 3529 2138 3593 vis,

564 3631 619 3674 et
644 3622 708 3677 ad
747 3620 990 3677 veritatis
1033 3617 1361 3690 agnitionem
1392 3618 1593 3683 venire,
1626 3619 1694 3673 ad
1738 3628 1787 3674 te
1819 3618 2032 3689 confugi
2075 3620 2136 3673 fi-

564 3714 763 3771 delium
788 3710 1144 3766 Salvatorem.
1175 3707 1431 3764 Miserere
1456 3710 1584 3773 mei,
1612 3706 1737 3780 quia
1769 3718 1821 3766 te
1850 3710 2138 3781 plurimum

562 3800 901 3865 exacerbavi,
929 3809 983 3853 et
1012 3799 1286 3873 inimicum
1314 3799 1551 3867 gaudere
1588 3799 1721 3863 feci,
1757 3808 1810 3854 et
1844 3816 1971 3855 ecce
1998 3816 2140 3853 mor-

567 3902 689 3946 tuus
717 3906 834 3945 sum
863 3889 1119 3945 obediens
1142 3887 1213 3941 el.
1242 3886 1344 3952 Tu,
1393 3886 1638 3952 Domine,
1666 3897 1721 3945 et
1751 3889 1949 3957 impiis,
1973 3898 2027 3943 et
2056 3890 2141 3945 liis

564 3984 656 4051 qui
684 3989 810 4038 sunt
852 3981 967 4036 sine
993 3977 1384 4043 misericordia,
1417 3979 1731 4035 misereris:
1758 3980 2017 4034 miserere
2041 3978 2141 4034 bu-

565 4071 777 4127 niilitati
798 4084 931 4124 mete
949 4083 963 4122 :
982 4066 1122 4138 apud
1147 4076 1196 4122 te
1216 4067 1359 4122 enim
1386 4066 1713 4138 impossibile
1736 4068 1870 4123 nihil
1889 4077 1989 4134 est,
2014 4085 2140 4140 quo-

562 4167 705 4220 niam
734 4178 889 4219 secus
928 4160 1197 4216 infernum
1226 4160 1483 4230 dissipata
1509 4168 1591 4215 est
1619 4160 1801 4216 anima
1846 4176 1988 4217 mea.
2031 4160 2139 4217 Fac

2165 2924 2213 2987 ϐ

2245 1692 2413 1760 gratis
2441 1692 2650 1745 veniam
2680 1692 2887 1747 donasti
2914 1712 2925 1745 :
2952 1693 3029 1747 sic
3057 1702 3109 1747 et
3141 1693 3269 1747 mibi
3297 1692 3514 1763 indigno
3542 1693 3819 1765 indulgeno

2245 1784 2375 1835 tiam
2405 1782 2586 1852 largiri
2613 1782 2851 1852 digneris
2878 1792 3097 1851 propter
3126 1792 3272 1837 tuam
3305 1782 3625 1839 ineffabilem
3655 1785 3816 1839 mise-

2247 1870 2551 1933 ricordiam,
2580 1870 2917 1939 omnipotens
2944 1870 3098 1933 Deus,
3136 1872 3227 1940 qui
3266 1872 3400 1925 vivis
3425 1879 3478 1926 et
3507 1886 3697 1943 regnas
3722 1886 3819 1943 per

2242 1961 2421 2016 omnia
2454 1960 2645 2015 scenda
2674 1960 3011 2015 szeculorum.
3038 1962 3226 2015 Amen.

2570 2111 2825 2167 ORATIO
2864 2110 3104 2167 SANCTI
3142 2112 3487 2169 GREGORII.

2314 2267 2537 2321 Domine
2583 2274 2785 2330 sancte,
2816 2265 2977 2321 Pater
3018 2268 3376 2337 omnipotens,
3407 2277 3605 2325 aeterne
3655 2270 3812 2335 Deus,

2244 2356 2336 2425 qui
2361 2355 2514 2410 sedes
2542 2355 2593 2409 in
2621 2354 2847 2425 septimo
2874 2356 3067 2410 throno
3094 2375 3106 2409 :
3134 2358 3233 2412 sub
3260 2356 3415 2427 cujus
3442 2359 3667 2428 pedibus
3696 2374 3812 2413 om-

2244 2446 2331 2500 nia
2361 2446 2811 2510 contremiscunt;
2846 2446 3103 2502 miserere
3141 2449 3267 2512 mei,
3294 2449 3385 2518 qni
3413 2447 3588 2503 fecisti
3614 2449 3810 2504 caelum

2243 2544 2297 2591 et
2327 2544 2551 2600 terram,
2587 2550 2737 2589 mare
2760 2544 2815 2590 et
2844 2536 3025 2590 omnia
3045 2552 3167 2605 qua:
3195 2537 3248 2591 in
3270 2538 3350 2591 eis
3380 2547 3524 2591 sunt.
3560 2538 3813 2595 Miserere
3874 2525 3891 2529 ἠ

2244 2631 2349 2684 mei
2369 2670 2381 2690 .
2413 2631 2503 2698 qui
2537 2628 2875 2685 altitudinem
2922 2630 3071 2694 coeli,
3102 2640 3155 2685 et
3184 2630 3521 2687 latitudinem
3553 2642 3732 2701 terrae,
3758 2643 3828 2692 et

2244 2720 2564 2788 profundum
2586 2720 2764 2790 abyssi
2788 2720 3007 2776 metitus
3026 2737 3087 2777 es
3112 2740 3123 2774 :
3148 2722 3236 2791 qui
3266 2730 3521 2793 perpetua
3551 2726 3812 2795 sapientia

2245 2823 2333 2866 tua
2365 2812 2529 2867 eteius
2558 2812 2844 2868 camerasti
2871 2818 2926 2867 et
2961 2813 3131 2869 stellis
3155 2815 3380 2879 ornasti,
3407 2825 3462 2870 et
3487 2826 3685 2871 terram
3721 2814 3813 2871 fio-

2246 2901 2393 2956 ribus
2440 2901 2755 2971 depinxisti;
2805 2915 2965 2970 quem
3009 2896 3242 2958 mundus
3281 2919 3386 2959 non
3416 2906 3591 2975 capit,
3623 2916 3677 2961 et
3724 2920 3807 2960 re-

2242 2990 2476 3060 quiescis
2500 2991 2558 3044 in‘
2608 2990 2771 3045 corde
2798 2989 3014 3044 mundo.
3046 2990 3174 3055 Fac,
3209 2993 3454 3059 Domine,
3490 3010 3584 3049 cor
3630 3010 3807 3049 meum

2245 3081 2407 3153 119
2433 3081 2866 3148 immaculatum,
2898 3082 2989 3151 qui
3035 3082 3179 3137 diem
3222 3099 3251 3137 a
3288 3092 3447 3140 nocte
3488 3100 3725 3155 separas,
3756 3094 3811 3141 et

2242 3181 2415 3226 mutas
2446 3171 2653 3243 linguas
2680 3171 2936 3236 ferarum,
2961 3180 3016 3227 ct
3044 3173 3141 3227 das
3164 3173 3243 3228 eis
3273 3175 3590 3245 sapientiam
3615 3192 3631 3229 :
3653 3191 3809 3246 quem

2240 3265 2449 3320 diversa
2479 3264 2711 3319 volatilia
2750 3266 2965 3337 garrula
3008 3277 3304 3337 agnoscunt
3340 3284 3471 3324 voce
3510 3270 3807 3333 suavitatis,

2242 3356 2519 3411 laudantes
2545 3373 2700 3411 suum
2724 3358 3053 3413 Creatorem.
3078 3358 3353 3416 Gloriosus
3372 3377 3433 3417 es
3459 3371 3537 3426 tu,
3566 3362 3808 3427 Domine,

2238 3458 2292 3503 et
2336 3448 2567 3517 gloriosa
2591 3464 2754 3519 opera
2791 3459 2915 3513 tua,
2946 3452 3035 3520 qui
3084 3451 3291 3518 fecisti,
3333 3470 3450 3525 quae
3482 3472 3588 3509 non
3626 3463 3803 3509 erant.

2237 3540 2421 3596 Justus
2445 3556 2525 3605 es,
2548 3541 2789 3605 Domine,
2816 3550 2871 3596 et
2888 3540 3091 3611 justum
3111 3542 3373 3611 judicium
3400 3553 3547 3599 tuum
3575 3565 3587 3599 :
3616 3561 3808 3617 magna

2239 3641 2293 3687 et
2321 3631 2455 3685 mira
2492 3640 2619 3686 sunt
2657 3646 2821 3700 Opera
2851 3640 2962 3685 tua.
2993 3631 3314 3688 Benedictus
3341 3649 3401 3688 es
3435 3649 3597 3704 super
3621 3646 3811 3690 omnes

2240 3720 2658 3776 lienedietiones.
2704 3720 2939 3776 Trinitas
2987 3722 3125 3776 Deus
3164 3713 3564 3794 inseparabilis,
3606 3726 3697 3798 qui
3747 3742 3809 3782 es

2241 3827 2377 3865 unus
2417 3817 2472 3865 et
2516 3826 2621 3866 non
2666 3810 2849 3866 solus:
2881 3828 2983 3866 una
3030 3813 3303 3883 divinitas,
3338 3817 3480 3871 trina
3527 3819 3805 3889 maiestas,

2240 3900 2527 3971 co:equalis
2559 3901 2749 3973 gloria,
2788 3902 2957 3973 Aipba
2995 3911 3049 3957 et
3076 3902 3297 3977 Omega,
3327 3906 3539 3962 initium
3579 3918 3634 3964 et
3660 3910 3803 3966 finis.

2244 3992 2383 4046 Deus
2411 4001 2593 4048 noster
2622 3992 2732 4047 Rex
2767 4003 2892 4049 ante
2917 3994 3131 4060 sarcula,
3162 3997 3253 4067 qui
3279 4008 3532 4067 operatus
3561 4015 3621 4055 es
3659 3999 3805 4054 salu-

2243 4093 2347 4137 tem
2387 4084 2439 4138 in
2486 4083 2663 4139 medio
2689 4092 2864 4140 terrae.
2910 4085 3051 4140 Deus
3092 4087 3183 4156 qui
3229 4088 3483 4142 saeculum
3527 4094 3807 4163 senectute

2239 4174 2532 4240 concludis,
2572 4181 2627 4229 et
2662 4182 2839 4228 tamen
2884 4175 2998 4243 ipse
3038 4190 3161 4229 cum
3190 4176 3385 4230 smc'ulo
3413 4190 3519 4229 non
3549 4175 3805 4230 senescis.

562 4254 982 4311 misericordiam
1004 4292 1020 4318 ,
1056 4252 1181 4321 quia
1211 4250 1473 4322 benignus
1497 4265 1557 4307 es
1583 4258 1639 4307 ει
1667 4251 1998 4317 misericors,
2043 4252 2140 4323 ηε·
2160 4266 2215 4326 υ
2240 4264 2321 4320 Ad
2353 4272 2406 4320 te
2426 4262 2672 4334 expando
2696 4278 2888 4319 manus
2906 4279 3055 4318 ineas
3075 4266 3130 4318 in
3154 4265 3560 4320 similitudinem
3588 4267 3802 4323 crucis:

561 4354 741 4402 mento
779 4354 898 4409 tuo;
947 4345 1041 4413 qui
1070 4351 1125 4397 et
1162 4356 1422 4411 corpora,
1452 4357 1572 4410 qua:
1617 4356 1726 4398 non
1768 4350 1920 4405 sunt,
1954 4343 2008 4397 in
2051 4342 2137 4399 die

560 4430 972 4489 resurrectionis
1000 4429 1360 4485 suscitaturus
1380 4443 1465 4483 es.
1510 4428 1715 4483 Exaudi
1746 4444 1851 4493 me,
1878 4430 2135 4495 Domine,

561 4525 684 4593 quia
709 4520 903 4578 defecit
928 4520 1149 4589 spiritus
1170 4532 1342 4583 meus,
1369 4526 1425 4574 et
1449 4516 1635 4573 infelix
1660 4518 1840 4573 anima
1863 4534 2003 4574 mea.
2033 4519 2136 4574 Ta-

559 4604 826 4666 befactum
846 4617 930 4666 est
954 4600 1115 4666 etiam
1139 4621 1336 4676 corpus
1362 4621 1562 4673 meum,
1585 4608 1731 4680 quod
1756 4608 2131 4680 coinquinavi:

558 4703 719 4756 etiam
762 4702 947 4757 vivere
988 4714 1094 4755 non
1126 4697 1278 4755 valeo
1315 4711 1415 4767 pro
1455 4710 1536 4763 eo;
1582 4699 1727 4771 quod
1755 4713 1861 4755 non
1903 4699 2130 4755 credidi.

558 4792 776 4862 ignosce
803 4802 1079 4862 peccatum
1125 4804 1303 4846 meum
1346 4804 1446 4859 per
1487 4792 1889 4860 paenitentiam,
1920 4790 2133 4849 vivifica

559 4897 645 4935 me
670 4883 978 4949 contritum,
1002 4892 1057 4939 et
1086 4884 1208 4955 igne
1235 4879 1540 4951 splendoris
1567 4882 1643 4936 tui
1672 4882 1932 4949 illumina,
1962 4891 2018 4939 et
2043 4899 2133 4938 ac—

558 4974 727 5029 ecnde
755 4988 851 5028 cor
878 4989 1055 5030 meum
1081 4993 1093 5027 :
1123 4984 1183 5029 ut
1208 4989 1310 5046 ego
1337 4973 1607 5042 accipiens
1636 4972 1885 5033 fiduciam
1923 4974 2135 5032 miseri-

558 5066 755 5121 cordiae
798 5072 855 5120 et
900 5064 1240 5135 indulgentia!
1277 5075 1401 5131 tuae,
1433 5064 1705 5121 residuum
1734 5076 1945 5135 tempus
1986 5066 2128 5129 vitae.

556 5158 698 5227 quod
728 5156 861 5213 mihi
906 5154 1213 5221 donaveris,
1243 5158 1498 5214 mandata
1529 5164 1619 5211 tua
1661 5157 1992 5222 custodiam,
2019 5165 2076 5213 et
2100 5172 2131 5210 a

558 5250 749 5304 timore
790 5257 883 5303 tuo
909 5261 1015 5301 non
1064 5246 1344 5311 recedam;
1387 5248 1480 5303 sed
1519 5248 1710 5303 devote
1755 5247 1987 5303 serviam
2034 5247 2130 5303 tibi

557 5342 808 5413 amplius,
833 5356 995 5412 quam
1040 5338 1219 5394 modo.
1252 5338 1423 5395 Parce
1464 5355 1594 5412 ergo
1624 5338 1789 5401 mihi,
1821 5346 1876 5394 et
1920 5339 2130 5395 vivitica

560 5447 667 5496 me,
702 5434 1040 5502 omnipotens
1070 5430 1231 5493 Deus.
1275 5429 1496 5488 Domine
1523 5430 1651 5489 Jesu
1677 5429 1892 5486 Christe
1919 5432 2132 5487 univer-

560 5523 732 5578 sitatis
755 5522 1023 5588 conditor,
1050 5536 1173 5594 spes
1202 5520 1360 5578 unica
1386 5522 1588 5598 mundi.
1618 5520 1818 5577 Praesta
1847 5520 1977 5575 milii
2016 5519 2126 5589 pri-

2238 4356 2305 4411 ad
2341 4365 2393 4410 te
2420 4355 2696 4418 humilior,
2726 4354 2793 4408 ad
2823 4362 2877 4408 te
2905 4368 3198 4425 resurgam.
3232 4355 3414 4426 Erigat
3454 4370 3547 4412 me
3577 4357 3801 4415 dextera

2239 4454 2348 4507 tua,
2373 4443 2499 4501 Jesu
2526 4441 2759 4505 Christe,
2784 4444 2872 4513 qui
2898 4459 3081 4500 manes
3107 4446 3161 4501 in
3188 4446 3369 4513 Patre,
3398 4458 3453 4505 et
3478 4448 3638 4505 Pater
3660 4450 3715 4505 in
3748 4459 3802 4507 te

2237 4534 2292 4587 in
2314 4534 2717 4603 sempiternum.
2741 4532 3040 4600 Credimus,
3062 4535 3308 4605 Domine,
3331 4540 3619 4595 adventum
3634 4540 3803 4596 tuum

2237 4633 2293 4679 et
2328 4624 2779 4681 resurrectionem
2825 4632 2991 4680 tuam.
3036 4627 3113 4681 Tu
3155 4629 3325 4684 nostri
3354 4628 3667 4683 dominaris.
3698 4626 3805 4682 Do-
3874 4642 3877 4645 ί

2237 4716 2403 4783 mine,
2434 4722 2723 4787 antequam
2764 4715 3023 4772 diseutias
3054 4732 3159 4781 me,
3194 4702 3468 4772 miserere
3493 4716 3631 4783 mei;
3671 4732 3801 4773 sana

2234 4812 2578 4876 peccatorum
2606 4816 2850 4860 meorum
2876 4805 3117 4868 vulnera,
3144 4805 3269 4873 quia
3294 4804 3510 4873 peccavi
3540 4806 3591 4861 in
3627 4814 3695 4864 te.
3719 4807 3802 4864 Ab

2233 4895 2457 4950 occultis
2500 4894 2638 4950 meis
2668 4894 2872 4949 munda
2918 4906 3023 4956 me,
3062 4893 3305 4948 Domine.
3341 4891 3581 4949 illumina
3626 4910 3722 4951 cor
3748 4905 3803 4952 et

2234 5000 2449 5040 sensum
2472 4998 2661 5040 nicum
2678 4982 2877 5037 lumine
2896 4982 3202 5037 serenitatis
3226 4990 3346 5039 tuae.
3373 4984 3448 5040 Te
3468 4995 3597 5042 ante
3614 4987 3795 5044 omnia

2234 5090 2421 5130 sensus
2454 5090 2607 5130 meus
2633 5072 2824 5142 sapiat.
2860 5071 2933 5124 Da
2964 5070 3096 5126 mihi
3142 5072 3496 5141 intellectum,
3530 5088 3598 5131 ut.
3626 5074 3799 5133 sciam

2236 5166 2537 5221 testimonia
2574 5172 2690 5225 tua,
2710 5168 2767 5214 et
2804 5160 3102 5217 custodiam
3145 5180 3208 5221 ea
3248 5165 3301 5220 in
3344 5166 3510 5225 conio
3537 5158 3799 5223 Itonia

2234 5257 2363 5311 mihi
2393 5255 2619 5326 gratiam
2666 5259 2833 5312 tuam.
2858 5251 2980 5322 quia
3007 5269 3112 5311 non
3140 5266 3245 5325 est,
3266 5258 3361 5328 qui
3388 5260 3793 5313 comat-ent".

2233 5346 2395 5401 Pater
2438 5344 2830 5415 orphanomm,
2881 5352 3170 5401 venerator
3209 5347 3513 5411 viduarum,
3551 5336 3797 5401 indultur

2233 5433 2527 5505 egentium,
2565 5429 2842 5505 confessor
2868 5433 3275 5502 ﬂuitantium;
3319 5440 3513 5505 prata
3539 5432 3671 5490 mihi
3696 5447 3793 5490 ve-

2234 5524 2397 5588 niam,
2426 5537 2585 5593 quem
2611 5520 2882 5592 plasmasti
2905 5524 2971 5581 de
2995 5524 3152 5596 limo;
3188 5534 3239 5582 et
3269 5525 3641 5597 cogitationes,
3672 5540 3790 5596 qua
