4262 6192
441 171 531 225 Olli

1412 159 1794 219 LITURGICA.
1836 187 1904 197 ——
1940 153 2203 209 OFFICIA
2242 157 2372 212 PER
2411 158 2671 213 FERUS.

3535 151 3644 207 009.

440 286 596 363 iidem
646 299 748 338 non
794 281 1059 351 frangant.
1110 279 1250 344 Doce
1295 291 1380 331 me
1434 276 1610 330 facere
1663 272 1986 328 voluntatem
2018 266 2066 327 Δ
2092 280 2327 335 sanctus,
2374 271 2631 335 Dominus
2669 284 2819 324 meus
2866 268 3004 337 pius,
3059 281 3149 320 res
3199 279 3351 319 meus
3392 279 3637 333 magnus.

440 362 600 431 tuam.
635 362 1281 442 Qumcunque‘prtecipis,
1308 370 1420 439 ipse
1446 368 1656 437 adiuva,
1684 374 1743 420 ut
1771 362 1991 432 implere

438 464 671 535 possim,
707 471 768 518 nt
796 478 901 517 non
944 475 1163 531 peccem
1208 460 1304 514 tibi
1333 457 1595 535 amplius;
1626 455 1719 510 sed
1753 455 1819 507 da
1862 451 1993 505 mihi

437 555 759 611 desiderium
790 552 856 606 ad
895 566 1054 606 omne
1086 564 1220 620 opus
1259 550 1476 602 bonum.
1520 533 1761 607 Domine,
1806 544 1858 596 in
1902 552 1990 595 tua

432 644 642 715 justitia
666 638 835 697 libera
856 657 941 695 me
958 642 1025 696 de
1046 639 1279 711 peccatis
1299 638 1453 701 meis,
1477 636 1543 689 ab
1566 635 1711 689 omni
1741 633 1901 695 malo,
1926 632 1992 685 ab

437 737 582 789 ninni
615 733 871 804 periculo,
907 733 974 787 ab
1001 731 1146 787 omni
1173 729 1392 791 haeresi,
1429 728 1498 782 ab
1525 726 1774 781 omnibus
1798 721 1994 791 iniquis

440 827 756 882 desideriis:
785 834 841 880 et
878 824 1140 880 constitue
1162 837 1249 877 me
1294 822 1349 875 in
1376 820 1519 874 omni
1547 832 1708 887 opere
1748 817 1909 878 bono,
1942 823 1996 869 et

440 917 597 971 visita
625 917 833 971 dolores
855 929 1025 980 meos,
1049 922 1105 968 et
1127 927 1277 974 sana,
1300 924 1418 979 qua:
1439 908 1536 963 tibi
1556 914 1674 976 apta
1700 920 1805 959 non
1836 911 1989 969 sunt;

437 1018 491 1063 et
516 1010 658 1079 quod
682 1008 734 1061 in
758 1022 843 1062 me
861 1006 1149 1061 obscurum
1166 1012 1270 1067 est,
1293 1016 1483 1056 nomen
1508 998 1723 1053 luminis
1746 997 1991 1064 accipiat.

436 1102 577 1156 Ante
607 1110 679 1163 te,
720 1100 962 1164 Domine,
986 1112 1144 1153 omne
1172 1096 1493 1152 desiderium
1524 1108 1723 1156 meum,
1753 1100 1805 1145 et
1830 1090 1995 1160 gemi-

439 1199 526 1245 tus
546 1204 694 1244 meus
718 1204 748 1241 a
771 1197 823 1241 te
845 1203 951 1241 non
979 1196 1061 1241 est
1084 1184 1444 1240 absconditus.
1475 1183 1549 1236 Da
1575 1181 1724 1243 mihi,
1752 1180 1993 1241 Domine,

438 1280 800 1335 fortitudinem
834 1272 1095 1334 adversus
1120 1277 1340 1332 insidias
1368 1274 1597 1336 diaboli,
1640 1281 1695 1327 et
1721 1272 1995 1340 instiganti

436 1371 700 1427 obsistere
742 1378 960 1425 satana.
990 1368 1065 1421 Da
1094 1366 1224 1420 mihi
1254 1379 1401 1419 arma
1430 1362 1663 1424 virtutis,
1690 1370 1745 1415 et
1776 1359 1995 1413 loricam

436 1458 763 1515 fortitudinis
792 1467 915 1513 tum.
949 1456 1103 1511 Nulla
1132 1454 1260 1526 mihi
1295 1454 1456 1506 nimia
1496 1451 1785 1505 oblectatio
1820 1448 1996 1503 subri-

433 1554 579 1625 piat,
615 1550 793 1604 nullus
830 1549 1063 1624 antiqua:
1086 1545 1383 1616 putredinis
1428 1557 1536 1596 suze
1564 1555 1650 1595 me
1681 1539 1843 1594 foetor
1870 1554 1993 1593 cor-

2085 364 2249 431 judex
2297 379 2451 417 meus
2483 364 2685 433 justus,
2736 360 2989 428 magister
3028 373 3180 413 meus
3215 371 3382 419 unus,
3431 354 3641 423 adiutor

2093 469 2241 508 laws
2269 462 2590 522 opportunus
2607 491 2624 517 ,
2653 451 2892 505 medicus
2920 463 3068 502 meus
3093 448 3522 516 potentissimus,
3563 446 3642 500 di-

2095 546 2264 599 lectus
2292 560 2443 599 meus
2468 544 2877 613 pulcherrimus,
2907 543 3060 611 panis
3089 556 3236 595 meus
3262 541 3432 603 vivus,
3463 553 3643 595 sacer-

2092 636 2189 690 dos
2225 652 2375 690 meus
2410 637 2463 690 in
2500 644 2775 689 :eternum.
2830 634 2967 687 Deus
3006 638 3154 687 meus
3192 632 3257 686 ad
3290 631 3516 701 patriam
3550 630 3639 683 lux

2093 741 2209 779 mea
2237 740 2382 779 vera.
2422 712 2657 779 Dulcedo
2687 740 2802 778 mea
2830 731 3042 782 sancta.
3076 723 3159 775 via
3185 736 3303 775 mea
3330 729 3509 785 recta,
3551 735 3639 773 sa-

2093 814 2292 884 pientia
2320 830 2439 868 mea
2465 814 2717 883 prmclara
2741 853 2755 875 ,
2806 812 3116 880 simplicitas
3147 826 3263 865 mea
3293 824 3425 879 pura
3449 849 3464 873 ,
3510 824 3641 862 cono

2094 903 2276 958 cordia
2300 917 2417 957 mea
2443 902 2693 972 paciﬁca,
2726 900 2965 955 custodia
3000 914 3116 953 mea
3145 906 3256 951 tuta
3274 938 3289 961 ,
3322 897 3499 965 portio
3525 911 3641 949 mea

2096 995 2232 1047 bona
2250 1034 2265 1056 ,
2296 992 2437 1047 salus
2464 1008 2581 1046 mea
2609 992 2955 1061 sempiterna,
2988 988 3353 1043 misericordia
3379 1001 3496 1040 mea
3530 1001 3643 1039 ma-

2096 1096 2231 1149 gna,
2274 1082 2528 1150 patientia
2559 1095 2675 1135 mea
2706 1080 3072 1143 robustissima
3090 1120 3107 1145 ,
3140 1078 3361 1133 victima
3397 1091 3516 1130 mea
3542 1077 3640 1129 im-

2096 1169 2383 1231 maculata,
2422 1169 2714 1237 redemptio
2757 1182 2875 1222 mea
2917 1167 3088 1231 facta,
3130 1181 3252 1236 spes
3285 1182 3405 1221 mea
3436 1165 3641 1228 futura,

2096 1260 2332 1315 charitas
2365 1274 2480 1314 mea
2515 1257 2768 1327 perfecta,
2800 1259 3122 1313 resurrectio
3149 1273 3266 1313 mea
3293 1266 3497 1318 sancta,
3534 1257 3643 1309 vita

2097 1366 2215 1405 mea
2244 1358 2461 1405 aeterna.
2501 1349 2576 1404 'l‘e
2606 1351 2879 1419 deprecor,
2912 1348 3153 1417 supplico
3182 1358 3237 1402 et
3282 1362 3430 1419 rogo,
3461 1356 3519 1401 ut
3548 1361 3645 1418 per

2096 1450 2148 1494 te
2182 1438 2483 1511 ambulem,
2524 1438 2589 1492 ad
2626 1446 2678 1491 te
2714 1438 3048 1507 perveniam,
3092 1436 3147 1492 in
3190 1444 3244 1492 te
3288 1438 3641 1506 requiescam.

2095 1527 2554 1591 Exaudi,exaudi,
2574 1526 2765 1582 exaudi
2793 1540 2899 1589 me,
2912 1524 3141 1591 Christe,
3158 1525 3249 1595 qui
3272 1541 3391 1579 cum
3413 1524 3571 1579 Patre
3592 1533 3645 1577 et

437 1606 667 1712 i-umpat.
692 1638 857 1701 Aufer
888 1616 921 1692 a
956 1606 1041 1692 me
1084 1606 1322 1692 lubricos
1362 1644 1417 1689 et
1464 1632 1676 1686 inutiles
1706 1631 1989 1701 cogitatus,
2026 1606 2066 1666 Β

2026 1606 2068 1666 Β
2097 1608 2299 1686 Spiritu
2322 1625 2507 1672 sancto
2532 1617 2667 1671 vivis
2690 1625 2745 1670 et
2770 1629 2980 1683 regnas.

435 1734 905 1806 suggestionesque
933 1729 1175 1783 furtivas.
1196 1727 1363 1789 Deus,
1392 1725 1482 1793 qui
1513 1724 1630 1792 plus
1656 1730 1809 1791 potes
1838 1720 1992 1786 dare,

434 1838 598 1893 quam
644 1837 742 1876 nos
789 1828 1033 1891 petamus
1070 1825 1164 1871 aut
1206 1813 1593 1883 intelligamus,
1640 1818 1850 1864 moveat
1890 1824 1991 1862 vox

434 1930 553 1969 mea
583 1911 1005 1968 misericordiam
1042 1919 1209 1973 tuam,
1238 1906 1329 1976 qui
1358 1920 1417 1959 es
1443 1917 1580 1957 unus
1624 1901 1677 1963 in
1706 1900 1988 1963 Trinitate,

434 2014 487 2075 et
533 2006 705 2059 trinus
747 2003 800 2057 in
842 2002 1065 2056 unitate.
1113 1997 1192 2054 Ne
1222 1998 1414 2068 perdas
1461 2011 1545 2050 me
1590 2010 1711 2049 cum
1754 1992 1991 2063 peccatis

434 2096 598 2159 meis;
627 2094 751 2165 quia
779 2108 885 2148 non
911 2090 1104 2146 venisti
1121 2088 1297 2157 justos
1321 2086 1546 2151 salvare,
1568 2086 1663 2140 sed
1686 2092 1993 2154 peccatores

433 2193 498 2247 ad
525 2192 894 2261 pmnitentiam
920 2202 1200 2244 revocare:
1226 2185 1314 2257 qui
1337 2199 1397 2239 es
1417 2190 1624 2237 amator
1644 2179 1986 2250 poenitentiae,

433 2282 689 2340 miserere
714 2283 840 2337 mei.

501 2373 724 2428 Domine
762 2380 961 2437 sancte,
1003 2371 1161 2425 Pater
1183 2368 1538 2437 omnipotens,
1583 2372 1781 2419 aeterne
1822 2360 1987 2423 Deus,

431 2465 685 2521 fortitudo
710 2478 845 2525 mea,
873 2461 1268 2516 firmamentum
1293 2472 1492 2522 meum,
1515 2456 1770 2509 liberator
1790 2461 1847 2507 et
1867 2467 1992 2521 pro—

430 2562 605 2610 tector
626 2568 853 2625 magnus
875 2560 930 2606 et
952 2551 1184 2622 patiens,
1208 2545 1471 2618 refugium
1496 2554 1550 2601 et
1572 2545 1758 2607 virtus,
1783 2542 1993 2609 adjutor

428 2638 486 2698 et
523 2641 796 2707 liberator,
844 2641 935 2695 lux
979 2638 1134 2703 lucis,
1184 2636 1304 2693 fons
1345 2634 1579 2699 luminis,
1628 2632 1707 2687 sol
1746 2630 1987 2700 justitim,

430 2732 579 2789 stella
608 2731 745 2798 diei,
783 2731 873 2799 qui
909 2729 1177 2785 inhabitas
1204 2727 1478 2789 saeculum,
1506 2722 1655 2792 cujus
1685 2722 1791 2775 alta
1822 2728 1876 2774 et
1903 2734 1989 2773 sn-

430 2837 593 2895 perna
621 2829 794 2883 terra,
828 2817 980 2886 cujus
1009 2818 1232 2873 thronus
1261 2812 1677 2874 inmstimabilis,
1725 2819 1779 2865 et
1822 2808 1987 2880 gloria

430 2908 1004 2982 incomprehensibilis,
1050 2907 1137 2963 cui
1185 2905 1446 2961 assistunt
1492 2902 1694 2957 militim
1737 2915 1857 2955 cum
1888 2914 1986 2968 pa-

428 3017 587 3069 vore,
619 3002 773 3072 cujus
799 3000 976 3055 vultus
1002 2998 1202 3053 excitat
1224 2996 1462 3067 abyssos,
1490 3002 1545 3049 et
1568 2993 1841 3047 tabescere
1861 2988 1991 3045 facit

430 3104 671 3150 montes:
700 3092 893 3148 exaudi
919 3090 1215 3147 orationem
1242 3087 1383 3143 servi
1414 3086 1512 3151 tui,
1532 3084 1674 3139 Deus
1699 3097 1867 3143 meus,
1895 3096 1991 3150 per

430 3182 712 3237 Dominum
757 3189 997 3237 nostrum
1036 3178 1219 3234 Iesum
1264 3176 1536 3231 Christum
1579 3171 1772 3227 Filium
1818 3179 1987 3232 tuum,

430 3274 521 3346 qui
561 3282 644 3328 est
674 3273 924 3341 splendor
952 3286 1093 3326 verte
1121 3270 1274 3333 lucis,
1300 3269 1462 3339 janna
1492 3266 1636 3330 vitae,
1662 3264 1747 3317 via
1778 3260 1989 3323 salutis,

428 3366 645 3423 lucerna
674 3364 897 3428 ardens,
937 3363 1090 3418 cibus
1126 3357 1586 3428 coelestisvpanis
1611 3355 1790 3416 vivus,
1831 3358 1988 3419 potus

428 3475 490 3515 ex
522 3458 665 3512 fonte
692 3454 943 3529 perenni,
973 3452 1206 3509 Verbum
1249 3452 1301 3506 in
1345 3449 1608 3520 principio
1644 3446 1785 3516 apud
1820 3444 1989 3498 Deum

429 3565 552 3605 cum
582 3547 782 3644 Spiritu
811 3556 1018 3609 sancto,
1048 3543 1139 3613 qui
1169 3558 1198 3596 a
1229 3541 1389 3595 Patre
1417 3538 1711 3610 procedens
1743 3535 1990 3591 circumit

430 3640 603 3712 girum
623 3626 772 3693 'cmli.
818 3635 955 3704 Quid
982 3650 1112 3708 ergo
1139 3633 1281 3689 Deus
1310 3646 1480 3696 meus,
1518 3629 1643 3700 quid
1686 3642 1844 3697 rogo,
1888 3626 1990 3679 nisi

430 3730 690 3786 Dominus
731 3728 912 3783 Deus?
963 3726 1200 3790 Summe,
1234 3724 1453 3794 optime,
1490 3720 1893 3792 potentissime,
1936 3724 1991 3770 et

430 3818 980 3880 misericordissime;
1008 3824 1063 3869 et
1096 3814 1396 3883 iustissime
1437 3819 1493 3864 et
1536 3808 1895 3863 sacratissime
1934 3814 1991 3860 et

429 3907 865 3985 praesentissimo,
893 3912 949 3960 et
974 3903 1355 3975 pulcherrime,
1387 3898 1594 3954 stabilis
1619 3907 1672 3952 et
1696 3898 1990 3967 incompre-

431 3994 711 4056 hensibilis
736 4034 750 4059 ,
798 3991 1146 4056 immortalis;
1199 3997 1414 4045 mutans
1456 3988 1666 4053 omnia,
1715 4002 1988 4057 nunquam

432 4091 633 4150 novus,
673 4096 943 4152 nunquam
968 4088 1150 4147 vetus;
1200 4082 1461 4137 innovans
1487 4077 1667 4134 omnia
1693 4077 1811 4132 sine
1832 4084 1987 4131 vetn-

433 4183 591 4240 state,
622 4171 851 4246 perdens
876 4170 1132 4240 superbos
1166 4176 1222 4224 et
1256 4168 1529 4232 nesciunt,
1567 4180 1779 4235 semper
1802 4179 1984 4235 agens,

433 4280 649 4336 semper
671 4263 906 4335 quietus,
937 4260 1192 4333 colligens
1226 4266 1282 4315 et
1318 4272 1425 4314 non
1450 4271 1629 4329 egens,
1672 4264 1894 4325 portans
1932 4264 1989 4309 et
2014 4265 2066 4327 ο

434 4356 683 4426 impleas,
712 4361 768 4408 et
791 4361 1097 4424 protegens,
1127 4366 1340 4412 creans.
1368 4355 1424 4404 et
1451 4348 1714 4412 nutriens,
1745 4353 1801 4401 et
1826 4343 1988 4415 perii-

435 4446 616 4508 ciens;
664 4456 926 4512 quarens,
972 4455 1096 4497 cum
1142 4440 1276 4496 nihil
1324 4439 1421 4496 tibi
1466 4439 1620 4495 desit.
1677 4437 1841 4493 Amas
1889 4450 1989 4491 nec

434 4544 664 4597 aestuas;
694 4530 838 4586 aelas
855 4536 911 4583 et
927 4542 1148 4584 secums
1163 4545 1251 4583 es:
1276 4512 1502 4597 pinnitet
1523 4536 1594 4593 te,
1616 4536 1672 4583 et
1689 4542 1792 4583 non
1812 4525 1987 4583 doles:

436 4623 689 4682 irasceris
714 4629 769 4676 et
798 4616 1111 4688 tranquillus
1133 4631 1191 4671 es
1216 4635 1229 4670 :
1265 4631 1428 4686 opera
1454 4624 1652 4683 mutas,
1689 4628 1791 4671 nec
1816 4622 1993 4671 mutas

436 4716 752 4774 consilium:
792 4709 985 4781 recipis
1013 4713 1153 4779 quod
1181 4705 1388 4762 invenis
1410 4745 1426 4769 ,
1473 4712 1529 4759 et
1551 4718 1827 4775 nunquam
1851 4705 1988 4765 ειηί..

436 4806 591 4863 sisti:
623 4817 897 4875 nunquam
923 4801 1075 4870 inops
1099 4839 1114 4865 ,
1158 4806 1213 4853 et
1256 4796 1454 4869 gaudes
1480 4794 1680 4850 lucris:
1715 4804 1988 4865 nunquam

437 4917 654 4967 avarus,
674 4910 729 4957 et
746 4916 939 4956 usuras
956 4898 1161 4969 exigis:
1193 4907 1539 4966 supererogas
1567 4898 1627 4946 ut
1652 4888 1869 4953 debeas,
1888 4903 1991 4945 nec

438 4992 561 5064 quis
578 4990 750 5045 habet
770 4988 1065 5057 quidquam
1089 5001 1195 5041 non
1225 4994 1394 5041 tuum.
1440 4980 1642 5036 Reddisv
1658 4977 1864 5049 perdita
1893 4977 1987 5034 de-

438 5082 570 5147 bita,
594 5078 729 5145 nihil
752 5076 981 5148 perdens
1005 5093 1018 5129 τ
1051 5073 1166 5132 sine
1190 5075 1447 5153 qualitate
1473 5074 1665 5135 bonus,
1686 5070 1800 5125 sine
1821 5082 2003 5139 quam.

442 5172 597 5227 time
638 5175 890 5237 mgnus,
937 5163 1054 5218 sine
1101 5163 1394 5235 indigentia
1438 5162 1682 5225 Creator,
1729 5158 1846 5213 sine
1888 5157 1994 5211 situ

446 5260 603 5332 ιω
625 5258 813 5315 amata
839 5262 1058 5318 tenens,
1104 5246 1222 5307 sine
1259 5252 1380 5309 loco
1425 5242 1623 5322 ubique
1653 5258 1795 5305 totus
1819 5286 1834 5311 ,
1880 5246 1996 5302 sine

446 5362 687 5424 tempore
704 5350 1086 5420 sempiternus,
1116 5345 1238 5402 sine
1259 5344 1368 5400 nlla
1394 5344 1689 5419 mutatione
1719 5338 1996 5396 mutabilia

446 5445 661 5510 faciens,
672 5442 916 5512 nihilque
933 5438 1164 5512 patiens.
1183 5435 1410 5511 Exaudi,
1419 5436 1616 5493 exaudi
1635 5429 1999 5501 me,Dmninc.

446 5537 524 5594 Tu
563 5551 621 5593 es
658 5532 802 5590 enim
830 5530 969 5587 Deus
995 5542 1145 5585 mens
1170 5525 1323 5581 vivus
1354 5533 1409 5582 et
1434 5539 1627 5590 verus,
1665 5522 1823 5578 Pater
1849 5512 1999 5577 meus

2296 1749 2548 1805 omne
2582 1714 2823 1805 ssnon
2858 1747 3182 1805 assensu
3218 1748 3442 1806 PAPIE.

2158 1858 2404 1923 Peccavi,
2432 1859 2676 1926 Domine,
2701 1874 2881 1915 coram
2906 1867 2980 1924 te,
3006 1860 3223 1931 peccavi
3252 1868 3307 1914 et
3331 1874 3511 1914 coram
3549 1876 3644 1914 an-

2094 1950 2230 2019 gelis
2262 1950 2387 2005 tuis.
2433 1949 2540 2005 Fac
2571 1965 2779 2005 mecum
2810 1950 3021 2006 servulo
3046 1958 3138 2004 tuo
3168 1949 3459 2005 secundum
3485 1952 3647 2005 mise-

2089 2039 2376 2120 ricordiam
2401 2048 2569 2093 tuam.
2618 2038 2772 2103 Tibi,
2817 2037 3063 2102 Domine,
3106 2037 3489 2097 misericordia.
3515 2038 3634 2101 tibi,

2091 2128 2334 2194 Domine,
2372 2127 2601 2197 iustitia.
2656 2127 2800 2184 Sana
2842 2142 2949 2193 me,
2975 2127 3229 2191 Domine,
3273 2135 3328 2183 et
3371 2125 3639 2183 sanabor:

2090 2221 2235 2275 salva
2259 2237 2366 2285 me,
2388 2231 2443 2276 et
2466 2221 2731 2286 salvabor,
2755 2220 2880 2290 quia
2904 2235 3010 2274 non
3040 2217 3281 2273 infernus
3304 2217 3645 2273 conﬁtebitur

2090 2310 2217 2376 tibi,
2255 2323 2426 2379 neque
2457 2323 2602 2363 mors
2641 2307 2880 2363 laudabit
2916 2314 2989 2361 te.
3039 2304 3265 2369 Vivens,
3304 2304 3644 2375 vivensipse

2088 2402 2427 2459 conﬁtebitur
2460 2401 2589 2467 tibi,
2629 2401 2768 2456 sicut
2800 2408 2857 2455 et
2888 2414 2987 2471 ego
3022 2398 3199 2453 hodie.
3244 2397 3516 2453 intercede
3544 2412 3643 2466 pro

2090 2510 2199 2559 me,
2225 2502 2409 2549 sancta
2436 2492 2605 2547 Maria
2633 2498 2807 2546 mater
2830 2490 3039 2546 Domini
3075 2488 3242 2543 nostri
3266 2486 3396 2543 .lesu
3424 2486 3644 2542 Christi.

2089 2576 2400 2643 Beatissima
2427 2594 2481 2640 et
2505 2584 2736 2655 gloriosa
2754 2581 3004 2651 genitrix,
3027 2579 3219 2648 adjuva
3243 2594 3345 2633 me.
3375 2575 3648 2632 lntercede

2088 2693 2186 2746 pro
2213 2691 2317 2741 me,
2342 2684 2526 2730 sancte
2550 2673 2726 2739 Petre,
2750 2670 3115 2744 apostolorum
3135 2669 3403 2739 princeps,
3425 2674 3482 2722 et
3504 2666 3649 2722 solve

2088 2784 2173 2823 ine
2216 2782 2247 2821 a
2284 2767 2509 2822 vinculis
2549 2774 2892 2836 peccatorum
2933 2776 3197 2817 meorum.
3249 2758 3523 2815 lntereede
3550 2773 3649 2829 pro

2090 2872 2174 2911 me
2218 2864 2523 2926 peccatore,
2552 2864 2736 2910 sancte
2772 2852 2956 2917 Paule,
2988 2851 3225 2922 apostole
3267 2849 3464 2905 Christi
3490 2889 3505 2914 ,
3554 2864 3652 2904 vas

2015 2929 2063 2994 (ἶ
2090 2946 2383 3003 electionis.
2432 2944 2706 3001 lntercede
2733 2959 2832 3015 pro
2870 2958 2956 2999 me
2996 2941 3311 3011 indigno-et
3352 2953 3445 2993 reo
3487 2936 3648 3006 atque

2093 3045 2357 3109 torpente,
2386 3046 2571 3103 sancte
2593 3034 2850 3090 Andreas.
2885 3029 3161 3087 Intercede
3186 3042 3286 3097 pro
3313 3025 3467 3080 malis
3492 3026 3647 3089 meis,

2091 3138 2275 3185 sancte
2298 3126 2513 3182 Jacobe.
2542 3124 2816 3180 lntercede
2843 3135 2941 3192 pro
2968 3116 3266 3175 malefactis
3290 3116 3443 3181 meis,
3468 3122 3651 3169 sancte

2090 3218 2324 3274 Joannes
2356 3216 2548 3271 dilecte
2586 3213 2699 3269 Dei.
2752 3202 3027 3266 Intercede
3070 3221 3170 3278 pro
3212 3206 3449 3277 peccatis
3493 3202 3649 3268 meis,

2092 3314 2276 3360 sancte
2302 3303 2560 3373 Philippe.
2598 3300 2871 3357 lntercede
2895 3314 2993 3371 pro
3018 3298 3255 3369 peccatis
3276 3295 3434 3359 meis,
3466 3302 3651 3349 sancte

2090 3396 2494 3451 Bartholomtee.
2552 3393 2828 3448 lntercede
2874 3405 2973 3462 pro
3018 3386 3423 3445 inﬁrmitatibus
3470 3384 3605 3439 meis
3631 3423 3648 3447 ,

2090 3496 2275 3541 sancte
2294 3486 2531 3557 ,Thoma.
2576 3482 2851 3558 lntercede
2881 3495 2979 3553 pro
3007 3478 3217 3534 delictis
3250 3475 3386 3530 meis
3406 3512 3421 3539 ,
3466 3480 3649 3529 sancte

2090 3578 2354 3632 Matthiae.
2402 3573 2675 3630 lntercede
2711 3586 2809 3642 pro
2843 3566 3214 3639 iniquitatibus
3256 3565 3421 3629 meis,
3464 3570 3655 3630 sancte

2088 3668 2303 3723 Jacobs.
2324 3662 2597 3719 Intercede
2614 3676 2713 3731 pro
2729 3658 3020 3723 sceleribus
3039 3657 3192 3722 meis,
3210 3661 3393 3711 sancte
3406 3652 3647 3710 Tathme.

2088 3756 2360 3812 lntercede
2379 3768 2476 3823 pro
2505 3749 3019 3822 transgressionibus
3045 3746 3197 3811 meis,
3222 3750 3409 3809 sancte
3436 3740 3644 3798 Simon.

2088 3845 2361 3901 lutei-cede
2378 3858 2475 3914 pro
2490 3840 2817 3897 vanitatibus
2831 3839 2985 3905 meis,
2996 3845 3185 3893 sancte
3208 3834 3457 3890 Matbias.
3479 3830 3650 3889 Obse-

2089 3953 2183 3992 cro
2228 3951 2353 4000 vos,
2402 3931 2624 4007 apostoli
2666 3930 2903 3995 Christi,
2950 3943 3047 4001 per
3086 3922 3649 3983 commemorationem

2090 4035 2321 4082 vestram
2338 4064 2354 4088 ,
2390 4032 2452 4078 ut
2476 4022 2607 4077 mihi
2636 4018 2847 4077 servulo
2870 4024 3046 4074 vestro
3067 4012 3428 4071 misereamini
3446 4050 3462 4078 ,
3486 4018 3541 4065 et
3562 4023 3649 4063 me

2090 4118 2145 4172 in
2165 4116 2311 4177 omni
2337 4112 2600 4191 adiutorio
2624 4109 2906 4181 adiuvetis.
2937 4106 3173 4164 Obsecro
3197 4119 3313 4169 vos,
3340 4114 3531 4158 novem
3559 4113 3649 4154 or-

2088 4204 2241 4259 dines
2264 4190 2596 4271 angelorum,
2622 4194 2862 4268 angelos,
2888 4190 3257 4263 archangelos,
3280 4190 3647 4257 virtutesmw

2090 4300 2337 4357 testates,‘
2359 4289 2708 4362 principatus,
2735 4284 3143 4345 dominationes,
3180 4281 3419 4343 thronos,
3451 4276 3647 4332 cheru-

2090 4388 2281 4445 bim‘et
2305 4387 2595 4459 seraphim,
2624 4391 2685 4439 ut
2712 4379 3055 4440 intercodatis
3083 4392 3181 4450 pro
3203 4389 3310 4442 me,
3339 4381 3400 4429 ut
3423 4372 3495 4429 sit
3516 4370 3651 4428 mihi

2092 4479 2351 4552 propitius
2374 4476 2633 4543 Christus
2666 4472 2833 4527 Filius
2870 4469 2966 4525 Dei
2999 4467 3125 4522 vivi.
3174 4463 3411 4521 Obsecro
3438 4459 3653 4552 divitias

2092 4546 2345 4629 bonitatis
2390 4552 2445 4625 et
2485 4563 2901 4636 longammitatis
2947 4567 3003 4613 et
3045 4555 3313 4627 patientiae
3350 4559 3481 4614 tuae,
3524 4546 3651 4603 Jesu

2096 4661 2307 4718 Christe
2335 4658 2434 4712 Fili
2468 4654 2563 4709 Dei
2600 4651 2851 4707 Salvator
2874 4654 3091 4703 noster:
3129 4643 3387 4700 miserere
3415 4638 3555 4705 mei,
3598 4645 3657 4693 et

2098 4750 2359 4823 propitius
2384 4754 2501 4802 esto
2528 4741 2657 4798 mihi
2685 4736 2987 4812 peccatori;
3032 4734 3159 4807 quia
3188 4747 3293 4788 non
3320 4730 3402 4785 vis
3425 4736 3653 4784 mortem

2099 4821 2414 4914 peccatoris,
2439 4834 2533 4891 sed
2560 4841 2621 4890 ut
2656 4838 3001 4889 convertatur
3026 4835 3081 4884 et
3102 4826 3281 4889 vivat;
3314 4834 3423 4878 nec
3447 4821 3653 4877 exstin-

2099 4931 2217 5005 guis
2244 4929 2410 4985 linum
2434 4924 2732 4997 fumigans,
2774 4930 2829 4987 et
2868 4918 3179 4979 arundinem
3206 4922 3517 5005 quassatam
3548 4927 3655 5005 non

2096 5000 2409 5089 confringis.
2453 5012 2563 5070 Fac
2589 5027 2675 5068 me
2699 5012 2837 5068 sicut
2863 5022 3025 5065 unum
3050 5006 3117 5061 de
3149 5002 3498 5061 mercenariis
3526 5000 3650 5064 tuis,

2097 5117 2151 5165 et
2175 5105 2381 5164 efiiciar
2404 5119 2437 5159 a
2463 5112 2516 5160 te
2540 5104 2784 5161 deserve
2808 5112 3049 5155 aeneus:
3077 5103 3134 5153 et
3155 5095 3249 5151 fiat
3271 5094 3514 5150 voluntas
3540 5098 3657 5156 tua,

2096 5198 2236 5253 sicut
2260 5195 2313 5249 in
2336 5193 2475 5250 (ιωΙο
2498 5201 2554 5249 et
2578 5194 2631 5251 in
2657 5201 2819 5247 terra.

2167 5326 2424 5389 ORATIO
2456 5326 2696 5386 SANCTI
2732 5322 3106 5383 MERONYMI
3138 5313 3583 5375 PRESBYTER].

2168 5414 2393 5482 Domine
2412 5423 2538 5481 Iesu
2557 5420 2787 5482 Chrbte,
2807 5416 2901 5488 qui
2926 5432 3012 5472 me
3033 5415 3277 5485 dignatus
3300 5408 3447 5465 fuisti
3471 5421 3658 5464 creare

2101 5514 2167 5570 ad
2196 5514 2480 5587 imaginem
2513 5520 2676 5574 tuam,
2704 5514 2759 5562 et
2782 5504 3045 5562 redimere
3071 5503 3137 5558 de
3164 5514 3252 5558 tuo
3276 5506 3509 5572 pretioso
3537 5512 3656 5554 san-
