4262 6196
474 278 580 334 805

1227 342 1231 346 ι
1290 267 1349 322 n.
1391 265 1450 319 ι’.
1492 253 1888 317 ΑιΒιΝι-νδευ
1928 245 2529 307 ALCUINIOPERUM
2566 226 2744 302 rans
2782 244 2869 301 Iv.

3633 237 3735 293 6M

474 394 635 467 guine
660 410 672 445 :
707 388 801 462 qui
832 388 972 443 intra
1003 386 1197 441 matris
1220 385 1457 447 viscera,
1488 393 1607 435 mea
1632 375 1874 432 membra
1905 384 2053 426 com—
2081 368 2132 427 Λ
2159 372 2213 421 et
2239 365 2472 429 reducis,
2505 364 2557 418 in
2588 361 2853 418 Trinitate
2878 372 3093 431 semper
3116 372 3442 429 permanens
3466 356 3520 411 in
3546 356 3741 412 sreeula

474 452 766 555 paginasti,
791 486 847 534 et
871 477 939 533 ad
968 477 1123 532 istius
1146 475 1269 529 vita:
1293 473 1469 527 lucem
1498 463 1819 540 perduxisti.
1860 452 2063 517 PrecOr

477 550 844 626 dulcissimam
865 566 1123 638 pietatem
1145 573 1314 625 tuam,
1334 570 1393 615 ut
1414 575 1499 615 me
1521 566 1611 613 tuo
1632 554 1837 611 cmlesti
1860 550 2063 606 lumine

478 662 784 718 illuminare
811 658 1073 730 digneris,
1120 663 1177 710 et
1218 655 1339 708 vias
1366 648 1601 722 paradisi
1630 646 1760 705 mihi
1786 640 2060 702 ostendas,

478 762 533 809 et
555 753 625 809 ad
644 757 860 824 portum
883 748 1074 805 salutis
1093 755 1313 802 aeternae
1333 741 1616 815 perducas.
1652 735 1876 804 Domine
1902 732 2066 787 mise-

483 821 872 907 ricordissime,
897 841 1123 911 dignare
1148 834 1204 891 in
1228 824 1317 890 m'e
1343 831 1638 888 accendere
1660 828 1839 899 ignem
1863 821 2067 889 amoris

483 936 593 1001 tui,
620 935 712 1007 qui
742 938 964 1005 peccata
993 945 1113 985 mea
1140 933 1457 989 consumat,
1503 930 1560 978 et
1583 920 1651 975 ad
1677 926 1827 974 tuum
1853 912 2068 971 deside-

484 1028 627 1083 rium
654 1040 870 1096 semper
894 1020 1188 1084 accendat;
1237 1025 1295 1073 et
1338 1014 1549 1071 habitet
1582 1010 1819 1081 Spiritus
1845 1012 2067 1063 sanctus

483 1121 541 1179 in
571 1120 901 1181 cordemeo,
931 1116 1023 1187 qui
1053 1130 1140 1170 me
1168 1114 1364 1169 doceat
1390 1108 1569 1164 facere
1593 1104 1897 1187 voluntates
1924 1110 2063 1157 tuas.

484 1212 711 1269 Domine
739 1181 983 1280 piissime
1013 1206 1197 1270 Pater,
1244 1202 1494 1259 molliﬂca
1538 1215 1635 1255 cor
1649 1181 1843 1253 meum
1873 1196 2068 1275 durum

484 1312 539 1361 et
561 1272 853 1375 lapideum.
890 1298 1113 1369 Largire
1138 1296 1269 1355 mihi
1294 1290 1763 1363 compunctionem
1786 1272 1988 1351 cordis,
2011 1290 2071 1337 ut

486 1395 554 1451 de
606 1401 758 1448 reatu
809 1399 1159 1463 peccatorum
1214 1398 1457 1441 meorum
1505 1379 1754 1451 profusas
1802 1377 2070 1445 lacrymas

483 1488 608 1541 ante
635 1475 983 1561 clementiam
1013 1488 1161 1535 tuam
1194 1476 1457 1543 fundam,
1486 1472 1734 1529 Concede
1777 1469 1930 1533 mihi,
1968 1466 2072 1523 Do—

482 1578 649 1640 mine,
694 1558 963 1645 lacryz’nas
1008 1571 1213 1636 Marine,
1263 1582 1403 1645 quas,
1431 1564 1595 1636 pedes
1639 1571 1758 1617 tuos
1798 1556 2073 1629 unguento

484 1668 658 1730 unxit,
682 1642 936 1737 lacrvmis
960 1663 1177 1734 rigavit,
1206 1669 1262 1716 et
1287 1642 1438 1715 crine
1462 1656 1636 1713 tersit.
1670 1653 1916 1709 Concede
1944 1647 2072 1733 mibi

2163 455 2502 511 saeculorum.
2648 487 2651 491 -

2416 532 2422 541 '
2510 543 2776 602 onum.
2805 541 3049 599 SANCTI
3089 539 3393 601 ιιΑιιτιΝι,

2236 634 2377 691 Deus
2390 634 2604 706 gloriae,
2630 634 2723 705 qui
2749 647 2890 687 unus
2912 638 2968 687 et
2990 646 3173 697 verus,
3201 630 3291 699 qui
3320 629 3468 685 solus
3494 639 3550 685 et
3568 627 3749 699 justus

2165 741 2244 789 es,
2278 726 2331 778 in
2359 738 2468 794 quo
2492 723 2705 788 omnia,
2736 720 2837 776 sub
2862 734 2973 791 quo
2998 720 3179 775 omnia
3197 759 3213 785 ,
3249 733 3351 790 per
3375 732 3534 790 quem
3564 719 3746 774 omnia

2166 819 2309 875 facta
2340 825 2484 874 sunt.
2519 815 2731 872 Exaudi
2757 830 2844 870 me
2869 822 3112 870 orantem
3131 855 3146 879 ,
3177 814 3319 869 sicut
3342 813 3611 869 exaudisti
3637 820 3751 867 tres

2167 926 2366 983 pueros
2394 913 2461 966 de
2495 909 2710 967 camino
2750 906 2890 979 ignis
2918 905 3179 965 ardentis.
3231 903 3443 959 Exaudi
3468 917 3555 958 me
3580 917 3746 958 oran-

2171 1013 2278 1060 tem
2298 1045 2311 1067 ,
2344 1003 2487 1059 sicut
2510 1000 2775 1058 exaudisti
2802 996 2993 1054 Ionam
3025 996 3092 1051 de
3125 1005 3316 1051 ventre
3344 996 3493 1051 curti.
3543 994 3748 1050 Exaudi

2171 1108 2257 1150 me
2282 1102 2559 1157 orantem,
2597 1088 3029 1167 sicut‘exaudisti
3057 1087 3391 1149 Susannam,
3422 1094 3478 1140 et
3506 1085 3750 1141 liherasti

2171 1204 2291 1244 eam
2317 1188 2383 1243 de
2412 1202 2574 1241 manu
2602 1156 2908 1252 iniquiorum
2938 1181 3177 1237 testium.
3229 1180 3436 1235 Exaudi
3470 1193 3556 1233 me
3589 1193 3752 1232 oran-

2174 1288 2280 1333 tem
2300 1318 2315 1344 ,
2345 1277 2485 1332 sicut
2514 1274 2781 1331 exaudisti
2807 1273 3027 1327 Petrum
3058 1270 3112 1325 in
3141 1270 3281 1325 man’
3300 1310 3315 1333 ,
3355 1276 3411 1324 et
3434 1267 3663 1323 Paulum
3698 1268 3754 1322 in

2171 1369 2416 1425 vinculis.
2440 1369 2608 1432 Parce
2629 1368 2822 1422 animae
2841 1380 3003 1419 mete:
3031 1378 3195 1433 parce
3215 1362 3373 1419 factis
3394 1361 3563 1418 meis:
3590 1374 3755 1430 parce

2174 1461 2384 1516 cunctis
2413 1458 2733 1514 criminibus
2759 1456 2976 1523 nostris,
3008 1455 3099 1525 qui
3140 1469 3338 1524 regnas
3360 1467 3485 1507 cum
3510 1450 3674 1506 Patre
3702 1460 3757 1506 et

2175 1552 2312 1607 Filio
2338 1552 2390 1606 in
2420 1550 2632 1606 srecula.

2472 1662 2728 1721 ORATIO
2768 1616 3011 1716 sanari
3048 1657 3462 1715 COLUMBANI.

486 1742 647 1813 fidem
678 1757 922 1817 latronis,
949 1756 1040 1825 qui
1080 1755 1131 1808 in
1163 1766 1325 1808 cruce
1350 1749 1557 1823 positus
1585 1755 1636 1802 te
1664 1743 1943 1803 confessus
1967 1730 2070 1807 est,
2104 1725 2149 1786 Β
2252 1758 2476 1811 nomine
2504 1756 2670 1817 Deus,
2703 1754 2939 1813 destrue'
2978 1758 3033 1804 ρι
3063 1749 3323 1820 quidquid
3355 1748 3418 1801 in
3442 1762 3526 1801 me
3553 1744 3759 1815 phum

486 1849 699 1901 dicens:
727 1845 991 1899 Memento
1009 1845 1131 1906 mei,
1155 1842 1396 1902 Domine,
1422 1854 1540 1892 cum
1562 1837 1758 1891 veneria
1780 1837 1837 1895 in
1859 1848 2073 1903 regnum

487 1950 635 1992 tuum
663 1936 814 2008 (Luc.
842 1928 999 1998 mn,
1028 1932 1118 2003 42)
1143 1948 1157 1997 ;
1197 1939 1253 1986 et
1289 1930 1475 1985 audire
1501 1926 1700 1981 meruit
1724 1943 1736 1978 ε
1767 1924 1931 1977 Amen
1956 1923 2073 1994 dico

486 2028 619 2093 tibi,
668 2026 822 2081 hodie
867 2040 1070 2079 mecum
1120 2022 1224 2075 eris
1272 2021 1329 2075 in
1372 2018 1622 2090 paradiso
1654 2015 1843 2087 (Ibid.,
1886 2032 1933 2068 v.
1960 2013 2072 2086 45).

488 2117 690 2172 Prmsta
728 2117 895 2182 mihi,
934 2114 1276 2184 omnipotens
1314 2110 1488 2176 Deus,
1526 2118 1599 2183 ut
1625 2108 1686 2163 in,
1716 2107 1809 2182 illa
1845 2107 1932 2163 die
1969 2121 2080 2176 qua

487 2207 715 2279 jusseris
761 2208 999 2262 animam
1049 2219 1227 2260 meam
1264 2218 1295 2257 a
1325 2217 1555 2277 corpore
1597 2199 1869 2269 separari,
1920 2198 2075 2267 121

492 2300 637 2371 piam
682 2297 1007 2355 sententiam
1055 2309 1270 2350 merear
1313 2292 1533 2359 audire,
1587 2300 1642 2346 et
1687 2288 1864 2362 angeli
1909 2288 2082 2343 sancti

488 2390 793 2461 perducant
828 2390 1068 2444 animam
1105 2402 1281 2443 meam
1313 2384 1383 2443 ad
1408 2383 1607 2456 gaudia
1629 2379 1920 2451 iustorum.
1972 2379 2070 2434 An-

490 2482 594 2553 geli
622 2497 752 2537 vero
781 2480 950 2551 iniqui
978 2479 1166 2534 tristes
1190 2476 1487 2553 abscedant
1513 2490 1543 2529 a
1571 2489 1679 2541 me.
1713 2472 1990 2546 Dirigatur
2016 2471 2085 2525 ad

491 2585 564 2640 te,
593 2573 839 2637 Domine,
862 2571 1039 2634 oratio
1063 2585 1205 2634 mea,
1228 2569 1368 2623 sicut
1392 2568 1679 2633 incensum
1699 2564 1758 2618 in
1784 2569 2083 2630 conspectu

493 2674 601 2719 tuo.
643 2662 876 2729 Exaudi,
904 2661 1150 2725 Domine,
1177 2674 1365 2721 vocem
1396 2672 1594 2722 meam,
1623 2670 1733 2725 qua
1760 2652 1989 2710 clamavi
2018 2653 2086 2709 ad

494 2765 570 2821 te,
594 2757 853 2812 miserere
897 2755 1002 2810 mei
1024 2761 1080 2809 et
1099 2751 1299 2809 exaudi
1322 2766 1430 2821 me.
1466 2748 1716 2811 Domine,
1740 2744 1936 2801 exaudi
1964 2760 2087 2800 ora-
2156 2792 2159 2797 .
2270 2744 2293 2800 Γ
2311 2744 2362 2762 “⁷
2392 2744 2419 2748 “
2969 2772 3001 2793 ,ν
3155 2744 3174 2757 ⁸
3260 2779 3272 2790 .
3318 2779 3327 2790 .
3358 2779 3368 2789 .
3433 2744 3442 2749 '

499 2844 534 2862 _.
556 2860 564 2862 _
590 2861 594 2862 ν
621 2860 634 2862 _
661 2860 687 2862 α
957 2851 1001 2862 Α
1038 2841 1236 2862 -.-μη
1262 2855 1414 2862 ΑΜ,
1445 2838 1509 2862 Α,
1623 2836 1801 2862 HM,“
2106 2840 2109 2841 ν
2188 2798 2243 2843 et
2263 2788 2456 2862 Judcx,
2498 2786 2720 2856 largitor
2748 2793 2805 2838 ct
2834 2792 3109 2837 mumtor:
3147 2776 3401 2834 terribilis
3430 2785 3485 2833 et
3508 2777 3768 2843 clemens,

497 2844 699 2900 tionem
724 2857 922 2909 meam,
948 2851 1005 2899 et
1028 2841 1236 2899 clamor
1262 2855 1417 2897 meus
1444 2838 1512 2894 ad
1540 2845 1591 2892 te
1623 2836 1823 2895 veniat,

1027 2952 1192 3012 ΙΤΕΜ
1231 2950 1563 3009 EJUSDEZtI.

2177 1846 2541 1911 adversarius,
2569 1843 2819 1907 eradica;
2862 1851 2923 1895 ut
2952 1840 3239 1895 destructis
3270 1837 3665 1908 iniquitatibus,
3702 1836 3757 1890 in

2178 1958 2239 1997 os
2266 1949 2321 1996 et
2343 1955 2441 1995 cor
2466 1952 2645 1993 meum
2674 1935 3002 1991 intellectum
3039 1943 3094 1986 et
3116 1946 3251 2001 Opus
3278 1930 3478 1984 bonum
3496 1919 3718 1983 {inser-as
3743 1945 3755 1979 :

2180 2038 2239 2085 ut
2267 2045 2433 2101 opere
2458 2035 2513 2083 et
2542 2026 2817 2081 voluntate
2847 2022 2943 2077 tibi
2982 2014 3087 2078 soli
3114 2021 3442 2085 deserviam,
3480 2028 3534 2073 et
3563 2014 3759 2073 intelli-

2180 2134 2303 2189 gam
2333 2118 2587 2172 mandata
2620 2124 2745 2181 tua,
2781 2122 2837 2169 et
2866 2112 3093 2182 teipsum
3126 2111 3421 2181 requiram.
3455 2108 3531 2163 Da
3559 2122 3763 2163 memoo

2182 2210 2339 2263 riam.
2385 2209 2461 2262 Da
2485 2207 2829 2262 charitatem.
2874 2204 2950 2258 Da
2985 2203 3314 2259 castitatem.
3354 2200 3434 2254 Da
3464 2200 3642 2255 fidem.
3684 2198 3763 2254 Da

2181 2315 2360 2365 omne,
2390 2298 2533 2371 quod
2560 2299 2668 2354 scis
2692 2297 2759 2354 ad
2781 2297 3067 2353 utilitatem
3093 2294 3287 2349 animae
3312 2307 3446 2348 meae
3472 2291 3759 2362 pertinere.

2185 2393 2430 2457 Domine,
2460 2391 2545 2448 fac
2569 2392 2625 2447 in
2646 2394 2738 2445 me
2761 2392 2981 2454 bonum,
3009 2396 3063 2443 et
3087 2395 3284 2459 praesta
3311 2384 3461 2449 mihi,
3493 2384 3635 2457 quod
3658 2383 3765 2439 scis

2184 2486 2458 2555 Oportere,
2487 2483 2579 2553 qui
2606 2496 2821 2553 regnas.
2850 2524 2858 2529 .

2548 2596 2804 2655 OliATlO
2843 2594 3088 2652 SANCTI
3127 2593 3394 2650 ISIDORI.
3432 2666 3435 2669 γ
3607 2662 3613 2668 _

2261 2696 2362 2762 Tu,
2391 2693 2637 2757 Domine,
2664 2706 2826 2746 verus
2857 2682 3045 2744 doctor
3073 2694 3128 2742 et
3155 2686 3445 2757 praestitor,
3475 2684 3770 2740 advocatus

2191 2880 2405 2952 adjutor
2453 2889 2506 2935 et
2553 2876 2891 2957 consolator,
2944 2874 3035 2944 qui
3082 2871 3241 2956 caecis
3286 2870 3557 2925 mentibus
3603 2868 3773 2924 donas

2189 2981 2483 3045 aspectum,
2516 2971 2607 3044 qui
2635 2969 2769 3025 facis
2802 2965 3034 3023 inﬁrmis
3052 2963 3308 3036 possibile
3344 2962 3487 3031 quod
3506 2958 3775 3030 praecipis,

573 3071 647 3126 Da
679 3068 810 3125 mihi
830 3108 845 3132 ,
875 3064 1136 3128 Domine,
1165 3062 1634 3133 compunctionem
1664 3060 1862 3124 cordis,
1911 3069 1966 3113 et
2011 3060 2089 3113 la—
2118 3070 2163 3136 ς
2192 3065 2285 3134 qui
2314 3064 2393 3120 sic
2416 3064 2539 3133 pius
2565 3076 2658 3123 es,
2698 3067 2760 3115 ut
2797 3073 2869 3113 as:

2215 3065 2285 3134 [ui
2314 3064 2393 3120 sic
2416 3064 2539 3133 pius
2565 3076 2658 3123 es,
2698 3067 2760 3115 ut
2797 3058 3013 3113 assidue
3043 3053 3222 3124 rogari
3252 3051 3418 3121 velis;
3450 3050 3529 3104 sic
3558 3047 3777 3121 muniti-

500 3175 720 3233 crymas
745 3157 915 3215 octrlis
942 3148 1113 3219 meis;
1159 3160 1219 3207 ut
1256 3149 1485 3205 defleam
1517 3149 1706 3204 diebus
1743 3164 1807 3202 ac
1844 3148 2092 3203 noctibus

503 3266 693 3307 omnes
714 3251 828 3305 dies
849 3246 1186 3318 negligentia:
1214 3259 1349 3299 mete
1378 3256 1501 3296 cum
1532 3239 1832 3295 humilitate
1862 3248 1917 3294 et
1945 3239 2093 3309 puri-

506 3351 617 3397 tate
637 3341 819 3396 cordis-
834 3347 892 3395 et
905 3338 1194 3393 eharitate.
1219 3334 1520 3406 Appropia‘t
1540 3333 1716 3387 oratio
1738 3344 1856 3385 mea
1886 3330 1941 3384 in
1966 3344 2094 3385 con-

507 3447 695 3509 specto
724 3442 837 3489 tuo.
876 3430 935 3487 Si
966 3432 1137 3484 iratus
1165 3428 1353 3491 fueris,
1380 3426 1626 3489 Domine,
1656 3424 1943 3479 adversum
1972 3438 2090 3487 me;

506 3542 669 3599 quem
694 3525 997 3596 adiutorem
1023 3532 1283 3591 quaram,
1313 3524 1407 3570 aut
1428 3516 1550 3584 quis
1576 3514 1922 3568 miserebitur
1948 3511 2096 3567 infir-

508 3620 787 3676 mitatibus
806 3613 978 3670 meis?
1003 3610 1293 3672 Memento,
1310 3606 1557 3679 Domine,
1575 3602 1719 3673 quod
1733 3600 2096 3655 Chananaeam

510 3723 567 3769 et
590 3711 944 3768 Pnblicanum
974 3704 1179 3762 vocasti
1227 3702 1293 3757 ad
1339 3697 1745 3772 paenitentiam,
1787 3701 1842 3747 et
1877 3691 2099 3745 Petrum

511 3803 901 3874 laerymantem
952 3795 1269 3865 suscepisti;
1312 3792 1391 3847 sic
1425 3798 1480 3845 et
1515 3803 1665 3843 meas
1706 3784 1984 3853 suscipere
2018 3780 2100 3835 di-

515 3895 699 3965 gneris
720 3906 935 3964 preces,
971 3889 1282 3945 misericors
1321 3886 1483 3948 Deus,
1530 3882 1677 3937 salva
1710 3894 1818 3945 me,
1852 3876 2102 3933 Salvator

516 3984 725 4049 mundi,
754 3984 848 4053 qui
874 3996 1092 4051 regnas.

819 4090 1075 4149 ORATIO
1114 4086 1357 4144 SANCTI
1398 4082 1801 4141 lllERO‘NYMl.

586 4187 700 4261 Ego
729 4197 808 4250 te,
851 4182 1077 4239 Domine
1106 4179 1234 4261 Iesu
1264 4177 1512 4239 Christe,
1542 4190 1669 4229 vere
1700 4172 1884 4238 credo,
1915 4186 2103 4226 verum

520 4260 726 4349 fateor;
770 4282 897 4354 quia
927 4292 1055 4335 vere
1093 4260 1371 4330 redemisti
1416 4284 1554 4324 nos:
1600 4281 1750 4332 vere,
1781 4264 1905 4335 quia
1934 4263 2107 4318 vivifi-

518 4376 658 4432 easti
680 4390 808 4439 nos;
840 4386 1053 4434 verum,
1076 4367 1203 4438 quia
1225 4361 1445 4425 salvasti
1473 4374 1592 4415 nos.
1625 4356 1708 4413 Tu
1731 4355 1921 4412 fortior
1943 4354 2101 4421 forte,

2195 3172 2311 3221 cus,
2344 3161 2403 3210 ut
2429 3153 2700 3229 neminem
2728 3149 3018 3218 desperare
3044 3143 3348 3216 permittas.
3380 3142 3530 3196 Dona
3556 3141 3697 3211 quod
3725 3148 3778 3196 te

2185 3226 2485 3332 prmstante
2514 3246 2652 3302 bene
2678 3242 2993 3312 quaerimus,
3034 3226 3209 3309 parce
3236 3244 3307 3292 et,
3332 3234 3533 3305 perduc
3572 3247 3671 3287 nos
3708 3231 3776 3287 ad

2196 3343 2345 3397 illam
2375 3335 2914 3407 contemplationem,
2965 3330 3056 3385 ubi
3099 3328 3213 3399 jam
3244 3341 3350 3381 non
3388 3326 3656 3396 possimus
3696 3336 3782 3376 er.—

2198 3448 2340 3489 rare.
2391 3432 2541 3486 Dona
2570 3429 2796 3489 facere,
2845 3439 2964 3495 quae
2995 3430 3047 3479 te
3092 3422 3394 3493 inSpirante
3441 3420 3589 3490 loqui
3636 3432 3778 3488 prae-

2197 3522 2423 3595 sumpsi.
2474 3521 2624 3575 Dona
2659 3517 2965 3588 complere,
3013 3528 3134 3585 qua:
3163 3512 3307 3567 alios
3337 3509 3678 3573 commonui,
3724 3514 3785 3578 ut

2200 3615 2293 3684 qui
2324 3610 2624 3683 prmstitisti
2656 3610 2804 3679 pium
2831 3620 3168 3670 sermonem,
3205 3600 3538 3672 probabilem
3567 3611 3781 3667 quoque

2200 3700 2450 3758 conferas
2478 3698 2588 3760 tuis
2613 3696 2832 3751 famulis
2859 3694 3148 3763 actionem.
3197 3689 3391 3744 Libera
3422 3702 3543 3750 nos,
3570 3692 3783 3739 amator

2201 3792 2481 3849 hominum
2516 3787 2921 3858 benignissime,
2958 3783 3027 3838 ab
3070 3782 3160 3835 illo
3205 3768 3478 3850 periculo;
3530 3791 3597 3833 ne
3640 3776 3784 3831 sicut

2203 3886 2335 3942 dicit
2356 3882 2666 3957 Apostolus,
2681 3880 2817 3935 dum
2847 3877 2968 3932 aliis
2992 3873 3249 3945 praedico,
3281 3871 3397 3941 ipse
3420 3869 3680 3939 reprobus
3707 3867 3787 3921 in—

2204 3979 2412 4034 veniar.
2465 3975 2638 4043 Quam
2684 3972 2886 4028 inﬁrmi
2937 3970 3144 4034 simus,
3195 3975 3253 4021 tu
3297 3964 3563 4019 veraciter
3604 3960 3786 4023 nosti;

2205 4071 2350 4142 quali
2397 4072 2552 4126 hoste
2596 4065 2987 4137 deprimamur,
3016 4059 3305 4132 agnoscis:
3341 4055 3418 4113 Te
3436 4053 3639 4125 'qumrit
3667 4062 3788 4108 cer—

2207 4140 2389 4216 tamen
2410 4159 2613 4227 impar.
2664 4155 2741 4210 Te
2782 4153 2989 4224 expetit
3015 4145 3271 4213 mortalis
3289 4146 3614 4207 infirmitas;
3663 4140 3789 4211 quia

2208 4251 2510 4323 maiestatis
2541 4259 2644 4306 tute
2669 4247 2841 4322 gloria
2868 4253 2983 4312 est,
3034 4245 3081 4299 si
3123 4242 3207 4305 leo
3236 4241 3471 4317 rugiens»
3483 4238 3550 4293 ab
3579 4232 3791 4303 infirma

2209 4361 2309 4402 ove
2337 4352 2653 4418 superetur;
2686 4343 2739 4400 si
2757 4340 2980 4410 spiritus
3009 4340 3164 4407 122
3204 4329 3613 4393 violentissimus
3637 4343 3666 4381 a
3694 4326 3789 4381 de-

519 4411 658 4432 vomu
680 4411 808 4439 ιιυσ,
850 4411 924 4425 Iul
941 4411 1053 4434 uuu,
1077 4411 1203 4438 εν...-
1225 4411 1445 4425 ..ι--.-νη
1475 4411 1590 4415 ,κὴ-ὴ
1637 4411 1658 4413 _
1681 4411 1706 4413 η
1763 4411 1771 4412 κ
2006 4420 2009 4421 ν
2090 4411 2101 4420 1
2403 4411 2420 4418 _

519 4469 695 4523 victor
734 4469 787 4521 in
830 4462 1034 4539 prtelio,
1080 4466 1415 4531 prmparator
1454 4454 1595 4509 vitm.
1651 4452 1733 4507 Tu
1780 4449 2108 4505 resurrectio
2130 4418 2184 4481 Ῑ)
2207 4438 2475 4496 bilissima
2506 4448 2671 4490 carne
2694 4432 2959 4487 vincatur.
2992 4426 3085 4481 ille
3113 4424 3207 4495 qui
3235 4423 3304 4480 de
3332 4421 3480 4479 calo.
3498 4420 3714 4485 cecidit,
3739 4426 3797 4475 et
3883 4411 3893 4417 ’

2002 4538 2011 4539 ί
2213 4529 2228 4539 “
2255 4529 2267 4539 ¹
2558 4536 2569 4539 -
2604 4528 2669 4539 νΑ-
2705 4519 2989 4539 λ--ιλ-ι----
3022 4524 3078 4539 --ι
3111 4515 3154 4539 με
3188 4520 3506 4539 -Αιιιηιιιιιημ
3535 4510 3701 4539 ξηηεηιι
3728 4509 3793 4539 ιιι]

523 4538 881 4615 mortuorum.
922 4551 1037 4605 Tua
1064 4562 1250 4603 sumus
1271 4560 1421 4600 vasa.
1453 4552 1511 4597 tu
1538 4550 1723 4598 noster
1752 4541 1964 4615 figulus.
1996 4538 2109 4592 Ro-

524 4665 713 4726 gamus
758 4655 831 4712 te,
876 4642 1124 4707 Domine,
1169 4646 1232 4693 ut
1277 4652 1449 4691 vacua
1497 4633 1689 4689 spiritu
1731 4640 1823 4684 tuo
1861 4630 2105 4698 impleas,

523 4720 680 4818 plena
711 4749 1021 4795 conserves.
1062 4732 1139 4787 Te
1165 4732 1220 4785 in
1246 4730 1409 4785 Patre
1441 4739 1750 4783 credimus:
1784 4721 1999 4775 Patrem
2036 4720 2108 4773 si-

525 4814 728 4891 militer
755 4830 811 4885 in
843 4836 895 4882 te
924 4823 1264 4897 confitemur,
1304 4814 1567 4893 Spiritum
1606 4827 1821 4886 quoque
1859 4817 2106 4865 sanctum

529 4926 585 4981 in
632 4930 865 4993 utroque
907 4928 1251 4971 veneramur.
1302 4911 1528 4965 Trinum
1573 4907 1742 4962 Deum
1788 4902 2014 4958 colimus
2058 4900 2111 4953 in

528 4990 808 5088 personis,
859 5021 1025 5063 unum
1075 5004 1130 5059 in
1176 5000 1476 5057 substantia
1506 4990 1741 5055 deitatis.
1781 4994 1975 5050 Munda
2005 5006 2111 5057 me,

531 5082 781 5173 Domine,
810 5118 908 5157 vas
948 5110 1132 5164 tuum,
1177 5101 1233 5151 et
1258 5092 1568 5157 sanctifica,
1610 5090 1753 5160 quod
1791 5082 2007 5143 fecisti:
2049 5084 2116 5138 de

530 5196 738 5257 malitia
764 5208 991 5259 evacua,
1020 5200 1077 5248 et
1105 5186 1266 5261 imple
1295 5185 1360 5240 de
1391 5182 1586 5254 gratia.
1624 5181 1829 5235 Praesta
1856 5176 2020 5240 mihi,
2058 5180 2120 5228 ut

533 5289 833 5345 fraternam
857 5299 1072 5356 semper
1095 5290 1308 5339 teneam
1338 5274 1657 5331 charitatem
1683 5290 1695 5326 :
1735 5269 1874 5327 mala
1898 5264 2117 5325 oblivis-

535 5399 653 5449 car,
684 5382 862 5438 aliena
904 5395 1012 5435 non
1056 5374 1349 5447 requiram.
1403 5368 1480 5424 Te
1526 5365 1698 5421 solum
1724 5360 2118 5420 creaturarum

540 5475 804 5540 omnium,
832 5472 927 5545 qui
950 5485 1093 5526 unus
1115 5476 1172 5523 et
1192 5480 1356 5545 verus
1378 5470 1457 5521 ea.
1484 5470 1699 5527 semper
1718 5456 1935 5527 diligam
1956 5452 2123 5511 Crea—

2213 4529 2304 4583 hic
2328 4539 2381 4581 te
2406 4528 2676 4595 pugnante
2702 4519 2992 4582 subdatur;
3022 4524 3082 4571 ut
3110 4515 3157 4571 si
3187 4520 3509 4586 potestatem
3535 4510 3704 4583 ipsius
3727 4509 3794 4566 ad

2208 4626 2430 4686 tempus
2475 4621 2562 4665 tua
2602 4607 2960 4680 permissione
2996 4606 3253 4682 patimur,
3298 4618 3637 4675 nequaquam
3679 4600 3798 4670 ejus

2214 4706 2609 4764 insatiabilibus
2631 4701 2875 4757 faucibus
2900 4699 3237 4756 sorbeamur.
3270 4697 3381 4751 Fac
3406 4695 3553 4765 illum
3582 4691 3796 4745 tristem

2215 4799 2282 4853 de
2307 4798 2545 4852 humana
2575 4794 2781 4857 laetitia,
2809 4793 2900 4863 qui
2929 4792 2996 4847 de
3014 4788 3311 4847 offensione
3331 4790 3516 4843 nostra
3537 4779 3793 4846 exsultat,
3830 4780 3833 4781 ⁷

2215 4890 2429 4947 Christe
2451 4892 2578 4943 .lesu
2605 4885 2856 4941 Salvator
2881 4880 3087 4937 mundi.

2708 4994 2872 5050 lTEM
2911 4982 3219 5047 EIUSDEM
3242 4996 3289 5033 ο.

2286 5094 2406 5163 Quo
2436 5092 2563 5149 ﬂetu
2592 5089 2735 5145 mala
2764 5099 2884 5140 mea
2913 5080 3040 5135 flere
3070 5076 3324 5146 incipiam
3342 5115 3356 5139 ,
3397 5072 3592 5144 quibus
3627 5071 3801 5140 lacry.

2220 5161 2328 5245 mis
2346 5186 2588 5242 facinora
2618 5178 2736 5235 mea
2766 5176 3008 5245 lugeam,
3053 5165 3250 5240 quibus
3276 5165 3490 5223 ﬂetibus
3528 5161 3803 5233 angustias

2222 5294 2374 5335 meas
2401 5268 2694 5346 plangam?
2730 5266 2959 5320 Peccata
2998 5276 3119 5316 mea
3160 5259 3294 5319 mihi
3340 5269 3558 5317 sensum
3600 5249 3805 5308 doloris

2224 5338 2493 5425 tulerunt-
2514 5338 2559 5417 ὁ
2586 5357 2877 5428 lacrymte!
2911 5354 3001 5409 ubi
3030 5368 3127 5407 vos
3155 5341 3531 5406 subduxistis?
3558 5343 3653 5401 ubi
3673 5338 3806 5395 estis

2225 5460 2402 5515 fontes
2427 5448 2830 5524 lacrymarum?
2862 5446 2952 5509 ubi
2979 5460 3038 5501 es
3065 5442 3319 5501 maeroris
3345 5442 3487 5496 unda
3507 5444 3531 5490 γ
3556 5436 3646 5491 ubi
3672 5440 3802 5524 esus

544 5572 739 5628 torem,
892 5557 1187 5617 mortificas
1211 5563 1266 5611 et
1288 5542 1550 5614 viviucns,
1584 5516 1801 5603 deducis
1813 5516 1894 5599 ad
1923 5542 2125 5599 inferos
2228 5548 2504 5606 lamenta?
2541 5516 2647 5614 ξιιιο
2673 5538 2887 5610 fugistis
2917 5536 3113 5593 ﬂetus?
3151 5547 3257 5603 quo
3288 5528 3494 5587 abiisti;
3523 5516 3804 5597 ploratus?

620 5709 643 5733 ί·
670 5693 746 5749 Ex
774 5687 926 5747 libris
950 5688 1403 5760 Synonymorum.
