4262 6206
459 254 561 310 605

1442 258 1830 317 LITlJItGICA.
1872 292 1940 313 —
1978 256 2414 338 ommrm
2451 258 2717 315 renus.
2788 288 2795 309 .

3598 264 3700 319 606

459 369 666 437 lledite,
696 368 922 427 obsecro
952 386 1064 435 vos,
1110 371 1160 424 in
1200 371 1417 426 nomine
1445 349 1654 427 Domini
1693 372 1860 426 nostri
1895 368 2022 426 Jcsu
2056 376 2096 436 Α
2127 369 2364 443 irrigate.
2419 369 2615 425 Plenus
2660 373 3153 441 snm'sceleribus,
3196 377 3384 445 plenus
3410 392 3528 432 sum
3557 379 3705 433 vitiis

454 462 690 529 Christi;
723 463 913 529 redite,
938 463 1343 534 progredimini,
1370 472 1425 518 ct
1448 460 1633 519 oculos
1657 462 1805 520 meos
1826 464 2025 533 replete

458 554 727 625 Iacrymis.
777 553 1055 610 Novemini
1104 553 1279 609 fontes
1322 555 1712 625 lacrymarum.
1758 555 2027 624 aspergite

455 644 542 699 me
580 642 819 712 ﬂetibus,
861 644 1010 701 ﬂuite
1053 661 1215 716 super
1244 642 1436 701 faciem
1477 662 1673 712 meam,
1720 647 2027 701 humectate

456 734 704 791 maxillas
731 750 901 802 meas,
924 748 1091 808 genas
1113 751 1261 791 meas
1286 736 1522 806 irrigate.
1558 735 1688 790 Date
1712 735 1842 789 mihi
1872 735 2023 805 plana

451 834 598 884 (:th
623 824 847 881 anxium
875 834 932 882 et
958 842 1226 881 amarum.
1258 824 1370 896 Ego
1395 825 1538 904 enim
1568 824 1753 880 infelix
1779 834 1833 879 et
1861 825 2024 879 miser

453 919 657 981 ﬂendus
683 934 751 975 ac
776 920 1134 983 miserandus,
1166 918 1568 974 infelicissimus
1592 918 1832 974 omnium
1860 926 2021 987 atque

451 1010 791 1065 miserrimus
833 1010 1130 1067 fatuitatem
1173 1025 1348 1066 meam
1391 1010 1689 1081 conspicio,
1733 1025 2019 1078 meumque

451 1107 660 1163 reatum
683 1112 937 1171 agnosco.
970 1100 1097 1159 Scio
1126 1116 1210 1157 me
1241 1117 1360 1159 esse
1386 1104 1748 1173 pec'catorem,
1777 1110 1830 1156 ct
1855 1118 2017 1172 quam

452 1197 626 1265 turpis
649 1212 769 1251 sum
793 1196 970 1253 video.
1001 1186 1249 1266 iniquum
1277 1211 1363 1251 me
1388 1210 1507 1252 esse
1536 1196 1888 1265 reprehendo,
1917 1195 2017 1248 im-

448 1290 595 1360 pium
626 1302 712 1344 me
737 1302 857 1351 esse
884 1303 1105 1349 accuso.
1137 1288 1285 1361 Rogo
1311 1295 1384 1353 te,
1412 1288 1656 1353 Domine,
1686 1295 1745 1341 ut
1771 1288 2015 1355 ignoscas

448 1380 614 1446 mihi;
652 1394 756 1451 ego
780 1393 1017 1449 agnosco
1044 1379 1392 1448 iniquitatem
1413 1393 1607 1433 meam.
1659 1378 1801 1433 Inter
1828 1392 2015 1437 omnes

446 1473 589 1526 enim
617 1470 839 1543 gravius
864 1471 1084 1537 corrui,
1125 1470 1268 1531 inter
1296 1486 1484 1525 omnes
1523 1470 1762 1525 deterius
1804 1470 2010 1533 cecidi,

445 1561 587 1617 inter
612 1576 799 1622 omnes
827 1561 945 1631 plus
968 1568 1191 1631 peccato
1217 1560 1478 1628 subjacui,
1500 1561 1621 1630 plus
1650 1562 1863 1616 caeteris
1891 1576 2013 1615 car-

443 1653 551 1708 nali
571 1653 913 1708 delectationi
934 1653 1210 1712 succubui.
1240 1652 1473 1708 Cunctos
1495 1652 1739 1707 carnales
1760 1652 2011 1722 squalore

440 1744 665 1799 luxuriae
699 1742 976 1812 superavi,
1020 1744 1365 1812 omniumque
1400 1743 1687 1812 impiorum
1715 1742 1853 1796 mala
1888 1756 2006 1797 sce-

441 1835 553 1891 lere
591 1852 710 1891 meo
747 1837 891 1890 vici:
932 1837 1003 1891 ita
1044 1844 1103 1889 ut
1142 1844 1407 1899 tormenta
1450 1843 1683 1895 tartarea
1720 1838 1811 1895 vix
1852 1835 2007 1890 malis

441 1927 575 1983 meis
609 1927 906 1997 sufficiant.
954 1924 1070 1985 Non
1100 1937 1184 1985 est
1214 1929 1358 1985 enim
1386 1937 1667 2007 peccatum
1696 1943 1859 1997 super
1883 1943 2009 1997 pec-

434 2032 618 2079 catum
646 2039 859 2089 meum,
905 2040 1015 2087 non
1057 2032 1142 2081 est
1185 2025 1441 2094 iniquitas
1480 2039 1640 2094 super
1671 2024 2007 2093 iniquitatem

437 2128 634 2175 meam.
684 2112 753 2169 Et
781 2129 925 2169 nunc
953 2113 1177 2169 summa:
1212 2114 1509 2173 clementiae
1550 2114 1711 2180 Deus,
1754 2114 2005 2183 quoniam

436 2203 629 2260 delicta
656 2219 775 2259 mea
801 2205 1015 2273 cognita
1044 2204 1142 2264 tibi
1166 2201 1330 2267 facio,
1358 2213 1413 2261 et
1443 2205 1496 2259 in
1532 2203 1800 2274 justitiam
1828 2220 2005 2260 meam

436 2308 542 2347 non
570 2295 873 2361 abscondo;
908 2293 1337 2355 misericordiam
1362 2301 1505 2351 tuam
1526 2295 1811 2364 deprecor,
1842 2296 2006 2350 mise-

439 2380 729 2438 ricordiam
762 2392 911 2439 tuam
937 2383 1186 2455 imploro.
1235 2383 1405 2443 Tuam
1443 2384 1673 2453 imploro
1699 2386 2001 2443 miseratio-

437 2485 590 2536 nem,
628 2482 775 2527 tuam
804 2488 987 2543 quaeso
1016 2473 1394 2541 clementiam;
1439 2474 1556 2533 dele
1596 2490 1715 2537 mea
1756 2482 1998 2551 peccata,

435 2562 594 2619 ablue
630 2561 875 2619 facinora
905 2579 1045 2619 mea.
1092 2563 1442 2620 Peccatorum
1482 2580 1723 2619 meorum
1764 2564 2004 2627 maculas

435 2654 654 2720 munda,
683 2653 858 2709 labem
888 2654 1175 2709 criminum
1203 2668 1446 2709 meorum
1474 2670 1664 2725 purga,
1695 2656 1882 2733 sordes
1910 2656 2003 2709 de—

435 2743 685 2809 lictorum
712 2760 952 2801 meorum
980 2745 1248 2819 absterge,
1276 2746 1460 2801 sordes
1487 2746 1826 2815 iniquitatum
1856 2761 2001 2809 meae

435 2849 554 2888 rum
585 2835 756 2889 ablue.
803 2834 919 2891 Non
955 2834 1171 2890 diﬁ‘eras
1200 2834 1598 2889 mundationem
1630 2850 1805 2889 meam
1835 2836 1993 2890 Deus.

435 2926 625 2982 Totum
672 2942 757 2981 me
802 2914 899 2983 tibi
944 2926 1241 2980 sanandum
1279 2924 1467 2991 offero,
1508 2926 1730 2995 recipiat
1769 2926 1995 2982 salutem

434 3020 609 3075 anima
637 3033 777 3073 mea.
810 3016 1123 3077 Davulneri
1152 3031 1273 3073 meo
1300 3013 1547 3072 salutem.
1584 3015 1738 3080 Deus,
1770 3017 1994 3088 languo-

432 3110 579 3168 ribus
604 3110 739 3166 meis
767 3110 1032 3167 medelam
1074 3110 1284 3179 tribue,
1331 3118 1454 3182 post
1493 3111 1679 3181 plagas
1718 3111 1998 3169 vulnerum

432 3200 595 3257 redde
616 3201 957 3265 incolumem.
989 3202 1311 3263 Vulneratus
1332 3218 1471 3267 sum,
1501 3204 1766 3269 medicum
1793 3219 1995 3273 qum.

428 3292 736 3365 Languidus
757 3310 897 3361 sum,
919 3295 1180 3352 medelam
1201 3311 1383 3367 posco.
1417 3294 1741 3365 Consumpta
1767 3304 1851 3351 est
1872 3312 1999 3351 caro

429 3398 577 3449 mea,
604 3386 885 3440 contabuit
909 3387 1119 3459 species
1145 3401 1281 3441 mea.
1331 3385 1464 3440 Ossa
1491 3401 1610 3439 mea
1636 3393 1993 3451 exaruerunt,

427 3476 665 3531 membra
712 3490 829 3531 mea
875 3478 1287 3538 contabuerunt.
1337 3475 1775 3547 Appropinquavi
1804 3492 1993 3532 corru-

425 3568 628 3637 ptioni,
672 3570 864 3625 umbra
910 3570 1554 3641 mortiscomprebEndit
1582 3586 1685 3626 me.
1738 3570 1996 3627 Tenebras

425 3669 751 3730 operuerunt
776 3677 884 3725 me,
907 3661 1079 3732 caligo
1105 3660 1299 3716 inferni
1326 3661 1549 3717 involvit
1572 3678 1678 3718 me.
1716 3661 1995 3734 Oppressit

358 3808 363 3809 ,
390 3800 393 3801 ν
426 3766 512 3805 me
540 3751 883 3809 tenebrarum
910 3752 1144 3819 horron
1172 3753 1314 3809 Doce
1342 3768 1428 3807 me
1458 3752 1637 3808 facere
1660 3753 1991 3811 voluntatem

418 3852 605 3907 suam,
632 3843 758 3913 quia
788 3842 928 3897 Deus
954 3859 1103 3899 meus
1139 3857 1198 3899 es
1234 3852 1310 3903 tu.
1354 3844 1473 3898 Tibi
1500 3844 1702 3907 honor,
1721 3851 1777 3898 et
1800 3843 1987 3913 gloria,

424 3940 480 3988 et
502 3934 695 3999 virtus,
725 3942 778 3987 et
800 3942 1040 4002 potestas
1066 3936 1119 3988 in
1145 3934 1341 3989 sacula
1367 3934 1705 4001 saeculorum.
1736 3934 1926 3989 Amen.

694 4068 695 4071 η
782 4042 1035 4101 ORATIO
1070 4042 1317 4100 SANCTI
1351 4042 1619 4106 [SIDORL

492 4121 760 4179 Succurre
778 4118 930 4190 mihi,
952 4123 1095 4179 Deus
1115 4139 1286 4191 meus,
1307 4133 1597 4196 antequam
1620 4140 1767 4182 mors
1785 4126 1986 4190 veniat,

359 4268 363 4275 ,
422 4214 708 4284 antequam
732 4229 880 4269 mors
904 4230 989 4270 me
1012 4204 1270 4286 perimat,
1308 4225 1600 4282 antequam
1627 4226 1867 4273 tartarus
1896 4234 1991 4271 ra-

421 4310 551 4379 piat,
576 4314 863 4378 antequam
882 4305 1100 4364 ﬂnmmu
1119 4308 1398 4364 comburat
1438 4317 1730 4379 antequam
1750 4310 1985 4365 tenebra

2124 456 2406 515 omnibus:
2443 476 2540 516 vas
2570 461 2870 531 iniquitatis
2894 478 2994 534 ego
3024 480 3165 519 sum.
3196 466 3301 522 Per
3322 469 3503 523 omnia
3530 484 3698 524 mem-

2122 550 2220 610 bra
2258 566 2377 607 mea
2411 553 2675 608 scelerum
2718 554 2944 626 insignia
2974 548 3358 629 agnoscuntur.
3407 561 3550 616 Nihil
3577 572 3694 630 est,

2122 644 2264 711 quod
2286 642 2511 711 iustitia
2538 648 2949 714 reservaverim,
2978 658 3153 705 totum
3182 652 3447 723 impietati
3474 669 3562 710 me
3588 664 3692 710 tra-

2120 735 2254 790 didi.
2287 735 2464 793 Omne
2489 736 2706 803 vitium,
2731 740 2875 810 quod
2904 740 3171 797 destinavi
3202 743 3255 798 in
3282 760 3464 809 carne,
3494 745 3695 815 perfeci

2122 827 2177 882 in
2207 841 2390 900 opere.
2438 826 2609 884 Omne
2641 830 2887 896 crimen,
2921 833 3066 903 quod
3098 836 3361 907 cogitavi,
3409 839 3709 908 complevi-

2119 917 2346 975 Omnem
2372 934 2596 993 pravam
2620 921 3003 992 cogitationem
3026 926 3093 979 ad
3121 927 3355 982 studium
3380 920 3694 997 perﬁciendi

2118 1010 2347 1094 deduxi.’
2387 1009 2525 1065 Hinc
2562 1020 2647 1067 est
2686 1014 2828 1082 quod
2866 1014 3006 1068 inter
3036 1016 3278 1093 homines
3304 1018 3590 1083 confusus,
3637 1022 3691 1075 in

2117 1101 2309 1156 enatum
2335 1090 2521 1157 oculos
2546 1103 2756 1171 erigere
2784 1120 2890 1159 non
2916 1106 3092 1161 valeo.
3139 1090 3375 1163 ln‘vultu
3399 1110 3541 1170 enim
3569 1126 3690 1165 meo

2118 1191 2463 1261 ignominiam
2485 1208 2571 1262 pox
2585 1201 2659 1248 ω.
2684 1194 2740 1247 In
2762 1196 3009 1251 omnibus
3026 1198 3233 1269 actibus
3254 1199 3389 1254 meis
3406 1200 3687 1257 erubesco.

2115 1282 2328 1337 Faciem
2381 1299 2554 1338 meam
2604 1286 2948 1341 conscientiae
3005 1288 3159 1357 123
3213 1296 3396 1344 reatus
3447 1289 3685 1345 inclinat.

2114 1374 2367 1429 Confusio
2386 1377 2565 1445 operis
2590 1377 2695 1431 mei
2724 1387 2849 1437 ante
2870 1380 3055 1434 oculos
3075 1391 3339 1436 versatur.
3372 1384 3545 1438 Corde
3569 1400 3687 1439 meo

2114 1465 2474 1535 deprehensus
2518 1468 2718 1536 ubique
2761 1467 3099 1523 confundor:
3143 1485 3249 1525 non
3292 1473 3465 1536 audeo
3502 1488 3687 1543 quem-

2111 1559 2253 1627 piam
2284 1560 2603 1616 ﬁducialiter
2624 1560 2841 1616 intueri.
2876 1563 3061 1619 Fidem
3089 1567 3233 1620 enim
3257 1568 3486 1636 perdidi,
3517 1568 3687 1638 pieta-

2113 1658 2218 1705 tem
2247 1652 2603 1707 contnminavi
2624 1694 2637 1718 ,
2668 1656 3013 1710 sanctitatem
3041 1658 3232 1727 pollui,
3268 1659 3578 1729 religionem
3609 1662 3688 1715 vi-

2038 1721 2083 1779 θ
2112 1743 2200 1797 tiis
2222 1744 2456 1812 impiavi.
2478 1745 2669 1803 Divina
2690 1749 2869 1802 omnia
2892 1758 3056 1819 atque
3078 1751 3307 1805 humana
3325 1750 3448 1820 jura
3465 1752 3684 1808 violavi.

2106 1832 2164 1888 In
2188 1848 2349 1889 omne
2379 1834 2457 1890 fas
2486 1836 2744 1907 nefasque
2780 1841 3083 1910 properavi.
3120 1842 3372 1900 Miserere
3410 1846 3536 1910 mei,
3578 1845 3685 1900 Do-

2108 1925 2274 1992 mine,
2303 1928 2563 1984 miserere
2587 1931 2714 1997 mei,
2745 1934 2835 2001 qui
2869 1948 3083 2004 regnas.

2252 2086 2259 2090 ’
2294 2061 2549 2119 ORATIO
2591 2063 2835 2123 SANCTI
2872 2066 3149 2125 EFFREM
3192 2073 3482 2135 DIACONI.

2176 2174 2399 2231 Domine
2451 2177 2593 2234 Deus
2641 2188 2696 2234 et
2742 2180 2995 2237 Salvator
3043 2200 3218 2251 meus,
3270 2202 3437 2255 quare
3462 2203 3547 2254 me
3595 2189 3685 2245 dc-

2105 2265 2404 2335 reliquisti?
2436 2266 2689 2341 Miserere
2718 2270 2845 2326 mei.
2870 2273 3125 2341 quoniam
3158 2283 3213 2330 tu
3240 2290 3300 2330 es
3330 2285 3545 2337 amator
3568 2294 3681 2333 om-

2104 2354 2255 2408 nium
2300 2355 2464 2411 solus.
2506 2356 2665 2413 Salva
2697 2375 2783 2414 me
2821 2370 3184 2434 precatorem,
3226 2366 3481 2435 quoniam
3527 2375 3593 2420 tu.
3623 2384 3683 2422 es

2102 2445 2223 2498 sine
2263 2458 2486 2515 peccato
2515 2450 2682 2504 solus.
2717 2450 2856 2505 Erue
2900 2467 2987 2505 me
3034 2453 3101 2507 de
3126 2468 3280 2509 emno
3337 2456 3680 2525 iniquitatnm

2102 2550 2366 2603 mearum,
2416 2546 2474 2591 ut
2502 2554 2609 2593 non
2636 2539 2831 2611 infigat
2872 2542 2930 2595 in
2966 2552 3249 2598 aeternum.
3282 2544 3474 2599 Libera
3504 2564 3588 2600 me
3617 2548 3683 2601 de

2103 2643 2196 2682 ore
2230 2629 2433 2685 inimici
2466 2633 2570 2686 mei
2598 2651 2609 2686 :
2637 2647 2763 2688 ecce
2791 2636 2938 2688 enim
2960 2644 3022 2689 ut
3046 2632 3132 2691 leo
3172 2638 3390 2709 rugiens
3417 2638 3679 2692 devorare

2102 2734 2193 2773 me
2227 2721 2392 2789 cupit.
2427 2722 2616 2777 Excita
2652 2725 2953 2794 potentiam
2997 2734 3161 2789 tuam,
3199 2734 3255 2781 et
3300 2728 3441 2791 veni,
3475 2737 3534 2781 ut
3579 2730 3682 2783 sal‘

2100 2824 2225 2863 vum
2278 2826 2363 2864 me
2420 2812 2878 2878 facias;corusca
2942 2816 3348 2871 coruscationes
3404 2823 3542 2873 tuas.
3594 2819 3681 2872 Di-

2100 2914 2289 2971 spergc
2318 2900 2575 2961 virtutem
2604 2903 2827 2968 inimici,
2860 2913 3069 2959 amator
3097 2904 3376 2963 hominum
3406 2910 3679 2983 benignis‘

2099 2990 2251 3044 sime.
2301 2990 2461 3058 Deus,
2515 2991 2705 3058 adjuro
2733 3003 2783 3049 te
2832 3011 2930 3066 per
2977 2999 3357 3056 miserationes
3414 3010 3553 3067 tuas,
3608 3020 3677 3058 ne

2024 3058 2069 3119 ο
2103 3098 2187 3137 me
2218 3100 2338 3139 cum
2364 3086 2531 3141 haedis
2576 3103 2607 3141 a
2639 3088 2877 3145 sinistris
2906 3091 3010 3145 tuis
3036 3098 3265 3157 statuas,
3308 3110 3427 3149 cum
3471 3096 3552 3150 his
3579 3096 3670 3167 qui

2100 3184 2153 3229 te
2196 3176 2675 3251 exacerbavean
2724 3178 2801 3233 Ne
2842 3180 2990 3234 dicas
3034 3181 3187 3247 mihi,
3234 3181 3425 3238 Nescio
3461 3195 3551 3240 te:
3579 3188 3676 3243 sed

2097 3266 2271 3321 tribue
2316 3268 2447 3320 mihi
2498 3276 2718 3337 propter
2766 3268 2988 3323 multam
3046 3272 3470 3329 misericordiam
3527 3284 3673 3331 tuam

2096 3353 2467 3411 indesinenter
2514 3358 2694 3412 cordis
2734 3361 3206 3432 compunctionem
3249 3372 3304 3419 et
3355 3364 3573 3421 fletum:
3620 3376 3676 3421 et

2094 3447 2367 3503 sanctiﬁca
2416 3466 2523 3515 me,
2575 3461 2633 3507 ut
2678 3452 2801 3507 fiatr
2857 3456 3116 3527 templum
3168 3460 3361 3530 gratim
3399 3468 3522 3524 ture,
3576 3476 3672 3531 per

2098 3538 2416 3604 te,'Christe
2440 3540 2590 3598 Jesu.

2432 3674 2688 3731 ORATIO
2711 3676 2846 3733 rno
2860 3660 3032 3737 cum
3058 3638 3347 3747 Porum.

2371 3763 2443 3847 Ut
2486 3766 2541 3821 in
2581 3783 2759 3838 regum
2798 3770 3095 3825 continetur
3140 3772 3379 3827 historia.

2160 3878 2356 3944 Parce,
2400 3877 2645 3945 Domine,
2694 3896 2861 3952 parce
2906 3882 3102 3954 populo
3144 3891 3255 3951 tuo,
3306 3878 3467 3956 quem
3514 3888 3670 3943 rede«

2091 3970 2254 4036 misti,
2297 3970 2533 4038 Christe,
2586 3973 2849 4045 sanguine
2892 3981 3109 4040 tuo;ut
3158 3988 3268 4032 non
3308 3978 3361 4032 in
3401 3985 3663 4032 aeternum

2090 4059 2339 4117 irascaris
2367 4061 2541 4117 nobis.
2572 4061 2957 4134 Deprecamur,
2985 4058 3230 4129 DOmine,
3256 4066 3310 4122 in
3332 4066 3477 4120 omni
3504 4066 3667 4121 mise-

2089 4150 2321 4205 ricordia
2362 4160 2472 4217 tua,
2514 4158 2573 4205 ut
2620 4150 2898 4206 auferatur
2947 4151 3096 4206 furor
3146 4160 3266 4208 tuus
3296 4162 3352 4208 et
3381 4154 3460 4207 ira
3494 4162 3581 4208 tua
3632 4169 3668 4209 a

2087 4236 2203 4291 loco
2231 4238 2354 4300 isto,
2386 4245 2441 4293 et
2467 4254 2497 4293 a
2538 4239 2699 4295 domo
2726 4247 2916 4301 sancta
2965 4248 3075 4307 tua,
3116 4244 3372 4312 quoniam
3416 4246 3667 4315 peccavi-

2086 4341 2226 4381 mus.
2276 4325 2623 4385 Peccavimus
2672 4329 2789 4396 tibi,
2813 4330 3058 4399 Domine,
3088 4342 3145 4389 et
3175 4341 3231 4388 tu
3256 4335 3427 4391 iratus
3456 4350 3516 4393 es
3566 4352 3661 4392 no-

422 4416 513 4499 me
534 4400 828 4499 involvunt,
853 4404 1142 4499 antequam
1169 4398 1418 4499 sine'ﬁlte
1446 4399 1712 4499 deﬁciant-
1746 4399 1979 4499 _Sub"eni
2010 4413 2059 4476 υ
2082 4415 2187 4481 bis,
2215 4426 2271 4472 et
2310 4434 2418 4474 non
2451 4428 2555 4486 est,
2587 4422 2677 4492 qui
2706 4419 2928 4495 effugiat
2977 4398 3171 4481 manus
3200 4434 3321 4483 tuas
3346 4447 3357 4481 :
3389 4428 3484 4484 sed
3536 4442 3663 4499 sup—

421 4491 553 4546 mihi
581 4490 727 4545 Deus
748 4504 920 4559 meus,
964 4491 1277 4563 priusquam
1302 4492 1545 4562 gehenna
1574 4492 1710 4563 ignis
1736 4492 1979 4557 devorer,

417 4583 730 4655 priusquam
776 4586 892 4639 sine
937 4585 1166 4640 termino
1194 4585 1423 4639 crucier.
1472 4584 1563 4641 Ve
1607 4584 1737 4638 mihi
1788 4585 1984 4638 misero

419 4674 646 4740 homini,
675 4675 821 4731 omni
846 4675 1057 4745 polluto
1081 4676 1367 4746 contagio!
1402 4676 1492 4730 Vm
1538 4673 1671 4730 mihi
1713 4674 1983 4745 peccatori

418 4765 656 4821 omnium
682 4766 953 4837 pessimo!
995 4768 1088 4821 Vae
1115 4768 1246 4821 mihi
1266 4806 1281 4830 ,
1313 4767 1404 4835 qui
1432 4766 1607 4821 nctus
1627 4778 1751 4822 sum
1775 4770 1990 4823 senum

419 4852 1008 4913 omninmcrimiuumt
1046 4852 1159 4908 lien
1190 4855 1341 4918 mihi,
1371 4858 1460 4924 qui
1488 4868 1737 4922 stipatas;
1758 4870 1985 4913 munem

368 4933 371 4936 ’
420 4945 840 5015 magnitudinem
870 4954 1209 5015 peccatorum
1234 4948 1246 5000 ι
1282 4945 1394 5000 Heu
1423 4948 1575 5007 mihi.
1605 4954 1767 5015 ctrqu
1782 4948 1984 5017 iniqui-

418 5043 503 5092 tas
525 5036 768 5091 excrevit
790 5050 1008 5091 omnem
1034 5038 1451 5109 magnitudinem
1484 5039 1801 5094 delictorum
1827 5043 1839 5092 ι
1874 5040 1983 5096 Ob-

418 5141 573 5185 secro
605 5142 725 5191 vos,
766 5130 956 5182 omnes
997 5129 1189 5194 sancti,
1240 5130 1472 5185 miseriis
1502 5133 1635 5183 meis
1676 5132 1977 5197 subvenite,

417 5218 766 5290 perditionem
803 5234 979 5275 meam
1002 5218 1258 5291 plangite.
1310 5222 1460 5278 Flete
1502 5240 1587 5279 me
1630 5224 1885 5279 miserum
1927 5235 1983 5282 et

416 5318 735 5378 mutatum.
766 5306 916 5369 Flete
939 5324 1025 5368 me
1049 5321 1320 5370 mortuum
1339 5324 1395 5370 et
1414 5317 1798 5372 abominatum.
1830 5317 1982 5376 Flete

418 5418 504 5456 me
566 5405 762 5460 malum
789 5413 847 5461 et
889 5413 1052 5460 terra.
1102 5406 1316 5461 Plorate
1338 5424 1445 5473 me,
1488 5410 1665 5464 omnia
1694 5410 1977 5466 elementa.

417 5494 711 5564 Ingemisue
736 5512 844 5566 me,
870 5513 1043 5554 omne
1056 5514 1227 5569 genus
1251 5501 1561 5555 humanum.
1589 5498 1794 5557 Sumite
1820 5515 1982 5572 super

419 5598 505 5639 me
532 5582 856 5649 Iumentum,
888 5590 1100 5643 veniam
1137 5606 1240 5660 pro
1279 5594 1365 5646 me
1395 5590 1647 5660 lacrymis
1675 5592 1976 5662 impetrate,

419 5687 473 5735 et
518 5693 719 5751 preces
749 5694 844 5749 pro
893 5695 979 5735 me
1010 5681 1188 5752 impio
1234 5684 1466 5748 fundite,
1500 5693 1700 5759 terram
1732 5685 1980 5757 lacrymis

2082 4505 2365 4575 plicamus,
2422 4518 2484 4566 ut
2537 4513 2723 4570 veniat
2776 4515 3145 4571 misericordia
3187 4525 3279 4572 tua
3324 4534 3487 4589 super
3530 4532 3656 4585 nos,

2083 4600 2173 4669 qui
2208 4599 2415 4657 Ninivae
2450 4604 2759 4673 pepercisti.
2792 4605 3113 4662 invocantes
3158 4608 3445 4664 Dominum
3486 4608 3663 4663 excla.

2083 4707 2311 4761 memus,
2351 4703 2412 4749 ut
2435 4698 2689 4766 respiciat
2716 4697 2966 4766 populum
2990 4696 3363 4753 conculcatnm
3396 4706 3452 4753 et
3479 4699 3661 4756 dolen-

2084 4791 2194 4842 tem
2221 4795 2506 4860 :protegat
2535 4788 2791 4857 templum
2818 4797 3065 4844 sanctum
3089 4807 3265 4857 suum,
3295 4807 3364 4847 ne
3380 4792 3449 4845 ab
3476 4792 3658 4864 impiis

2081 4878 2497 4943 contaminatur,
2551 4877 2647 4933 sed
2692 4868 3021 4934 misereatur
3059 4880 3232 4936 nobis.
3280 4881 3657 4939 Exclamemus

2081 4978 2269 5024 omnes
2292 4967 2360 5022 ad
2393 4965 2682 5023 Dominum
2710 4962 2952 5025 dicentes
2978 4989 2989 5023 :
3014 4969 3366 5029 Peccavimus
3408 4974 3527 5040 tibi,
3556 4972 3660 5029 Do-

2080 5057 2244 5121 mine,
2272 5057 2588 5125 patientiam
2626 5057 2768 5114 habe
2797 5060 2852 5114 in
2885 5061 3062 5127 nobis,
3093 5071 3150 5118 et
3186 5079 3317 5119 erue
3336 5080 3447 5120 nos
3483 5080 3512 5118 a
3535 5076 3657 5119 ma-

2080 5145 2146 5199 lis
2191 5146 2331 5210 istis,
2369 5161 2489 5214 quae
2528 5148 2769 5217 quotidie
2808 5149 3129 5209 accrescunt
3179 5170 3340 5225 super
3387 5170 3504 5209 nos.
3562 5153 3653 5211 Di-

2083 5236 2253 5299 mitte,
2285 5236 2527 5302 Domine,
2557 5248 2780 5308 peccata
2807 5242 2986 5312 populi
3012 5245 3114 5309 tui,
3145 5244 3439 5299 secundum
3476 5248 3655 5304 multi-

2080 5325 2316 5380 tudinem
2378 5325 2765 5385 miseﬂcordize
2822 5339 2945 5398 mae,
2991 5332 3133 5387 sicut
3182 5334 3443 5402 propitqu
3503 5334 3649 5392 fuisti

2061 5413 2320 5484 ’patribus
2363 5417 2583 5473 nostris.
2615 5415 2885 5487 Propitius
2924 5410 3242 5486 eamuobis,
3288 5422 3653 5491 etimpleatur

2080 5505 2242 5575 gloria
2286 5512 2377 5559 tua
2404 5507 2655 5563 universa
2695 5518 2858 5569 terra.
2900 5511 3225 5575 Recordare,
3270 5512 3517 5581 Domine,
3565 5518 3646 5573 die.

2081 5595 2269 5664 angelo
2314 5599 2639 5666 percutienti
2708 5598 2935 5662 Sufﬁcit,
2972 5600 3189 5655 contine
3220 5615 3438 5657 manum
3478 5613 3645 5670 tuam,

2060 5696 2132 5740 'et
2164 5698 2335 5741 cesset
2373 5687 2676 5743 interfectio
2702 5705 2819 5755 qua?
2846 5700 3123 5753 grassatur
3158 5692 3210 5746 in
3245 5695 3459 5765 populo,
3491 5703 3545 5749 ct
3577 5710 3646 5749 ne
