4262 6194
537 182 638 240 607

1347 179 1404 233 Β.
1447 177 1506 232 F.
1551 176 1771 230 ALBINI
1813 175 1943 230 SEU
1985 171 2258 228 ALCUINI
2297 169 2580 227 Ol’ERUM
2620 169 2796 226 PARS
2837 168 2921 226 ιγ.

3664 167 3789 228 σοι’

532 300 729 372 perdas
749 314 964 354 onmem
993 298 1227 355 animam
1255 297 1541 349 viventem.
1568 294 1828 360 Exsurge,
1857 290 2102 348 Domine.
2134 295 2179 350 Α
2209 291 2261 337 ct
2298 283 2496 352 perduc
2527 299 2612 337 me
2638 284 2704 337 ad
2735 275 3036 339 eonvivium
3074 283 3350 352 epularum
3399 291 3630 348 tuarum,
3673 283 3762 338 ubi

532 389 728 459 adiuva
749 404 848 443 nos
877 399 932 443 et
958 388 1124 444 libera
1154 403 1254 442 nos
1280 394 1498 456 propter
1526 399 1722 438 nouicn
1753 392 1917 435 tuum.

873 499 1126 556 ORATIO
1162 497 1437 553 EFFREM
1469 494 1758 550 DIACONI.

600 611 771 676 Pone,
804 613 1045 677 Domine,
1087 611 1352 681 lacrymas
1392 624 1540 663 meas
1572 609 1626 663 in
1668 615 1958 676 conspectu
1990 616 2100 668 tuo,

534 705 673 759 sicut
727 703 779 761 in
830 703 1183 772 promissione
1241 709 1352 765 tua,
1413 709 1473 754 ut
1533 707 1809 753 avertatur
1855 699 2105 752 inimicus

533 807 685 846 meus
722 793 1048 862 'retrOrsum,
1099 801 1153 846 et
1202 805 1568 861 expavescens
1621 789 1925 851 conturbet,
1981 801 2103 840 cum

533 880 731 934 viderit
773 895 856 934 me
906 881 960 933 in
1001 879 1117 936 loco
1151 897 1312 950 quem
1356 879 1679 950 praeparavit
1731 876 2102 932 misericordia

535 981 646 1024 tua.
703 969 1032 1039 Exspectans
1083 979 1261 1024 autem
1319 970 1569 1023 inimicus
1619 967 1801 1022 videre
1855 968 1909 1022 in
1963 967 2100 1029 loco,

533 1074 692 1129 quem
729 1059 855 1114 mihi
897 1067 1115 1131 propter
1143 1060 1338 1114 delicta
1373 1073 1494 1113 mea
1530 1042 1871 1127 prteparavit,
1925 1058 2106 1110 videat

532 1162 619 1202 me
643 1149 696 1201 in
723 1147 841 1202 loco
874 1147 1008 1203 lucis
1029 1156 1086 1202 et
1112 1148 1236 1202 vine
1261 1157 1494 1212 mternze,
1528 1157 1582 1202 et
1611 1162 1906 1202 conversus
1943 1147 1996 1200 in
2025 1154 2102 1200 te-

531 1237 714 1292 nebris
737 1237 1104 1303 conturbetur,
1149 1239 1273 1307 quia
1311 1252 1654 1308 nequaquam
1696 1237 1946 1291 voluntas
1986 1237 2102 1306 eius

530 1325 720 1381 effecta
753 1336 856 1381 est.
887 1327 964 1380 Ita
1000 1327 1407 1398 benignissime,
1439 1328 1516 1380 ita
1551 1337 1761 1381 amator
1801 1327 2099 1389 hominum,

533 1415 608 1470 ita
640 1415 730 1485 qui
773 1416 917 1471 solus
943 1416 1060 1472 sine
1086 1424 1309 1486 peccato
1334 1431 1413 1481 es,
1443 1415 1658 1471 ell‘unde
1703 1431 1865 1486 super
1893 1429 1978 1469 me
2021 1415 2104 1468 in-

530 1505 899 1561 aestimabilem
939 1514 993 1561 et
1041 1507 1361 1562 immensam
1397 1506 1826 1562 misericordiam
1855 1515 2021 1570 tuam,
2047 1513 2102 1558 ct

2204 373 2485 443 epulantur
2535 389 2726 429 omnes
2777 375 2934 427 amici
2994 375 3067 428 tui
3117 382 3310 428 tecum.
3367 372 3448 427 Tu
3499 387 3559 427 es
3605 370 3765 427 Jesus

2203 462 2450 516 Christus
2505 461 2671 517 Filius
2723 463 2816 518 Dei
2875 465 3000 528 vivi,
3051 480 3172 518 cum
3231 464 3391 518 Patre
3453 471 3508 519 et
3561 463 3765 533 Spiritu

2204 561 2395 606 sancto
2422 567 2650 623 regnans
2677 555 2729 608 in
2753 554 2942 632 saecula
2967 555 3302 610 saeculorum.

2541 681 2798 738 ORATIO
2828 683 3068 739 SANCTI
3098 684 3487 752 AUGUSTINI,

2208 791 2379 855 Quam
2417 807 2484 844 sv
2513 792 2677 858 libris,
2707 811 2835 858 quos
2863 795 2933 916 de;
2945 806 3128 876 sancta
3157 798 3458 867 conscripsit
3489 796 3764 866 Trinitas,

2839 881 2899 916 su
2938 875 3128 916 iunxit.

2839 875 3128 933 subiunxit.

2275 991 2498 1046 Domine
2531 991 2692 1058 Deus,
2724 993 2994 1051 credimus
3023 997 3075 1048 in
3109 1004 3158 1049 te
3190 994 3425 1060 Patrem,
3467 1005 3522 1049 ct
3545 996 3759 1061 Filium,

2203 1088 2259 1133 et
2283 1079 2541 1148 Spiritum
2571 1091 2836 1136 sanctum.
2884 1081 3066 1151 Neque
3095 1085 3242 1138 enim
3266 1083 3469 1140 diceret
3514 1085 3759 1140 Veritas:

2205 1167 2301 1232 Ite,
2351 1169 2606 1239 baptizata
2645 1179 2816 1239 gentes
2857 1172 2907 1222 in
2950 1173 3153 1224 nomine
3197 1171 3393 1237 Patris,
3433 1183 3479 1226 et
3525 1170 3673 1237 Filii,
3716 1182 3764 1226 et

2206 1256 2434 1326 Spiritus
2488 1260 2655 1311 sancti
2710 1257 2920 1329 (Hatth.
2979 1275 3170 1324 xxvnl,
3207 1260 3319 1328 20),
3372 1261 3475 1316 nisi
3530 1261 3764 1318 Trinitas

2203 1364 2372 1404 esses.
2410 1348 2520 1422 {Sec
2555 1350 2816 1420 baptizari
2861 1366 2959 1406 nos
2997 1352 3237 1421 iuberes,
3275 1352 3501 1408 Domine
3517 1351 3677 1419 Deus,
3707 1355 3764 1407 in

2203 1441 2319 1510 ejus
2353 1440 2591 1506 nomine,
2621 1441 2711 1510 qui
2750 1456 2855 1496 non
2888 1452 2974 1496 est
3012 1441 3268 1495 Dominus
3301 1441 3460 1499 Deus.
3492 1440 3600 1497 Nec
3626 1442 3766 1497 dice»

2203 1544 2352 1589 retur
2375 1549 2505 1590 voce
2531 1536 2711 1589 divina
2738 1553 2750 1589 :
2779 1536 2939 1599 Audi,
2964 1535 3151 1599 Israel,
3175 1534 3430 1589 Dominus
3454 1536 3592 1589 Deus
3619 1535 3766 1600 tuus;

528 1605 722 1695 pias.”
753 1597 882 1695 mihi
919 1606 979 1650 ω
1001 1605 1055 1695 Ϋι
1087 1612 1186 1668 ego
1211 1597 1344 1695 et}?
1375 1599 1465 1666 qni
1494 1597 1800 1695 “animum
1824 1596 1976 1684 mgni
2021 1595 2096 1695 fui
2130 1621 2177 1679 Β
2203 1623 2456 1677 Dominus
2501 1639 2634 1677 unus
2681 1633 2759 1678 est
2791 1595 2967 1695 (Deut.
3015 1639 3092 1688 vn,
3133 1595 3209 1695 λ),
3261 1624 3366 1678 nisi
3418 1624 3653 1680 Trinitas
3689 1595 3762 1679 ita

529 1686 823 1743 efﬁciamur
850 1689 1088 1744 heredes
1112 1706 1126 1754 ;
1158 1697 1212 1744 et
1239 1689 1485 1744 videntes
1511 1689 1737 1758 gloriam
1765 1697 1934 1750 tuam,
1973 1687 2100 1740 ado-

529 1795 709 1835 remus
731 1778 1024 1836 bonitatem
1050 1790 1195 1834 tuam
1223 1799 1234 1833 :
1261 1789 1315 1835 et
1333 1781 1576 1835 dicamus
1595 1780 1815 1849 pariter,
1840 1779 1930 1846 qui
1955 1777 2103 1846 digni

526 1870 1350 1927 fuerimusvidereinsatiabilem
1376 1869 1828 1941 pulchritudinem
1851 1866 2102 1936 majesta-

527 1965 596 2016 tis
639 1963 983 2018 tuaizcloria
1026 1961 1193 2028 Patri,
1238 1962 1329 2032 qui
1376 1960 1506 2016 fecit
1552 1975 1671 2024 nos,
1717 1959 1884 2030 gloria
1938 1958 2095 2022 Filio,

526 2056 617 2125 qui
658 2056 869 2110 sanavit
899 2070 1015 2120 nos,
1054 2054 1221 2126 gloria
1253 2054 1476 2125 Spiritui
1508 2061 1716 2117 sancto,
1749 2052 1846 2119 qui
1878 2065 2100 2104 renova-

525 2147 604 2202 vit
653 2145 1049 2201 nusz'l‘rinitas
1100 2153 1308 2210 sancta,
1369 2161 1474 2198 une
1532 2143 1695 2206 Deus,
1745 2141 1847 2195 sub
1907 2139 2096 2194 umbra

523 2233 730 2290 alarum
776 2243 986 2289 tuarum
1021 2248 1119 2290 nos
1156 2241 1396 2309 protege,
1433 2233 1524 2302 qui
1567 2246 1626 2286 es
1678 2229 1996 2285 benedictus
2042 2229 2095 2282 in

523 2324 738 2383 sacula.

1177 2393 1434 2451 ORATIO

809 2507 912 2560 Pro
937 2506 1211 2560 itincris‘et
1238 2505 1430 2574 navigii
1452 2505 1808 2572 prosperita'e.

597 2616 690 2671 Dei
723 2615 898 2670 Patris
934 2612 1194 2670 festinare
1223 2612 1519 2666 maximum
1548 2611 1679 2666 mihi
1707 2610 1815 2664 cito
1845 2616 1969 2679 peto
2002 2607 2096 2660 ad-

518 2708 799 2778 iutorium.
822 2704 949 2760 Jesu
961 2704 1162 2760 Christi
1186 2705 1411 2775 imploro
1427 2701 1701 2774 suffragia,
1718 2702 1808 2772 qui
1832 2708 1991 2754 natus
2014 2706 2098 2753 ost

523 2813 592 2851 ex
614 2797 820 2868 virgine
860 2792 1045 2848 Maria.
1097 2792 1280 2848 Sancti
1331 2808 1543 2863 quoque
1579 2793 1809 2863 Spiritus
1848 2791 2097 2860 praesidio

525 2892 718 2962 fungar
750 2901 964 2956 semper
992 2885 1083 2940 hic
1113 2884 1196 2941 vel
1222 2887 1275 2940 in
1307 2885 1518 2940 exsilio.
1547 2883 1794 2939 Christus
1826 2900 1854 2936 a
1885 2900 1971 2937 me
2007 2898 2098 2936 au-

2187 1729 2370 1778 esses,
2407 1723 2468 1770 ut
2503 1730 2641 1769 unus
2675 1714 2933 1768 Dominus
2972 1714 3112 1769 Deus
3139 1727 3308 1769 esses.
3341 1713 3406 1766 Et
3448 1714 3492 1768 si
3525 1725 3578 1768 tu
3623 1714 3763 1768 Deus

2199 1805 2361 1859 Pater
2412 1807 2526 1876 ipse
2569 1822 2739 1874 esses,
2789 1817 2845 1863 et
2893 1807 3061 1862 Filius
3111 1807 3350 1861 Verbum
3400 1815 3549 1860 tuum
3603 1806 3764 1862 .lesus

2198 1895 2444 1952 Christus
2493 1898 2608 1967 ipse
2661 1914 2833 1963 esses,
2883 1907 2939 1954 ct
2993 1899 3188 1952 donum
3242 1907 3479 1952 vestrum
3532 1897 3763 1968 Spiritus

2198 1994 2416 2041 sanctus
2441 2002 2586 2040 :non
2627 1986 2924 2058 legeremus
2968 1987 3020 2041 in
3066 1987 3260 2042 litteris
3304 1987 3582 2042 veritatis:
3616 1986 3762 2046 Misit

2199 2073 2337 2128 Deus
2387 2072 2586 2129 Filium
2613 2092 2766 2130 suum
2798 2075 2940 2148 (Gal.
2999 2093 3050 2140 v,
3090 2077 3184 2146 4)’:
3216 2091 3316 2131 nec
3365 2085 3421 2130 tu
3480 2075 3765 2146 Unigenite

2198 2166 2406 2222 diceres
2449 2168 2514 2222 de
2546 2167 2747 2237 Spiritu
2777 2177 2963 2222 sancto
2988 2187 2998 2221 :
3027 2167 3128 2232 Qui
3179 2169 3340 2221 mittet
3380 2163 3538 2218 Pater
3571 2167 3625 2218 in
3674 2181 3763 2220 που

2196 2255 2331 2309 mine
2353 2274 2487 2323 meo,
2514 2267 2560 2310 ct
2595 2256 2743 2328 quem
2782 2273 2871 2328 ego
2901 2258 3098 2310 mittam
3134 2255 3273 2308 vobis
3303 2272 3332 2306 α
3368 2251 3526 2307 Patre
3555 2253 3758 2323 (Joan.,

2199 2360 2281 2410 ιιι,
2322 2345 2431 2415 17).
2483 2345 2563 2400 Ad
2599 2345 2741 2399 hanc
2785 2345 3023 2415 regulam
3071 2342 3193 2398 ﬁdei
3230 2343 3466 2413 dirigens
3512 2342 3763 2396 intentio-

2198 2451 2322 2490 nem
2382 2451 2578 2501 meam,
2635 2444 2894 2505 quantum
2939 2436 3108 2506 potui,
3154 2444 3414 2506 quantum
3469 2450 3555 2489 me
3606 2448 3762 2503 posse

2199 2525 2408 2591 fecisti;
2452 2528 2671 2596 qutesivi
2719 2537 2789 2593 te,
2826 2537 2882 2583 et
2913 2529 3211 2583 desideravi
3263 2528 3537 2583 intellectu
3583 2528 3762 2584 videre

2197 2616 2338 2685 quod
2386 2617 2612 2683 credidi,
2677 2627 2732 2673 et
2780 2618 3003 2672 multum
3065 2617 3328 2687 disputavi
3379 2625 3433 2671 et
3500 2616 3759 2672 laboravi.

2197 2708 2420 2764 Domine
2462 2707 2604 2764 Deus
2646 2724 2817 2774 meus,
2863 2725 2968 2764 una
2993 2723 3115 2780 spes
3143 2724 3282 2774 mea,
3315 2709 3507 2764 exaudi
3539 2724 3644 2777 me,
3691 2726 3761 2765 ne

2197 2796 2454 2869 fatigatus
2503 2797 2665 2854 nolim
2715 2806 2769 2853 te
2815 2813 3094 2869 quaerere;
3137 2800 3229 2854 sed
3271 2814 3508 2868 quzeram
3562 2799 3755 2857 faciem

2200 2900 2346 2945 tuam
2393 2906 2608 2961 semper
2631 2892 2902 2946 ardenter.
2936 2892 3012 2946 Tu
3043 2892 3110 2947 da
3132 2891 3404 2960 quaerendi
3446 2891 3610 2957 vires,
3660 2891 3758 2961 qui

524 2981 666 3036 ferat
720 2977 958 3052 pericula
1014 2986 1229 3042 cuncta,
1275 2993 1501 3047 quaeque
1547 2976 1848 3030 diemonum
1892 2973 2092 3043 iacula.
2125 2969 2171 3031 C
2201 2988 2252 3034 te
2285 2980 2512 3035 inveniri
2541 2979 2738 3046 fecisti,
2766 2990 2830 3035 et
2856 2982 3026 3052 magis
3053 2982 3329 3051 magisque
3371 2982 3675 3040 inveniendi
3707 2994 3763 3039 te

524 3069 601 3126 Ne
644 3086 731 3125 me
785 3079 1002 3140 captent
1039 3069 1222 3124 hostes
1274 3077 1436 3138 atque
1479 3066 1736 3130 latrones,
1798 3079 1868 3119 ne
1924 3062 2091 3126 fures,

524 3177 700 3232 neque
738 3159 922 3214 mundi
949 3159 1246 3230 praedones.
1275 3158 1352 3213 Ne
1379 3173 1465 3212 me
1493 3157 1650 3212 undae
1683 3155 1869 3220 maris,
1919 3169 2094 3224 neque

523 3253 763 3316 ﬂumina,
786 3265 961 3320 neque
982 3264 1154 3319 aquas,
1178 3249 1320 3302 nulla
1346 3247 1827 3304 nooeantnumina.
1857 3245 1933 3300 Ne
1947 3253 2096 3300 tene-

523 3345 655 3409 bris,
680 3341 763 3398 vel
788 3340 954 3405 venti,
976 3339 1062 3394 vel
1083 3339 1321 3404 ﬂumine,
1349 3337 1484 3392 velis
1521 3336 1695 3405 plenis
1722 3349 1746 3376 ι
1765 3337 1939 3390 ventis
1961 3351 2095 3407 quo-

521 3451 626 3506 que
652 3433 920 3504 prosperis
952 3430 1136 3492 maris,
1165 3428 1376 3484 cunctis
1400 3424 1579 3482 solvar
1600 3440 1630 3477 a
1658 3423 1927 3493 periculis.
1943 3422 2096 3475 Chri-

523 3535 640 3582 stus
661 3540 870 3580 mecum
889 3525 1051 3578 duras
1077 3537 1142 3577 ac
1161 3519 1447 3592 pestilens
1475 3519 1656 3573 vincat
1685 3524 1844 3584 terra;
1865 3523 2095 3584 etaqua—

523 3630 642 3670 rum
671 3614 868 3668 bestias
894 3634 906 3665 :
930 3615 1112 3667 vincat
1134 3611 1238 3666 tela
1264 3611 1405 3667 aeris
1432 3608 1613 3665 vitalia
1651 3605 1768 3678 [F.,
1796 3605 2012 3661 lethalia
2024 3603 2092 3674 ?],

523 3706 706 3759 vincat
733 3700 889 3774 135
911 3709 1105 3756 cuncta
1132 3701 1355 3755 tonitrui
1392 3698 1620 3770 fulgura.
1653 3699 1846 3753 Vincat
1872 3709 2095 3766 qumque

522 3811 725 3852 venena
768 3793 1107 3864 serpentina,
1149 3791 1328 3845 vincat
1373 3804 1514 3844 saeva
1561 3789 1747 3843 mundi
1795 3787 2090 3843 veneﬁcia:

521 3893 580 3939 ut
617 3885 730 3940 hzec
760 3892 953 3938 cuncta
991 3897 1098 3936 non
1139 3880 1271 3936 mihi
1306 3893 1425 3948 quae
1458 3877 1713 3941 diximus,
1749 3888 1924 3945 neque
1961 3875 2096 3929 meis

523 3985 755 4030 noceant
801 3974 1104 4031 comitibus.
1153 3972 1329 4026 Sanus
1361 3986 1478 4042 ego,
1525 3970 1643 4025 sani
1692 3969 1797 4024 mei
1847 3966 2092 4029 comites,

523 4063 640 4120 sine
675 4067 870 4120 damno
905 4079 1192 4135 pergamus
1221 4062 1534 4119 incolumes.
1577 4059 1720 4117 Sana
1752 4073 1889 4114 nave
1932 4057 1986 4112 in
2010 4071 2098 4126 pe»

513 4155 626 4227 ‘lagi
682 4155 947 4218 ﬂuctibus,
1000 4155 1149 4210 sanis
1197 4154 1352 4223 equis
1407 4153 1542 4208 velis
1591 4153 1648 4207 in
1701 4147 2090 4206 terrestribus:

523 4260 656 4300 sana
696 4251 881 4298 nostra
916 4243 1144 4296 vehatur
1169 4242 1419 4310 pecunia,
1452 4248 1513 4294 ut
1545 4241 1617 4312 sit
1649 4247 1773 4310 apta
1809 4239 1878 4294 ad
1906 4248 2093 4296 nostra

522 4337 692 4393 utilia.
723 4333 928 4390 Inimici
964 4346 1032 4386 ne
1052 4331 1162 4385 sint
1206 4329 1362 4384 nobis
1405 4329 1618 4393 nociva,
1659 4327 1904 4397 quamvis
1951 4327 2091 4382 mala

522 4432 875 4499 prorumpant
918 4419 1162 4476 consilia.
1209 4417 1410 4473 Christi
1458 4415 1588 4471 mihi
1636 4415 1692 4470 in
1737 4421 1940 4469 aeterno
1991 4429 2091 4468 no-

522 4519 668 4573 mine
701 4517 800 4571 vize
838 4521 1046 4570 cuncta:
1081 4517 1302 4582 pateant
1332 4521 1677 4578 magnopere,
1716 4505 1761 4558 si
1803 4504 2091 4559 ascendam

521 4608 686 4662 ardua
708 4608 762 4660 in
788 4605 1070 4668 montium,
1093 4603 1138 4658 si
1159 4601 1481 4658 descendam
1507 4610 1744 4653 convexa
1775 4595 1830 4649 in
1851 4595 2089 4660 vallium,

522 4697 635 4751 si...
669 4696 782 4750 vias
806 4710 905 4765 per
925 4693 1264 4748 vastissimas
1294 4691 1570 4756 silvarum,
1601 4687 1734 4754 rubo
1763 4701 1860 4756 per
1889 4685 2091 4741 densis-

523 4789 688 4842 simas
718 4801 732 4839 :
758 4785 846 4838 via
890 4784 1050 4854 plana
1093 4797 1312 4854 pergam
1358 4791 1520 4853 atque
1546 4779 1722 4835 lucida
1771 4790 1940 4846 usque
1983 4774 2086 4829 loci

523 4872 886 4930 destinati.....

593 4967 817 5023 Domine
851 4962 978 5019 Iesu
1007 4961 1243 5025 Christe,
1277 4971 1332 5016 te
1369 4963 1596 5020 obsecro
1636 4980 1733 5035 per
1779 4966 2085 5022 misericor-

521 5059 665 5114 diam
703 5065 758 5112 et
784 5049 1126 5111 clementiam
1163 5058 1332 5115 tuam,
1361 5061 1421 5107 ut
1457 5063 1676 5121 prostes
1705 5055 1835 5110 mihi
1875 5057 2086 5111 veniam

521 5147 834 5203 delictorum
877 5156 1137 5202 meorum.
1187 5139 1350 5210 Aperi
1391 5141 1523 5196 mihi
1566 5141 1788 5208 ianuam
1832 5146 1977 5211 vitae,
2025 5153 2082 5199 et

522 5238 768 5308 princeps
797 5233 1140 5290 tenebraan
1167 5245 1276 5285 non
1305 5239 1558 5284 occurrat
1756 5233 1874 5290 Non
1902 5236 2084 5291 veniat

522 5325 652 5379 mihi
687 5339 783 5394 pes
809 5323 1092 5394 superbia,
1135 5329 1190 5377 et
1215 5334 1410 5376 manus
1433 5325 1692 5378 extnltea
1731 5338 1836 5378 non
1876 5325 2083 5380 contin-

525 5423 612 5484 gat
659 5415 790 5469 milii
813 5434 827 5468 :
853 5415 947 5470 sed
986 5415 1200 5481 suscipe
1236 5427 1322 5471 me
1345 5413 1881 5475 secundum-verbum
1911 5426 2082 5478 tuum,

595 5537 619 5563 ι
656 5521 825 5578 Locus
853 5533 1153 5597 corruptus.

2196 3084 2343 3139 spem
2382 3068 2594 3124 dedisti.
2640 3068 2833 3125 Coram
2881 3079 2934 3124 te
2977 3078 3058 3125 est
3103 3070 3330 3128 firmitas
3369 3082 3428 3129 et
3475 3073 3761 3127 inﬁrmitas

2195 3180 2315 3218 mea
2345 3182 2358 3218 :
2385 3164 2528 3219 illam
2571 3179 2749 3226 serva.
2773 3166 2928 3220 istam
2957 3180 3110 3220 sana.
3140 3165 3334 3220 Coram
3374 3174 3424 3221 te
3454 3177 3536 3220 est
3584 3168 3759 3222 scien-

2195 3252 2268 3306 tia
2309 3259 2365 3306 et
2393 3252 2697 3322 ignorantia
2721 3268 2878 3308 mea:
2927 3255 3016 3308 ubi
3045 3253 3183 3308 mihi
3222 3256 3498 3324 aperuisti,
3551 3256 3762 3326 suscipe

2195 3340 2484 3396 intrantem
2513 3358 2528 3407 ;
2556 3343 2645 3398 ubi
2674 3343 2940 3408 clausisti,
2963 3345 3113 3415 aperi
3149 3344 3401 3414 pulsanti.
3429 3345 3760 3400 Meminerim

2195 3430 2294 3494 tui,
2323 3431 2620 3502 intelligam:
2655 3441 2726 3497 te,
2756 3434 2973 3504 diligam
3001 3443 3072 3488 te.
3115 3433 3262 3506 Auge
3296 3435 3348 3488 in
3395 3450 3480 3489 me
3507 3437 3628 3499 ista,
3667 3435 3762 3488 τιο-

2195 3533 2296 3573 nec
2321 3534 2407 3573 me
2425 3517 2626 3575 formes
2643 3521 2712 3576 ad
2725 3521 3008 3591 integrum.
3031 3523 3174 3587 Scio,
3189 3525 3449 3592 scriptum
3472 3531 3557 3577 est
3573 3522 3764 3594 [Au9.,

2195 3607 2455 3678 scriptum
2501 3607 2642 3680 esse]
2672 3626 2684 3662 :
2718 3607 2785 3662 In
2816 3609 3138 3680 multiloquiu
3185 3627 3287 3665 non
3321 3612 3534 3681 eﬁ‘ugies
3573 3628 3771 3682 parca.—

2194 3708 2304 3752 tum
2331 3696 2511 3768 (Prov.
2536 3714 2588 3764 x,
2620 3697 2726 3767 l9).
2774 3698 2878 3754 Sed
2917 3699 3120 3753 utinam
3161 3699 3500 3770 praedicando
3530 3702 3754 3756 verbum

2197 3795 2365 3851 tuum,
2389 3796 2444 3841 et
2464 3787 2728 3843 laudando
2758 3796 2829 3852 te,
2854 3777 3218 3844 tantummodo
3232 3786 3522 3858 loquerer:
3549 3806 3652 3845 non
3677 3808 3761 3845 so-

2196 3875 2304 3930 lum
2351 3877 2593 3949 fugerem
2638 3888 2938 3950 peccatum,
2984 3880 3079 3936 sed
3120 3882 3371 3937 meritum
3409 3873 3608 3938 bonum
3663 3901 3757 3941 ac-

2196 3969 2492 4037 quirerem;
2517 3971 2908 4039 quantumlibet
2936 3973 3246 4039 meruisses,
3281 3973 3532 4044 loquerer
3567 3974 3749 4048 [Aug.,

2195 4059 2489 4129 quamlibet
2521 4059 2745 4135 multum
2781 4062 2858 4118 sic
2897 4062 3187 4138 loquerer].
3219 4065 3400 4136 Neque
3427 4069 3571 4122 enim
3597 4068 3758 4124 homo

2195 4149 2262 4205 de
2308 4159 2362 4206 te
2390 4151 2578 4208 beatus
2606 4162 2884 4222 peccatum
2927 4154 3242 4225 praciperet
3267 4170 3526 4229 germano
3555 4156 3608 4210 in
3650 4157 3756 4212 ﬁde

2197 4243 2307 4301 lilio
2348 4259 2469 4311 suo,
2506 4246 2595 4300 cui
2620 4246 2857 4315 scripsit,
2889 4244 3109 4302 dicens:
3139 4246 3381 4301 Prcedica
3410 4246 3636 4312 urbem,
3674 4250 3755 4303 in-

2194 4342 2277 4387 sta
2317 4343 2622 4404 opportuno,
2666 4333 2960 4402 inportune
3005 4331 3092 4404 (11
3124 4333 3256 4388 Tini.
3291 4350 3366 4400 sv,
3396 4335 3472 4406 2).
3505 4334 3755 4407 Nunquid

2195 4420 2458 4477 dicendus
2518 4429 2606 4476 est
2630 4421 2792 4476 istum
2827 4437 2932 4478 non
2967 4422 3192 4479 multum
3226 4425 3481 4490 luctuum,
3516 4426 3608 4497 qui
3645 4442 3753 4483 non

2191 4511 2361 4565 solum
2393 4518 2716 4585 opportune,
2763 4526 2949 4567 verum
2984 4513 3146 4567 etiam
3187 4515 3490 4584 importune
3529 4517 3752 4572 verbum

2193 4611 2338 4657 tuum
2387 4599 2629 4666 Domine,
2658 4613 2765 4657 non
2792 4603 3037 4660 tacebat?
3061 4603 3153 4658 sed
3182 4602 3303 4659 ideo
3329 4620 3434 4660 non
3465 4616 3583 4662 erat
3616 4606 3754 4662 mul-

2192 4695 2326 4768 tum,
2365 4691 2503 4771 quia
2555 4695 2768 4756 tantum
2819 4700 2937 4748 erat
2983 4694 3365 4748 necessarium.
3408 4694 3601 4751 Libera
3641 4712 3748 4764 me,

2187 4783 2328 4840 Deus
2367 4795 2566 4852 nam,
2600 4799 2630 4837 a
2679 4783 3029 4854 multiloquio,
3082 4784 3224 4856 quod
3278 4787 3455 4856 patior
3515 4787 3659 4844 intus
3694 4788 3749 4843 in

2187 4871 2363 4926 anima
2402 4877 2529 4935 mea
2561 4872 2759 4939 misera
2793 4873 2850 4928 in
2875 4882 3164 4944 conspectu
3200 4882 3314 4939 tuo,
3349 4883 3405 4931 et
3444 4877 3753 4948 confugien-

2187 4969 2294 5015 tem
2329 4961 2396 5026 ad
2425 4961 2849 5018 misericordiam
2888 4970 3054 5019 tuam.
3091 4962 3206 5019 Non
3235 4964 3379 5020 enim
3413 4965 3749 5036 cogitationi-

2186 5049 2286 5104 bus
2329 5061 2498 5118 taceo,
2525 5053 2690 5108 etiam
2728 5061 2914 5108 means
2940 5067 3072 5109 voce
3095 5051 3274 5126 [Aug.,
3305 5051 3567 5124 vocibus].
3607 5052 3675 5106 Et
3701 5050 3747 5104 si

2184 5143 2402 5214 quidem
2426 5159 2532 5200 non
2565 5143 2858 5214 cogitarem
2891 5143 2996 5199 nisi
3033 5144 3178 5216 quod
3209 5143 3445 5213 placeret
3478 5142 3595 5207 tibi.
3640 5157 3749 5198 non

2186 5237 2366 5304 utique
2390 5248 2636 5306 rogarem
2655 5241 2716 5287 ut
2740 5231 2922 5290 me‘ab
2964 5235 3066 5289 hoc
3115 5231 3449 5302 multiloquio
3468 5230 3742 5293 liberans.

2189 5323 2292 5380 Sed
2341 5324 2522 5378 multa:
2556 5329 2685 5379 sunt
2701 5322 3051 5392 cogitationes
3081 5335 3212 5376 mete
3235 5319 3389 5387 tales,
3430 5323 3620 5391 quales
3647 5334 3746 5376 no-

2188 5415 2254 5468 sti
2280 5413 2629 5480 cogitationes
2654 5411 2951 5475 ιιίιιιιὶιιιιιιιι
2971 5411 3223 5483 quoniam
3253 5427 3402 5467 vana:
3426 5420 3550 5469 sunt
3571 5410 3743 5484 (Ρωι.
