4262 6194
561 323 653 376 Gil

1365 322 1421 373 ll.
1466 320 1523 372 F.
1566 317 1789 372 ALBINI
1832 304 1960 369 Silii
2006 309 2276 365 ALCUINI
2316 308 2596 363 ()l’lilllibl
2636 298 2816 361 PARS
2855 305 2940 360 IV.
3002 280 3007 283 ν

3600 364 3605 370 ,
3690 307 3793 359 61?.

843 439 1002 508 126
1031 437 1171 507 xyw
1194 435 1322 509 HL,
1345 436 1514 495 Χυγυς
1540 434 1672 502 forte
1694 432 1791 502 leg.
1818 431 1950 494 λι-ο,
1968 431 2021 483 id
2043 438 2114 481 est
2138 428 2190 487 Ἀ
2217 424 2476 491 perculit;
2500 439 2666 491 quare
2717 422 3037 491 quotidianis
3064 422 3463 490 deceptiouibus
3491 420 3682 491 impius
3704 438 3794 477 ca-

1042 525 1301 597 [Christo]
1326 524 1593 594 myrrham
1622 532 1746 592 post
1773 523 2066 582 sabbatum,

772 617 1026 684 Quaedam
1060 616 1325 670 vehebant
1348 626 1628 683 compares
1655 612 1788 683 [ΑΛ.
1814 609 2050 681 corpori]
2080 649 2093 671 ,

772 709 917 775 Quas
951 708 1212 761 allocutus
1241 706 1462 775 angelus
1492 720 1505 756 :

781 800 973 854 Vivum
1000 798 1301 867 sepulcrum
1346 812 1450 850 non
1485 796 1612 865 tegit
1652 794 1783 865 [.4l.,
1830 794 2008 846 vivum
2047 806 2130 845 se-

1539 886 1749 958 [pulcro
1778 900 1881 939 non
1908 884 2058 955 tegi].

846 982 1033 1038 Ymuis
1059 984 1232 1037 venite
1253 979 1495 1036 dulcibus

776 1072 973 1128 Omnes
1002 1087 1260 1125 canamus
1284 1058 1556 1124 subditum

777 1162 974 1218 Christi
1006 1162 1278 1230 triumpho
1303 1168 1566 1214 tartarum
1594 1197 1609 1222 ,

776 1251 879 1318 Qui
911 1266 1009 1306 nos
1032 1250 1165 1323 [Al.,
1187 1251 1278 1320 qui
1302 1248 1418 1319 vos]
1444 1248 1671 1302 redemit
1693 1248 1954 1302 venditos.

848 1340 1031 1396 Zelum
1060 1340 1311 1397 draconis
1335 1339 1499 1394 invidi

777 1425 927 1496 Et‘os
953 1432 1124 1486 leonis
1149 1430 1366 1501 pessimi

776 1524 1015 1578 Calcavit
1042 1523 1233 1576 unicus
1261 1522 1376 1585 Dei,

781 1614 913 1669 Sese
939 1615 1030 1683 qui
1059 1614 1191 1685 [Al.,
1220 1613 1465 1684 seseque]
1490 1613 1642 1667 caelis
1672 1612 1919 1667 reddidit.

808 1719 817 1722 ‘
847 1705 1025 1759 Gloria
1056 1704 1208 1759 Patri
1230 1704 1464 1774 ingenito
1490 1744 1505 1769 ,

786 1798 968 1853 Gloria
991 1796 1278 1868 Unigenito
1308 1838 1322 1861 ,

782 1885 897 1941 Una
933 1902 1054 1939 eum
1079 1894 1266 1939 sancto
1294 1884 1499 1955 Spiritu

782 1974 838 2028 ln
869 1975 1192 2043 sempiterna
1216 1973 1429 2027 saecula.

1253 2102 1467 2141 ORATIO.

641 2198 862 2263 Pmsta,
891 2197 1134 2263 Domine,
1160 2186 1463 2271 legentibus
1501 2198 1817 2271 profectum,
1850 2197 2137 2268 qruereuti-

573 2288 674 2343 bus
700 2288 867 2359 legem
898 2298 1062 2352 tuam,
1090 2297 1433 2357 peccatorum
1458 2286 1697 2343 omnium
1722 2288 2091 2341 remissionem
2120 2304 2132 2338 :

574 2389 633 2435 ut
658 2382 749 2449 qui
774 2382 1037 2436 desiderio
1060 2396 1254 2452 magno
1276 2382 1343 2437 ad
1371 2381 1551 2436 lumen
1592 2380 1990 2443 Scripturarum
2023 2389 2138 2433 tua-

578 2488 694 2527 rum
719 2474 999 2542 pervenire
1026 2473 1290 2543 cupimus,
1336 2474 1494 2529 nullis
1522 2483 1758 2544 peccatis
1783 2475 2138 2544 caligantibus

577 2558 943 2619 obscur'emur.
978 2563 1200 2618 Attrahe
1222 2580 1321 2621 nos
1349 2566 1415 2617 ad
1445 2573 1495 2619 te
1524 2565 1720 2619 virtute
1743 2557 2140 2633 omnipotentis:

582 2667 701 2710 tuae.
720 2656 795 2709 Ne
818 2656 1089 2726 relinquas
1116 2672 1209 2710 sua
1230 2657 1499 2713 voluntate
1522 2659 1723 2729 vagari,
1747 2674 1880 2728 quos
1908 2659 2141 2728 pretioso

578 2746 833 2815 sanguine
861 2747 1148 2801 redemisti.
1175 2746 1465 2818 Imaginem
1492 2757 1636 2802 tuam
1664 2750 1715 2802 in
1740 2751 1895 2804 nobis
1937 2764 2041 2803 non
2070 2750 2141 2803 si-

578 2852 679 2891 nas
699 2836 1001 2902 obscurari,
1024 2853 1142 2905 qua:
1168 2838 1211 2892 si
1242 2846 1295 2893 te
1327 2848 1616 2909 praestante
1656 2840 1989 2903 defendatur,
2034 2856 2139 2895 non

564 2924 812 2988 'diabolo,
855 2940 959 2979 non
1001 2926 1155 2981 nobis
1177 2912 1338 2981 liceat
1365 2936 1453 2981 tua
1479 2928 1617 2983 dona
1642 2931 1985 2995 subvertere;
2017 2930 2139 2998 quia

579 3024 750 3070 totum
800 3017 987 3087 fragile
1012 3057 1026 3083 ,
1068 3017 1325 3087 quidquid
1360 3018 1458 3073 tibi
1503 3020 1691 3073 nititur
1733 3021 1969 3076 obviare.
2004 3017 2169 3075 Audi'

581 3124 700 3201 nos,
720 3108 805 3176 pie
830 3106 966 3171 Rex,
992 3116 1176 3171 contra
1208 3118 1428 3178 peccata
1470 3117 1700 3201 nostra;
1720 3112 1947 3197 etprius
1984 3113 2067 3166 in"
2111 3129 2141 3167 ³
2170 3124 2216 3186 C

582 3198 735 3257 nobis
760 3213 970 3253 remove
991 3240 1006 3261 ,
1028 3207 1314 3268 antequam
1344 3216 1441 3255 nos
1465 3214 1563 3269 per
1590 3216 1652 3254 ea
1684 3200 1827 3268 justo
1868 3201 2041 3272 possis
2084 3201 2138 3255 in

584 3299 671 3343 tua
701 3292 1093 3346 examinatione
1134 3294 1407 3348 damnare.
1454 3293 1591 3361 Quid
1620 3292 1772 3347 nobis
1797 3302 1979 3348 nostra
2012 3294 2140 3347 insi—

583 3377 763 3433 diatur
792 3379 1076 3447 iniquitas?
1100 3379 1238 3447 Quid
1258 3389 1444 3435 contra
1470 3396 1569 3446 nos
1594 3382 1786 3436 delicta
1809 3381 2142 3452 confligunt?

582 3468 896 3523 Creaturam
924 3478 1068 3523 tuam
1095 3464 1337 3524 evertere
1368 3471 1607 3540 cupiunt,
1630 3472 1719 3540 qui
1740 3471 1882 3525 nulla
1903 3473 2143 3525 substan—

584 3559 657 3613 tia
688 3559 936 3613 firmitate
970 3561 1383 3616 consistunt.....
1414 3560 1679 3626 diabolus,
1703 3576 1799 3614 cur
1822 3577 1918 3616 nos
1942 3562 2143 3615 insatu-

585 3650 738 3703 rabili
786 3649 967 3705 dolore
1009 3651 1393 3721 prosequitur?
1453 3649 1703 3720 Nunquid
1746 3650 1819 3704 illi
1865 3651 2146 3705 consilium

586 3742 831 3796 dedimus
852 3783 866 3806 ,
892 3752 950 3797 ut
978 3742 1070 3795 tibi
1116 3744 1339 3797 Domino
1387 3745 1646 3814 superbus
1674 3746 1968 3809 existeret,
1992 3754 2045 3798 et
2083 3747 2149 3801 de

591 3831 913 3885 beatitudine
941 3831 1135 3886 collata
1164 3826 1377 3885 caderet
1404 3873 1417 3895 ,
1461 3846 1582 3886 cum
1622 3840 1783 3899 tanta!
1820 3850 1921 3905 per
1958 3844 2010 3888 te
2042 3836 2151 3888 vir-

592 3922 721 3974 tutis
742 3922 965 3995 lnsignia
991 3922 1297 3990 possideret
1318 3923 1340 3975 ἲ
1362 3918 1600 3977 Suﬂiciat
1619 3924 1760 3991 quod
1783 3938 1879 3976 nos
1907 3923 1961 3976 in
1982 3922 2148 3977 Adam

662 4062 685 4087 ⁸
717 4052 827 4106 Hoc
852 4068 1067 4110 carmen
1094 4062 1268 4107 exstat
1292 4055 1390 4107 sub
1414 4054 1848 4109 nomineAlcuini
1874 4054 1925 4107 in
1952 4052 2152 4108 Libello

589 4123 953 4190 precationum
989 4122 1165 4176 Caroli
1208 4123 1352 4176 Calvi
1385 4163 1399 4185 ,
1442 4139 1508 4175 ex
1535 4125 1931 4189 codieeaureis
1964 4125 2155 4177 litteris

591 4193 791 4259 scripto
824 4200 878 4245 et
912 4190 1147 4261 pretiose
1176 4194 1445 4261 quondam
1468 4200 1658 4245 ornato
1680 4202 1841 4261 atque
1869 4192 1921 4245 in
1948 4194 2156 4246 Eiecto-

2230 514 2517 567 lumniator
2546 513 2883 580 insequitur?
2910 512 2977 566 Et
3006 512 3147 565 sicut
3194 510 3281 565 ille
3321 510 3666 582 fragilitatem
3698 530 3796 569 no-

2229 616 2394 661 stram
2421 622 2524 661 non
2568 605 2765 659 desinit
2810 607 3088 675 impetere,
3118 604 3189 657 ita
3234 603 3342 657 tuis
3384 605 3555 673 possit
3589 606 3796 660 viribus

2229 696 2483 751 confusus
2524 697 2829 751 abscedere.
2866 694 2981 749 Non
3009 696 3290 763 permittas
3316 734 3331 760 ,
3365 696 3505 749 bone
3554 696 3693 760 Rex,
3742 696 3794 750 in

2230 788 2384 840 nobis
2413 788 2765 841 saevissimum
2806 786 3012 841 hostem
3042 801 3138 840 sua
3159 794 3281 840 vota
3313 787 3601 856 complere,
3625 787 3714 857 qui
3743 798 3797 841 te

2229 878 2468 946 graviter
2492 878 2643 945 eligit
2668 876 2957 931 offendere.
2993 875 3132 942 Quid
3167 893 3265 931 nos
3289 876 3432 932 sicut
3457 877 3539 932 leo
3578 879 3803 948 rugiens

2231 967 2458 1022 circuit?
2479 966 2617 1033 Quid
2634 966 2892 1021 devorare
2930 967 3242 1021 contendit?
3272 964 3452 1021 Semel
3493 966 3565 1020 illi
3611 967 3663 1020 in
3707 969 3807 1023 ba-

2230 1056 2482 1125 ptismate
2513 1070 2670 1109 saeuo
2711 1056 3173 1119 renuntiavimus;
3225 1055 3391 1109 semel
3434 1056 3528 1109 tibi
3573 1054 3804 1110 Domino

2231 1148 2453 1202 credere
2486 1148 2713 1217 professi
2744 1162 2949 1201 sumus.
2978 1147 3137 1201 Tales
3177 1162 3274 1201 nos
3320 1162 3417 1217 per
3444 1156 3590 1201 tuam
3614 1144 3801 1201 defen-

2230 1238 2439 1292 sionem
2475 1238 2707 1292 concede
2730 1239 2953 1300 servari,
2986 1238 3172 1306 quales
3201 1252 3299 1291 nos
3326 1236 3444 1291 ﬁeri
3483 1251 3580 1305 per
3602 1251 3797 1305 aquam

2210 1333 2680 1403 "regenerationis,
2728 1332 2956 1387 Creator
3004 1332 3299 1395 altissime,
3344 1328 3665 1400 praestitisti.
3698 1329 3800 1396 Qui

2237 1427 2311 1478 tui
2368 1440 2487 1480 esse
2538 1426 2833 1493 cmpimus,
2883 1425 3045 1479 alium
3098 1424 3265 1477 Deum
3322 1424 3645 1502 nesciamus.
3688 1423 3802 1476 Tua

2234 1519 2405 1585 gratia
2434 1516 2692 1585 redempti
2736 1532 2919 1570 sumus
2943 1556 2957 1579 ,
2988 1524 3078 1569 tua
3120 1516 3371 1569 mandata
3392 1556 3406 1579 ,
3447 1516 3760 1569 te‘donante
3783 1551 3800 1577 ,

2239 1608 2516 1682 faciamus.
2550 1604 2607 1659 Si
2649 1621 2748 1660 nos
2778 1604 3039 1673 relinquis
3070 1646 3085 1669 ,
3142 1606 3523 1674 tergiversator
3577 1604 3799 1658 invadit.

2236 1700 2537 1753 indefessus
2562 1706 2721 1767 atque
2752 1698 3030 1767 impudens
3052 1711 3263 1765 semper
3284 1698 3510 1761 assistit,
3532 1697 3683 1759 lucra
3705 1712 3803 1752 sua

2166 1788 2211 1845 Β
2239 1797 2551 1858 computans
2582 1790 2843 1842 humanas
2878 1789 3080 1842 ruinas.
3110 1787 3389 1843 Blanditur
3426 1796 3485 1841 ut
3532 1784 3802 1857 decipiat,

2242 1880 2462 1947 instigat
2490 1888 2570 1931 ut.
2600 1878 2847 1948 perimat.
2901 1879 3129 1933 Maxime
3171 1894 3267 1948 per
3318 1894 3517 1948 corpus
3563 1886 3804 1933 nostrum

2238 1972 2447 2025 animas
2491 1971 2707 2039 decipit,
2733 1979 2786 2022 et
2810 1970 2883 2023 ita
2912 1970 3088 2024 labilis
3117 1986 3215 2039 per
3263 1970 3526 2025 desideria
3573 1970 3807 2023 humana

2237 2059 2551 2115 dill‘unditur
2571 2102 2585 2126 ,
2623 2069 2680 2114 ut
2710 2060 2850 2113 nulla
2880 2075 3015 2130 pene
3049 2058 3383 2130 providentia
3412 2100 3426 2125 ,
3471 2060 3616 2115 nullo
3658 2062 3809 2131 prius

2238 2150 2464 2204 consilio
2508 2152 2789 2205 sentiatur.
2825 2149 3065 2220 Longum
3090 2159 3174 2203 est
3201 2164 3298 2217 per
3343 2150 3549 2219 singula
3597 2150 3809 2204 discur-

2236 2237 2380 2293 rere.
2413 2240 2527 2292 Tali
2558 2240 2679 2307 quis
2704 2239 2875 2306 possit
2901 2238 3183 2299 obsistere,
3228 2238 3331 2291 nisi
3357 2247 3432 2300 tu,
3462 2238 3706 2302 Domine,
3734 2238 3809 2292 illi

2242 2328 2548 2382 decreveris
2581 2327 2843 2381 obviare?
2876 2326 3012 2395 Quid
3042 2326 3183 2381 enim
3226 2326 3290 2381 de
3322 2328 3477 2381 nobis
3499 2330 3689 2397 possit
3731 2326 3810 2383 fa-

2240 2435 2384 2481 cere,
2413 2420 2503 2488 qui
2538 2428 2585 2473 te
2614 2418 2665 2471 in
2692 2424 2875 2471 nostro
2896 2432 3121 2487 corpore
3149 2433 3312 2472 ausus
3338 2417 3439 2471 fuit
3464 2434 3561 2487 per
3588 2419 3810 2473 subdola

2242 2510 2671 2564 machinamenta
2704 2508 2952 2561 tentare?
2982 2508 3185 2561 Exaudi
3217 2522 3333 2568 nos,
3359 2523 3393 2561 ο
3427 2516 3607 2563 custos
3632 2508 3809 2563 homi¢

2243 2618 2389 2655 num.
2421 2601 2521 2654 Hic
2547 2616 2645 2653 nos
2676 2600 2742 2653 ab
2769 2600 2857 2653 illo
2882 2599 3208 2668 indulgentia
3234 2610 3321 2652 tua
3352 2599 3517 2652 libera
3536 2639 3551 2663 ,
3579 2600 3671 2667 qui
3715 2615 3813 2653 nos

2245 2695 2458 2748 trahere
2498 2694 2686 2746 nititur
2721 2694 2787 2746 ad
2828 2692 3149 2762 gehennam.
3182 2691 3313 2745 Cum
3344 2691 3433 2746 illo
3461 2699 3660 2747 sortem
3705 2706 3811 2747 non

2244 2787 2557 2849 habeamus,
2579 2792 2637 2838 ut
2657 2793 2856 2849 tecum,
2881 2783 3127 2848 Domine,
3156 2785 3353 2838 habere
3378 2784 3666 2853 possimus.
3684 2782 3815 2838 Vin-

2245 2868 2371 2931 dica'
2415 2876 2674 2931 fabricam
2731 2882 2873 2928 tuam
2907 2876 2974 2928 ab
3013 2872 3104 2928 illo
3138 2876 3506 2943 quiidestruit.
3538 2873 3813 2930 Dominari

2246 2965 2379 3019 alios
2418 2966 2462 3019 si
2505 2962 2708 3018 faciunt
2732 2963 2849 3033 [Ρη
2876 2964 2956 3018 sic
2974 2962 3146 3035 facit},
3164 2965 3255 3034 qui
3283 2981 3341 3020 se
3367 2967 3479 3034 ipse
3499 2965 3769 3019 damnavit
3796 2982 3811 3019 :

2249 3056 2341 3110 sed
2367 3055 2542 3124 potius
2568 3054 2653 3107 ille
2676 3070 2797 3107 cum
2820 3054 2931 3109 suis
2966 3063 3151 3124 pereat
3180 3095 3193 3119 ,
3236 3056 3327 3123 qui
3358 3057 3581 3123 perdere
3621 3064 3815 3111 cuncta

2612 3145 2812 3200 Ca’tera
2838 3145 3039 3200 desunt.

2474 3321 2729 3378 ORATIO
2767 3322 2829 3375 D.
2871 3321 3143 3377 ALCUlNl
3176 3322 3243 3375 ΙΝ
3281 3320 3504 3377 NOCTE
3536 3336 3582 3376 ι’.

2251 3474 2352 3540 Qui
2377 3473 2587 3544 placido
2614 3473 2666 3526 in
2691 3473 2851 3541 puppi
2882 3470 3133 3539 carpebat
3161 3479 3377 3541 pectore
3418 3485 3659 3523 somnum
3690 3510 3703 3532 ,

2321 3563 2629 3631 Exsurgens
2661 3561 2835 3613 ventis
2864 3560 3088 3628 imperat
3119 3569 3173 3612 et
3206 3559 3411 3629 pelago.

2255 3654 2414 3709 Fessa
2449 3654 2631 3707 labore
2662 3653 2811 3721 gravi
2840 3652 3085 3721 quamvis
3113 3651 3199 3703 hic
3227 3651 3467 3707 membra
3492 3649 3771 3716 quiescant

2323 3744 2402 3797 Ad
2426 3758 2483 3797 se
2504 3738 2765 3795 concedat
2784 3756 2877 3793 cor
2906 3739 3127 3807 vigilare
3156 3754 3355 3792 meum.

2256 3837 2402 3906 Ague
2430 3834 2545 3896 Dei,
2573 3832 2754 3885 mundi
2791 3832 2882 3899 qui
2917 3831 3143 3884 crimina
3178 3838 3367 3883 cuncta
3411 3828 3577 3883 tulisti
3608 3869 3623 3892 ,

2323 3925 2590 3980 Conserva
2626 3924 2862 3990 requiem
2893 3921 3038 3975 mitis
3064 3922 3130 3974 ab
3157 3908 3309 3975 hoste
3340 3935 3533 3975 meam.

2256 4057 2353 4110 rali
2384 4056 2708 4110 bibliotheca
2730 4054 3034 4108 Monacensi
3063 4062 3295 4123 servato.
3323 4068 3479 4121 quem
3509 4053 3645 4123 typis
3668 4066 3820 4123 man:

2258 4126 2405 4179 davit
2428 4124 2489 4178 Ρ.
2522 4124 2824 4177 Feliciauus
2856 4125 3138 4191 episcOpus
3174 4120 3482 4177 Scaldensis
3511 4120 3816 4193 liigolstadii

2258 4210 2399 4247 anno
2436 4194 2595 4261 1583,
2624 4195 2779 4257 in-8:.

1294 4537 1449 4606 127
1488 4508 2321 4626 OPUSCULUM
2378 4498 3123 4641 QUARTUM.

1149 4738 1621 4823 ALCUINI
1692 4740 1847 4819 DE
1931 4736 2463 4820 BAPTISMI
2532 4738 3269 4823 C/EREMONIIS

1420 4894 1535 4981 AD
1572 4920 1933 4984 ODUlNUli:
1990 4921 2562 4982 PRESBYTERUM
2606 4919 3007 4979 EPISTOLA.

671 5138 889 5189 Albinus
938 5130 1189 5198 magister
1247 5128 1353 5182 filio
1400 5094 1717 5182 charissimo
1761 5125 1973 5181 Oluino
2023 5123 2151 5195 [Μδ.
2188 5128 2228 5181 D
2258 5136 2309 5177 te
2347 5128 2625 5195 diligenter
2651 5143 2747 5194 per
2779 5128 2975 5180 donum
3020 5128 3106 5182 Dei
3140 5132 3351 5185 erudire
3378 5136 3606 5206 curavi),
3635 5138 3701 5189 ad
3736 5152 3838 5191 co-

606 5222 863 5285 Eimidl..,
896 5218 1173 5281 Oduuino;
1230 5216 1327 5270 Ms.
1364 5213 1695 5285 Rtg.Paris.
1719 5257 1734 5276 .
1765 5215 1993 5285 Adoino]
2025 5230 2168 5281 prrs-

604 5314 666 5379 by
678 5324 789 5365 tero
818 5310 1064 5364 salutem.

674 5402 805 5467 Quia
845 5400 1024 5455 divina
1068 5398 1302 5453 donante
1332 5395 1506 5464 gratia
1544 5397 1607 5447 ad
1653 5397 1703 5449 id
1738 5397 1943 5449 diutino
1972 5404 2023 5449 te
2052 5412 2168 5464 per-

605 5491 731 5543 duxi
760 5492 960 5544 labore.
984 5496 1045 5541 ut
1066 5484 1378 5542 sacerdotali
1410 5487 1609 5539 honore
1636 5483 1761 5553 [Μδ.
1796 5483 2041 5547 Einsidl.,
2070 5501 2159 5537 sa-

606 5580 889 5634 cerdotalis
915 5578 1155 5649 honoris]
1175 5579 1365 5649 dignus
1388 5576 1635 5630 habeatis
1658 5574 1741 5641 (Et
1775 5574 2021 5643 [utinam]
2052 5585 2157 5626 tam

608 5669 879 5739 eleganter
901 5668 1024 5721 illud
1046 5668 1097 5719 iu
1126 5668 1282 5721 dumo
1303 5666 1394 5719 Dei
1422 5666 1690 5718 ministres
1717 5663 1966 5724 ollicium,
1998 5678 2155 5730 quam

2268 5218 2626 5283 gnoscendum
2656 5218 3023 5271 rationabilem
3043 5223 3180 5273 sacri
3200 5222 3537 5289 baptismatis
3560 5224 3825 5289 ordinem,
3882 5229 3897 5246 ‘

2267 5306 2331 5357 de
2360 5308 2669 5359 ministeriis
2706 5308 2829 5375 Uis.
2866 5310 3085 5361 Iiiusidl.
3110 5353 3122 5369 ,
3154 5314 3443 5383 mysteriis]
3481 5316 3640 5369 totius
3668 5315 3824 5369 ollicii

2268 5397 2359 5448 tibi
2392 5398 2622 5448 breviter
2664 5398 2897 5451 St'rllit‘l‘c
2940 5406 3096 5461 mini,
3126 5413 3183 5453 ut
3208 5417 3502 5468 cognoscas
3540 5420 3696 5473 quam
3734 5424 3827 5460 ne-

2266 5485 2557 5538 cessarium
2585 5485 2651 5536 sit
2686 5487 2809 5538 nihil
2836 5490 3237 5553 pra‘u-rinitterc
3265 5490 3403 5555 quod
3436 5507 3463 5543 a
3498 5495 3696 5547 sanctis
3728 5492 3828 5545 Pa-

2266 5576 2432 5627 tribus
2458 5584 2724 5643 sumptum
2757 5586 2837 5629 est
2868 5577 3042 5645 [."ss.,
3086 5590 3374 5645 statutum;
3425 5584 3520 5638 aL.
3563 5584 3825 5639 constitu-

2266 5676 2373 5721 mm
2407 5664 2509 5733 est]
2538 5664 2588 5716 in
2620 5664 2706 5715 illo
2731 5664 2918 5719 ollirio.
