4262 6270
498 380 603 432 615

1237 409 1240 413 ~
1293 341 1613 428 ftitlIUIdA.
1657 405 1724 413 —-
1762 373 1963 428 LIBI‘III
1998 372 2083 428 DE
2127 370 2547 428 VIR'I‘UTIBUS
2585 370 2673 425 ΕΤ
2718 369 2934 424 ΧἸἹἩΒ.
2976 394 2979 400 λ

3648 367 3752 422 (ἶΙῶ

568 504 594 533 α
633 490 815 547 Primo
840 506 1079 561 paganus
1119 489 1539 543 catechumenus
1580 486 1667 551 ﬁt;
1705 486 1969 541 accedens
1998 485 2065 539 ad
2096 490 2142 548 Α
2172 482 2442 537 mersione
2469 480 2791 550 baptizatur.
2838 478 2903 533 Et
2938 485 3086 533 recte
3123 476 3304 539 homo,
3337 474 3427 544 qui
3466 473 3529 526 ad
3569 475 3755 546 imagi-

495 582 821 652 haptismum
848 581 1081 655 maligno
1117 577 1599 657 rennutiat_[.'liss.,
1639 575 1931 647 renuntiet]
1959 575 2069 644 spi-

496 673 623 731 ritui
664 680 721 728 et
755 671 1003 727 omnibus
1047 669 1337 725 damnosis.
1371 669 1488 743 ejus
1514 676 1580 721 et
1618 664 1759 736 [Alt
1780 673 1836 719 et
1875 663 2092 743 amita].

495 765 728 836 pompis.
754 761 1075 818 Exsuﬁlatur
1098 761 1262 815 etiam
1284 768 1365 825 ut,
1387 761 1567 831 fugato
1594 759 1826 825 diabolo,
1854 758 2072 815 Christo

497 855 726 910 Domino
753 853 884 925 [Al.',
909 852 1042 924 Deo]
1073 860 1292 922 paretur
1314 852 1583 907 introitus.
1613 850 1983 915 Exorcizatur,
2018 849 2071 904 id

498 953 605 1011 est,
619 945 932 1014 conjuratur
956 942 1222 1013 malignus
1243 943 1487 1013 spiritus,
1509 950 1569 996 ut
1582 949 1743 997 exeat
1760 948 1816 995 et
1828 939 2069 1004 recedat,

498 1036 636 1091 dans
697 1036 872 1091 locum
932 1035 1043 1088 Deo
1091 1048 1240 1097 vero,
1294 1034 1505 1103 Accipit
1562 1032 2073 1088 catechumenorum

500 1124 629 1198 st.
651 1122 819 1191 Fris.,
848 1122 1290 1196 catechumenos]
1318 1123 1509 1188 salem,
1529 1132 1591 1177 ut
1614 1122 1827 1193 putrida
1849 1131 1905 1176 et
1931 1118 2073 1176 ﬂuxa

502 1215 616 1284 ejus
656 1223 874 1286 peccata
924 1216 1205 1284 sapientiae
1238 1213 1372 1279 sale,
1409 1214 1591 1281 divino
1632 1226 1878 1276 munere,
1921 1227 2077 1266 mun-

501 1308 715 1361 dentur.
746 1306 950 1381 Deinde
985 1303 1213 1377 symboli
1244 1304 1522 1374 apostolici
1570 1301 1799 1358 traditur
1836 1304 1886 1359 ei
1917 1302 2071 1369 ﬁdes,

502 1406 564 1454 ut
595 1414 766 1453 vacua
800 1400 1010 1462 domus,
1046 1406 1103 1453 et
1142 1414 1175 1452 a
1212 1399 1393 1468 prisco
1436 1397 1742 1452 habitatore
1790 1395 2071 1460 derelicta,

505 1486 609 1544 ﬁde
634 1496 875 1553 ornetur,
922 1496 978 1542 et
1011 1496 1069 1542 ut
1112 1495 1440 1557 praeparetur
1483 1487 1748 1543 habitatio
1786 1487 1896 1541 Deo
1942 1486 2070 1558 [Μσ.

507 1579 660 1651 Reg.,
692 1579 832 1651 Dei].
866 1579 1015 1634 Tunc
1053 1579 1191 1634 ﬁunt
1224 1579 1511 1645 scrutinia,
1541 1588 1604 1653 ut
1625 1579 1938 1650 exploretur
1961 1595 2077 1635 ser-

505 1686 624 1736 vus,
652 1686 721 1726 an
754 1669 930 1742 [Hss.,
956 1670 1262 1740 exploretur
1279 1671 1474 1740 saepius
1497 1666 1659 1741 quam
1685 1670 1934 1744 ﬁrmiter]
1956 1681 2080 1742 post

2169 587 2293 628 nem
2319 580 2522 626 sancta:
2543 569 2828 624 Trinitatis
2853 567 3101 623 conditus
3121 574 3225 630 est,
3241 581 3338 636 per
3359 565 3753 619 invocationem

2171 668 2373 716 sanctae
2398 658 2679 713 Trinitatis
2721 657 2790 712 ad
2826 657 3074 724 eamdem
3103 654 3748 726 renovatur-imaginem.
3830 718 3835 723 Α

2171 751 2238 806 Et
2265 751 2390 820 quia
2426 750 2589 805 tertio
2619 748 2748 821 [Al.,
2777 748 2871 817 qui
2902 747 3077 819 terno]
3117 747 3285 818 gradu
3318 745 3548 816 peccati,
3588 745 3642 800 id
3668 748 3756 800 est

2171 856 2440 897 consensu
2467 882 2482 906 ,
2521 839 2718 915 cecidit
2760 839 2814 892 in
2867 846 3135 901 mortem,
3190 836 3355 891 tertio
3399 835 3640 890 elevatus
3686 836 3755 889 de

2163 931 2321 987 fonte
2362 946 2459 1001 per
2486 931 2711 1001 gratiam
2752 933 3000 999 resurgat
3039 925 3165 999 [31s.
3208 925 3357 997 Reg.,
3390 925 3655 999 resurget]
3687 927 3755 981 ad

2176 1023 2360 1076 vitam.
2389 1020 2539 1075 Tunc
2561 1020 2698 1075 albis
2732 1018 2973 1074 induitur
2993 1018 3349 1083 vestimentis,
3384 1028 3601 1087 propter
3621 1033 3754 1088 gau-

2174 1111 2318 1166 dium
2343 1110 2788 1181 regenerationis,
2818 1126 2881 1164 ac
2924 1110 3232 1164 castitatem
3273 1110 3411 1170 vite,
3444 1117 3500 1162 et
3527 1106 3756 1179 angelici

2173 1206 2476 1278 splendoris
2505 1206 2772 1260 decorem.
2814 1204 2965 1258 Tunc
2985 1218 3142 1259 sacro
3161 1203 3455 1258 chrismate
3473 1211 3635 1270 caput
3655 1216 3754 1254 uu-

2173 1300 2318 1371 gitur
2338 1297 2488 1371 [Ms.,
2512 1295 2871 1368 perungitur],
2907 1304 2963 1350 et
2983 1296 3212 1366 mystico
3235 1294 3432 1365 tegitur
3452 1291 3753 1354 velamine;

2174 1398 2235 1444 ut
2281 1390 2541 1460 intelligat
2581 1404 2638 1445 se
2671 1389 2918 1443 diadema
2948 1388 3102 1458 regni
3123 1394 3177 1455 ,et
3218 1384 3506 1440 sacerdotii
3535 1382 3761 1454 dignita-

2176 1490 2287 1538 tem
2315 1490 2654 1552 portaturum
2686 1480 2864 1552 [Mss.,
2911 1478 3173 1550 portare],
3209 1475 3363 1546 juxta
3388 1473 3703 1546 Apostolum
3737 1490 3752 1528 :

2185 1574 2290 1630 Vos
2315 1578 2438 1631 estis
2464 1592 2626 1646 genus
2657 1574 2831 1645 regale
2867 1582 2915 1629 et
2938 1571 3266 1629 sacerdotale
3283 1613 3299 1639 ,
3320 1572 3614 1647 .oﬁ‘erentes
3640 1584 3758 1622 ros-

2176 1678 2280 1725 met
2308 1667 2533 1722 Domino
2563 1665 2709 1739 [Ms.,
2739 1666 2848 1721 Deo
2878 1664 3016 1737 vivo]
3040 1667 3265 1719 hostium
3297 1672 3534 1718 sanctam
3566 1670 3613 1715 et
3644 1659 3754 1739 Deo

508 1737 961 1818 renuntiationem
995 1737 1213 1818 Satanae
1259 1737 1417 1818 sacra
1455 1737 1620 1818 verba
1661 1761 1800 1817 datae
1833 1737 1969 1819 ﬁdei
1992 1778 2079 1817 ra-
2178 1759 2465 1832 placentem
2492 1757 2545 1831 (I
2567 1737 2719 1813 Petri
2744 1775 2804 1824 ιι,
2829 1759 2895 1824 9;
2925 1757 3202 1822 Romam,
3226 1755 3298 1828 Ι).
3338 1754 3430 1810 Sic
3453 1745 3678 1823 corpore
3700 1737 3757 1807 et

507 1852 702 1906 dieitus
754 1854 914 1907 corde
964 1853 1230 1911 deﬁxerit.
1287 1854 1606 1925 Tanguntur
1656 1862 1713 1909 et
1761 1868 1960 1917 nares,
2014 1862 2077 1908 ut
2106 1842 2150 1901 B
2180 1852 2441 1922 sanguine
2481 1844 2761 1904 Dominico
2802 1849 3176 1913 conﬁrmatur,
3207 1853 3267 1900 ut
3295 1845 3435 1900 illius
3460 1844 3534 1898 sit
3561 1841 3762 1918 capitis

505 1939 745 2010 quandiu
793 1941 1039 2011 spiritum
1096 1942 1317 1998 naribus
1354 1944 1555 2009 trahat,
1599 1943 1654 1998 in
1703 1943 1807 1997 ﬁde
1853 1937 2072 2012 accepta
2136 1940 2143 1945 ’
2180 1942 2482 1997 membrum
2511 1940 2605 2010 qui
2632 1954 2730 2009 pro
2760 1955 2825 1994 eo
2856 1936 2990 2011 (AL,
3023 1954 3122 2009 pro
3152 1935 3329 2008 nobis]
3372 1950 3565 2006 passus
3594 1940 3763 1988 estet

506 2030 776 2101 perduret.
818 2030 1012 2085 Pectus
1042 2046 1252 2101 quoque
1278 2032 1451 2087 eidem
1491 2031 1617 2104 [‘Ms.
1663 2029 1830 2096 Fris,
1858 2030 2071 2102 eodem]

508 2120 821 2190 perungitur
842 2120 977 2185 oleo,
1008 2130 1068 2174 ut
1089 2121 1243 2191 signo
1267 2128 1468 2175 sanctae
1491 2122 1671 2176 crucis
1691 2121 1904 2176 diabolo
1922 2121 2071 2175 elau~

416 2260 420 2263 _
507 2208 666 2284 datur
706 2210 997 2282 ingressus.
1041 2210 1335 2282 Signantur
1370 2218 1429 2266 et
1454 2196 1706 2280 scapulae,
1753 2218 1809 2264 ut
1838 2211 2075 2280 undique

507 2298 797 2352 numiatur.
828 2299 958 2353 Item
989 2300 1042 2354 in
1080 2300 1313 2369 pectoris
1358 2308 1413 2354 et
1457 2300 1689 2369 scapulae
1720 2300 1974 2355 unctione
2008 2301 2080 2356 si-

509 2394 705 2455 gnatur
742 2387 864 2442 ﬁdei
896 2389 1138 2453 ﬁrmitas,
1164 2399 1220 2444 et
1264 2405 1484 2459 operum
1529 2390 1788 2445 bonorum
1835 2404 2082 2460 perseve-

454 2472 463 2476 ’
508 2479 703 2532 rantia.
727 2478 793 2533 Et
818 2479 895 2534 sic
918 2480 972 2533 in
996 2482 1210 2534 nomine
1230 2489 1435 2535 sancta:
1472 2480 1753 2534 Trinitatis
1785 2482 1926 2534 trina
1949 2480 2078 2534 sub-

2167 2032 2495 2089 .resurrexit.
2539 2031 2841 2089 Novissime
2872 2047 2969 2102 per
2999 2030 3397 2101 impositionem
3436 2041 3691 2083 manuum
3725 2040 3757 2079 a

2180 2139 2391 2180 summo
2416 2122 2707 2179 Saeerdote
2732 2123 3061 2194 septiformis
3100 2122 3286 2192 gratia:
3315 2120 3575 2190 Spiritum
3613 2119 3761 2182 acci:

2181 2214 2278 2284 pit,
2310 2221 2371 2268 ut
2390 2214 2672 2269 roboretur
2692 2229 2789 2283 per
2811 2212 3071 2283 Spiritum
3098 2218 3345 2275 sanctum
3368 2209 3437 2263 ad
3457 2209 3759 2281 pradican—

2183 2303 2312 2359 dum
2340 2304 2479 2369 aliis,
2505 2305 2596 2373 qui
2622 2303 2724 2359 fuit
2757 2303 2812 2357 in
2842 2301 3107 2372 baptismo
3130 2314 3228 2371 per
3258 2288 3635 2372 gratiam‘vitae
3663 2297 3759 2353 do-

2188 2401 2348 2451 natus
2373 2401 2587 2447 aeternae
2609 2390 2740 2465 [Al.,
2763 2391 2938 2446 vita...
2962 2388 3206 2463 teterna].

579 2624 605 2652 ο
646 2610 778 2666 V’ide
820 2611 959 2667 inter
987 2611 1259 2683 supposita
1279 2611 1486 2668 librum
1521 2612 1587 2667 de
1617 2612 1813 2666 divinis
1856 2610 2074 2677 Oﬂiciis,
2114 2627 2233 2681 cap.
2270 2612 2361 2677 I9;
2395 2624 2446 2666 tl
2475 2612 2633 2681 cpist.
2665 2611 2750 2665 90.

1128 2904 1317 2994 .128.
1362 2890 1386 2919 ⁸
1446 2888 2288 3003 OPUSCULUM
2374 2887 3070 3020 QUINTUM.

1126 3048 1302 3175 ‘DE
1353 3091 2077 3214 VIRTUTIBUS
2130 3094 2284 3178 ET
2342 3093 2688 3178 vrrns
2761 3041 3114 3178 LIBER

1630 3273 1676 3332 Α
1689 3274 1740 3334 Ι)
1784 3273 2064 3334 WIDON
2075 3274 2182 3333 EM
2239 3272 2631 3333 COMITEM.

832 3489 1158 3547 EPISTOLA
1199 3483 1747 3541 NUNCUPATORIA.

584 3583 939 3641 Dilectissimo
987 3580 1115 3657 ﬁlio'
1143 3576 1371 3644 \V’idoni
1400 3575 1535 3647 [Al.,
1587 3571 1827 3644 iiuitoni]
1872 3574 2076 3638 comiti,

514 3676 918 3738 hu‘milislevita
943 3672 1196 3727 Aleuinus
1223 3669 1471 3725 salutem.

586 3769 787 3823 Memor
820 3780 942 3821 sum
984 3760 1260 3834 petitionis
1298 3768 1400 3813 tua:
1427 3766 1483 3812 et
1514 3755 1887 3826 promissionis
1926 3770 2078 3818 mese,

516 3873 621 3928 qua
666 3870 752 3909 me
795 3853 989 3910 obnixe
1029 3847 1301 3921 ﬂagitasti,
1346 3846 1520 3915 aliqua
1573 3853 1674 3898 tua:
1721 3838 2079 3913 occupationi,

515 3961 675 4016 quam
706 3955 757 3999 te
784 3945 838 3999 in
875 3943 1079 3997 bellicis
1116 3941 1276 3995 rebus
1303 3939 1503 3993 habere
1546 3938 1810 3999 novimus,
1835 3936 2085 3989 exhorta-

456 4095 460 4100 ,
517 4043 698 4092 menta
740 4032 872 4104 [Al.,
913 4031 1193 4099 aliquod...
1245 4023 1734 4095 exhortamentum]
1781 4023 1929 4082 brevi
1977 4038 2085 4077 scr-

512 4138 677 4184 mene
714 4119 1078 4183 conscribere,
1116 4126 1175 4171 ut
1203 4115 1418 4171 habeas
1445 4112 1575 4185 [.«Il.,
1606 4112 1853 4185 haberes]
1887 4111 2086 4183 jugiter

517 4215 659 4270 inter
708 4226 901 4270 manus
946 4208 1226 4264 manuales
1268 4205 1394 4279 [Al.,
1440 4206 1491 4259 in
1544 4204 1815 4277 manibus]
1845 4214 2086 4275 paternae

519 4300 895 4359 admonitionis
927 4299 1258 4361 sententias,
1306 4297 1358 4350 in
1404 4295 1597 4365 quibus
1645 4296 2088 4366 teipsnm.consi-

518 4397 709 4451 derare
738 4392 1015 4449 debuisses
1053 4388 1184 4462 [Al.,
1217 4385 1538 4458 potuisses],
1577 4396 1737 4457 atque
1772 4387 1837 4441 ad
1872 4394 2088 4441 aeterna:

520 4481 864 4538 beatitudinis
888 4480 1127 4536 excitate
1152 4476 1385 4537 studium
1415 4492 1429 4531 :
1466 4479 1550 4531 cui
1586 4486 1690 4532 tam
1729 4479 1966 4533 honestae
1992 4494 2086 4547 pe-

518 4570 696 4625 titioni
730 4568 960 4623 libenter
995 4582 1081 4621 me
1107 4582 1345 4621 annuere
1381 4566 1571 4631 fateor,
1608 4576 1802 4636 optans
1834 4582 1964 4621 mea:
1999 4568 2091 4622 de-

523 4661 753 4717 votionis
777 4660 958 4728 apices
989 4658 1083 4712 tibi
1118 4658 1186 4712 ad
1213 4667 1526 4727 perpetuam
1556 4659 1815 4729 proﬁcere
1838 4658 2085 4714 salutem.

476 4796 482 4801 .
519 4753 666 4821 Quos
691 4751 874 4815 etiam,
908 4747 1153 4818 quamvis
1195 4748 1373 4801 minus
1406 4748 1721 4814 eloquenter
1749 4750 1932 4805 videas
1966 4765 2089 4804 esse

519 4844 848 4914 compositos
885 4840 991 4915 [AL
1011 4882 1026 4906 ,
1072 4839 1353 4895 videantur
1384 4854 1506 4894 esse
1541 4839 1867 4912 compositi],
1892 4851 2087 4898 vtamen
2121 4831 2167 4889 Ι)

521 4934 824 4989 certissime
868 4935 1007 4988 scito
1063 4941 1266 4988 sanctae
1316 4932 1597 4987 charitatis
1642 4932 1829 5001 vigore
1872 4934 2093 4989 eosdem

523 5035 646 5077 esse
677 5021 922 5077 dictatas.
958 5017 1193 5092 Singulis
1224 5022 1486 5092 siquidem
1520 5019 1679 5089 hujus
1713 5023 1980 5077 sermonis
2008 5037 2093 5079 se-

525 5112 660 5165 riem
708 5110 929 5168 distinxi
981 5112 1257 5180 capitulis,
1314 5121 1579 5183 quatenus
1635 5106 1843 5175 facilius
1895 5123 2093 5169 vestra:

529 5198 635 5270 {AL
666 5198 791 5270 tute]
823 5199 1136 5257 devotionis
1157 5204 1431 5257 memoriae
1455 5205 1571 5257 inec
1596 5218 1715 5257 mea
1750 5202 1891 5256 dicta
1926 5203 2091 5269 inhae-

529 5303 648 5345 rere
693 5289 1023 5360 potuissent;
1079 5290 1258 5345 sciens
1303 5298 1356 5345 te
1396 5293 1475 5347 ~in'
1513 5293 1693 5349 multis
1755 5291 2089 5348 stecularium

532 5393 710 5434 rerum
747 5380 1161 5451 cogitationibus
1193 5394 1528 5451 occupatum.
1571 5384 1721 5440 Unde
1748 5398 1936 5453 precor
1970 5400 2093 5439 san-

529 5473 676 5521 ctum
715 5469 902 5526 salutis
938 5478 1130 5525 vestrae
1154 5470 1295 5543 [ΑΙ.,
1331 5482 1533 5529 sanctae
1569 5476 1756 5530 salutis
1789 5474 1914 5545 tum]
1951 5476 2092 5531 desi-

533 5554 757 5619 derium,
787 5558 855 5613 ad
905 5561 1093 5615 harum
1128 5561 1350 5631 saepius,
1402 5565 1552 5631 quasi
1599 5565 1666 5619 ad
1700 5564 1967 5635 quoddam
2015 5581 2095 5621 re-

542 5734 552 5745 .
603 5666 975 5745 ‘_Yideantur,
1007 5685 1126 5745 quae
1159 5671 1224 5745 de
1260 5672 1363 5725 hoc
1387 5674 1643 5745 opusculo
1678 5674 2095 5745 praenotavimus

539 5734 595 5789 in
646 5734 842 5800 Manilo
898 5734 1114 5808 praevio.
1170 5740 1242 5794 Ea
1289 5734 1537 5809 quan-hic
1590 5734 1801 5807 uncinis
1844 5743 2097 5800 conclusa

2114 3481 2162 3542 C
2191 3492 2408 3535 currere
2460 3481 2729 3549 solatium,
2768 3476 3071 3540 litterarum
3100 3486 3421 3559 lectionem;
3460 3504 3518 3547 ut
3554 3496 3767 3554 animus

2180 3571 2543 3626 exterioribus
2564 3571 2819 3644 fatigatus
2847 3575 3131 3643 molestiis,
3166 3579 3235 3634 ad
3255 3581 3490 3649 seipsum
3513 3592 3767 3640 reversus

2183 3662 2418 3727 habeat,
2472 3664 2524 3717 in
2557 3679 2663 3728 quo
2693 3666 2952 3734 gaudeat;
2988 3674 3049 3719 et
3083 3681 3192 3735 quo
3228 3671 3461 3724 maxime
3509 3671 3767 3728 festinare

2184 3753 2395 3815 debeat,
2436 3752 2715 3823 intelligat.
2755 3752 2905 3807 Sicut
2951 3769 3099 3809 meas
3123 3754 3254 3827 [AI.,
3293 3759 3435 3813 sicut
3465 3774 3566 3832 ego
3602 3778 3632 3816 a
3679 3779 3767 3819 me

2185 3839 2306 3911 has]
2337 3840 2623 3910 diligenter
2648 3840 2902 3912 ﬂagitasti
2934 3843 3036 3912 piae
3057 3847 3453 3905 exhortationis
3483 3851 3764 3919 litterulas,

2185 3928 2258 3982 ita
2298 3937 2351 3982 te
2377 3928 2651 3984 humiliter
2677 3931 2930 4000 deposco,
2968 3941 3029 3989 ut
3058 3938 3276 3992 easdem
3299 3942 3495 4012 saepius
3530 3942 3768 4016 relegere

2184 4016 2442 4088 digneris.
2473 4017 2554 4073 Ob
2589 4019 2690 4075 hoc
2719 4030 2885 4088 tuam,
2915 4024 3263 4086 dilectissime
3288 4030 3385 4097 ﬁli,
3424 4033 3765 4091 dilectionem

2185 4110 2381 4165 obnixe
2411 4111 2690 4181 deprecor,
2714 4121 2771 4167 ut
2800 4114 3028 4183 plurima
3065 4118 3158 4172 tibi
3183 4120 3296 4189 ipse
3322 4121 3454 4193 [Al.,
3481 4133 3541 4178 ut
3562 4130 3763 4194 optima

2188 4202 2283 4256 tibi
2329 4203 2452 4275 ipsi]
2498 4204 2961 4277 eleemosynarum
3003 4210 3308 4280 largitione,
3348 4225 3401 4267 et
3424 4213 3668 4282 judicum
3700 4233 3765 4272 ac

2181 4292 2500 4361 judiciorum
2535 4298 2809 4365 (equitate,
2836 4306 2891 4351 et
2916 4301 3297 4356 misericordiae
3322 4303 3625 4373 sedulitate,
3658 4322 3767 4363 cte-

2188 4384 2340 4438 lestis
2372 4383 2551 4453 gloria:
2577 4385 2967 4457 habitationem
2993 4388 3264 4449 indefessa
3312 4394 3583 4451 voluntate
3627 4401 3766 4467 prai-

2187 4489 2378 4547 parare
2423 4477 2657 4531 studeas.
2693 4476 2751 4531 In
2781 4494 2890 4548 quo
2923 4494 3084 4550 opere
3114 4490 3169 4537 et
3199 4483 3468 4541 desiderio
3498 4476 3555 4541 te
3584 4488 3764 4544 divina

2189 4569 2472 4624 clementia
2521 4584 2736 4638 semper
2781 4571 2978 4642 ubique
3023 4573 3275 4644 adjuvare
3321 4579 3570 4653 dignetur
3604 4566 3757 4653 ‘ldile-

2188 4660 2429 4715 ctissime
2461 4659 2579 4731 ﬁli].

2570 4789 2727 4861 129
2763 4791 2989 4850 CAPUT
3031 4796 3297 4853 PRIMUM
3338 4800 3384 4851 ι’.

2790 4904 2867 4959 De
2893 4908 3167 4976 sapientia.

2266 5024 2501 5079 Primum
2531 5024 2661 5096 [Αι.,
2693 5027 2897 5100 Primo]
2921 5031 3159 5083 omnium
3183 5032 3527 5099 quaarendum
3556 5035 3760 5095 homini

2192 5121 2275 5167 est
2308 5130 2424 5182 qua:
2450 5114 2519 5167 sit
2562 5130 2687 5169 vera
2730 5116 2952 5171 scientia
2996 5131 3228 5186 veraque
3263 5122 3523 5189 sapientia
3570 5142 3582 5176 :
3636 5132 3762 5194 quia

2192 5204 2451 5274 sapientia
2474 5204 2631 5274 hujus
2657 5205 2838 5258 mundi
2860 5203 3083 5259 stultitia
3107 5216 3182 5260 est
3205 5209 3346 5277 apud
3369 5210 3533 5264 Deum
3560 5209 3608 5282 (1
3622 5209 3758 5269 Cor.

2193 5310 2276 5357 tu,
2309 5294 2413 5365 19).
2454 5294 2691 5349 Seientia
2740 5308 2867 5349 vera
2906 5304 2990 5350 est
3028 5299 3296 5355 a‘diaboli
3346 5303 3594 5365 servitio,“
3616 5307 3758 5373 quod

2194 5393 2321 5449 sunt
2379 5392 2643 5453 peccata,
2714 5386 3000 5453 recedere;
3071 5400 3127 5445 et
3197 5393 3485 5461 sapientia
3523 5393 3764 5460 perfecta

2193 5482 2278 5529 est
2317 5473 2481 5527 Deum
2516 5473 2692 5529 colere
2719 5477 3012 5533 secundum
3051 5481 3423 5535 mandatorum
3452 5481 3593 5538 illius
3616 5486 3762 5539 veri-

2196 5573 2361 5619 tatem
2409 5584 2419 5617 :
2470 5565 2593 5634 quia
2634 5565 2687 5619 in
2729 5566 2813 5622 his
2860 5568 3066 5625 duobus
3103 5570 3231 5641 (AL,
3280 5571 3428 5635 add‘.,
3472 5574 3761 5645 mandatis]

2196 5677 2538 5753 exhiucntur,
2580 5692 2645 5731 ex
2699 5680 2863 5735 variis
2920 5678 3236 5753 «)deis
3277 5683 3757 5753 ‘dcprompsimus.

2272 5746 2299 5786 δ
2338 5745 2448 5800 Hoc
2477 5756 2636 5816 caput
2660 5764 2785 5818 pars
2805 5759 2889 5804 est
2916 5751 3179 5806 sermonis
3206 5751 3309 5807 303
3341 5745 3395 5807 S'.
3425 5745 3721 5823 Augustini.
