4262 6194
648 407 750 463 615

1438 401 1506 459 Β.
1541 398 1606 455 F.
1648 397 1865 454 ALBN
1905 400 2038 454 SiIU
2079 394 2343 450 ALCITIXI
2385 393 2662 452 OI‘ERIIM
2702 394 2878 451 PARS
2914 391 2999 451 IV.

3736 393 3838 457 616

645 523 753 573 vita
789 519 942 573 beata
979 517 1289 585 acquiritur,
1326 514 1464 567 sicut
1491 514 1770 568 Psalmisla
1820 515 1894 565 ait
1934 532 1944 564 :
1986 512 2184 565 Dirertc
2215 514 2262 570 Α
2291 512 2427 562 mino
2457 510 2583 580 [.-\l.,
2613 511 2763 583 Deo],
2789 521 2843 564 ut
2864 513 2950 581 qui
2975 510 3140 580 diiigit
3166 509 3440 564 Dominum
3471 511 3600 583 [.il.,
3628 513 3835 580 Deum),

644 628 674 662 a
702 607 839 662 malo
878 616 926 660 et
971 606 1053 674 {ac
1096 606 1279 658 bonum
1318 603 1486 675 (Psal.
1523 620 1711 665 xxxiii,
1748 605 1854 672 l5).
1894 603 2006 658 Non
2047 604 2189 656 enim

645 696 838 752 sufﬁcit
865 697 1108 765 cuiquam
1146 694 1284 748 mala
1307 708 1412 748 non
1448 694 1642 761 facere,
1666 695 1770 746 nisi
1793 695 1953 748 etiam
1973 702 2028 748 et
2052 694 2190 747 bona

646 790 844 845 faciat:
879 804 978 844 nec
1033 787 1173 842 bona
1222 787 1423 852 facere,
1469 789 1570 842 nisi
1615 788 1773 842 etiam
1809 795 1864 842 et
1907 788 2042 842 mala
2085 803 2190 842 non

643 879 942 934 committat
963 877 1068 949 [Αι.
1097 884 1153 931 et
1177 877 1314 931 mala
1350 876 1597 946 amittat].
1623 875 1808 930 Omnis
1833 893 1962 938 ergo
1999 878 2088 931 aui
2115 878 2191 930 sic

642 967 857 1037 sapiens
884 974 994 1028 est,
1031 965 1214 1035 procul
1245 965 1404 1020 dubio
1432 965 1620 1019 beatus
1655 966 1760 1018 erit
1796 966 1848 1018 ἰι.
1898 978 2190 1030 aeternum;

643 1059 798 1114 beata
828 1058 1086 1127 siquidem
1121 1055 1273 1128 [vita]
1299 1064 1382 1112 est
1409 1055 1643 1127 cognitio
1667 1055 1985 1120 divinitatis;
2016 1058 2193 1127 cogni-

646 1149 718 1202 tio
749 1145 922 1220 [vero]
956 1148 1249 1202 divinitatis
1289 1147 1458 1200 virtus
1490 1145 1615 1199 boni
1649 1145 1826 1213 operis
1860 1153 1945 1199 est
1978 1163 1990 1197 :
2024 1147 2194 1199 virtus

645 1239 765 1294 boni
795 1239 970 1307 operis
999 1237 1202 1292 fructus
1231 1245 1314 1292 est
1343 1245 1556 1291 aeternae
1585 1235 1944 1290 beatitudinis.

1256 1343 1477 1399 CAPUT
1513 1343 1573 1396 ll.

1297 1453 1373 1507 De
1401 1452 1522 1520 ﬁde.
1563 1422 1572 1426 ’

713 1567 819 1624 Sed
851 1570 965 1624 lucc
1007 1561 1240 1638 cognitio
1277 1566 1570 1619 divinitatis
1612 1570 1667 1619 et
1703 1562 1922 1619 scientia
1954 1566 2193 1619 veritatis

643 1675 738 1729 per
780 1657 936 1712 iidem
976 1655 1291 1712 catholicam
1331 1649 1582 1708 discenda
1632 1663 1743 1717 est;
1780 1650 1902 1723 quia
1941 1657 2050 1708 sine
2092 1655 2195 1722 [ide

2289 598 2467 666 diligat
2497 609 2543 651 et
2581 601 2868 669 proximum
2899 599 2948 670 (l
2974 599 3132 654 Joan.
3164 617 3234 662 tv,
3267 601 3374 671 2|).
3403 601 3459 656 Si
3491 603 3629 658 forte
3659 605 3840 673 quisli-

2289 690 2379 742 bet
2404 698 2605 758 quaerat
2625 691 2744 760 quis
2765 691 2833 744 sit
2857 691 3147 759 proximus,
3183 691 3316 744 sciat
3343 706 3556 746 omnem
3590 692 3843 749 Christia-

2291 795 2418 832 num
2453 789 2593 833 recte
2635 780 2932 848 prosinutm
2956 779 3078 842 dici,
3109 781 3232 849 quia
3267 794 3453 835 omnes
3487 782 3541 835 in
3576 781 3840 852 baptismo

2291 868 2380 922 lilii
2412 868 2503 922 Dei
2530 868 2944 933 sanctiﬁcamur,
2971 877 3030 921 ut
3065 868 3258 924 fratres
3289 871 3458 924 simus
3493 871 3838 940 spiritualitet

2292 957 2344 1011 in
2378 957 2640 1010 charitate
2674 945 2924 1026 perfecta.
2966 957 3200 1012 Nobilior
3247 966 3330 1012 est
3370 960 3645 1034 generatio
3688 960 3848 1031 spiri-

2290 1047 2450 1101 tualis
2479 1063 2638 1116 quam
2667 1049 2925 1111 carnalis,
2955 1047 3020 1102 de
3043 1063 3147 1118 qua
3188 1049 3240 1102 in
3274 1049 3562 1121 Evangelio
3594 1050 3707 1119 ipsa
3738 1049 3840 1106 Ve-

2291 1138 2423 1190 ritas
2449 1137 2522 1189 ait
2555 1155 2568 1188 :
2617 1123 2734 1190 Nisi
2779 1138 2892 1207 quis
2932 1147 3140 1193 renatus
3175 1137 3306 1210 [Al.,
3357 1140 3534 1211 natus]
3580 1141 3736 1209 fuerit
3775 1152 3839 1194 ex

2291 1243 2428 1295 aqua
2465 1236 2512 1279 et
2548 1224 2743 1296 Spiritu
2778 1226 3036 1298 [sancto],
3065 1246 3166 1282 non
3191 1239 3354 1299 potest
3403 1232 3619 1284 introire
3657 1231 3710 1285 in
3753 1248 3836 1285 re-

2290 1334 2445 1386 gnum
2479 1318 2574 1372 Dei
2601 1317 2781 1389 (Joan.
2809 1335 2888 1381 ιιι.
2920 1321 2995 1386 5).
3026 1321 3204 1391 Discat
3232 1322 3392 1377 homo
3421 1338 3537 1391 qua:
3563 1333 3685 1378 sunt
3703 1339 3842 1395 prm-

2293 1416 2440 1476 cepta
2462 1408 2577 1470 Dei,
2607 1416 2661 1462 et
2690 1425 2750 1462 ea
2773 1410 3038 1464 custodiat
3061 1418 3321 1489 quantum
3344 1411 3521 1466 valeat
3553 1430 3564 1464 :
3599 1421 3654 1466 et
3675 1413 3754 1467 sic
3781 1426 3839 1468 se

2291 1508 2576 1567 cognoscat
2618 1499 2930 1554 cbaritatem
2975 1501 3067 1555 Dei
3120 1501 3334 1557 habere.
3383 1501 3618 1569 Quorum
3665 1504 3838 1574 aliqua

2268 1596 2397 1658 ~tua:
2427 1585 2726 1652 ostendere;
2753 1589 3094 1644 dilectissime
3121 1589 3214 1653 iiIi,
3237 1592 3501 1646 devotioni
3529 1593 3839 1648 nominatim

2294 1676 2513 1738 curabo.
2542 1685 2599 1730 ut
2630 1680 2812 1747 paucis
2837 1679 3116 1735 intellectis
3137 1680 3266 1752 [Al.,
3293 1681 3606 1756 perspectis]
3635 1682 3842 1739 facilius

643 1744 951 1823 impossibile
979 1754 1053 1800 est
1077 1739 1277 1814 placere
1311 1738 1415 1797 Deo
1442 1742 1624 1841 (Hebr:
1649 1760 1725 1806 XI,
1751 1743 1825 1812 6).
1852 1736 1986 1797 Vere
2008 1745 2193 1798 beatus
2224 1825 2232 1841 ‘

2248 1825 2268 1841 ‘
2294 1767 2514 1822 aliorum
2548 1768 2768 1823 virtutes
2794 1770 3085 1841 intelligere
3113 1771 3290 1827 valeas
3317 1772 3363 1826 ι’.

643 1845 743 1900 est,
771 1835 861 1904 qui
885 1843 939 1889 et
965 1841 1106 1888 recte
1127 1833 1391 1887 credemlo
1411 1829 1547 1886 bene
1569 1827 1714 1894 vivit,
1738 1840 1793 1884 ct
1809 1831 1942 1884 bene
1969 1830 2193 1884 vivendo
2224 1825 2269 1884 Β

644 1925 802 1980 ﬁdem
836 1932 1037 1979 rectam
1078 1921 1330 1976 custodit.
1370 1921 1534 1990 Igitur
1563 1918 1701 1974 sicut
1741 1922 1908 1973 otiosa
1933 1928 2016 1973 est
2062 1921 2192 1974 ﬁdes

643 2016 760 2070 sine
788 2014 1036 2085 Operibus
1064 2011 1281 2085 [bonis],
1313 2013 1383 2066 ita
1407 2012 1536 2067 nihil
1560 2007 1844 2082 proﬁciunt
1871 2027 2032 2079 opera
2055 2013 2190 2065 bona

643 2107 760 2161 sine
798 2103 900 2160 llde
935 2113 1096 2160 recta.
1138 2102 1288 2159 Unde
1329 2111 1384 2157 et
1430 2103 1616 2156 beatus
1653 2097 1881 2156 Jacobus
1925 2100 2193 2169 apostolus

641 2190 776 2249 dixit
801 2212 813 2248 :
849 2191 988 2259 Quid
1010 2192 1258 2264 proderit,
1287 2192 1475 2260 fratres
1498 2191 1614 2252 mei,
1653 2191 1698 2243 si
1724 2188 1876 2256 ﬁdem
1911 2190 2034 2257 quis.
2054 2188 2192 2240 dicat

642 2301 695 2338 se
731 2279 936 2345 habere,
974 2299 1130 2352 opera
1165 2292 1336 2335 autem
1372 2298 1475 2336 non
1510 2281 1668 2349 faciat
1699 2279 1885 2351 [Codd.
1923 2295 2051 2334 mss.
2100 2273 2194 2332 Ita~

643 2372 812 2444 beat]?
844 2371 896 2425 Ν
901 2390 968 2425 un
981 2369 1094 2442 quid
1119 2369 1302 2441 poterit
1325 2366 1453 2440 ﬁdes
1482 2371 1686 2424 salvete
1708 2370 1866 2422 eum?
1891 2360 2049 2450 Fides
2084 2369 2194 2423 sine

643 2462 877 2534 operibus
909 2469 1207 2526 mat-tuaest
1245 2458 1431 2532 [Codd.
1466 2475 1620 2523 mss.,
1666 2459 1832 2512 otiosa
1872 2458 1991 2529 est].
2048 2456 2193 2510 Sicut

641 2552 777 2604 enim
811 2566 995 2618 corpus
1019 2549 1129 2601 sine
1157 2549 1340 2617 spiritu
1367 2557 1625 2600 mortuum
1649 2556 1741 2608 est,
1770 2548 1842 2598 ita
1868 2556 1914 2598 et
1935 2545 2062 2614 ﬁdes
2087 2547 2194 2598 sine

645 2642 880 2713 operibus
914 2652 1116 2695 mortua
1139 2650 1211 2694 est
1245 2641 1382 2711 (Jac.
1413 2657 1475 2706 ιι,
1503 2641 1565 2694 Η
1588 2641 1750 2712 seqq.)
1782 2659 1793 2693 :
1821 2638 1884 2694 dc
1921 2638 2069 2707 cuiuis
2101 2655 2195 2694 ex—

643 2732 885 2788 cellentia
915 2741 999 2787 est
1034 2733 1249 2786 alterius
1280 2732 1529 2800 temporis
1574 2732 1872 2801 disputare;
1911 2732 2034 2801 quia
2071 2731 2193 2785 bre-

645 2821 890 2885 viarium,
919 2821 1058 2889 quod
1093 2823 1158 2876 de
1192 2821 1454 2875 mandatis
1491 2820 1582 2874 Dei
1611 2822 1705 2874 tibi
1739 2821 1919 2889 petisti
1954 2821 2197 2874 districto

645 2926 889 2966 sermone
913 2913 1026 2967 Ileri
1057 2925 1108 2978 ο,
1131 2911 1568 2983 profundissimas
1597 2913 1660 2966 de
1693 2912 1792 2965 fide
1824 2913 2082 2966 catholica
2110 2927 2196 2965 ra-

653 3000 824 3055 tiones
869 2998 1060 3072 [Edit.,
1109 3002 1398 3065 orationes,
1441 2999 1721 3070 mendose]
1768 3001 2034 3069 explicare
2090 3015 2193 3054 non

657 3090 872 3158 poterit.

883 3188 896 3199 ⁸
1248 3179 1469 3236 CAPUT
1507 3178 1588 3234 llI.

1232 3287 1305 3341 De
1349 3288 1615 3340 charitnte.

713 3396 770 3451 In
805 3398 1081 3467 prmeeptis
1116 3413 1242 3453 vero
1273 3391 1366 3452 Ι)όί
1412 3399 1644 3452 cbaritas
1687 3398 1892 3453 obtinet
1932 3398 2198 3466 principa-

647 3496 780 3551 tum,
809 3487 923 3542 sine
951 3485 1104 3554 cujus
1137 3486 1461 3556 perfectione
1497 3486 1627 3539 nihil
1657 3485 1764 3540 Deo
1796 3486 2008 3553 placere
2039 3501 2194 3554 posse

646 3574 839 3631 Paulus
863 3583 1091 3631 testatur
1118 3574 1392 3644 apostolus
1415 3572 1464 3644 (l
1486 3572 1604 3626 Cor.
1633 3572 1779 3643 ιιιι),
1804 3574 1893 3642 qui
1927 3587 2025 3626 nec
2057 3588 2198 3625 mar-

647 3672 842 3741 tyrium
877 3683 975 3724 nec
1004 3666 1179 3721 saeculi
1209 3671 1590 3733 contemptum,
1619 3678 1715 3717 nec
1740 3663 2196 3733 eleemosynarum

647 3761 1000 3832 largitionem,
1033 3758 1148 3812 sine
1193 3757 1470 3812 charitatis
1504 3753 1676 3809 oilicio
1713 3755 1996 3824 quidquam
2042 3755 2200 3824 proti-

548 3899 550 3902 ,
646 3867 768 3906 cere
797 3863 954 3918 posse
983 3846 1112 3917 [Al.,
1143 3845 1419 3916 prodesse]
1452 3845 1702 3900 ostendit.
1730 3845 1856 3899 Inde
1877 3853 1932 3899 et
1957 3845 2068 3913 ipse
2092 3844 2195 3896 Do.

647 3942 825 3997 minus
877 3955 905 3993 a
958 3937 1189 4007 quodam
1242 3937 1415 3990 scriba
1463 3937 1820 4005 interrogatus
1866 3935 2005 4003 quod
2057 3943 2201 3988 esset

649 4027 954 4084 mandatum
987 4026 1300 4088 maximum,
1332 4021 1608 4092 respondit
1645 4039 1657 4074 :
1697 4022 1886 4090 Diliges
1920 4022 2198 4076 Dominum

649 4117 813 4172 Deum
847 4126 992 4170 tuum
1024 4130 1086 4168 ea:
1109 4122 1216 4166 toto
1249 4111 1402 4165 corde
1433 4121 1540 4174 tuo,
1569 4121 1616 4164 et
1651 4126 1712 4163 ex
1741 4119 1846 4162 tota
1877 4111 2052 4163 anima
2087 4120 2194 4172 tua,

647 4219 696 4261 et
743 4225 807 4262 er.
849 4215 958 4260 tota
1002 4214 1168 4259 mente
1196 4213 1305 4257 tua.
1355 4201 1570 4255 Addidit
1601 4214 1812 4270 quoque
1849 4219 1860 4251 ε
1905 4198 2199 4254 Secundum

650 4305 820 4350 autem
855 4295 1020 4349 simile
1053 4303 1126 4347 est
1149 4292 1267 4345 huic
1292 4307 1309 4344 :
1339 4290 1533 4359 Diliges
1561 4291 1853 4359 proximum
1885 4299 2032 4344 tuum
2064 4293 2198 4345 sicut

649 4385 896 4455 teipsum;
923 4387 975 4437 in
1003 4383 1089 4437 his
1120 4383 1318 4435 duobus
1359 4381 1616 4435 mandatis
1650 4390 1758 4434 tota
1799 4379 1905 4435 Le:
1936 4381 2118 4452 pendet
2149 4389 2197 4434 et

2809 1893 2980 1970 130’
2997 1898 3220 1957 CAPUT
3257 1903 3341 1957 tv.

2951 2008 3028 2062 De
3061 2027 3168 2078 spe.

2364 2115 2485 2170 Tria
2516 2114 2723 2184 quidem
2755 2117 2860 2189 [ΑΙ.
2881 2159 2895 2182 ,
2932 2124 3194 2194 qum-lam]
3230 2125 3500 2193 proposuit
3529 2125 3718 2179 anima:
3745 2140 3842 2180 no-

2294 2213 2418 2257 stra:
2465 2207 2765 2260 necessaria
2803 2211 3047 2278 egregius
3093 2213 3328 2279 gentium
3368 2213 3574 2277 doctor,
3606 2214 3786 2268 dicens
3826 2232 3838 2266 :

2294 2291 2442 2362 Spes,
2471 2295 2620 2362 fides,
2661 2297 2909 2362 cltaritas,
2946 2301 3048 2352 tria
3073 2301 3180 2353 hate
3209 2314 3228 2351 :
3263 2303 3434 2372 major
3468 2313 3636 2355 autem
3662 2305 3741 2356 liis
3768 2313 3843 2356 est

2294 2384 2520 2436 cliaritas
2560 2382 2609 2451 (1
2639 2381 2761 2436 Cur.
2797 2400 2911 2448 xm,
2945 2387 3051 2456 l5).
3080 2387 3246 2444 Nemo
3277 2389 3454 2460 igitur,
3489 2391 3845 2460 quamvisin-

2295 2471 2438 2538 genti
2466 2480 2805 2540 peccatorum
2828 2474 3063 2542 pondere
3087 2485 3376 2546 prematur,
3403 2479 3468 2534 de
3495 2479 3732 2534 bonitate
3760 2481 3841 2534 die

2294 2560 2430 2612 vina:
2476 2561 2688 2628 pietatis
2717 2562 3000 2630 desperare
3036 2565 3193 2620 debet
3222 2583 3235 2619 :
3269 2567 3360 2635 sed
3387 2583 3480 2638 spe
3504 2577 3664 2623 certze
3692 2569 3839 2640 [λιι.

2294 2649 2461 2720 certa]
2490 2650 2864 2706 misericordia:
2888 2649 3028 2708 illius
3055 2655 3430 2725 indulgentiam
3455 2658 3556 2712 sibi
3582 2660 3845 2727 quotidia-

2297 2742 2379 2794 nis
2401 2741 2672 2810 deprecari
2695 2744 2971 2813 lacrymis;
3002 2760 3160 2814 quam
3182 2754 3328 2803 recte
3359 2763 3574 2817 sperare
3599 2755 3841 2820 possunt,

2297 2830 2340 2884 si
2366 2829 2432 2882 ab
2459 2833 2666 2886 actione
2685 2834 2832 2901 pravi
2859 2835 3035 2903 operis
3057 2837 3357 2892 cessabunt.
3374 2839 3496 2894 Ideo
3513 2855 3608 2894 nec
3627 2849 3844 2910 prOpter

2296 2935 2442 2988 spem
2471 2922 2637 2975 venite
2670 2932 3075 2992 perseveranter
3099 2925 3633 2996 peccare—debemus,
3673 2945 3845 2998 neque

2296 3011 2416 3078 quia
2446 3012 2584 3064 Deus
2604 3013 2745 3080 jnste
2770 3022 2988 3080 peccata
3014 3015 3186 3084 punit,
3210 3017 3418 3071 veniam
3446 3017 3729 3086 desperare
3754 3019 3844 3074 dc-

2297 3097 2487 3155 bemus
2515 3119 2526 3152 :
2557 3101 2648 3154 sed
2669 3109 2894 3171 utroque
2927 3104 3162 3172 pericqu
3187 3106 3412 3171 evitato,
3434 3114 3489 3162 et
3517 3122 3547 3161 a
3579 3107 3717 3163 malo
3749 3110 3841 3164 de-

2248 3191 2262 3208 ‘
2298 3187 2577 3252 clinemus,
2607 3199 2659 3244 et
2685 3190 2750 3245 de
2775 3193 2970 3260 pietate
3003 3193 3096 3248 Dei
3124 3196 3332 3250 veniam
3357 3211 3650 3266 speremus.
3684 3197 3848 3253 Simi-

2296 3278 2417 3334 liter
2440 3288 2495 3334 et
2521 3281 2573 3334 in
2598 3283 2743 3336 omni
2766 3283 3162 3338 tribulationum
3190 3286 3452 3355 angustia,
3491 3302 3582 3356 spe
3606 3288 3672 3341 ad
3705 3289 3845 3342 sola-

2297 3368 2459 3422 tium—
2486 3385 2729 3438 superare
2776 3372 2988 3438 pietatis
3031 3374 3352 3427 currendum
3380 3383 3484 3438 est,
3516 3376 3639 3443 quia
3673 3376 3726 3430 in
3757 3375 3846 3430 illo

2298 3457 2410 3512 solo
2438 3459 2610 3514 omnis
2637 3475 2758 3528 spes
2783 3471 2836 3515 et
2857 3460 3000 3515 salus
3020 3462 3140 3516 sine
3161 3461 3320 3518 dubio
3343 3465 3608 3528 consistit,
3637 3465 3847 3521 dicente

2298 3546 2561 3615 Propheta
2595 3566 2608 3602 :
2656 3547 2720 3602 In
2768 3549 2875 3604 Deo
2903 3549 3132 3605 salutare
3169 3569 3338 3606 meum
3379 3564 3426 3607 et
3472 3553 3639 3624 gloria
3684 3573 3796 3610 mea
3827 3573 3845 3608 :

2300 3634 2438 3687 Dens
2489 3635 2672 3689 auxilii
2718 3640 2836 3702 mei,
2887 3649 2933 3692 et
2983 3657 3096 3708 spes
3135 3657 3247 3694 mea
3287 3642 3338 3696 in
3380 3641 3481 3696 Deo
3520 3642 3595 3697 est
3650 3642 3844 3710 (Psal.

2299 3741 2405 3786 tsi,
2437 3725 2510 3794 8).

2912 3818 3136 3874 CAPUT
3176 3821 3237 3875 Υ.

2826 3907 2902 3961 De
2927 3909 3156 3964 lectionis
3188 3911 3379 3966 studio.

2369 4019 2685 4074 Sanctarum
2716 4020 2876 4075 lectio
2903 4021 3299 4091 Scripturarum
3333 4024 3526 4079 divina:
3551 4034 3634 4079 est
3665 4027 3848 4097 cognio

2299 4108 2375 4160 tio
2411 4107 2771 4162 beatitudinis.
2813 4109 2871 4162 In
2908 4110 2990 4163 his
3011 4111 3154 4163 enim
3181 4113 3334 4180 quasi
3373 4113 3428 4167 in
3464 4113 3692 4183 quodam
3730 4129 3848 4184 spc-

2297 4184 2418 4252 culo
2441 4200 2600 4254 homo
2620 4201 2850 4279 seipsum
2876 4201 3218 4258 considerare
3243 4211 3437 4272 potest,
3459 4205 3631 4275 qualis
3653 4206 3742 4270 sit,
3765 4205 3847 4261 vel

2297 4303 2404 4358 quo
2432 4291 2630 4344 tendat.
2679 4289 2859 4344 Lectio
2891 4292 3104 4345 assidua
3133 4291 3380 4361 puriﬁcat
3404 4294 3660 4357 animam,
3690 4295 3848 4348 timo-

2299 4375 2414 4434 reci
2434 4379 2621 4433 incutit
2645 4379 2918 4448 gehennae,
2949 4380 3020 4432 ad
3045 4379 3236 4449 gadia
3257 4394 3485 4448 superna
3509 4395 3605 4434 cor
3631 4381 3848 4453 instigat

648 4453 907 4545 propheta-
939 4472 1150 4544 (Matth.
1177 4486 1310 4531 uti,
1338 4470 1407 4524 56
1437 4471 1586 4540 seq.).
1619 4470 1770 4537 Quod
1792 4487 1918 4525 vero
1946 4471 2021 4524 ait
2057 4487 2069 4523 ι
2113 4471 2196 4523 Ea:
2222 4479 2277 4542 ι)
2298 4465 2542 4534 legentis.
2573 4453 2672 4531 Qui
2705 4465 2816 4518 vult
2841 4479 2963 4519 eum
2991 4464 3099 4520 Deo
3123 4479 3334 4535 semper
3359 4481 3508 4531 esse,
3539 4466 3847 4538 frequenter

649 4574 754 4618 toto
780 4561 953 4627 corde,
989 4575 1052 4614 ea:
1071 4569 1176 4614 tota
1199 4561 1392 4622 anima,
1420 4573 1485 4612 ea:
1517 4567 1625 4611 tota
1659 4568 1846 4622 mente,
1879 4560 1930 4613 id
1951 4567 2051 4620 est,
2085 4568 2197 4613 toto

652 4651 960 4716 intellectu,
1007 4659 1112 4705 tota
1167 4649 1472 4711 voluntate,
1528 4653 1584 4702 et
1633 4663 1700 4704 ex
1754 4650 1894 4704 omni
1944 4652 2196 4714 memoria

651 4743 816 4798 Deum
850 4757 968 4798 esse
1003 4741 1341 4811 diligendum.
1393 4739 1485 4793 Dei
1521 4753 1645 4793 vero
1679 4738 1890 4794 dilectio
1927 4739 1981 4792 in
2019 4739 2200 4793 obser-

654 4832 863 4884 vatione
911 4828 1279 4883 mandatorum
1312 4824 1424 4893 eius
1463 4834 1569 4880 tota
1598 4827 1861 4890 consistit,
1892 4828 2031 4880 sicut
2076 4827 2199 4881 alibi

655 4918 728 4969 ait
755 4935 768 4968 :
797 4917 855 4971 Si
887 4905 999 4987 quis
1025 4915 1190 4983 diligit
1229 4929 1326 4972 me,
1363 4927 1620 4990 sermones
1656 4929 1791 4967 meos
1825 4923 1989 4966 servat
2021 4913 2196 4982 (Joan.

655 5022 764 5072 XIV,
795 5007 907 5076 93).
943 5007 1091 5060 Unde.
1130 5006 1240 5074 ipsa
1265 5002 1473 5056 Veritas
1497 5002 1616 5055 alibi
1647 5003 1722 5056 ait
1757 5022 1769 5056 :
1797 5003 1860 5056 In
1884 5005 1978 5057 hoc
2008 5019 2199 5072 cogno-

655 5106 794 5151 scent
820 5110 992 5148 omnes
1018 5133 1033 5155 ,
1070 5095 1190 5163 quia
1221 5093 1316 5146 mei
1351 5088 1592 5160 discipuli
1623 5091 1772 5152 estis,
1806 5092 1851 5143 si
1880 5091 2200 5145 dilectionem

657 5185 940 5242 habueritis
973 5184 1040 5237 ad
1065 5182 1278 5236 inuicem
1310 5181 1496 5248 (Ibid,
1533 5195 1653 5243 sui,
1683 5179 1793 5249 ὃὸ).
1825 5181 1955 5234 Item
1977 5181 2203 5250 Aposto-

658 5278 741 5334 lus
764 5297 779 5332 ε
803 5273 1083 5330 Plenitudo
1105 5271 1232 5341 legis
1263 5282 1336 5325 est
1361 5271 1566 5328 dilectio
1595 5269 1769 5340 (Boni.
1800 5287 1914 5332 sm,
1943 5271 2049 5342 10).
2073 5270 2201 5326 Item

657 5367 891 5422 Joannes
919 5360 1239 5430 evangelista
1269 5379 1282 5412 :
1321 5357 1431 5414 Hoc
1459 5361 1759 5414 mandatum
1784 5359 2025 5412 habemus
2047 5376 2077 5411 η
2101 5358 2204 5411 Do-

735 5531 759 5558 ·
798 5517 893 5573 Ms.
916 5516 973 5572 S.
1000 5515 1182 5570 Jacobi
1207 5512 1484 5569 Scotorum
1513 5531 1527 5564 ε
1556 5497 1693 5578 Quia
1712 5513 2039 5573 breviarium,
2067 5516 2206 5578 quod

665 5589 728 5642 de
761 5586 1017 5640 mandatis
1067 5585 1161 5638 Dei
1213 5583 1433 5636 scribere
1479 5581 1813 5645 decrevimus,
1862 5581 2204 5662 profundissio

663 5663 988 5776 ωῗίτῗιξὰι.
1023 5737 1119 5775 ms.
1151 5719 1208 5775 S.
1233 5719 1410 5774 Jacobi
1439 5719 1619 5780 ultima
1652 5719 1908 5770 sententia
1937 5718 2011 5770 sic
2036 5719 2208 5785 expri-

2299 4555 2456 4609 dehct
2480 4544 2633 4608 orare
2657 4551 3006 4624 [frequenter]
3027 4562 3081 4607 et
3096 4554 3290 4624 legere.
3312 4555 3443 4610 Nam
3468 4572 3589 4612 cum
3609 4573 3842 4622 oramus,

2300 4646 2397 4715 ipsi
2439 4660 2561 4699 cum
2599 4645 2708 4700 Deo
2745 4645 3008 4714 loquimur
3049 4662 3061 4697 :
3112 4661 3233 4701 cum
3268 4662 3394 4702 vero
3423 4647 3674 4719 legimus,
3706 4649 3848 4704 Deus

2295 4734 2574 4790 nobiscum
2625 4733 2876 4803 loquitur.
2917 4733 3201 4790 Geminum
3231 4737 3442 4792 confert
3466 4738 3662 4792 donum
3689 4737 3847 4793 lectio

2300 4830 2603 4877 sanctarum
2633 4822 3043 4894 Scripturarum,
3067 4825 3178 4880 sive
3200 4825 3322 4893 quia
3351 4824 3674 4890 intellectum
3700 4841 3846 4883 men-

2301 4913 2372 4965 tis
2399 4914 2590 4977 erudit,
2617 4930 2710 4972 seu
2738 4916 2878 4983 quod
2905 4931 2935 4969 a
2967 4916 3148 4969 mundi
3176 4915 3501 4971 vanitatibus
3521 4918 3846 4975 abstractum

2301 5005 2569 5059 hominem
2605 5003 2672 5061 ad
2705 5020 2940 5063 amorem
2971 5003 3066 5059 Dei
3090 5005 3351 5073 perducit.
3397 5005 3571 5062 Labor
3593 5009 3848 5065 honestus

2300 5102 2379 5147 est
2409 5095 2650 5150 lectionis
2675 5091 2975 5165 [studium],
2997 5102 3052 5148 et
3073 5094 3295 5149 multum
3319 5095 3386 5149 ad
3413 5099 3844 5154 emendationem

2303 5185 2491 5240 anima:
2514 5185 2744 5254 proiicit.
2771 5181 2922 5239 Sicut
2944 5185 3086 5238 enim
3106 5199 3171 5240 es
3199 5185 3501 5242 carnalibus
3527 5188 3666 5244 escis
3689 5186 3849 5241 alitur

2303 5288 2450 5339 caro,
2480 5278 2552 5334 ita
2577 5291 2644 5330 es
2683 5276 2876 5331 divinis
2909 5275 3135 5346 eloquiis
3170 5277 3392 5335 interior
3417 5280 3580 5335 homo
3614 5279 3850 5334 nutritur

2305 5375 2358 5419 et
2381 5368 2636 5435 pascitur,
2659 5366 2798 5421 sicut
2821 5365 3099 5422 Psalmista
3125 5368 3200 5422 ait
3230 5386 3243 5422 :
3277 5369 3446 5432 Quam
3471 5367 3645 5422 dulcia
3673 5368 3847 5436 fauci-

2305 5518 2466 5573 mitur
2504 5534 2517 5571 :
2561 5516 2792 5588 Quorum
2839 5519 3013 5588 aliqua
3049 5518 3261 5588 dignum
3302 5530 3374 5574 est
3402 5520 3615 5574 breriter
3639 5520 3854 5575 deuictu-

2305 5596 2487 5660 sti-are,
2527 5597 2580 5640 ut
2613 5586 2821 5660 {acilius
2857 5586 3062 5640 virtutes
3085 5586 3204 5640 alite
3230 5589 3686 5660 possintjntelligi.

2404 5696 2417 5709 .
2441 5654 2549 5710 Hoc
2574 5671 2692 5725 cap.
2721 5655 2755 5709 5
2777 5670 2903 5724 pars
2922 5664 3004 5711 est
3025 5654 3288 5714 sermonis
3305 5657 3407 5712 302
3429 5657 3486 5712 S.
3515 5654 3647 5732 Aug'.
