4286 6266
410 304 515 359 σιτ

413 523 526 563 mea
546 502 718 579 (Psal.
748 518 933 565 cxmt,
960 501 1101 573 t03).
1128 500 1236 579 Sed
1262 499 1350 555 ille
1375 498 1720 555 beatissimus
1750 502 1854 558 est,
1881 492 1973 562 qui

412 594 623 650 divinas
656 592 962 664 Scripturas
1002 590 1204 662 legens,
1264 589 1427 644 verba
1475 585 1639 643 vertit
1684 587 1740 641 in
1789 597 1973 654 opera.

412 681 600 742 Omnis
623 683 782 754 plane
803 681 1081 752 Scriptura
1105 686 1289 735 sancta
1314 678 1383 734 ad
1408 684 1648 733 nostram
1672 674 1874 742 scripta
1894 679 1979 726 est

413 777 661 843 salutem,
717 792 779 851 ut
823 773 1170 847 proﬁciamus
1211 771 1263 826 in
1301 770 1383 826 eis
1431 769 1487 823 in
1530 765 1776 821 veritatis
1801 763 1981 834 cogni-

416 869 580 923 tione.
618 865 826 937 Stepius
853 879 1028 920 (meus
1046 861 1269 918 oﬂendit
1287 875 1446 931 quam
1467 857 1691 913 videns:
1723 856 1801 910 sie
1830 854 1980 924 igne-

416 974 541 1016 raus
568 958 738 1030 legem
766 956 861 1010 Dei
898 954 1092 1024 saepius
1128 953 1443 1024 igneranter
1468 956 1676 1018 peccat,
1707 959 1867 1015 quam
1893 942 1981 997 ille

413 1049 506 1119 qui
551 1048 669 1104 scit.
718 1045 870 1101 Sicut
903 1058 1077 1100 caecus
1117 1043 1236 1097 sine
1276 1040 1519 1103 ductore,
1548 1037 1627 1092 sic
1668 1035 1831 1090 homo
1865 1033 1981 1087 sine

414 1140 630 1194 doctore
656 1136 799 1192 viam
824 1142 1027 1190 rectam
1055 1132 1144 1187 vix
1178 1129 1436 1203 graditur.

1012 1260 1240 1319 CAPUT
1291 1258 1380 1314 Ἡ.

1073 1353 1151 1407 De
1171 1366 1316 1425 pace.

488 1472 738 1529 Salvator
764 1470 831 1525 ad
857 1469 1072 1525 Patrem
1095 1466 1330 1530 rediens,
1352 1464 1506 1535 quasi
1533 1460 1764 1533 speciale
1792 1474 1985 1515 munus

412 1560 686 1633 discipulis
705 1559 853 1631 pacis
873 1556 1020 1614 dedit
1046 1564 1332 1628 praecepta,
1356 1556 1541 1611 dicens
1563 1573 1576 1608 :
1611 1550 1802 1607 Pacem
1817 1567 1987 1606 meam

414 1654 483 1711 de
510 1650 672 1714 vobis,
714 1665 893 1719 pacem
936 1646 1170 1718 relinquo
1215 1646 1354 1701 vobis
1402 1644 1586 1716 (loan.
1636 1659 1749 1706 xw,
1775 1643 1888 1711 27).
1928 1641 1987 1695 lu

1183 292 1512 353 MOBALIA.
1550 322 1619 333 -—
1650 290 1856 347 LIBER
1896 289 1983 345 DE
2021 284 2441 343 VIRTUTIBUS
2480 284 2565 341 ET
2607 284 2822 339 VlTllS.

3422 348 3428 353 ,
3541 244 3644 335 aut

411 414 695 473 cibusteis
710 414 915 485 eloquia
939 411 1486 481 tua,Doutiue!super
1510 406 1611 463 mel
1622 415 1672 461 et
1693 406 1868 477 favum
1896 403 1979 457 ori
2007 410 2050 466 Α
2078 399 2202 453 dam
2232 397 2327 452 Dei
2354 397 2777 453 misericordiam
2805 400 3185 454 misericordiae
3214 399 3463 469 operibus
3501 399 3653 466 u'ju-

2079 504 2288 544 remur.
2336 486 2619 554 Quomodo
2665 502 2696 541 s
2746 486 2858 543 Deo
2900 487 3327 544 misericordiam
3374 496 3651 557 exspectat

2080 578 2237 652 [ιιι.
2264 575 2496 648 sperat],
2528 576 2618 647 qui
2664 576 2896 632 crudelis
2934 587 3020 632 est
3066 578 3119 632 in
3162 592 3452 633 conserves
3491 578 3651 633 suos?

2081 671 2235 727 Sicut
2259 670 2383 740 quis
2413 670 2562 738 cupit
2591 668 2758 723 Deum
2788 670 2893 724 sibi
2930 670 3199 735 misereri.
3221 670 3381 724 itaet
3399 670 3653 725 miserear

2083 772 2170 819 tur
2196 760 2527 817 debitoribus
2556 759 2693 817 suis.
2713 758 3024 815 Certissime
3044 761 3428 831 indulgentiam
3456 775 3648 831 exspe-

2082 851 2398 925 ctare[Ms.,
2415 848 2657 923 sperare]
2681 851 2901 921 poterit,
2924 852 3016 922 qui
3038 851 3159 907 aliis
3188 851 3461 924 indulgere
3484 852 3648 906 nevit.

2082 944 2164 998 Ad
2214 942 2597 998 misericordia:
2619 956 2755 1011 epus
2783 941 2989 1019 optime
3035 956 3134 996 nos
3161 941 3214 1002 in
3245 940 3532 1012 Evangelie
3550 941 3656 1025 De:

2084 1032 2264 1093 minus
2290 1030 2537 1100 exemplo
2563 1029 2861 1094 roboravit,
2882 1030 2971 1085 ubi
3002 1031 3080 1085 ait
3108 1050 3122 1085 :
3154 1030 3334 1087 Estote
3366 1032 3657 1090 misericors

2084 1124 2195 1188 des,
2217 1122 2425 1176 sit-utet
2453 1121 2617 1175 Pater
2641 1131 2802 1177 uester
2830 1121 3048 1177 cmlestis
3091 1123 3384 1180 misericors
3416 1132 3512 1178 est.
3554 1121 3682 1188 Quis

2086 1210 2246 1266 solem
2269 1227 2424 1265 suum
2451 1209 2582 1264 oriri
2609 1209 2736 1279 facit
2765 1226 2922 1281 super
2962 1212 3121 1265 bonos
3162 1222 3208 1265 et
3235 1210 3418 1275 malos,
3453 1220 3499 1264 et
3527 1208 3657 1280 pluit

2086 1324 2241 1378 super
2258 1306 2433 1376 justos
2456 1312 2505 1358 et
2529 1304 2753 1373 injustas
2782 1303 2932 1374 (Luc.
2963 1320 3038 1370 vt,
3079 1304 3190 1375 56).
3234 1304 3420 1360 Omnis
3448 1302 3658 1357 miseri-

2088 1394 2271 1451 cordia
2301 1394 2462 1449 faciet
2505 1392 2685 1448 locum
2730 1394 3019 1464 unicuique
3068 1394 3363 1449 secundum
3409 1392 3659 1448 meritum

2089 1501 2309 1556 operum
2340 1499 2579 1540 suorum.
2606 1484 2707 1550 Qui
2749 1484 2880 1539 facit
2898 1485 3344 1550 misericordiam,
3372 1485 3482 1539 Deo
3506 1483 3662 1537 offert

2090 1574 2418 1632 sacrificium
2466 1574 2657 1629 salutis
2705 1573 2856 1645 [ιιι.
2896 1575 3052 1646 satis]
3095 1575 3373 1648 placabile.
3401 1575 3459 1636 lu
3481 1574 3661 1641 judice

2091 1664 2461 1719 misericordia
2489 1670 2546 1718 et
2574 1662 2854 1733 disciplina
2883 1663 3042 1719 debet
3065 1678 3225 1720 esse:
3257 1664 3381 1737 quia
3410 1678 3515 1716 una
3544 1663 3660 1716 sine

413 1758 546 1816 1⁵³⁸⁸
573 1757 668 1797 '05
696 1740 926 1805 ἀίωίίίον
950 1739 1003 1831 l0
1028 1753 1161 1831 ll?“
1181 1752 1289 1831 _"°5
1315 1737 1607 1831 ίηξθηίυξδο
1630 1733 1987 1831 Ρτοίξςίδαξηδ
2015 1755 2061 1817 Β
2089 1754 2263 1809 altera
2288 1754 2425 1810 bene
2445 1768 2566 1814 esse
2591 1767 2698 1807 non
2740 1753 2911 1822 possit
2939 1751 3087 1824 [.lls.,
3117 1733 3359 1831 poterit].
3392 1753 3525 1812 Nam
3556 1756 3658 1811 mi-

416 1834 583 1888 voluit
609 1832 760 1895 dare,
789 1844 909 1902 qua:
934 1828 1272 1885 desiderabat
1296 1826 1512 1881 rediens
1548 1825 1603 1881 in
1632 1824 1881 1878 omnibus
1906 1823 1987 1876 in-

416 1921 619 1976 venire.
690 1919 858 1989 Cujus
917 1918 1066 1988 pacis
1128 1922 1446 1971 ornamenta
1503 1913 1827 1968 mirabiliter
1881 1910 1987 1964 alio

352 2067 363 2076 ,
421 2010 659 2066 ostendit
700 2009 848 2072 loco,
890 2008 1120 2062 dicens:
1161 2005 1308 2059 Beati
1342 2003 1582 2073 paciﬁci,
1616 2002 1862 2073 quoniam
1890 2000 1987 2069 ﬁlii

425 2100 521 2155 Dei
559 2098 879 2154 vocabuntur
916 2094 1129 2166 (Matth.
1161 2110 1215 2157 ν,
1260 2094 1339 2162 9).
1371 2093 1450 2147 En
1476 2092 1641 2147 Filius
1666 2092 1760 2147 Dei
1808 2090 1993 2158 incipit

416 2191 622 2254 vocari,
644 2190 737 2259 qui
758 2167 1018 2259 paciﬁcus
1046 2198 1167 2239 esse
1189 2184 1303 2254 jam
1330 2181 1513 2251 coepit.
1539 2180 1653 2236 Non
1679 2179 1793 2233 vult
1822 2177 1991 2232 Filius

419 2282 517 2339 Dei
556 2279 684 2344 dici,
848 2291 1033 2348 pacem
1078 2273 1312 2331 noluerit
1356 2269 1626 2340 amplecti.
1676 2267 1847 2337 Negat
1889 2266 1990 2324 sibi

420 2371 640 2427 Patrem
679 2368 867 2430 Deum,
911 2366 1003 2436 qui
1050 2362 1305 2436 pacificus
1349 2377 1471 2417 esse
1521 2358 1833 2416 contemnit.
1886 2355 1993 2411 Sed

420 2461 666 2529 baecfpax
696 2472 820 2513 cum
849 2456 1005 2510 bonis
1030 2463 1086 2508 et
1108 2453 1205 2507 Dei
1232 2460 1501 2521 praecepta
1528 2449 1876 2505 servantibus
1899 2462 1995 2500 cu-

421 2546 698 2605 stodienda
745 2553 847 2608 est,
892 2558 1005 2599 non
1045 2556 1170 2597 cum
1211 2541 1410 2609 iniquis
1460 2548 1517 2593 et
1558 2536 1856 2599 sceleratis.
1900 2535 1994 2604 qui

422 2654 610 2711 pacem
650 2639 791 2693 inter
813 2651 874 2692 se
901 2635 1102 2691 habent
1123 2636 1176 2689 in
1204 2633 1440 2705 peccatis
1475 2632 1606 2687 suis.
1654 2630 1766 2685 Pax
1790 2629 1992 2685 Christi

423 2730 492 2783 ad
515 2728 739 2784 salutem
768 2724 981 2796 prolicit
1001 2724 1404 2794 sempiternam.
1428 2721 1538 2777 Pax
1560 2736 1678 2791 qua:
1704 2722 1760 2775 in
1782 2717 1995 2774 diabolo

423 2826 531 2882 est,
557 2817 624 2871 ad
651 2823 963 2886 perpetuam
988 2814 1233 2883 pervenit
1256 2811 1388 2883 [Al.,
1418 2810 1586 2882 ducit]
1618 2802 1991 2881 perditionem.

424 2908 536 2964 Pax
558 2921 682 2963 cum
700 2906 875 2973 bonis,
900 2912 954 2958 et
974 2902 1171 2958 bellum
1190 2917 1314 2962 cum
1334 2902 1503 2965 vitiis,
1520 2914 1734 2970 semper
1752 2896 1995 2954 habenda

429 3004 531 3052 est.
584 2993 723 3049 Mala
766 2990 1031 3063 siquidem
1089 2991 1369 3050 hominum
1408 2990 1695 3060 impiorum
1742 2989 1867 3044 odio
1900 2988 1996 3043 ba-

2086 1845 2381 1901 sericerdia
2415 1844 2527 1899 sola
2550 1844 2595 1898 si
2645 1844 2827 1907 fuerit,
2854 1845 3200 1901 securitatem
3229 1844 3359 1903 facit
3404 1850 3659 1917 peccandi

2087 1933 2361 2002 subjeetis.
2392 1932 2613 1997 lterum,
2643 1933 2689 1987 si
2721 1932 3006 2002 disciplina
3052 1934 3166 1989 sola
3215 1950 3428 2005 semper
3469 1938 3662 2001 aderit,
3704 1947 3710 1953 ‘

2087 2026 2318 2079 vertitur
2357 2024 2572 2085 animus
2619 2023 2982 2092 delinquentis
3026 2025 3080 2078 in
3123 2025 3580 2094 desperationem,
3608 2038 3665 2087 et

2081 2112 2248 2185 judex
2288 2129 2395 2167 non
2443 2103 2739 2168 merebitur
2782 2129 2811 2167 a
2862 2113 2973 2167 Deo
3013 2116 3437 2173 misericordiam
3495 2138 3508 2172 :
3568 2121 3661 2181 sed

2091 2204 2231 2260 hanc
2281 2205 2710 2259 misericordiam
2753 2220 2782 2259 a
2824 2204 3004 2275 seipse
3033 2205 3192 2269 debet
3217 2208 3377 2265 homo
3403 2208 3660 2280 incipere.

2091 2292 2369 2361 Quomodo
2393 2295 2448 2349 in
2477 2294 2596 2348 aliis
2624 2302 2710 2349 est
2736 2294 3070 2360 misericors,
3098 2296 3190 2366 qui
3233 2297 3288 2351 in
3318 2298 3498 2369 seipse
3545 2315 3667 2354 cru-

2092 2385 2228 2441 delis
2266 2385 2382 2440 est?
2426 2386 2486 2446 In
2514 2386 2695 2455 seipse
2718 2385 2951 2441 crudelis
2976 2395 3081 2448 est,
3110 2387 3202 2457 qui
3240 2388 3342 2443 sibi
3381 2399 3666 2460 perpetuas

2091 2477 2331 2553 peccatis
2382 2476 2497 2531 suis
2542 2486 2699 2546 parat
2738 2475 3001 2532 ﬂammas.
3033 2478 3176 2533 Bene
3217 2480 3527 2535 misericors
3562 2494 3663 2540 est.

2092 2567 2185 2638 qui
2216 2582 2248 2620 a
2274 2568 2455 2637 seipse
2480 2567 2691 2637 incipit,
2712 2576 2768 2622 et
2795 2582 2856 2623 se
2882 2568 3167 2639 diligenter
3189 2570 3444 2635 custodit,
3476 2588 3545 2628 ne
3570 2589 3667 2641 pu-

2094 2658 2276 2719 niatur
2327 2673 2449 2712 cum
2496 2657 2732 2723 diabolo.
2759 2668 2815 2713 et
2848 2659 2947 2713 sic
2976 2658 3097 2725 aliis
3124 2667 3362 2728 praestet,
3386 2663 3525 2737 quod
3562 2663 3663 2716 sibi

2012 2786 2017 2789 -
2093 2747 2295 2806 bonum
2316 2762 2436 2801 esse
2463 2747 2740 2817 perSpicit.
2817 2762 2828 2780 ι

2658 2878 2686 2919 δ
2712 2877 2940 2935 CAPUT
2968 2878 3079 2935 Vill

2667 2990 2740 3045 De
2763 2992 3107 3063 indulgentia.
3138 3027 3140 3029 >

394 3080 397 3081 ⁷
426 3084 600 3140 benda
632 3091 780 3148 sunt,
828 3096 933 3137 non
963 3081 1210 3136 homines
1250 3081 1374 3152 ipsi,
1404 3081 1652 3150 quamvis
1686 3080 1811 3147 mali
1841 3090 1988 3145 sunt,
2016 3082 2064 3145 ο
2166 3102 2399 3159 Domina

2166 3102 2431 3159 Dominus
2444 3085 2514 3157 °in
2536 3102 2826 3173 Evangeiie
2852 3103 2928 3156 ait
2961 3121 2973 3160 :
3005 3102 3281 3167 Dlmittite,
3306 3114 3355 3158 et
3374 3078 3670 3161 dimittetur

427 3174 556 3245 quia
578 3180 827 3229 creatura
853 3172 947 3227 Dei
973 3178 1116 3227 sunt.
1144 3170 1255 3226 Pax
1282 3186 1427 3236 vero,
1457 3185 1575 3240 qua
1598 3169 1651 3225 in
1678 3170 1834 3227 nobis
1855 3168 1989 3242 (AL,

426 3264 482 3320 in
515 3261 692 3335 benis]
740 3270 842 3327 est,
897 3261 1239 3316 concordiam
1286 3260 1538 3325 fratrum,
1580 3268 1635 3315 et
1671 3259 1991 3314 cbaritatem

426 3348 642 3423 cepulat
676 3354 1062 3422 proximorum.
1117 3350 1226 3405 Pax
1267 3351 1514 3420 spiritum
1559 3350 1653 3404 Dei
1688 3349 1996 3418 specialiter

429 3451 781 3513 promeretur.
813 3443 923 3496 Pax
952 3442 1252 3501 dilectionis
1280 3450 1451 3494 mater
1475 3448 1576 3493 est.
1602 3438 1710 3493 Pax
1739 3438 1994 3493 indicium

429 3539 514 3588 est
561 3530 895 3590 sanctitatis,
929 3530 995 3584 de
1040 3544 1144 3597 qua
1192 3528 1335 3582 Deus
1382 3543 1479 3597 per
1521 3526 1837 3596 prophetam
1875 3526 1992 3579 ait:

431 3620 625 3676 Pacem
657 3630 705 3674 et
739 3621 1001 3679 veritatem
1023 3619 1221 3689 diligite
1253 3616 1435 3690 (Zach.
1467 3634 1584 3679 vm,
1618 3617 1725 3686 l9).
1754 3617 1863 3671 Pax
1890 3616 1998 3685 ple-

431 3710 517 3765 bis
549 3717 633 3764 est
666 3708 890 3771 sanitas,
920 3706 1085 3777 gloria
1125 3706 1439 3768 sacerdotis,
1475 3714 1525 3759 et
1562 3706 1749 3774 patria:
1789 3705 1992 3768 laetitia,

430 3807 487 3855 et
512 3807 687 3856 terror
714 3798 947 3853 hostium
991 3798 1104 3852 sive
1132 3795 1439 3859 visibilium,
1476 3796 1588 3849 sive
1628 3793 1992 3849 invisibilium.

436 3889 589 3960 13],
627 3888 887 3944 Omnibus
936 3888 1141 3943 viribus
1171 3902 1273 3956 pax
1320 3895 1405 3940 est
1455 3884 1823 3946 custodienda,
1871 3882 1994 3950 quia

434 3993 645 4048 semper
670 3978 724 4031 in
773 3978 882 4031 Deo
911 3985 1111 4031 manet.
1143 3976 1244 4042 Qui
1292 3975 1345 4029 in
1396 3986 1530 4041 pace
1562 3980 1750 4027 sancta
1792 3963 1995 4033 manet,

433 4082 554 4123 cum
584 4066 783 4122 sanctis
806 4064 903 4118 Dei
929 4072 1126 4118 manet.
1154 4062 1457 4117 Sacerdotis
1490 4070 1574 4116 est
1600 4061 1652 4114 in
1684 4074 1815 4129 pace
1836 4074 2000 4129 pepu-

435 4156 546 4212 lum
568 4155 664 4210 Dei
695 4154 984 4208 admonere
1011 4152 1139 4222 quid
1160 4152 1354 4207 debeat
1378 4165 1540 4222 agere
1568 4168 1581 4204 :
1630 4150 1806 4220 populi
1834 4159 1917 4203 est
1944 4149 1997 4203 in

435 4246 734 4304 humilitate
785 4244 971 4299 audire
1021 4257 1140 4313 qua:
1183 4248 1363 4296 monet
1410 4241 1677 4297 sacerdos.
1728 4237 1997 4307 Quidquid

435 4354 542 4394 non
568 4337 715 4402 licet,
746 4334 977 4406 pastoris
1000 4340 1084 4387 est
1121 4332 1408 4404 prohibere
1436 4345 1503 4385 ue
1536 4330 1627 4384 ttat
1660 4344 1675 4382 :
1715 4328 2000 4398 plebisqest

438 4427 644 4501 audire,
667 4440 738 4480 ne
770 4423 952 4479 faciat.

1004 4547 1030 4577 ι
1061 4533 1287 4590 CAPUT
1325 4532 1433 4587 "ll.

975 4622 1052 4676 De
1086 4622 1464 4676 misericordia.

510 4734 841 4807 Przclpuum
871 4737 957 4786 est
979 4728 1358 4785 misericordia:
1398 4727 1618 4791 bonum,
1649 4730 1715 4783 de
1752 4744 1856 4800 qua
1889 4728 2000 4801 ipse

443 4823 689 4879 Salvator
714 4823 793 4877 ait
819 4823 833 4877 ξ
862 4819 1012 4875 Beati
1036 4817 1414 4881 misericordes,
1451 4817 1699 4886 quoniam
1724 4818 1821 4885 ipsi
1848 4817 2003 4871 mise-

443 4913 724 4967 ricordiam
746 4919 1123 4983 consequentur
1147 4907 1358 4982 (Matth.
1380 4908 1521 4979 v,7).
1545 4904 1661 4961 Non
1682 4914 1863 4978 potest
1879 4921 2005 4981 pec-

444 5011 593 5057 cator
639 5015 671 5055 a
713 4998 825 5055 Dee
857 5000 1278 5054 misericordiam
1320 5012 1557 5067 sperare,
1588 4995 1679 5067 qui
1707 4995 2007 5050 misericor-

445 5095 585 5151 diam
604 5107 711 5149 uon
741 5091 872 5146 facit
887 5092 1233 5161 peccantibus
1260 5092 1315 5147 in
1335 5106 1412 5146 se.
1436 5091 1575 5162 Ergo
1594 5089 1828 5154 dimittat
1843 5087 2007 5143 homo

446 5181 737 5254 temporale
785 5180 1057 5244 debitum,
1100 5190 1161 5236 ut
1195 5190 1466 5239 mereatur
1490 5182 1727 5251 recipere
1753 5178 2008 5239 mmmam

446 5270 663 5339 unum.
692 5268 751 5326 Si
779 5271 989 5326 animas
1016 5279 1230 5325 uestras
1251 5272 1495 5341 cupimus
1517 5280 1863 5343 peccatorum
1892 5283 2010 5323 ser-

448 5359 599 5418 dibus
634 5362 931 5428 emundari,
960 5362 1385 5417 misericordiam
1427 5364 1481 5417 in
1521 5377 1620 5420 nos
1665 5357 2009 5431 peccantibus

451 5462 558 5507 non
580 5464 856 5522 negemus.
884 5460 945 5507 ut
969 5451 1025 5507 in
1054 5450 1142 5505 die
1168 5450 1537 5514 retributionis
1583 5450 1653 5514 ad
1698 5460 2008 5521 promeren-

566 5558 679 5619 Hoc
697 5574 814 5634 cap.
840 5560 874 5613 7
903 5576 1030 5633 pars
1053 5570 1136 5614 est
1161 5563 1422 5615 sermonis
1453 5562 1555 5615 304
1581 5562 1639 5615 S.
1672 5559 1805 5626 Aug.

884 5715 1153 5775 Ριτιιοι.
1198 5714 1293 5777 Cl.

2096 3194 2259 3248 uobis.
2280 3192 2414 3247 Item
2449 3209 2461 3245 :
2497 3191 2557 3246 Si
2584 3192 2885 3246 dimiseritis
2911 3192 3208 3246 hominibus
3232 3201 3441 3262 peccata
3468 3210 3667 3258 eorum,

2096 3284 2317 3336 dimittet
2344 3292 2393 3336 et
2418 3282 2557 3336 vobis
2590 3280 2750 3335 Pater
2771 3290 2935 3335 vester
2983 3272 3203 3337 ctzlestis
3246 3286 3455 3353 peccata
3482 3296 3666 3342 vestra.

2098 3368 2156 3425 Si
2187 3387 2288 3424 non
2309 3370 2611 3449 dimiseritis
2634 3369 2949 3434 hominibus,
2971 3387 3061 3425 nec
3089 3368 3255 3443 Pater
3273 3382 3435 3427 vester
3458 3372 3673 3428 cmlestis

2097 3461 2320 3514 dimittet
2349 3460 2488 3515 vobis
2512 3471 2724 3531 peccata
2748 3471 2912 3515 uestra
2941 3461 3156 3533 (Matth.
3186 3478 3261 3527 vt,
3296 3463 3514 3534 14,15).
3549 3464 3670 3518 Ηειψ

2098 3565 2226 3620 vero
2266 3549 2479 3605 Domini
2519 3552 2791 3605 sententia
2832 3566 3081 3621 magnam
3115 3567 3278 3623 super
3317 3568 3416 3608 nos
3465 3537 3673 3608 miseri-

2098 3640 2338 3695 cerdiam
2362 3638 2513 3712 [llIs.,
2546 3640 2911 3710 clementiam]
2942 3648 3099 3696 sonat
3125 3640 3235 3704 bis,
3263 3640 3353 3710 qui
3382 3654 3502 3694 eam
3528 3653 3670 3695 recte

2099 3728 2397 3798 intelligere
2436 3735 2678 3795 possunt.
2708 3726 2870 3794 Igitur
2897 3742 2964 3780 ex
3006 3734 3196 3781 nostro
3234 3724 3437 3798 judicio
3466 3726 3673 3795 iudicat

2103 3832 2201 3871 nos
2227 3816 2391 3877 Deus,
2415 3823 2470 3868 et
2494 3814 2890 3883 quodammodo
2943 3816 2995 3873 in
3038 3823 3307 3891 potestate.
3350 3826 3532 3872 nostra
3564 3830 3668 3879 est,

2099 3904 2366 3973 quomodo
2396 3902 2701 3971 iudicemur
2728 3919 2756 3956 a
2782 3904 2961 3973 judice
2987 3903 3118 3964 Deo.
3169 3906 3226 3959 Si
3254 3905 3674 3960 misericorditer

2095 3993 2400 4062 iudicamus
2425 3993 2491 4047 de
2536 3992 2590 4047 in
2628 4007 2729 4047 nos
2771 3993 3226 4064 delinquentibus,
3255 3996 3675 4051 misericorditer

2092 4083 2354 4151 judicabit
2398 4084 2540 4139 Deus
2570 4084 2635 4139 de
2668 4085 2822 4140 nobis
2854 4087 2906 4140 in
2934 4101 2993 4140 se
3034 4087 3401 4156 peccantibus.
3426 4088 3673 4145 Intende-

2100 4190 2221 4230 mus
2276 4174 2578 4243 exemplum
2632 4174 2799 4235 illius,
2835 4175 2978 4229 sicut
3027 4173 3226 4230 Doctor
3269 4178 3508 4244 gentium
3556 4180 3669 4232 ait:

2102 4262 2302 4317 Donate
2327 4263 2382 4316 in
2403 4263 2795 4333 eobismetipsis,
2822 4263 2867 4316 si
2891 4266 3006 4333 quis
3052 4263 3298 4317 adversus
3327 4264 3550 4335 aliquem
3585 4269 3675 4320 hu—
3710 4314 3713 4315 ν

2102 4354 2181 4406 bet
2205 4352 2489 4423 querelam.
2517 4350 2667 4407 Sicut
2717 4352 2857 4407 Deus
2882 4352 3042 4407 donat
3082 4350 3230 4425 [Ms.,
3271 4352 3503 4427 donavit]
3536 4356 3675 4407 rolvis

2027 4439 2075 4495 ι)
2101 4445 2158 4497 in
2186 4443 2417 4501 Christo.
2441 4446 2514 4497 ita
2539 4454 2586 4496 et
2620 4460 2706 4497 eos
2736 4443 2891 4512 facite
2917 4442 3242 4514 (Coloss.m,
3260 4444 3368 4518 15).
3397 4442 3675 4512 Quomelo

2106 4532 2247 4589 Deus
2282 4536 2335 4589 in
2390 4532 2608 4593 Christe
2632 4534 2788 4589 nobis
2821 4544 3008 4595 nostra
3041 4544 3258 4617 peccata
3292 4538 3513 4593 donavit
3553 4557 3565 4591 :
3598 4538 3677 4591 sir-

2103 4624 2265 4678 etiam
2296 4637 2392 4678 nes
2423 4622 2512 4677 bis
2533 4623 2704 4693 quiin
2727 4638 2827 4678 nos
2850 4637 3099 4695 peccant,
3127 4618 3476 4681 dimittamus.
3495 4627 3634 4699 item
3664 4648 3673 4679 :

2110 4712 2263 4766 Nulli
2286 4712 2485 4765 malum
2511 4727 2606 4781 pro
2636 4713 2775 4765 male
2800 4714 3091 4769 recidentes.
3120 4716 3186 4770 Et
3217 4716 3322 4770 alio
3357 4715 3475 4769 loco
3505 4734 3516 4768 :
3552 4716 3677 4783 Noli

2106 4801 2239 4855 vinci
2264 4819 2297 4855 a
2325 4800 2483 4865 male,
2514 4800 2604 4854 sed
2633 4801 2776 4854 uince
2796 4802 2851 4855 in
2875 4803 3005 4857 bene
3034 4804 3229 4859 malum
3260 4804 3433 4874 (Rom.
3460 4821 3557 4867 ιιι,
3589 4807 3675 4867 17.
3770 4790 3781 4802 ’

2105 4891 2219 4963 21).
2238 4891 2529 4947 Sciendum
2550 4899 2637 4946 est
2649 4891 2953 4947 certissime
2966 4895 3108 4963 quod
3129 4894 3497 4965 unusquisque
3516 4898 3676 4953 talem

2107 4983 2499 5053 indulgentiam
2526 4990 2846 5051 accepturus
2868 4990 2955 5036 est
2991 4998 3022 5035 a
3066 4982 3197 5049 Dee,
3231 4982 3442 5053 qualem
3473 4995 3529 5040 et
3565 4988 3679 5056 ipse

2106 5073 2313 5128 dederit
2335 5072 2581 5141 proximo
2610 5085 2726 5130 suo,
2758 5069 2849 5123 Illa
2874 5070 3051 5125 oratio
3072 5086 3172 5139 pro
3193 5074 3433 5141 peccatis
3479 5075 3678 5130 nostris

2109 5165 2176 5219 ad
2211 5178 2371 5217 aures
2406 5158 2789 5229 omnipotentis
2834 5158 2928 5213 Dei
2964 5160 3075 5213 cite
3115 5163 3415 5230 perveniet,
3442 5163 3486 5217 si
3510 5162 3680 5217 delin-

2108 5254 2389 5327 quentium
2421 5250 2499 5320 [in
2522 5248 2643 5319 nos]
2668 5262 2859 5315 preces
2889 5248 2943 5302 in
2967 5251 3165 5305 nostris
3185 5252 3408 5306 auribus
3433 5261 3679 5321 accepta-

2112 5345 2245 5399 biles
2270 5350 2416 5396 sunt.
2449 5339 2551 5406 Qui
2586 5339 2881 5394 clementer
2902 5342 3252 5410 peccantibus
3276 5342 3551 5411 ignoscere
3582 5358 3680 5403 ne-

2113 5436 2205 5497 vit,
2228 5429 2571 5486 clementiam
2595 5429 2790 5483 divina:
2818 5430 3034 5515 pietatis
3079 5432 3381 5485 certissime
3424 5431 3676 5512 accipiet.

2108 5615 2151 5668 Δ
2182 5545 2209 5582 b
2241 5542 2352 5595 ilec
2404 5555 2522 5609 cap.
2563 5539 2596 5594 8
2642 5539 2808 5598 altera
2854 5555 2980 5611 pars
3023 5550 3105 5593 est
3150 5539 3395 5601 sermoni
3460 5541 3567 5603 5M
3616 5541 3674 5597 S.

2157 5628 2243 5682 "8-
2630 5678 2634 5682 .
3638 5636 3641 5639 ‘

3165 5702 3286 5760 20.
