4262 6194
626 169 734 223 619

1460 161 1519 215 Β.
1561 160 1620 215 F.
1663 158 1887 214 ALBINI
1927 157 2056 215 SEU
2094 156 2366 214 Διαιτῆ
2404 144 2686 212 OPERUM
2725 156 2903 212 PARS
2938 157 3023 212 IV.

3747 158 3871 214 '620

626 282 722 357 Sic
751 262 894 335 enim
926 282 1229 336 remittetur
1254 277 1428 343 nobis,
1458 287 1518 335 ut
1564 292 1663 332 nos
1710 276 2079 333 remiserimus
2119 274 2198 327 eis
2232 284 2274 341 Α
2302 269 2367 323 lis
2396 268 2707 339 angelorum
2742 277 2988 323 creatura
3021 269 3216 325 cecidit
3261 269 3325 324 de
3368 269 3504 323 etelo
3538 303 3549 320 -.
3584 284 3679 338 per
3702 270 3875 323 homi-

623 373 723 442 qui
748 370 902 427 nobis
936 383 1256 440 quacunque
1278 368 1609 440 malignitate
1636 372 1954 421 nocuerunt.

1141 482 1297 553 132
1332 479 1559 536 carm
1596 478 1689 534 ιχ.

1226 571 1305 625 De
1330 570 1602 641 patientia.

707 686 769 740 In
798 685 1049 755 patientia
1090 692 1282 747 vestra,
1320 681 1521 737 dicitur
1554 681 1611 735 in
1644 678 1957 750 Evangelio,
1980 676 2208 747 posside-

636 776 750 829 tu'tis
790 760 999 827 animas
1036 780 1228 825 vestras
1269 769 1419 840 (Luc.
1452 785 1571 835 ut,
1617 767 1726 839 19)..
1763 766 1822 820 In
1868 766 2015 820 omni
2060 765 2205 818 enim

630 865 740 917 vita
775 864 1011 916 humana
1060 861 1320 930 patientia
1363 858 1671 915 necessaria
1701 864 1805 912 est.
1842 856 1995 910 Sicut
2026 855 2207 924 itaque

630 956 901 1025 patienter
927 952 1149 1008 sull'erre
1176 950 1435 1006 debemus
1465 950 1688 1020 injurias
1723 949 1792 1003 ab
1842 946 1962 1001 aliis
2007 947 2060 1001 in
2107 960 2206 1001 nos

631 1049 852 1114 delatas,
877 1049 950 1103 ita
983 1056 1038 1102 et
1067 1048 1341 1117 patienter
1374 1045 1744 1101 tribulationes
1766 1057 1884 1114 quze
1907 1040 2063 1096 nobis
2086 1053 2208 1093 eve—

631 1141 799 1205 nient,
834 1139 1058 1195 sufferre
1081 1153 1305 1192 necesse
1332 1144 1433 1192 est.
1469 1135 1777 1206 Smpissime
1804 1135 1859 1187 in
1886 1133 1989 1186 hoc
2013 1128 2209 1185 saeculo

629 1230 757 1285 boni
774 1245 804 1282 a
823 1228 1067 1297 reprobis
1090 1227 1465 1282 tribulationes
1487 1227 1787 1296 patiuntur.
1806 1222 1931 1277 Ideo
1955 1220 2001 1275 si
2022 1218 2211 1289 quisli-

631 1318 724 1373 bet
745 1325 867 1387 post
887 1317 1024 1371 bona
1054 1330 1214 1384 opera
1248 1313 1621 1369 tribulationes
1653 1311 1874 1382 patitur,
1912 1324 2022 1364 non
2053 1309 2212 1363 debet

636 1409 691 1462 in
720 1407 1046 1479 cogitatione
1076 1406 1254 1460 dicere
1294 1422 1308 1459 :
1339 1397 1745 1472 Perdidiopera‘
1775 1416 1894 1457 mea
1922 1400 2210 1470 bona/quae

635 1497 918 1553 faciebam.
944 1496 1045 1563 Qui
1071 1495 1215 1550 enim
1240 1494 1344 1548 hoc
1373 1493 1593 1557 dixerit,
1617 1507 1725 1547 non
1756 1506 1853 1562 pro
1882 1504 2067 1545 amore
2092 1490 2207 1553 Dei,

2303 358 2509 412 litatem
2542 355 2683 429 [Dei]
2714 355 2976 427 fragilitas
3007 359 3255 414 humana:
3294 369 3499 415 natura:
3534 362 3777 416 ascendit
3806 363 3874 416 ad

2304 447 2518 503 caelum.
2546 447 2781 505 Honesta
2807 457 2890 503 est
2918 448 3064 504 enim
3107 451 3246 505 inter
3291 451 3533 506 homines
3561 452 3878 509 humilitatis

2306 537 2658 602 consuetudo,
2686 539 2825 592 sicut
2848 538 3101 595 Salomon
3138 540 3215 595 ait
3244 560 3256 594 :
3287 541 3387 595 Ubi
3430 542 3588 611 fuerit
3614 548 3875 616 superbia,

2303 629 2375 682 ibi
2399 630 2498 682 erit
2520 640 2565 686 et
2598 631 2931 685 contumelia.
2966 631 3066 685 Ubi
3089 642 3259 686 autent
3290 634 3577 699 humilitas,
3622 636 3695 690 ibi
3714 646 3761 689 et
3786 655 3878 692 sa-

2303 716 2496 785 pientia
2527 715 2707 785 (Prov.
2741 732 2818 781 xi,
2851 718 2930 789 2).
2980 718 3111 773 Item
3140 720 3275 775 alius
3306 721 3569 795 [quidam]
3600 722 3829 794 Sapiens
3860 744 3873 778 :

2308 801 2517 867 Quanto
2544 805 2720 874 major
2740 822 2815 872 es,
2838 808 3056 863 humilia
3077 818 3125 863 te
3144 810 3196 863 in
3219 811 3476 876 omnibus,
3499 824 3546 865 et
3571 831 3746 868 coram
3767 815 3878 868 Dea

2306 891 2530 947 invenies
2556 896 2781 963 gratiam
2812 895 3001 965 (Eccli.
3035 915 3116 961 III,
3146 899 3255 971 20).
3290 898 3421 954 Item
3466 901 3721 958 Dominus
3749 905 3881 959 dicit
3961 898 3963 900 ’

2307 996 2403 1050 per
2444 984 2759 1053 prophetam
2793 1004 2806 1039 :
2843 988 2924 1040 Ad
2965 1004 3115 1057 quem
3155 1000 3328 1045 autem
3372 994 3641 1061 respiciam
3683 995 3782 1048 nisi
3810 996 3878 1048 ad

2308 1073 2567 1136 humilem,
2583 1085 2628 1127 et
2642 1077 2889 1146 quietum,
2905 1088 2952 1132 et
2964 1088 3263 1134 trementem
3278 1083 3424 1135 verba
3437 1100 3547 1137 mea
3564 1082 3714 1155 (Isai.
3733 1101 3877 1151 LXVI,

2307 1157 2401 1230 2)?
2438 1161 2752 1231 Quicunque
2778 1164 2994 1219 humilis
3020 1175 3073 1221 et
3102 1167 3320 1235 quietus
3366 1184 3471 1223 non
3498 1172 3621 1236 erit,
3660 1188 3767 1227 non
3788 1189 3880 1243 po-

2313 1260 2415 1308 test
2441 1254 2494 1308 in
2523 1268 2588 1308 eo
2613 1253 2857 1310 habitare
2883 1259 3052 1327 gratia
3086 1259 3319 1327 Spiritus
3352 1262 3546 1316 sancti.
3597 1262 3739 1317 Deus
3782 1265 3880 1318 hu-

2310 1342 2453 1396 milis
2486 1342 2659 1397 factus
2682 1355 2768 1400 est
2793 1356 2991 1402 nostrze
3030 1350 3222 1405 salutis
3273 1336 3462 1416 causa,
3502 1361 3562 1406 ut
3596 1355 3880 1409 erubescat

2310 1432 2473 1489 homo
2499 1435 2762 1503 superbus
2788 1450 2928 1490 esse.
2960 1437 3229 1503 Quantum
3260 1441 3563 1496 humilitate
3592 1443 3882 1499 inclinatur

2312 1535 2404 1573 cor
2431 1521 2500 1575 ad
2519 1522 2646 1588 ima,
2677 1531 2882 1576 tantum
2911 1525 3122 1593 prolicit
3148 1526 3202 1580 in
3231 1528 3463 1584 excelso.
3493 1529 3593 1597 Qui
3612 1533 3754 1585 enim
3782 1533 3883 1585 hu-

636 1585 731 1688 sed
762 1599 860 1655 pro
885 1586 1131 1688 mercede
1152 1583 1424 1688 felicitatis
1452 1581 1614 1650 huius
1638 1581 1781 1688 νίίέξξι
1812 1578 2206 1688 ante???
2226 1611 2282 1670 Β
2310 1610 2454 1664 milis
2482 1612 2601 1675 erit,
2632 1578 2963 1668 malum}:
2985 1578 3041 1668 in
3070 1578 3882 1688 etiam?guii'ig'iiiii.

636 1675 871 1733 humana
897 1690 1033 1747 opus
1056 1674 1255 1732 bonum
1278 1673 1471 1729 fecisse
1495 1671 1856 1744 cognoscitur.
1889 1670 2210 1725 Probabitnr

635 1769 781 1823 enim
815 1768 976 1823 homo
1020 1766 1242 1838 ﬂagellis
1268 1766 1388 1830 Dei,
1419 1780 1527 1834 quo
1560 1765 1742 1819 animo
1763 1760 2090 1826 benefaciat,
2125 1760 2211 1815 vel

636 1874 741 1928 qua
792 1858 1110 1913 fortitudine
1156 1854 1376 1911 sull'erat
1417 1855 1747 1909 tentationes
1800 1852 1901 1908 sibi
1957 1867 2211 1923 superve-

637 1951 866 2006 nientes.
902 1950 1097 2004 Tentat
1123 1949 1266 2003 enim
1309 1963 1405 2003 vos
1440 1947 1603 2012 Deus,
1637 1946 1768 2002 dicit
1799 1943 2107 2015 Apostolus,
2153 1950 2243 1997 ut,

636 2040 773 2095 sciat
802 2041 846 2095 si
898 2040 1116 2110 diligitis
1151 2054 1294 2093 eum.
1323 2037 1573 2103 Prorsus,
1610 2035 1880 2090 tribulatio
1908 2034 2210 2104 patientiam

637 2142 901 2202 operatur,
926 2131 1179 2201 patientia
1212 2139 1383 2183 autem
1414 2144 1542 2199 opus
1584 2135 1658 2181 est
1685 2126 1990 2196 perfectum.
2019 2122 2212 2177 Beatus

636 2222 772 2276 enim
804 2222 904 2286 vir,
932 2222 1019 2291 qui
1043 2220 1225 2288 suﬁ‘ert
1254 2219 1606 2281 tentationem,
1651 2216 1898 2287 quoniam
1936 2231 2053 2268 cum
2095 2232 2217 2285 pro-

639 2309 791 2363 batus
821 2307 999 2377 fuerit,
1042 2306 1258 2376 accipiet
1306 2320 1552 2358 coronam
1582 2304 1717 2365 vitae,
1745 2319 1901 2373 quam
1925 2302 2213 2371 repromisit

637 2398 782 2454 Deus
818 2395 1151 2467 diligentibus
1183 2412 1238 2449 se
1268 2394 1407 2466 (Jac.
1456 2411 1496 2460 ι,
1544 2395 1598 2459 5,
1634 2394 1711 2464 4).
1749 2394 1919 2448 Nemo
1951 2394 2087 2449 bene
2129 2408 2216 2447 sa-

635 2489 794 2559 piens
827 2495 933 2553 est,
966 2486 1058 2556 qui
1079 2486 1399 2556 patientiam
1426 2499 1535 2538 non
1570 2483 1752 2537 habet.
1792 2481 2007 2535 Fortior
2030 2492 2102 2535 est
2124 2481 2215 2535 do-

642 2579 873 2632 minator
900 2576 1049 2650 (his,
1078 2572 1325 2645 domitor]
1348 2574 1511 2627 animi
1536 2573 1616 2627 sui
1637 2579 1986 2642 expugnatore
2013 2569 2215 2622 urbium

641 2667 821 2742 (Prov.
852 2684 963 2733 xvi,
992 2667 1103 2737 '52).
1128 2665 1186 2720 In
1209 2664 1469 2735 patientia
1494 2677 1622 2717 vero
1644 2660 1929 2730 quaerenda
1958 2667 2041 2714 est
2058 2660 2217 2729 igno-
2272 2690 2277 2695 «

643 2759 825 2814 scendi
863 2757 1107 2821 facultas,
1140 2772 1246 2811 non
1276 2754 1583 2811 vindicandi
1624 2748 2014 2823 opportunitas.
2060 2751 2216 2807 Tales

643 2857 770 2903 sunt
797 2847 1033 2916 quidam,
1069 2846 1159 2914 qui
1187 2852 1427 2913 tempore
1464 2842 1783 2911 iniuriarum
1810 2842 2080 2911 patienter
2106 2842 2216 2896 suf-

644 2938 847 3001 ferunt,
887 2944 947 2991 ut
984 2935 1375 3003 subsequenter
1409 2932 1620 2987 facilius
1666 2932 1943 2986 vindicare
1985 2930 2212 2983 valeant.
2241 2936 2289 2998 ο

647 3026 711 3081 1ῐί
742 3042 923 3082 veram
959 3040 1066 3080 non
1094 3024 1295 3093 habent
1317 3021 1655 3093 patientiam.
1689 3020 1954 3075 Patientia
1984 3034 2109 3074 vera
2137 3026 2220 3072 cst

644 3117 700 3172 in
730 3116 919 3169 faciem
949 3113 1158 3169 fortiter
1188 3114 1456 3168 sustinere
1479 3110 1729 3180 injurias,
1755 3116 1810 3163 et
1831 3110 1883 3163 in
1909 3110 2087 3163 futuro
2104 3109 2218 3161 vin-

646 3204 845 3258 dictam
891 3218 996 3257 non
1027 3191 1289 3272 quaerere,
1316 3200 1523 3254 sed’ex
1550 3199 1712 3254 corde
1759 3200 2056 3269 ignoscere.
2090 3196 2218 3251 Sine

647 3292 795 3347 ferro
815 3292 899 3347 vel
925 3290 1153 3344 flammis
1182 3297 1445 3358 martyres
1468 3303 1587 3343 esse
1606 3301 1915 3357 possumus,
1940 3288 1984 3341 si
2010 3287 2219 3357 patien-

649 3383 781 3438 tiam
805 3381 1069 3436 veraeiter
1091 3380 1145 3433 in
1168 3378 1349 3432 animo
1385 3391 1660 3431 servamus
1686 3391 1807 3429 cum
1836 3376 2096 3446 proximis
2122 3391 2219 3428 no-

650 3473 799 3528 stris.
852 3468 1198 3525 Laudabilius
1240 3475 1324 3521 est
1378 3464 1629 3533 injuriam
1678 3464 1904 3518 tacendo
1928 3452 2218 3527 deelinare,

649 3577 808 3632 quam
860 3559 1235 3629 respondendo
1284 3569 1557 3626 superare.
1597 3553 1697 3620 Qui
1737 3548 2004 3623 patienter
2032 3552 2222 3607 tolerat
2264 3616 2267 3617 ν

651 3649 808 3715 mala,
843 3650 897 3704 in
918 3650 1096 3704 futuro
1113 3662 1367 3721 coronam
1392 3645 1684 3699 merchitur
1710 3644 2111 3713 sempiternam.

1254 3770 1279 3797 ει
1307 3755 1532 3810 CAPUT
1560 3754 1625 3807 Χ.

1140 3878 1143 3881 »
1218 3844 1294 3897 De
1354 3842 1659 3895 humilitate.

725 3962 933 4031 Quanta
962 3960 1035 4014 sit
1071 3969 1212 4012 vera:
1245 3950 1562 4007 humilitatis
1594 3951 1789 4014 virtus,
1825 3949 1980 4003 facile
2008 3964 2073 4003 ex
2103 3965 2223 4004 ver—
2267 3988 2271 3993 ο

654 4054 738 4110 bis
764 4049 975 4106 Domini
995 4044 1354 4117 cognoscitur,
1382 4041 1475 4111 qui
1508 4049 1563 4093 ut
1597 4039 1901 4108 superbiam
1933 4039 2225 4095 Pharisazo-
2280 4110 2285 4111 ί

658 4155 777 4193 rum
803 4139 1103 4199 damnaret,
1134 4132 1309 4189 dixit:
1347 4131 1528 4184 Omnis
1556 4131 1645 4199 qui
1669 4145 1721 4181 se
1741 4128 1957 4193 exultat,
1980 4130 2223 4183 humilia-

658 4226 816 4288 bitur,
831 4233 879 4277 et
906 4224 993 4293 qui
1015 4239 1068 4275 se
1086 4219 1347 4281 humiliat,
1366 4217 1683 4271 excitabitur
1703 4214 1911 4286 (Matth.
1938 4232 2093 4281 xxut,
2112 4218 2219 4289 12).

658 4285 987 4370 Ilumilitatis
1011 4308 1259 4379 passibus
1286 4306 1352 4360 ad
1381 4304 1500 4360 caeli
1544 4285 1774 4358 culmina
1815 4285 2220 4372 conscenditur;
2256 4285 2303 4344 θ

578 4432 581 4435 π
660 4406 782 4475 quia
812 4402 952 4457 Deus
978 4400 1221 4457 excelsus
1249 4413 1354 4452 non
1389 4394 1659 4466 superbia,
1682 4394 1777 4449 sed
1821 4395 2118 4470 humilitate
2145 4408 2225 4452 at-

660 4495 901 4565 tingitur.
934 4492 1011 4546 De
1030 4507 1135 4560 quo
1166 4490 1365 4544 dictum
1400 4496 1485 4541 est
1514 4503 1525 4539 :
1553 4484 1693 4539 Deus
1742 4486 1972 4555 superbis
2013 4489 2223 4552 resistit,

660 4581 941 4638 humilibus
970 4589 1141 4632 autem
1167 4577 1257 4629 dat
1297 4575 1521 4649 gratiam
1552 4572 1692 4644 (Jac.
1721 4589 1794 4637 1v,
1823 4572 1897 4644 6).
1929 4573 2076 4628 Unde
2096 4583 2151 4627 et
2171 4575 2224 4630 in

658 4670 879 4742 psalmis
912 4668 1108 4725 dicitur
1138 4685 1151 4718 :
1187 4665 1436 4720 Excelsus
1468 4664 1721 4718 Dominus
1742 4674 1789 4716 et
1818 4663 2036 4723 humilia
2060 4666 2222 4735 respi-

663 4762 753 4824 cit,
800 4770 849 4817 et
898 4760 1009 4814 alta
1060 4774 1092 4810 a
1140 4755 1288 4825 longe
1333 4755 1592 4823 cognoscit
1649 4751 1819 4823 (Psal.
1860 4768 2101 4816 cxxxvn,
2146 4754 2221 4823 6).

662 4846 782 4903 Alta
809 4849 985 4917 posuit
1008 4861 1105 4918 pro
1130 4843 1393 4915 superbis,
1419 4840 1641 4894 humilia
1666 4857 1795 4895 vero
1823 4856 1921 4911 pro
1942 4840 2227 4896 humilibus

666 4939 797 5012 (AL,
826 4953 923 5007 pro
944 4934 1280 5005 mansuetis).
1314 4931 1546 4986 llumilia
1594 4933 1829 4999 respicit,
1873 4939 1935 4985 ut
1977 4931 2223 4985 attollat:

666 5032 793 5094 alta,
814 5028 867 5083 id
892 5027 1238 5095 est,superba
1268 5021 1559 5099 cognoscit,
1588 5028 1647 5073 ut
1690 5020 1918 5088 dcjiciat.
1950 5022 2228 5075 Discamus

667 5122 827 5193 igitur
858 5116 1231 5178 humilitatem,
1256 5129 1350 5183 per
1375 5128 1535 5182 quam
1561 5110 1669 5164 Deo
1696 5112 2053 5179 propinquare
2084 5119 2231 5179 pote—

668 5211 855 5271 rimus,
883 5207 1022 5261 sicut
1049 5204 1161 5273 ipse
1195 5203 1248 5255 in
1270 5202 1557 5272 Evangelio
1585 5200 1661 5253 ait
1691 5217 1704 5251 :
1736 5198 1929 5252 Discite
1948 5216 1980 5252 a
2004 5216 2085 5252 me
2111 5200 2233 5269 quia

670 5298 809 5350 mitis
835 5312 950 5349 sum
974 5303 1021 5347 et
1056 5290 1266 5346 humilis
1292 5290 1463 5353 corde,
1492 5299 1540 5343 et
1580 5287 1844 5342 invenietis
1872 5289 2093 5356 requiem
2120 5288 2235 5340 ani—

671 5387 851 5437 mabns
872 5382 1048 5434 vestris
1080 5378 1295 5449 (Matth.
1321 5393 1394 5439 ιι,
1416 5377 1525 5445 29).
1552 5376 1656 5431 Per
1680 5374 1982 5444 superbiam
2013 5375 2233 5430 mirabi-

745 5504 767 5531 δ
800 5492 907 5545 lloc
936 5501 1093 5561 caput
1126 5491 1187 5546 10
1214 5506 1337 5559 pars
1372 5496 1453 5542 cst
1480 5489 1741 5541 sermonis
1765 5485 1866 5539 ‘29?
1909 5484 1964 5538 S.
1994 5488 2131 5556 Aug.

2312 1696 2477 1753 fuerit
2495 1700 2548 1753 in
2576 1708 2810 1755 terra....
2842 1703 2897 1755 in
2926 1703 3093 1773 gloria
3120 1694 3341 1777 futura].
3374 1706 3587 1763 Primus
3612 1709 3882 1767 humilita-
3913 1772 3921 1779 .

2314 1787 2384 1841 tis
2410 1789 2606 1856 gradus
2628 1798 2711 1844 est
2737 1792 2981 1846 veritatis
3025 1808 3325 1848 sermonem
3368 1797 3640 1853 humiliter
3674 1801 3878 1870 audire,

2312 1878 2625 1947 memoriter
2650 1880 2907 1945 retinere,
2934 1881 3233 1937 voluntarie
3259 1885 3537 1954 perlicere.
3568 1888 3700 1943 Eam
3727 1892 3882 1961 quip-

2312 1980 2400 2035 pe,
2430 1982 2592 2037 quam
2622 1984 2729 2023 non
2759 1969 2965 2024 invenit
3002 1971 3256 2027 humilem
3302 1973 3543 2048 [veritas]
3575 1978 3707 2049 fugit
3733 1997 3883 2036 mcn~

2314 2064 2443 2111 tetu.
2481 2056 2749 2125 Quantum
2783 2060 2904 2129 quis
2948 2061 3201 2116 humilior
3229 2066 3333 2117 erit
3381 2066 3448 2120 de
3495 2069 3693 2137 seipso,
3732 2078 3884 2125 tanto

2314 2148 2488 2220 major
2520 2149 2626 2203 erit
2664 2149 2717 2202 in
2760 2160 3050 2219 conspectu
3079 2151 3193 2206 Dei.
3227 2152 3497 2223 Superbus
3525 2172 3653 2212 vero
3681 2170 3885 2228 quanto

2316 2236 2595 2306 gloriosior
2618 2248 2840 2309 apparet
2868 2241 3008 2294 inter
3036 2241 3302 2309 homines,
3336 2253 3489 2301 tanto
3507 2240 3764 2318 dejectior
3780 2252 3885 2307 erit

2316 2335 2439 2381 ante
2484 2326 2670 2382 Deum.
2721 2328 2819 2395 Qui
2866 2330 3011 2384 enim
3060 2333 3176 2388 sine
3204 2332 3504 2392 humilitate
3555 2339 3693 2394 bona
3722 2354 3884 2411 Opera

2317 2419 2446 2489 agit,
2472 2418 2527 2472 in
2557 2428 2776 2474 ventum
2809 2421 2963 2492 133
2991 2423 3264 2491 pulverem
3296 2436 3490 2495 portat.
3521 2429 3659 2496 Quid
3697 2448 3886 2501 supcr-

2315 2507 2395 2561 bit
2435 2516 2576 2561 terra
2604 2516 2659 2561 et
2681 2508 2836 2573 cinis,
2869 2510 2993 2565 dum
3038 2521 3196 2566 vento
3234 2516 3495 2583 superbia:
3532 2510 3881 2590 dispergitur.

2317 2596 2459 2665 qnod
2503 2595 2721 2665 jejuniis
2770 2608 2824 2652 et
2867 2600 3222 2673 eleemosynis
3267 2617 3595 2677 congregare
3640 2610 3887 2665 videtur?

2316 2685 2454 2751 Noli,
2479 2702 2513 2741 o
2538 2688 2716 2754 homo,
2744 2690 2795 2743 in
2816 2691 3096 2747 virtutibus
3116 2694 3221 2753 tuis
3242 2694 3452 2765 gloriari
3474 2713 3488 2762 ;
3509 2701 3632 2766 quia
3659 2700 3883 2756 alterum

2316 2777 2598 2837 habiturus
2639 2794 2701 2835 es
2743 2780 2999 2849 judicem,
3048 2798 3153 2837 non
3200 2768 3463 2853 teipsum;
3499 2788 3550 2841 in
3583 2788 3732 2857 cujus
3759 2805 3887 2846 con-

2318 2876 2503 2937 spectu
2535 2869 2762 2938 teipsum
2790 2872 2845 2924 in
2877 2872 3039 2925 corde
3065 2882 3157 2926 tuo
3181 2874 3463 2930 humiliare
3490 2888 3729 2958 opm-tet,
3757 2896 3888 2950 qua-

2322 2970 2478 3017 tenus
2503 2962 2591 3016 ille
2614 2970 2665 3015 te
2692 2963 2891 3018 exaltet
2913 2965 2967 3017 in
2992 2973 3227 3035 tempore
3254 2966 3617 3020 retributionis
3643 2975 3765 3020 tuas.
3792 2969 3889 3023 De~

2318 3053 2516 3107 scendo
2542 3061 2599 3105 ut
2620 3053 2902 3116 ascendas,
2928 3053 3212 3110 humiliare
3255 3063 3316 3109 ut
3344 3055 3620 3120 exalteris,
3644 3071 3711 3111 ne
3738 3056 3887 3111 exal-

2318 3148 2462 3196 tatus
2485 3142 2801 3197 humilieris.
2833 3143 2937 3211 Qui
2964 3145 3107 3198 enim
3133 3144 3233 3199 sibi
3263 3145 3385 3200 vilis
3420 3153 3522 3209 est,
3549 3153 3675 3200 ante
3716 3145 3885 3200 Deum

2318 3246 2541 3301 magnus
2560 3240 2643 3285 est
2679 3231 2810 3303 [Αι.,
2842 3233 3061 3305 pulcher
3087 3233 3229 3305 est];
3275 3242 3331 3289 et
3369 3236 3459 3303 qui
3488 3235 3591 3289 sibi
3618 3236 3885 3304 displicet.

2318 3320 2427 3375 Deo
2448 3320 2623 3392 placet
2650 3320 2782 3392 |_Al.,
2812 3331 2867 3377 et
2892 3316 2985 3393 qni
3027 3323 3126 3377 sibi
3156 3323 3386 3393 placent,
3419 3324 3531 3380 Deo
3555 3324 3881 3397 displicent].

2318 3412 2447 3466 Esto
2462 3414 2635 3495 igitur
2664 3428 2861 3482 parvus
2913 3415 2967 3468 in
3018 3414 3186 3469 oculis
3216 3416 3340 3481 tuis,
3387 3423 3445 3469 ut
3473 3415 3549 3470 sis
3577 3430 3799 3486 magnus
3830 3416 3884 3470 in

2318 3501 2487 3555 oculis
2521 3500 2754 3555 Domini.
2788 3503 2962 3557 Tanto
2988 3504 3132 3556 enim
3162 3502 3270 3557 eris
3296 3504 3436 3573 apud
3472 3504 3639 3557 Deum
3680 3504 3884 3572 pretio-

2319 3592 2451 3654 sior,
2504 3600 2716 3661 quanto
2752 3592 2916 3647 fueris
2945 3602 3071 3646 ante
3099 3595 3291 3656 oculos
3324 3603 3441 3648 tuos
3476 3594 3796 3663 despectior.
3826 3593 3884 3649 In

2320 3696 2529 3735 summo
2554 3680 3014 3739 honore'summa
3068 3684 3162 3737 tibi
3208 3685 3279 3737 sit
3326 3684 3614 3739 humilitas.
3658 3683 3887 3741 Honoris

2226 3764 2229 3767 ⁷
2321 3770 2436 3825 laus
2460 3782 2565 3835 est,
2594 3770 2911 3824 humilitatis
2939 3771 3128 3824 virtus.

2933 3900 3158 3955 CAPUT
3194 3900 3281 3954 XI.

2744 4011 2819 4064 De
2857 4013 3248 4080 compunctione
3275 4013 3466 4066 cordis.

2394 4121 2747 4191 Compunctio
2768 4120 2945 4195 cordis
2971 4136 3034 4174 ex
3067 4121 3383 4175 humilitatis
3400 4122 3595 4177 virtute
3614 4124 3886 4187 nascitur:

2325 4212 2391 4266 de
2429 4201 2841 4280 compunctione
2882 4210 3149 4266 confessio
3177 4220 3549 4281 peccatorum;
3576 4214 3641 4266 de
3678 4212 3891 4268 confes-

2327 4301 2477 4356 sione
2514 4301 2862 4368 ptenitentia;
2898 4299 2963 4351 de
2991 4298 3309 4365 pcenitentia
3342 4315 3467 4354 vera
3493 4302 3769 4369 proveniet
3792 4302 3887 4354 de-

2326 4391 2575 4444 lictorum
2605 4386 2950 4456 indulgentia.
2981 4385 3330 4456 Compunctio
3366 4389 3540 4443 cordis
3564 4400 3647 4444 est
3676 4389 3889 4444 humili-

2327 4488 2410 4533 tas
2435 4477 2648 4540 mentis,
2682 4491 2801 4529 cum
2830 4475 3097 4547 lacrymis,
3136 4479 3601 4534 etirecordatione
3643 4488 3891 4550 peccato-

2328 4586 2470 4632 rum,
2506 4577 2562 4622 et
2580 4568 2771 4622 timore
2791 4567 2998 4637 judicii.
3031 4567 3109 4621 Ex
3130 4569 3338 4637 gemino
3361 4568 3506 4625 fonte
3529 4570 3890 4638 compunctio-

2328 4658 2415 4712 nis
2461 4657 2635 4711 solent
2672 4654 2935 4725 proﬂuere
2975 4656 3252 4726 lacrymae;
3305 4658 3361 4711 id
3398 4666 3500 4722 est,
3545 4658 3669 4711 dum
3696 4660 3889 4721 merita

2328 4764 2548 4818 operum
2576 4762 2795 4802 suorum
2825 4746 3131 4815 diligentius
3161 4744 3313 4816 [Ms.,
3344 4747 3469 4801 dum
3500 4732 3742 4803 mens....
3771 4748 3891 4803 dili-

2329 4839 2540 4911 gentius
2560 4837 2720 4908 mala]
2750 4836 3082 4898 considerat;
3115 4835 3283 4889 altera
3302 4837 3426 4890 dum
3455 4832 3720 4894 desiderio
3743 4848 3896 4895 teter-

2330 4945 2411 4982 nte
2432 4929 2555 4982 vitae
2582 4926 2836 4994 suspirat.
2868 4922 3019 4979 Unde
3062 4923 3326 4994 Propheta
3369 4927 3442 4979 ait
3475 4946 3487 4979 :
3520 4926 3689 4982 Sitivit
3715 4929 3891 4980 anima

2330 5039 2443 5074 mea
2473 5022 2540 5072 ad
2565 5020 2729 5072 Deum
2758 5017 2926 5069 vivum
2944 5015 3180 5085 :qnando
3210 5018 3405 5073 veniam
3434 5029 3482 5071 et
3503 5018 3758 5088 apparebo
3773 5028 3894 5089 ante

2334 5110 2517 5176 faciem
2548 5108 2679 5160 Dei?
2714 5103 2948 5158 Fuerunt
2981 5105 3107 5157 mihi
3129 5104 3371 5176 lacryma:
3393 5124 3519 5161 mea:
3546 5106 3697 5174 panis
3724 5106 3809 5159 die
3830 5122 3893 5159 ac
3970 5142 3977 5147 ι

2334 5209 2479 5258 nocte
2509 5194 2679 5267 (Psal.
2720 5210 2824 5255 xu,
2855 5192 2913 5257 3,
2935 5190 3016 5265 ὁ).
3049 5193 3177 5247 Item
3219 5213 3230 5247 :
3265 5193 3591 5263 Concupiscit
3629 5204 3676 5249 et
3720 5194 3892 5262 deﬁcit

2334 5288 2508 5340 anima
2535 5302 2648 5340 mea
2676 5286 2727 5337 in
2754 5286 2890 5338 atria
2929 5284 3158 5337 Domini.
3188 5286 3253 5338 Et
3280 5304 3293 5337 :
3325 5282 3429 5338 Cor
3456 5302 3646 5352 meum,
3685 5296 3731 5339 et
3770 5300 3894 5338 caro

2336 5396 2447 5433 mea
2494 5376 2878 5431 cxsultaverunt
2912 5376 2968 5430 in
3014 5375 3180 5430 Deum
3222 5360 3405 5429 vivum}
3438 5376 3607 5447 (Psal.
3665 5388 3893 5441 unm,
