4262 6214
531 329 635 384 69.3

1322 323 1378 377 Β.
1427 320 1486 375 ι-“.
1529 318 1749 373 ΑιηιΝι
1785 315 1915 373 SEU
1955 314 2224 370 ALCUlNl
2260 315 2541 373 OPERUM
2574 315 2750 373 PARS
2788 316 2874 372 iV.

3609 312 3710 368 624

530 456 628 511 per
659 437 968 510 prophetam
993 435 1068 488 ait
1099 451 1112 487 ε
1145 433 1209 486 ln
1231 447 1530 502 quacunque
1555 429 1639 482 die
1662 441 1930 481 conversus
1960 427 2073 495 [ue-
2100 432 2145 488 Α
2173 425 2314 480 niam
2340 427 2593 493 inveniet,
2620 430 2711 498 qui
2739 429 2896 484 modo
2920 438 3100 498 aptum
3129 430 3294 484 venite
3319 438 3524 500 tempus
3540 434 3718 500 perdi~

532 531 598 582 rit
615 534 872 596 peccator,
896 523 999 576 rita
1022 522 1164 583 viret,
1185 528 1234 572 et
1259 534 1362 572 non
1385 517 1632 570 morietur
1661 513 1873 585 (Each.
1922 527 2072 576 xvm,

533 615 642 688 2|).
670 611 921 680 Quamvis
961 609 1184 678 quisque
1205 606 1276 661 sit
1303 614 1569 700 peccator
1596 610 1654 656 et
1698 601 1910 700 impius,
1940 600 1984 653 si
2010 599 2077 653 ad

532 702 896 774 penitentiam
922 704 1280 760 convertatur,
1319 691 1570 760 consequi
1596 705 1748 760 posse
1777 691 1982 743 veniam
2019 702 2077 742 se

532 806 626 861 per
668 789 760 844 Dei
803 785 1217 843 misericordiam
1267 796 1369 836 non
1409 781 1629 835 dubitet.
1671 779 1726 833 in
1756 779 1859 832 hoc
1886 776 2078 831 saeculo

534 880 898 950 penitentiam
926 874 1244 930 facientibus
1285 871 1376 925 Dei
1424 867 1787 924 misericordia
1811 866 2073 920 subvenit.

531 969 587 1023 in
614 969 795 1023 futuro
820 975 997 1020 autem
1021 961 1333 1032 paenitentia
1374 974 1479 1013 non
1527 957 1755 1028 prolicit,
1784 955 1878 1010 sed
1917 955 2076 1009 ratio-

534 1075 654 1114 nem
697 1066 998 1113 nostrorum
1045 1050 1313 1125 [operum]
1356 1049 1613 1103 reddituri
1656 1062 1854 1101 sumus.
1894 1046 1952 1100 in
1978 1047 2078 1099 bac

533 1151 636 1202 vita
657 1155 858 1202 tantum
884 1143 1160 1215 ptenitenti
1186 1140 1339 1212 μη,
1366 1137 1714 1209 pmoitentim]
1749 1146 1891 1207 patet
1911 1137 2073 1190 liber-

534 1248 632 1301 tas,
661 1243 779 1304 post
805 1241 1029 1287 mortem
1053 1244 1180 1285 vero
1208 1229 1349 1282 nulla
1374 1227 1718 1282 correctionis
1736 1233 1818 1281 est
1843 1225 2073 1279 licentia.

1104 1358 1325 1414 CAPUT
1360 1355 1495 1410 XIV.

533 1475 608 1528 De
636 1489 734 1527 non
767 1471 1020 1524 tardando
1044 1467 1265 1522 converti
1286 1470 1381 1537 _ad
1411 1467 1574 1537 Deum
1605 1466 1731 1537 ιΑΙ..
1763 1465 1834 1518 De
1862 1477 2077 1518 conver-

1017 1539 1157 1592 sione
1178 1538 1244 1590 ad
1277 1535 1598 1606 Dominum].

602 1654 818 1723 Legitur
856 1653 908 1706 in
955 1649 1146 1704 litteris
1194 1647 1448 1702 divinitus
1496 1644 1763 1715 inSpiratis
1813 1643 2018 1698 dictum
2057 1660 2070 1695 :

2173 515 2268 571 dit.
2292 515 2364 569 lbi
2387 517 2498 586 jam
2527 531 2558 571 a
2583 516 2692 572 Deo
2718 533 2823 573 non
2855 528 3029 589 potest
3066 520 3258 574 mereri
3283 521 3421 589 quod
3443 522 3597 590 petit,
3624 523 3716 591 qui

2161 604 2263 661 hic
2287 605 2455 660 noluit
2481 607 2665 662 audire
2691 605 2830 676 quod
2863 610 3041 679 jussit.
3097 609 3198 676 Qui
3224 620 3430 679 tempus
3454 611 3716 679 poeniten—

2173 694 2261 751 tiae
2281 697 2462 750 datum
2491 694 2636 768 [sibi]
2666 699 2905 769 negligit,
2935 698 3131 755 frustra
3158 709 3282 755 ante
3310 700 3541 756 tribunal
3565 699 3718 756 Chri-

2171 785 2239 839 sti
2260 800 2446 854 preces
2472 786 2710 842 effundit.
2740 788 3014 844 Festinate
3040 790 3198 845 debet
3220 791 3286 844 ad
3308 789 3474 855 Deum
3497 805 3717 846 conver-

2176 878 2333 933 tendo
2362 880 2744 950 unusquisque,
2771 881 2892 936 dum
2921 889 3117 951 potest,
3160 898 3227 938 ne
3249 882 3316 947 si,
3355 882 3480 938 dum
3523 891 3715 952 potest,

2175 966 2424 1034 noluerit,
2443 971 2658 1024 omnino
2678 983 2796 1025 cum
2825 972 2976 1026 tarde
2998 967 3245 1036 voluerit,
3267 983 3370 1027 non
3394 973 3579 1042 possit.

2731 1111 2755 1140 ⁸
2796 1099 3019 1156 CAPUT
3059 1099 3170 1154 XV.

2658 1186 2733 1240 De
2781 1190 2960 1243 timore
3007 1190 3234 1244 Domini.

2168 1323 2177 1333 ,
2246 1273 2460 1328 Initium
2505 1277 2771 1345 capientur
2812 1280 2972 1332 timor
3002 1279 3210 1334 Domini
3252 1281 3419 1350 (Psal.
3471 1300 3558 1348 cx,
3611 1286 3715 1355 10).

2175 1356 2361 1433 Magna
2383 1373 2466 1417 est
2489 1365 2692 1419 cautela
2729 1370 2932 1435 peccati
2971 1369 3134 1423 Deum
3169 1385 3380 1439 semper
3407 1382 3722 1441 praesentem

2175 1447 2324 1521 [Ms.,
2355 1450 2449 1504 Dei
2489 1453 2847 1525 praesentiam]
2893 1455 3099 1510 timere.
3139 1455 3240 1523 Qui
3287 1458 3519 1526 perfecte
3554 1459 3722 1514 Deum

2174 1539 2362 1605 timet,
2410 1541 2693 1611 diligenter
2738 1560 2798 1599 se
2844 1559 2874 1598 a
2915 1547 3148 1614 peccatis
3202 1549 3452 1603 custodit.
3505 1548 3722 1602 Timenti

2137 1612 2336 1682 .Deum
2369 1630 2423 1683 in
2464 1632 2736 1686 novissimo
2778 1635 2861 1686 die
2901 1634 3023 1688 bene
3066 1637 3179 1699 erit,
3220 1645 3267 1689 et
3307 1653 3496 1691 merces
3524 1637 3636 1705 ejus
3666 1639 3721 1689 in

536 1743 663 1807 Fili,
694 1759 755 1796 ne
782 1740 953 1795 tardes
999 1739 1219 1793 converti
1260 1737 1326 1790 ad
1354 1736 1520 1789 Deum
1558 1733 1705 1805 [Ms.,
1752 1728 2072 1800 Dominum],
2108 1741 2148 1800 Β
2175 1729 2420 1774 internum
2462 1733 2726 1791 permanet
2773 1724 2957 1795 (Eccli.
2996 1743 3043 1789 ι,
3080 1727 3189 1797 15).
3224 1727 3324 1793 Qui
3362 1728 3720 1783 erubescitin

532 1833 649 1902 quia
677 1830 839 1886 nescis
890 1828 1012 1898 quid
1033 1828 1209 1898 futura
1235 1823 1536 1894 pariat'dies
1576 1820 1760 1892 (Eccli.
1791 1836 1845 1884 v,
1872 1819 1944 1884 8).
1969 1818 2067 1884 Qui

535 1923 711 1977 tardat
764 1919 1024 1982 converti,
1067 1915 1356 1986 periculum
1391 1913 1516 1967 facit
1559 1913 1746 1966 animm
1785 1925 1913 1974 suae,
1949 1911 2072 1978 quia

534 2029 670 2066 mors
699 2027 800 2065 non
819 2009 990 2063 tardat
1018 2002 1205 2078 (Eccli.
1235 2020 1347 2068 xlv,
1378 2003 1484 2073 12).
1524 2001 1649 2067 Qua:
1693 2003 1736 2056 si
1777 2000 2072 2054 tardantem

534 2100 772 2155 converti
797 2099 1050 2160 inveniet,
1078 2095 1143 2150 ad
1167 2101 1428 2150 tormenta
1456 2091 1666 2145 deducit
1705 2105 1845 2146 eum.
1895 2088 2075 2143 Disso-

535 2193 640 2245 lnta
669 2199 723 2245 et
745 2187 1031 2258 paralytica
1055 2184 1208 2255 [Ms.,
1234 2179 1552 2252 periculosa]
1595 2178 1842 2247 cogitatio
1870 2185 1971 2237 est.
2012 2177 2076 2229 de

533 2279 765 2333 crastina
791 2277 1023 2345 cogitare
1051 2271 1418 2330 conversione,
1453 2274 1507 2319 et
1558 2265 1869 2319 hodiernam
1911 2263 2078 2332 negli-

535 2382 675 2436 gere.
700 2364 834 2431 Quid
857 2373 912 2416 tu
933 2369 1178 2431 peccator
1200 2354 1480 2429 [converti]
1503 2352 1824 2415 dissimulas,
1850 2350 2002 2421 135
2026 2359 2080 2404 et

537 2469 640 2507 non
682 2452 893 2514 metuis,
944 2463 1010 2503 ne
1041 2447 1134 2501 tibi
1162 2457 1308 2499 mors
1333 2442 1607 2511 repentina
1653 2440 1913 2510 subripiat
1939 2439 2078 2493 diem

535 2539 929 2595 conversionis?
965 2536 1146 2590 Nonne
1174 2532 1416 2587 homines
1449 2530 1624 2584 subito
1655 2523 1992 2584 moriuntur?
2021 2528 2078 2581 Si

537 2632 734 2683 bonum
763 2636 841 2680 est
865 2631 1080 2696 peccata
1107 2620 1392 2682 dimittere,
1424 2626 1477 2671 et
1505 2616 1572 2670 ad
1619 2615 1784 2670 Deum
1823 2617 2078 2680 converti,

538 2722 645 2774 cito
689 2717 796 2772 fiat.
847 2717 985 2771 Deus
1013 2712 1105 2768 tibi
1155 2710 1418 2781 promittit
1459 2708 1826 2763 remissionem
1863 2721 2083 2761 conver-

539 2809 670 2864 teati
715 2823 744 2861 a
793 2806 1043 2875 peccatis,
1075 2803 1414 2858 securitatem
1463 2800 1556 2854 tibi
1595 2815 1697 2853 non
1727 2798 1966 2867 promisit
1994 2798 2082 2851 diu

541 2895 767 2950 vivendi.
795 2893 956 2964 [Lege
993 2891 1298 2960 prophetas,
1323 2888 1437 2957 lege
1463 2886 1791 2958 Apostolum,
1818 2895 1872 2942 et
1893 2887 2010 2940 vide
2038 2889 2082 2941 si

543 2984 636 3038 tibi
681 2981 943 3051 promissa
979 2980 1050 3034 sit
1101 2979 1230 3031 hora
1270 2984 1361 3030 aut
1383 2975 1541 3047 dies]
1576 2975 1698 3054 ideo
1725 2985 2000 3029 convertat
2028 2991 2084 3029 se

2173 1819 2456 1878 conspectu
2483 1811 2712 1867 hominis
2732 1829 2984 1882 peccare,
3009 1825 3210 1884 quanto
3231 1819 3404 1888 magis
3425 1818 3580 1872 debet
3608 1834 3724 1873 eru-

2171 1897 2386 1952 bescere
2414 1899 2469 1953 in
2499 1911 2787 1970 conspectu
2817 1903 2912 1958 Dei
2943 1906 3274 1975 iniquitatem
3303 1923 3480 1979 agere,
3501 1911 3593 1978 qui
3614 1925 3722 1965 non

2173 1985 2341 2040 solum
2381 2001 2572 2056 opera,
2612 1991 2704 2043 sed
2745 1999 2800 2044 et
2842 1994 3000 2047 corda
3045 1996 3363 2050 considerat.
3393 1997 3492 2062 Qui
3536 2000 3725 2052 timore

2173 2086 2357 2130 sancto
2386 2077 2551 2133 Deum
2593 2089 2865 2146 metuunt,
2893 2071 3170 2151 inquirunt
3203 2101 3320 2154 quae
3357 2087 3494 2140 bona
3532 2088 3722 2157 placita

2174 2172 2300 2218 sunt
2326 2164 2416 2217 illi.
2450 2166 2596 2220 Alius
2640 2176 2724 2222 est
2767 2169 2925 2223 timor
2968 2171 3215 2236 ﬁliorum,
3246 2173 3380 2228 alius
3432 2183 3517 2228 est
3566 2178 3723 2230 timor

2175 2265 2466 2304 servorum.
2497 2251 2647 2307 Servi
2675 2255 2818 2308 enim
2844 2267 3059 2327 propter
3096 2266 3359 2313 tormenta
3392 2261 3638 2315 dominos
3665 2265 3726 2315 ti-

2178 2346 2350 2401 ment,
2382 2338 2473 2391 lilii
2525 2354 2650 2394 vero
2692 2350 2910 2412 propter
2942 2359 3176 2399 amorem
3212 2356 3392 2415 patres
3429 2349 3634 2405 timent.
3669 2349 3724 2403 Si

2177 2427 2270 2481 filii
2295 2425 2387 2480 Dei
2415 2443 2616 2493 sumus,
2652 2431 2930 2487 timeamus
2969 2449 3089 2488 eum
3127 2450 3195 2489 ex
3239 2437 3518 2493 cbaritatis
3547 2439 3728 2494 dulce-

2177 2517 2318 2581 dine,
2343 2533 2450 2572 non
2489 2519 2555 2572 de
2595 2519 2801 2575 timoris
2841 2524 3210 2611 amaritudine.
3242 2525 3409 2582 Homo
3433 2530 3644 2597 sapiens
3673 2531 3729 2584 in

2179 2606 2424 2660 omnibus
2467 2608 2716 2675 operibus
2757 2610 2868 2662 suis
2906 2606 3094 2665 metuit
3131 2613 3442 2679 Dominum,
3469 2618 3644 2672 sciens
3671 2633 3732 2671 se

2181 2707 2450 2761 nunquam
2477 2693 2592 2760 ejus
2611 2699 2946 2763 prmsentiam
2976 2699 3156 2770 fugere
3184 2718 3370 2772 posse,
3407 2707 3548 2760 sicut
3580 2707 3728 2762 Psal—

2180 2780 2336 2834 mista
2362 2782 2661 2863 Deo~*dicit_:
2689 2783 2801 2849 Quo
2833 2787 2914 2839 ibo
2939 2807 2970 2841 a
2998 2791 3179 2860 spiritu
3210 2802 3316 2857 tuo,
3344 2805 3392 2847 et
3417 2812 3518 2865 quo
3539 2815 3569 2850 a
3595 2799 3732 2866 [acie

2181 2880 2271 2924 tua
2327 2873 2524 2942 fugiam
2562 2875 2728 2946 (Psal.
2771 2893 3042 2945 cxxxvm,
3080 2883 3169 2950 7)?
3203 2883 3395 2939 iterum
3428 2907 3439 2940 :
3471 2887 3607 2952 Quia
3637 2907 3733 2944 nc-

2182 2979 2279 3031 que
2303 2964 2365 3015 ab
2389 2961 2617 3030 Oriente,
2645 2984 2804 3037 neque
2825 2970 2888 3021 ab
2933 2969 3206 3026 Occidente
3238 2972 3407 3043 (Psal.
3435 2993 3614 3043 Lntv,
3653 2981 3730 3049 7),

547 3077 706 3130 cuius
732 3073 1089 3142 unusquisque
1116 3070 1182 3122 ad
1206 3068 1395 3130 Deum,
1416 3078 1472 3122 et
1498 3052 1911 3121 cnm’invenem
1935 3081 2079 3130 eum,
2108 3061 2152 3120 ς
2184 3052 2515 3142 subauditur,
2561 3063 2710 3123 patet
2755 3057 2900 3112 locus
2944 3057 3177 3129 fugiendi
3224 3063 3407 3118 Deum.
3451 3065 3552 3130 Qui
3591 3071 3730 3122 timet

540 3167 872 3234 derelinquat
897 3163 1088 3232 impius
1115 3161 1256 3214 viam
1283 3174 1452 3214 suam.
1489 3157 1543 3212 Si
1588 3155 1762 3212 subito
1791 3159 1952 3211 intrat
1972 3158 2086 3211 dies

541 3265 830 3318 extremus,
861 3255 994 3323 perit
1022 3252 1222 3315 dilatio,
1269 3259 1322 3304 et
1371 3257 1536 3304 restat
1579 3249 1864 3302 damnatio.
1906 3249 2086 3303 Perire

545 3363 651 3402 non
700 3345 798 3407 vis,
844 3344 954 3397 redi
1004 3342 1070 3397 ad
1111 3341 1295 3402 Deum,
1334 3350 1386 3393 et
1432 3340 1594 3393 vives.
1637 3338 1752 3391 Noli
1806 3338 2087 3407 desperare

547 3423 698 3507 (Ms,
722 3429 988 3501 peccando
1038 3427 1273 3499 sperare]
1319 3428 1383 3480 de
1423 3426 1574 3479 venia
1599 3434 1957 3494 peccatorum,
1991 3441 2088 3479 nec

548 3526 613 3581 de
637 3524 744 3576 vita
774 3520 996 3591 longiori
1024 3518 1308 3573 conlidere.
1330 3516 1650 3570 Convertere
1669 3529 1817 3585 ergo,
1844 3523 1896 3567 et
1923 3516 2090 3584 poeni-

548 3612 767 3667 tentiam
809 3623 924 3679 age.
968 3608 1118 3672 Cras,
1153 3605 1383 3675 inquies,
1427 3614 1750 3658 convertam.
1789 3604 1961 3670 Quare
1987 3620 2089 3657 non

549 3703 737 3756 hodie?
763 3701 898 3768 Quid
923 3699 1067 3763 mali,
1112 3696 1268 3760 dicis,
1295 3697 1339 3750 si
1375 3710 1494 3748 cras
1535 3695 1742 3749 dicam?
1777 3693 1912 3760 Quid
1945 3695 2090 3758 mali,

551 3798 596 3849 si
625 3795 816 3849 hodie?
840 3793 1000 3850 Forte
1025 3792 1193 3846 dicis:
1216 3773 1400 3858 Longa
1443 3788 1544 3842 erit
1586 3789 1692 3841 vita
1721 3803 1856 3841 mea.
1890 3788 2093 3851 Dicam,

553 3884 597 3939 si
646 3881 798 3951 longa
844 3880 916 3935 sit
959 3878 1107 3957 μὴ,
1136 3877 1284 3947 erit],
1311 3879 1450 3931 bona
1482 3877 1583 3940 sit;
1615 3876 1660 3928 si
1686 3877 1884 3938 brevis,
1909 3887 1960 3928 et
1982 3877 2094 3944 ipsa

553 3975 690 4027 bona
719 3971 808 4030 sit.
840 3966 1131 4041 Quisjerat
1157 3968 1353 4022 malum
1385 3966 1630 4033 longum?
1662 3965 1943 4017 Prandium
1985 3966 2096 4018 lou-

554 4077 676 4132 gum
702 4076 808 4116 non
834 4061 917 4116 vis
942 4057 1141 4118 haben:
1166 4055 1380 4120 malum,
1410 4062 1466 4109 et
1489 4055 1649 4110 vitam
1671 4054 1880 4122 longam
1901 4056 1980 4109 vis
2005 4056 2098 4109 ha-

558 4155 681 4205 bere
701 4149 925 4204 malam?
939 4147 1128 4203 Villam
1154 4145 1317 4203 emis:
1344 4144 1536 4198 bonam
1559 4143 1847 4198 desideras.
1868 4143 2096 4198 Uxorem

557 4240 640 4291 vis
667 4238 859 4290 ducere
883 4253 896 4287 :
922 4238 1113 4289 bonam
1134 4234 1344 4302 maris.
1376 4231 1536 4290 Filios
1562 4233 1656 4286 tibi
1683 4233 1830 4286 nasci
1855 4233 1935 4287 vis
1961 4250 1973 4285 :
1999 4234 2097 4287 bo-

560 4339 656 4380 nos
679 4331 846 4391 optas.
869 4321 936 4375 Et
951 4328 1014 4372 ut
1035 4320 1197 4373 etiam
1222 4319 1287 4374 de
1314 4319 1471 4374 rebus
1490 4319 1761 4374 vilissimis
1784 4318 1991 4388 loquar,
2011 4315 2117 4374 ca-'

2187 3137 2372 3206 Deum,
2403 3143 2612 3211 accipiet
2641 3145 2927 3200 doctrinam
2955 3151 3067 3218 ejus
3085 3191 3099 3213 ,
3125 3161 3170 3203 et
3205 3155 3290 3221 qui
3330 3149 3642 3223 rigilavet'int
3678 3161 3731 3211 in

2187 3231 2442 3286 mandatis
2468 3234 2628 3297 illius,
2655 3238 2909 3291 invenient
2934 3239 3333 3295 benedictionem
3354 3247 3734 3316 sempiternam

2187 3310 2372 3387 (Eccli.
2416 3337 2586 3387 xxx",
2628 3324 2733 3392 18).
2770 3324 3025 3398 ,Τὶειιεηιὶδ
3077 3327 3240 3382 Deum
3285 3331 3429 3386 beata
3458 3310 3531 3388 est
3560 3338 3733 3389 anima

2189 3406 2374 3477 (Eccli.
2407 3426 2589 3476 xxxrv,
2617 3413 2722 3483 17),
2749 3423 2801 3485 et
2829 3430 2859 3467 a
2895 3418 3186 3473 tentatione
3225 3421 3483 3477 diabolica
3513 3432 3622 3478 tuta
3655 3442 3737 3480 re-

2189 3510 2385 3555 manet.
2424 3501 2616 3558 Beatus
2648 3506 2829 3570 homo,
2852 3509 2940 3577 qui
2977 3525 3173 3578 semper
3196 3522 3268 3563 est
3305 3515 3521 3581 pavidus
3554 3514 3733 3586 (Prov.

2190 3602 2380 3650 xxvm,
2413 3590 2518 3656 14),
2543 3599 2598 3645 et
2622 3593 2706 3644 cui
2736 3593 2989 3648 donatum
3009 3605 3094 3649 est
3125 3598 3215 3651 Dei
3251 3601 3491 3654 timorem
3529 3618 3739 3672 semper

2191 3683 2314 3728 ante
2341 3677 2520 3732 oculos
2544 3679 2755 3734 habere.
2778 3681 2876 3746 Qui
2918 3684 3068 3737 timet
3095 3687 3390 3746 Dominum.
3433 3693 3630 3745 recedit
3671 3694 3740 3746 ab

2193 3766 2383 3819 itinere
2409 3783 2589 3837 pravo,
2617 3779 2673 3824 et
2704 3774 2768 3826 ad
2799 3774 3010 3829 virtutis
3047 3779 3290 3834 semitam
3317 3783 3430 3836 vias
3460 3798 3584 3838 snas
3613 3785 3740 3840 diri-

2194 3857 2284 3924 git.
2313 3858 2495 3912 Timor
2519 3861 2726 3916 Domini
2761 3865 2966 3933 repellit
2999 3877 3248 3935 peccata,
3277 3880 3331 3925 et
3355 3874 3547 3942 adjicit‘
3569 3876 3737 3930 virtu-

2197 3953 2293 3997 tes.
2327 3945 2507 4002 Timor
2529 3959 2743 4004 eautum
2771 3951 2896 4007 facit
2922 3955 3189 4012 hominem
3227 3969 3282 4013 et
3327 3963 3635 4027 sollicitum,
3672 3982 3743 4021 ne

2163 4110 2165 4112 _
2196 4045 2396 4100 peccet.
2427 4037 2524 4093 Ubi
2553 4056 2680 4094 vero
2703 4043 2861 4096 timor
2883 4045 3090 4100 Domini
3119 4063 3223 4101 non
3245 4059 3346 4113 est,
3369 4051 3441 4105 ibi
3467 4053 3742 4109 dissolutio

2197 4123 2318 4176 vita:
2344 4132 2443 4201 est.
2475 4125 2722 4197 Quisquis
2753 4130 2917 4184 Deum
2945 4133 2997 4184 in
3023 4137 3290 4204 prosperis
3319 4153 3422 4193 non
3449 4141 3626 4205 timet,
3659 4142 3742 4196 vel

2203 4210 2350 4282 [Ms.,
2376 4214 2583 4287 saltem]
2611 4218 2665 4271 in
2693 4219 2932 4275 adversis
2955 4223 3182 4292 refugiat
3206 4226 3270 4279 ad
3299 4227 3441 4280 illum
3459 4267 3474 4291 ,
3516 4230 3606 4296 qui
3652 4228 3738 4282 ila-

2201 4302 2376 4371 gellat,
2404 4313 2462 4358 ut
2484 4315 2652 4359 sanet.
2683 4307 2872 4362 Beatus
2901 4312 2997 4372 vir,
3026 4315 3115 4380 qui
3160 4315 3299 4367 timet
3347 4314 3625 4368 Dominum
3647 4356 3662 4378 ,
3689 4319 3745 4370 in

563 4415 696 4482 ligas
713 4382 876 4475 emis,
902 4417 959 4463 et
977 4422 1081 4462 non
1107 4409 1190 4462 vis
1207 4407 1412 4466 maias:
1440 4417 1496 4463 et
1516 4408 1677 4464 vitam
1703 4423 1849 4462 amas
1875 4411 2101 4463 malam?
2129 4382 2175 4441 υ
2201 4407 2246 4482 ’l‘

2060 4412 2101 4463 ,τ
2129 4382 2175 4441 D
2201 4393 2461 4446 ntandatis
2501 4394 2614 4462 ejus
2640 4399 2777 4464 cupit
2810 4398 2960 4450 nimis
2990 4397 3159 4467 (Psal.
3202 4416 3320 4466 Cll,
3346 4403 3417 4472 1).
3450 4403 3631 4459 Timor
3652 4407 3743 4460 Dei

563 4498 700 4566 Quid
723 4506 775 4553 te
801 4495 1018 4550 offendit
1041 4495 1151 4549 vita
1177 4502 1287 4558 tua,
1308 4509 1468 4564 quam
1489 4494 1655 4550 solam
1682 4496 1763 4550 vis
1790 4496 2004 4560 malam,
2044 4506 2102 4550 ut

568 4591 708 4642 inter
730 4585 907 4642 omnia
931 4585 1066 4638 bona
1085 4583 1222 4655 [tua]
1249 4583 1391 4638 solus
1417 4584 1492 4640 sis
1513 4582 1718 4639 malus?
1737 4582 1913 4654 Neque
1932 4587 2102 4662 tardes

567 4672 789 4728 converti
819 4670 886 4729 ad
917 4669 1212 4733 Dominum,
1241 4680 1290 4724 et
1317 4687 1381 4725 ne
1423 4673 1638 4741 dileras
1662 4673 1728 4732 de
1767 4674 1851 4730 die
1882 4674 1937 4731 in
1966 4675 2100 4728 diem

570 4764 752 4834 (Eccli.
781 4779 833 4828 v,
875 4763 955 4836 8).
984 4760 1157 4817 Verba
1186 4761 1469 4827 DeLsunt,
1495 4779 1599 4819 non
1623 4779 1759 4819 mea.
1790 4763 1906 4818 Non
1943 4777 1972 4818 a
2017 4780 2119 4821 me.

573 4852 684 4904 lucc
710 4851 921 4917 audisti,
949 4851 1043 4908 sed
1084 4865 1183 4921 ego
1210 4857 1386 4904 tecum
1428 4852 1587 4906 autin
1610 4866 1640 4905 a
1667 4852 1909 4910 Domino.
1946 4853 2106 4910 Forte

573 4937 858 5006 respondes
887 4957 902 4991 :
927 4937 1075 5003 Cras,
1119 4953 1259 4992 cras.
1285 4935 1330 4994 Ο
1367 4951 1464 4994 vox
1491 4939 1732 4994 cortina!
1772 4938 1974 4998 Corvus
2001 4958 2106 4996 non

575 5026 712 5081 redit
736 5026 801 5078 ad
823 5039 1019 5088 arcam,
1044 5026 1284 5081 columba
1308 5025 1462 5082 redit.
1503 5024 1561 5081 Si
1587 5028 1726 5081 enim
1750 5037 1876 5085 tunc
1897 5031 1979 5084 vis
1997 5044 2110 5099 ρω-
2144 5033 2146 5035 ’
2211 5030 2450 5100 orandae
2493 5048 2570 5104 ιιι,

577 5115 854 5170 ritentiam
884 5127 1039 5181 agerc
1066 5114 1273 5181 quando
1301 5129 1520 5183 peccare
1548 5129 1649 5169 non
1694 5127 1866 5184 poles,
1891 5129 2108 5188 peccata

579 5212 632 5256 te
653 5202 987 5262 dimiserunt,
1015 5214 1118 5252 non
1160 5210 1214 5253 tu
1252 5202 1359 5255 illa.
1411 5202 1552 5259 Satis
1591 5203 1793 5259 alienus
1819 5221 1848 5260 a
1879 5209 1979 5263 fide
2006 5218 2106 5271 est,

2201 4481 2444 4534 timorem
2504 4482 2760 4550 gehennae
2814 4487 3044 4555 expellit.
3097 4488 3186 4542 Sic
3229 4489 3416 4563 [ergo]
3466 4493 3747 4548 timeamus

2201 4568 2384 4632 Deum,
2410 4579 2469 4623 ut
2490 4570 2768 4642 diligamus
2788 4590 2937 4639 eum;
2962 4578 3083 4646 quia
3106 4581 3332 4648 perfecta
3351 4583 3579 4636 chaﬁtas
3606 4584 3749 4650 {oras

2199 4656 2353 4710 mittit
2382 4658 2613 4714 timorem
2643 4663 2885 4721 servilem
2917 4664 2970 4734 (I
2993 4665 3151 4721 Joan.
3181 4685 3253 4734 Iv,
3277 4669 3383 4739 18).

2686 4771 2860 4844 133-.
2874 4772 3096 4829 CAPUT
3132 4773 3266 4831 xvr.

2817 4858 2895 4912 De
2911 4860 3137 4929 jejunio.

2281 4957 2578 5034 Perfectum
2600 4971 2684 5019 est
2703 4963 2996 5052 jejunium,
3037 4969 3177 5036 quod
3219 4971 3273 5025 in
3315 4973 3666 5052 eleemosynis
3699 4990 3756 5036 et

2614 5050 2819 5104 Caelum
2877 5051 3004 5123 [Αι.,
3053 5058 3379 5117 orationibus
3427 5064 3483 5118 in
3536 5050 3751 5138 calum]

2214 5135 2423 5198 transit,
2451 5145 2504 5189 et
2546 5138 2611 5190 ad
2643 5139 2891 5194 thronum
2921 5143 3162 5200 altissimi
3197 5149 3289 5205 Dei
3319 5154 3578 5220 pervenit.
3607 5135 3757 5211 Tunc

2214 5223 2353 5274 enim
2387 5224 2545 5278 homo
2575 5228 2860 5312 spiritualis
2904 5231 3122 5290 eﬂ‘ectus
3154 5240 3355 5309 angelis
3398 5240 3753 5314 coniungitur,

581 5290 670 5358 qui
719 5290 784 5343 ad
837 5288 1090 5358 agendam
1142 5291 1502 5355 pmnitentiam
1560 5301 1767 5363 tempus
1827 5301 2112 5358 senectutis
2215 5308 2426 5381 Deoque
2461 5288 2673 5369 liberius
2702 5307 2992 5386 copuiatnr,
3023 5324 3068 5376 si
3095 5288 3416 5381 abstinentia
3441 5288 3758 5387 ca‘migd‘ra:

583 5389 872 5448 exspectat.
929 5379 1264 5433 Metuendum
1311 5391 1413 5447 est,
1453 5400 1518 5438 ne
1545 5385 1669 5439 dum
1699 5397 1876 5455 sperat
1903 5391 2113 5446 miseri-

2217 5399 2446 5454 tionibus
2479 5403 2757 5459 exaltatur.
2796 5407 2896 5463 Per
2924 5410 3123 5478 jejunia
3159 5423 3213 5468 et
3248 5419 3518 5474 orationes
3552 5422 3755 5477 occulta

585 5471 836 5532 σοι’ἀίιιων
879 5469 1076 5524 incidat
1102 5469 1155 5522 in
1190 5468 1464 5537 Ῑυάίείυω.
1493 5475 1672 5546 Neque
1707 5478 1845 5532 enim
1877 5487 2000 5536 tunc
2025 5497 2114 5537 ve-
2217 5492 2584 5560 mysteriorum
2609 5495 2900 5553 cmlestium
2939 5500 3257 5571 revelantur,
3286 5507 3556 5579 divinique
3581 5526 3758 5566 sacra-

658 5616 681 5646 ι
713 5603 820 5687 lioc
866 5607 1024 5675 capit.
1068 5607 1151 5672 15,
1191 5622 1314 5677 pars
1359 5617 1440 5663 est
1462 5613 1719 5666 sermonis
1765 5613 1829 5667 97
1876 5613 1930 5668 S.
1975 5618 2106 5688 Aug.
2145 5619 2386 5687 Append.
