4262 6256
391 329 497 386 ω
1174 322 2032 383 ιοωιλ.-ιωειιυεγ

2041 325 2401 387 lRTUTlBUS
2436 324 2524 385 Ετ
2562 325 2779 385 νιτιιδ.
3490 323 3595 381 6M

389 440 562 499 uenti
594 444 794 498 arcana
834 435 1157 509 panduntur.
1197 436 1443 504 Quandiu
1482 436 1650 493 Adam
1673 437 1950 502 abstinuit,
1980 440 2029 501 Α
2052 453 2174 495 esse
2214 439 2542 496 muniﬁcum.
2580 437 2648 494 Et
2667 436 2761 509 qui
2781 505 2785 509 δ
2805 437 2900 493 dat
2942 444 3003 492 ut
3036 437 3265 503 habeas,
3298 438 3513 495 mandat
3543 449 3603 496 ut

394 529 595 588 mansit
638 528 698 585 in
743 524 1031 597 paradiso:
1061 525 1421 591 manducavit,
1464 535 1526 583 et
1565 528 1818 598 expulsus
1845 535 1947 583 est.
2050 526 2285 593 tribuas,
2313 526 2496 583 dicens
2521 544 2535 581 :
2560 525 2726 592 Dote,
2751 535 2800 581 et
2827 526 3039 581 dabitur
3071 528 3232 582 rotis.
3259 526 3306 583 0
3334 542 3521 594 avare,
3554 528 3601 585 si

392 618 603 693 Ieiunia
632 616 792 673 fortia
825 614 931 670 tela
959 622 1088 672 sunt
1107 615 1365 671 adversus
1395 624 1731 672 tentamenta
1757 618 1954 672 αωο-
2050 628 2243 671 aurum
2268 613 2465 689 diligis,
2489 614 2574 671 vel
2601 615 2813 671 divitias
2843 614 3051 681 seculi,
3084 616 3183 681 da,
3208 630 3277 670 ne
3304 616 3513 687 perdas.
3545 613 3603 672 Si

396 713 637 777 Iliorum;
661 709 772 765 cito
786 707 931 765 enim
950 720 1049 778 per
1066 706 1446 765 abstinentiam
1470 702 1776 763 vincuntur.
1803 707 1955 764 Unde
2051 705 2372 772 servaveris,
2396 705 2514 762 sine
2535 704 2697 761 dubio
2718 706 2913 776 perdes
2934 723 2951 760 :
2973 706 3020 762 si
3040 707 3361 779 erogareris,
3388 708 3606 763 omnino

394 804 557 864 etiam
603 801 860 859 Dominus
895 807 954 856 et
990 799 1238 857 Salvator
1270 808 1457 858 auster
1487 816 1674 859 eorum
1708 803 1956 859 incursus
2052 794 2276 852 habebis
2306 810 2399 852 eas
2422 795 2771 861 eternaliter,
2796 795 3007 852 dicente
3028 796 3142 869 ipsa
3162 795 3442 853 Yeritate:
3476 797 3604 852 Tlte-

390 873 612 961 ἱεξιιιιῆδ
638 895 695 944 et
719 887 1051 944 orationibus
1090 894 1385 958 pramonet
1430 902 1689 959 superare
1732 889 1953 945 dicens:
2051 883 2314 939 mriaate
2338 884 2476 939 nobis
2506 884 2776 940 thesauros
2799 886 2855 940 in
2881 885 3029 951 celo,
3054 884 3144 940 ubi
3169 902 3260 941 nec
3282 902 3460 958 mgo
3476 925 3493 953 ,
3515 903 3606 941 nec

405 977 517 1034 Hoc
539 994 703 1050 genus
738 993 843 1034 non
886 976 1115 1047 ejicitstr,
1158 976 1260 1032 nisi
1295 977 1352 1032 iis
1392 979 1627 1034 oratione
1664 988 1714 1035 et
1753 978 1958 1050 jejunio
2052 975 2193 1028 tinea
2224 973 2536 1029 demolitur:
2559 991 2720 1046 neque
2759 974 2900 1044 [ures
2935 976 3216 1045 clodium,
3257 986 3307 1030 et
3341 977 3603 1047 furantur.

396 1067 616 1137 (latro.
646 1083 780 1134 xm,
803 1066 905 1132 θος
934 1065 1103 1121 Herc.
1131 1082 1218 1133 tx,
1246 1065 1357 1138 28).
1389 1067 1650 1124 immundi
1681 1071 1825 1124 enim
1850 1073 1960 1141 spi—
2055 1062 2157 1118 Ubi
2179 1066 2314 1119 enini
2341 1073 2416 1119 est
2438 1064 2711 1119 thesaurus
2727 1073 2867 1127 tuus,
2882 1064 3107 1119 ibiestet
3120 1081 3213 1119 cor
3227 1074 3375 1121 tum
3391 1064 3603 1137 (Ναυῆ.

400 1160 538 1229 riuis
584 1156 657 1214 ibi
707 1171 771 1215 se
810 1155 1147 1212 ﬁducialibus
1197 1156 1522 1223 immittunt,
1572 1158 1661 1214 ubi
1706 1159 1962 1218 videbunt
2054 1154 2264 1225 v1.29).
2297 1154 2492 1225 Utique
2524 1154 3053 1224 benedispeusantes
3089 1154 3398 1225 temporalia
3430 1154 3609 1227 acqui-

400 1250 710 1321 frequenter
758 1248 1177 1327 comessationes
1229 1255 1289 1303 et
1351 1248 1640 1305 ebrietates
1692 1252 1956 1307 exerceri.
2055 1243 2187 1299 retis
2209 1250 2428 1299 eterna.
2466 1240 2581 1298 Noli
2616 1229 2832 1299 timidus
2864 1258 2987 1299 esse
3011 1243 3065 1298 in
3100 1242 3405 1315 largiendo,
3436 1258 3505 1300 ne
3533 1244 3609 1301 sis

400 1338 736 1395 Abstinentia
766 1352 963 1409 corpus
995 1344 1263 1404 macerat,
1292 1338 1401 1394 sed
1421 1378 1425 1383 .
1446 1353 1542 1393 cor
1587 1339 1965 1411 impinguescit
2057 1352 2257 1408 egenus
2281 1336 2335 1393 in
2357 1337 2742 1392 retributione:
2771 1336 2895 1407 quia
2917 1338 3006 1408 qui
3025 1352 3180 1406 parce
3200 1344 3434 1401 seminat,
3458 1352 3609 1408 parce

400 1430 532 1506 (Hs.
558 1428 896 1502 impinguat].
923 1422 1153 1485 Carnem
1180 1422 1439 1493 debilitat,
1466 1429 1563 1484 sed
1584 1429 1817 1484 animam
1840 1444 1962 1485 con-
2052 1437 2105 1483 et
2125 1436 2276 1482 metet
2304 1426 2389 1499 (ll
2406 1426 2527 1483 Cor.
2558 1443 2637 1493 tx,
2659 1426 2735 1501 6).
2761 1427 2865 1493 Qui
2889 1437 3061 1481 autent
3086 1428 3359 1482 miseretur
3374 1428 3609 1499 pauperi,

398 1520 585 1577 iortat.
621 1519 729 1575 Sed
762 1519 1042 1575 sciendum
1094 1527 1181 1573 est
1218 1518 1363 1588 quod
1396 1516 1599 1587 jejunis
1643 1532 1765 1573 cum
1805 1518 1962 1575 bouis
2056 1517 2237 1572 beatus
2262 1519 2360 1573 erit
2390 1516 2572 1589 (Prov.
2602 1533 2713 1583 xtv,
2739 1516 2850 1589 2|).
2884 1515 3178 1587 Redemptio
3222 1516 3396 1589 itaque
3426 1517 3613 1571 animi:

401 1612 652 1683 operibus
677 1610 788 1665 Deo
822 1609 1021 1679 optime
1052 1616 1179 1664 sunt
1202 1608 1562 1678 acceptabilia.
1588 1607 1690 1676 Qui
1724 1616 1902 1664 autem
1929 1623 1962 1663 a
2058 1608 2180 1673 uiri,
2203 1608 2398 1662 divitiae
2418 1609 2532 1678 ejus
2559 1608 2741 1679 (Prov.
2766 1622 2889 1673 xm,
2912 1606 2989 1679 8).
3018 1605 3255 1661 Honorat
3287 1606 3453 1661 Deum
3470 1647 3487 1674 ,
3526 1608 3613 1679 qui

399 1700 537 1754 cibis
562 1698 854 1762 abstinent,
880 1704 936 1751 et
963 1711 1125 1766 prave
1152 1704 1347 1767 agunt;
1374 1695 1643 1753 daemones
1662 1695 1960 1760 imitantur,
2059 1698 2329 1751 miseretur
2372 1697 2634 1769 pauperis.
2678 1696 2946 1751 Absconde
2990 1695 3364 1765 elemosynam
3403 1696 3459 1750 in
3497 1696 3616 1751 sinu

403 1789 598 1858 quibus
621 1800 753 1843 esca
774 1785 1005 1843 carnalis
1030 1801 1134 1840 non
1158 1792 1271 1850 est,
1314 1792 1370 1840 et
1409 1784 1643 1855 nequitia
1672 1783 1961 1854 spiritualis
1989 1773 2037 1833 Β
2062 1789 2324 1858 pauperis,
2350 1787 2480 1843 dicit
2505 1787 2784 1857 Scriptura
2817 1796 3025 1852 sancta,
3051 1796 3101 1841 et
3127 1788 3238 1858 ipsa
3260 1786 3425 1842 orabit
3454 1804 3547 1858 pro
3569 1799 3616 1841 te

404 1894 617 1948 semper
646 1878 805 1933 inest.
840 1876 933 1932 ille
959 1876 1103 1933 enim
1147 1876 1286 1931 bene
1319 1877 1556 1933 abstinet
1590 1893 1623 1931 a
1668 1877 1830 1939 cibis,
1869 1878 1962 1948 qui
2065 1875 2251 1948 (Eccli.
2279 1893 2431 1943 xxtx,
2457 1876 2563 1949 l5).
2592 1876 2741 1932 Sicut
2768 1894 2904 1948 aqua
2932 1876 3086 1948 137
3109 1878 3384 1948 exstinguit
3418 1879 3581 1948 ignem
3601 1920 3615 1939 .

403 1978 461 2025 ot
491 1984 520 2023 a
550 1968 766 2023 malitia:
800 1968 1031 2030 actibus,
1073 1975 1129 2022 et
1155 1982 1188 2021 a
1214 1956 1398 2022 mundi
1421 1966 1627 2036 jejunat
1663 1967 1965 2022 ambitioni-
2063 1967 2137 2021 ita
2162 1964 2481 2037 elemosyna
2502 1968 2779 2037 exstinguit
2799 1976 3085 2038 peccatum.
3112 1967 3354 2022 Animam
3387 1969 3617 2032 esurien-

407 2060 527 2114 bus.
562 2057 749 2113 Melius
780 2066 865 2112 est
905 2057 1301 2127 pradicationis
1350 2065 1554 2114 sancta:
1601 2057 1849 2118 convivio
1889 2055 1969 2129 [et
2063 2064 2163 2109 tem
2195 2072 2257 2109 ne
2279 2054 2600 2127 despexeris,
2625 2066 2674 2109 et
2701 2072 2763 2126 ne
2803 2072 3073 2125 exasperes
3116 2071 3393 2126 pauperem
3430 2057 3486 2110 in
3511 2056 3620 2111 cla-

404 2148 552 2204 verbi
576 2148 671 2204 Dei
702 2145 919 2231 pabulo]
949 2148 1210 2202 victuram
1244 2147 1298 2202 in
1324 2155 1584 2216 perpetuo
1616 2155 1849 2201 mentem
1882 2163 1966 2202 re-

404 2235 584 2302 ticere,
608 2252 767 2307 quam
794 2245 1033 2292 ventrem
1056 2235 1343 2291 mortifera:
1366 2236 1544 2291 carnis
1571 2234 1809 2308 [terreno
1828 2252 1967 2306 pane

404 2321 483 2397 et]
511 2323 777 2381 deliciosis
805 2335 1047 2380 saturare
1080 2324 1268 2395 epulis.
1648 2342 1653 2347 ί

971 2433 1197 2490 CAPUT
1234 2434 1390 2490 XVII.

951 2544 1029 2599 De
1076 2544 1427 2617 eleemosynis.

481 2656 768 2714 Sciendum
803 2666 890 2713 est
922 2658 1067 2733 enim
1098 2673 1219 2713 esse
1244 2659 1462 2729 pietatis
1496 2673 1657 2729 opus,
1690 2667 1752 2713 ut
1790 2659 1855 2714 de
1883 2659 1967 2715 his

408 2763 529 2819 quze
574 2750 729 2804 nobis
771 2748 1006 2804 cmlestis
1052 2750 1210 2804 Pater
1249 2750 1667 2806 misericorditer
1713 2752 1966 2818 contulit,

408 2853 509 2893 nos
533 2855 744 2909 quoque
778 2840 912 2894 alios
945 2839 1274 2907 adiuvemus.
1305 2840 1440 2896 Sunt
1464 2844 1605 2897 cnim
1634 2844 1844 2912 plurimi
1877 2848 1968 2914 qui

410 2928 607 2982 nullam
645 2930 698 2982 in
734 2931 894 3000 agris,
933 2929 1129 2984 nullam
1175 2931 1229 2985 in
1274 2932 1476 2996 vineis,
1525 2933 1723 2988 nullam
1771 2935 1971 2991 habent

411 3020 465 3074 in
519 3019 696 3075 sreculi
753 3021 952 3075 divitiis
1001 3022 1322 3091 portionem.
1383 3022 1621 3091 Quorum
1677 3027 1869 3099 inopia:
1902 3027 1969 3083 de

412 3124 475 3165 ea
526 3125 686 3179 quam
751 3110 1006 3166 Dominus
1076 3111 1231 3167 nobis
1271 3113 1416 3169 dedit
1475 3103 1625 3185 copia
1691 3118 1969 3173 consulere
1996 3115 2043 3178 (Ξ

346 3218 351 3221 ν
414 3202 704 3267 debemus,
763 3210 823 3257 ut
869 3210 924 3257 et
992 3203 1093 3273 ipsi
1146 3204 1422 3260 nobiscum
1485 3207 1594 3264 Deo
1657 3224 1756 3280 pro
1816 3217 1972 3265 terrae

409 3291 737 3348 fwunditate
797 3292 1115 3349 bcnedicant
1142 3334 1158 3360 ,
1214 3303 1270 3350 et
1334 3297 1599 3367 gaudeant
1656 3300 1974 3370 possidenti-

414 3381 513 3435 bus
554 3379 717 3435 t'uisse
751 3382 978 3447 donata,
1005 3398 1124 3453 qua:
1155 3385 1315 3439 etiam
1359 3388 1680 3456 pauperibus
1723 3403 1787 3443 ac
1828 3404 1974 3458 pere-

414 3469 581 3539 grinis
614 3468 755 3524 facta
789 3468 1008 3527 fuerunt
1040 3474 1359 3528 communia.
1385 3475 1533 3529 Felix
1578 3462 1663 3530 est
1702 3477 1829 3531 illud
1852 3478 1975 3532 hor-

414 3574 597 3625 reum,
632 3568 688 3614 et
722 3562 962 3616 omnium
1006 3562 1273 3617 fructuum
1304 3564 1738 3635 multiplicatione
1781 3568 1975 3639 dignis-

414 3648 630 3709 simum.
656 3650 795 3705 unde
815 3650 1105 3720 egentium,
1131 3660 1186 3707 et
1205 3651 1475 3718 debilium,
1499 3662 1554 3709 et
1574 3657 1975 3728 peregrinorum

416 3747 688 3795 saturatur
716 3741 942 3796 esuries.
980 3740 1125 3807 Quos
1159 3742 1279 3798 ideo
1316 3743 1415 3800 sub
1456 3743 1684 3801 diversis
1720 3747 1977 3802 molestiis

408 3827 617 3898 iustitia
646 3830 741 3885 Dei
769 3830 1011 3887 laborare
1040 3833 1304 3903 permisit,
1329 3841 1387 3887 ut
1409 3841 1464 3888 et
1496 3835 1721 3890 miseros
1754 3851 1851 3904 pro
1885 3852 1977 3905 pa-

413 3916 622 3981 tientia,
659 3927 716 3973 et
744 3920 1117 3976 misericordes
1138 3936 1237 3992 pro
1269 3923 1639 3977 benevolentia
1673 3932 1973 3979 coronaret.

414 4003 980 4064 Edicacissima‘enim
1023 4025 1123 4079 pro
1170 4011 1405 4079 peccatis
1455 4012 1762 4080 deprecatio
1808 4022 1892 4067 est
1922 4013 1974 4068 in

417 4093 775 4168 eleemosynis
823 4107 983 4169 atque
1019 4098 1267 4169 jejuuiis;
1296 4109 1352 4157 et
1385 4088 1639 4160 velociter
1671 4104 1741 4162 ad
1771 4105 1979 4162 divin'as

416 4187 725 4245 conscendit
775 4204 935 4245 aures
988 4192 1177 4248 talibus
1224 4196 1397 4255 oratio
1441 4195 1648 4272 elevata
1680 4196 1975 4271 sull'ragiis,

416 4277 672 4348 quoniam
697 4279 954 4350 scriptum
982 4289 1068 4335 est
1093 4297 1107 4334 :
1142 4280 1341 4338 Anima:
1365 4301 1476 4337 sum
1501 4285 1753 4355 benefacit
1779 4290 1857 4342 uir
1874 4291 1982 4342 mi-

2066 2161 2204 2200 mare
2242 2161 2337 2200 suo
2374 2143 2561 2217 (Eccli.
2614 2160 2687 2209 tv,
2736 2142 2814 2216 2).
2847 2143 2948 2211 Qui
2971 2143 3167 2199 avertit
3190 2157 3376 2198 aurem
3404 2158 3555 2199 suam
3591 2160 3620 2196 a

2064 2236 2299 2292 clamore
2321 2238 2607 2308 pauperis,
2629 2236 2769 2291 illius
2802 2236 2979 2291 oratio
3018 2233 3353 2290 clementiam
3389 2234 3483 2292 Dei
3518 2249 3624 2289 non

2066 2327 2356 2382 merebitur
2384 2325 2535 2399 [Ms.,
2562 2324 2839 2397 meretur].
2860 2325 2919 2380 in
2946 2326 3053 2380 vita
3082 2334 3171 2381 tua
3192 2323 3415 2381 benelac
3435 2323 3627 2380 animat

2066 2426 2200 2482 tuae,
2247 2415 2614 2486 eleemosynas
2655 2416 2789 2471 dans
2818 2416 3060 2481 miseris,
3096 2415 3220 2485 quia
3244 2422 3367 2485 post
3399 2422 3624 2470 mortem

1972 2516 1973 2521 ‘
2066 2522 2175 2561 non
2200 2506 2366 2561 habes
2386 2514 2706 2576 potestatem
2726 2507 2864 2563 bene
2890 2506 3137 2561 faciendi.
3156 2505 3214 2561 in
3236 2505 3497 2562 conviviis
3521 2507 3627 2561 tuis

2067 2609 2326 2666 pauperes
2365 2604 2671 2662 vescantur,
2695 2603 2748 2651 et
2776 2590 3023 2651 Christus
3064 2596 3120 2651 in
3164 2594 3287 2650 illis.
3330 2595 3455 2650 Tria
3502 2602 3630 2649 sunt

2066 2705 2264 2760 genera
2291 2690 2751 2758 eleemosyuarum
2777 2705 2791 2741 :
2820 2702 2925 2741 una
2950 2686 3258 2757 corporalis,
3295 2684 3472 2755 egenti
3500 2684 3629 2738 dare

2066 2780 2323 2850 quidquid
2361 2780 2627 2850 potueris;
2656 2779 2819 2833 altera
2849 2778 3160 2847 spiritualis,
3191 2776 3459 2832 dimittere
3502 2775 3551 2831 ei
3596 2791 3627 2828 a

2067 2887 2175 2942 quo
2203 2872 2361 2929 laesus
2390 2871 2584 2936 meris;
2616 2871 2773 2925 tertia
2814 2869 3212 2939 delinquentctn
3248 2868 3546 2940 corrigere,
3575 2876 3633 2923 et

2068 2970 2313 3018 errantes
2343 2962 2397 3019 in
2427 2962 2567 3017 viam
2597 2960 2854 3015 reducere
2879 2958 3141 3017 veritatis.

2592 3087 2617 3116 ι
2656 3072 2878 3130 CAPUT
2915 3069 3093 3125 XVIII.

2668 3185 2745 3239 De
2772 3184 3025 3238 castitate.

2143 3303 2374 3358 Castitas
2399 3299 2634 3371 angelica
2656 3305 2739 3352 est
2761 3296 2888 3351 vita.
2914 3294 3146 3352 Castitas
3167 3309 3288 3349 cum
3308 3289 3629 3354 humilitate,

2075 3391 2305 3461 Spiritus
2332 3391 2502 3446 sancti
2528 3390 2821 3444 merebitur
2845 3388 3251 3452 habitationem,
3275 3399 3433 3455 quem
3459 3382 3635 3454 expel-

2072 3480 2136 3534 lit
2160 3480 2495 3535 immunditia
2523 3479 2818 3544 libidinum,
2852 3478 3061 3543 dicente
3089 3474 3361 3544 Scriptura
3386 3494 3399 3527 :
3430 3472 3635 3541 Corpus

2073 3570 2309 3639 peccatis
2354 3571 2619 3627 subditum
2664 3568 2897 3638 Spiritus
2925 3573 3142 3625 sanctus
3166 3559 3553 3634 eil‘ugietlSap.
3581 3576 3631 3622 t,

2075 3662 2149 3730 5).
2186 3662 2419 3718 Membra
2440 3670 2622 3719 nostra
2652 3661 2760 3715 Deo
2778 3656 3130 3719 debentesse
3152 3654 3354 3716 dicata,
3390 3666 3499 3706 non
3528 3648 3636 3706 for-

2078 3752 2351 3809 nicationi.
2379 3750 2625 3821 Opponat
2652 3749 2812 3805 homo
2842 3746 3109 3804 desiderio
3132 3744 3315 3800 carnis
3348 3758 3460 3799 suae
3483 3750 3637 3798 teter-

2077 3857 2265 3897 uorum
2329 3842 2569 3901 ﬂammas
2626 3845 3034 3900 tormentorum.
3087 3834 3383 3891 Assuescat
3422 3832 3637 3903 juvenis
3715 3836 3720 3841 '

2076 3934 2329 4000 castitati,
2358 3940 2419 3989 ut
2432 3934 2513 3989 sit
2537 3933 2730 4005 dignus
2758 3930 3017 4002 sapientia
3042 3929 3154 3985 Dei.
3182 3928 3281 3985 Ubi
3303 3928 3636 3984 immunditia
3710 3964 3713 3967 ς

2076 4032 2162 4079 est
2183 4025 2445 4095 corporis,
2462 4024 2532 4079 ibi
2546 4022 2803 4078 habitatio
2826 4019 3071 4076 diabolici
3093 4020 3340 4090 spiritus;
3362 4019 3455 4090 qui
3473 4017 3638 4073 maxi-

2079 4130 2163 4170 me
2199 4115 2395 4186 gaudet
2439 4114 2494 4169 in
2552 4112 2923 4183 inquinatione
2968 4110 3148 4166 carnis
3192 4117 3406 4165 nostrae.
3441 4106 3640 4163 Omnes

2078 4204 2549 4267 immunditime
2571 4202 2872 4272 displicent,
2898 4199 3212 4260 ct,tnaxime
3230 4211 3350 4268 quae
3376 4211 3483 4254 non
3513 4206 3643 4252 sunt

2076 4296 2365 4353 naturales.
2392 4295 2658 4351 Admonet
2686 4293 2865 4361 itaque
2901 4306 2997 4346 nos
3024 4290 3303 4361 Scriptura
3325 4294 3540 4354 sancta,
3563 4290 3639 4363 di:

418 4370 638 4424 sericors
664 4367 846 4441 (Prcv.
878 4387 954 4435 xt,
983 4371 1091 4433 l7).
1113 4372 1248 4428 Pars
1271 4375 1413 4429 enim
1434 4378 1790 4447 corporalium
1811 4378 1977 4435 facul-
2012 4416 2041 4454 in
2075 4401 2204 4444 cens
2232 4382 2401 4454 ;.Post
2429 4383 2866 4453 concupiscemias
2887 4391 3007 4436 tuas
3038 4398 3139 4435 non
3162 4397 3250 4435 eas
3269 4420 3285 4447 ,
3315 4389 3364 4435 et
3398 4396 3434 4436 tt
3455 4379 3637 4435 nolun-

420 4464 609 4526 tatum,
638 4476 757 4531 qua:
783 4463 1139 4535 indigentibus
1166 4466 1517 4534 ministratur,
1550 4469 1602 4523 in
1636 4470 1848 4527 divitias
1873 4472 1976 4527 lar-
2007 4453 2055 4512 ί)
2079 4486 2184 4532 tate
2209 4484 2302 4531 tua
2326 4484 2570 4531 avertere.
2603 4474 2663 4529 Si
2689 4482 2905 4545 pra-stes
2930 4474 3119 4528 animo:
3142 4483 3244 4528 tua:
3269 4473 3633 4543 concupiscen-

418 4546 584 4638 gienti
632 4554 826 4608 transit
876 4563 1124 4638 aeternas.
1178 4558 1255 4613 ita
1305 4560 1725 4618 misericordiam
1780 4546 1877 4620 Dei.
1923 4574 1977 4619 et

420 4637 798 4710 indulgentiam
829 4637 1173 4712 peccatorum
1196 4658 1523 4718 nostrorum,
1560 4668 1845 4724 pauperum
1878 4656 1974 4709 mi-

421 4732 688 4789 seratione
727 4740 782 4787 ct
822 4732 1185 4810 eleemosynis,
1214 4755 1483 4796 meremur
1526 4761 1539 4797 :
1585 4746 1837 4814 quoniam
1884 4748 1977 4818 qui

423 4822 578 4877 suum
607 4822 675 4881 ab
702 4822 860 4896 inope
902 4839 1009 4879 non
1051 4826 1246 4893 avertit
1269 4829 1529 4894 animum,
1558 4832 1666 4886 cito
1692 4836 1758 4890 ad
1790 4851 1848 4892 se
1873 4837 1977 4892 Do-

422 4908 553 4966 mini
580 4915 848 4972 convertit
874 4916 1131 4981 auditum,
1161 4917 1370 4973 dicente
1395 4920 1623 4977 Domino
1647 4942 1658 4976 :
1685 4924 1863 4982 Estole
1881 4928 1980 4982 mi.

424 4999 729 5067 sericam,
757 5004 889 5064 sicut
919 5003 1080 5062 Pater
1103 5018 1267 5062 vester
1290 5010 1581 5066 misericors
1607 5024 1681 5067 est
1708 5014 1856 5085 (Luc.
1892 5035 1944 5073 rt
1961 5061 1976 5084 ,

423 5090 533 5163 36).
574 5090 727 5160 Quod
761 5098 1086 5156 reddituram
1116 5117 1174 5158 se
1208 5104 1473 5173 promittit
1512 5102 1750 5173 Veritas,
1790 5123 1978 5165 secura

424 5184 690 5254 expendat
710 5183 791 5257 [et
815 5189 1035 5263 tribuat]
1056 5194 1382 5249 humanitas.
1398 5194 1662 5253 Constans
1674 5198 1981 5264 esto,Chri-

425 5274 596 5349 stiane
615 5274 855 5350 largitor,
883 5279 949 5333 da
974 5283 1116 5351 quod
1145 5286 1407 5355 accipias,
1454 5302 1574 5344 sere
1606 5288 1747 5359 quod
1775 5296 1975 5359 metas,

359 5367 364 5371 ”
425 5376 615 5434 sparge
663 5365 807 5437 quod
854 5366 1089 5439 colligas.
1137 5371 1253 5428 Noli
1321 5384 1561 5431 metuere
1612 5377 1977 5448 dispendium,

427 5450 534 5507 noli
555 5450 623 5510 de
640 5454 803 5512 dubio
823 5458 1095 5528 suspirare
1112 5472 1394 5531 proventu.
1412 5463 1721 5529 Substantia
1745 5475 1830 5522 tua
1857 5484 1980 5526 cum

427 5540 563 5599 bene
592 5552 864 5617 erogatur,
902 5556 1142 5621 augetur.
1176 5551 1566 5613 Remunerator
1616 5566 1739 5614 tuus
1785 5558 1897 5616 vult
1932 5570 1985 5619 te

2079 4571 2180 4627 tias
2230 4571 2363 4642 ejus,
2401 4571 2556 4641 faciet
2607 4581 2655 4625 te
2701 4571 2761 4633 in
2806 4569 3054 4640 gaudium
3076 4566 3298 4623 inimicis
3334 4565 3436 4619 tuis
3458 4561 3639 4617 venire

2080 4660 2270 4731 (Eccli.
2302 4677 2454 4725 xvm,
2482 4660 2569 4725 50,
2597 4660 2706 4731 3|).
2735 4658 2862 4727 EJus
2883 4672 3094 4728 quoque
3116 4656 3256 4712 modi
3280 4653 3528 4710 Salomon
3552 4668 3640 4705 sa~

2080 4751 2446 4823 pientissimus
2486 4748 2795 4820 proferebat
2837 4747 3129 4803 sententias
3182 4745 3249 4802 de
3279 4744 3518 4800 cavenda
3543 4743 3638 4800 im-

2082 4841 2341 4896 munditia
2370 4840 2582 4903 carnis,
2610 4838 2831 4892 dicens:
2864 4829 3039 4891 Favus
3071 4833 3329 4890 distillans
3364 4833 3504 4889 labia
3538 4851 3640 4890 rne-

2080 4932 2298 4995 retrt'cis,
2321 4940 2367 4984 et
2394 4928 2607 4984 nitidius
2632 4926 2744 4982 oleo
2772 4935 2951 4997 guttur
2973 4926 3107 4995 ejus.
3132 4924 3431 4980 Novissima
3464 4936 3639 4981 autcm

2076 5025 2219 5081 illius
2246 5040 2427 5085 amara
2452 5021 2603 5093 quasi
2624 5019 2963 5083 absinthium,
2988 5026 3039 5072 et
3064 5025 3220 5073 scuta
3245 5019 3396 5090 quasi
3432 5018 3639 5089 gladius

2076 5117 2265 5185 biceps.
2296 5111 2463 5165 Pedes
2487 5110 2598 5179 ejus
2624 5107 2938 5163 descendunt
2967 5107 3037 5162 ad
3065 5117 3281 5163 mortem
3299 5149 3316 5175 ,
3340 5117 3389 5162 et
3411 5107 3480 5160 ad
3509 5107 3639 5177 infe-

2080 5225 2163 5263 ros
2203 5221 2407 5276 gressus
2449 5200 2589 5256 illius
2627 5208 2913 5271 penetrant.
2952 5198 3059 5255 Per
3102 5200 3336 5255 semitam
3379 5199 3497 5253 sitm
3537 5216 3640 5253 non

2078 5292 2376 5355 ambulant,
2410 5291 2526 5361 vagi
2565 5298 2687 5345 sunt
2729 5306 2935 5360 gressus
2973 5290 3110 5361 ejus,
3148 5299 3198 5342 et
3242 5286 3636 5357 inuestigabiles.

2083 5384 2236 5439 Nunc
2255 5398 2397 5452 ergo,
2427 5381 2505 5450 ﬁli
2535 5381 2637 5446 mi,
2666 5381 2793 5435 audi
2821 5397 2901 5435 me
2923 5420 2940 5445 ,
2970 5389 3017 5434 et
3062 5395 3123 5432 ne
3151 5376 3358 5431 recedas
3395 5393 3429 5430 α
3473 5374 3638 5431 verbis

2081 5475 2186 5528 oris
2215 5471 2334 5525 mei.
2376 5469 2548 5543 Longe
2576 5470 2661 5539 fac
2686 5470 2750 5525 ab
2780 5487 2840 5524 ea
2867 5470 2978 5523 vias
3014 5476 3151 5527 tuas,
3180 5474 3228 5517 et
3255 5480 3318 5519 ne
3356 5463 3639 5535 appropin-

2082 5580 2203 5635 ques
2227 5561 2422 5633 foribus
2452 5562 2633 5619 domus
2658 5560 2767 5629 ejus
2792 5556 2967 5629 (Prov.
2992 5572 3041 5622 ν,
3073 5554 3207 5626 5-8).
3234 5553 3347 5611 Hoc
3377 5552 3640 5625 siquidem

498 5688 522 5718 ι
556 5676 634 5733 Ex
682 5676 783 5735 hoc
829 5682 1002 5752 capite
1057 5683 1120 5741 l8
1174 5684 1431 5742 formatus
1458 5696 1552 5759 est
1597 5703 1769 5746 sermo
1813 5690 1875 5751 9i
1914 5692 1969 5749 S.
2012 5669 2143 5764 Aug.
