4262 6204
462 351 566 407 09.7

1294 340 1354 405 Β.
1395 351 1456 405 l".
1497 347 1720 405 ALBINI
1759 346 1891 405 εει]
1928 336 2203 404 ALCUlNl
2240 346 2526 406 OPERUM
2560 349 2740 405 PARS
2777 346 2862 404 iV.

3597 340 3704 405 ωε

462 481 570 522 non
588 465 760 521 solum
780 465 850 520 de
866 461 1211 521 meretricum
1231 462 1567 518 immunditia
1589 461 1743 527 dixit,
1758 460 1851 516 sed
1870 460 2033 514 etiam
2061 461 2114 521 Α
2137 459 2392 515 damnum
2412 460 2467 515 in
2495 461 2674 517 corde.
2700 460 2795 515 His
2814 459 3064 515 omnibus
3088 459 3337 514 meliores
3354 457 3571 516 divitias
3584 475 3707 531 pera

461 556 531 611 de
556 555 704 611 omni
728 555 909 617 carnis
925 554 1383 623 concupiscentia,
1398 567 1518 622 quae
1529 552 1782 607 sollicitat
1801 550 2035 603 animam

461 644 578 698 suis
604 643 913 698 consentire
930 642 1233 698 desideriis.
1263 641 1372 697 Sed
1396 642 1540 704 ratio
1566 640 1764 695 mentis
1791 638 2038 707 prohibe-

462 745 524 789 re
550 733 710 789 debet
745 734 975 802 impetus
997 734 1195 796 carnis,-
1221 742 1276 788 et
1298 731 1573 788 refrenare
1599 732 1897 801 voluptates
1920 728 2037 798 ejus

446 823 696 891 iniquas.
726 822 856 876 Item
885 823 969 875 ille
987 823 1081 891 qui
1109 837 1270 891 supra
1290 863 1305 886 ,
1348 822 1641 892 prohibens
1687 818 2038 875 cohabitatio-

462 928 587 968 nem
617 911 962 975 feminarum,
996 910 1287 979 juvenibus
1330 913 1494 966 dicit:
1524 909 1779 980 Nunquid
1819 910 2035 961 abscon-

461 1003 585 1056 dere
620 1012 783 1070 potest
808 1002 963 1054 homo
1012 1003 1181 1069 ignem
1218 1002 1275 1053 in
1317 1003 1436 1053 sinu
1479 1015 1575 1055 suo
1598 1040 1612 1063 ,
1643 1008 1700 1051 ut
1731 999 2035 1074 uestimenta

458 1090 604 1145 illius
636 1108 743 1145 non
768 1092 1029 1145 ardeant?
1073 1092 1177 1145 Aut
1220 1093 1490 1145 ambulare
1532 1108 1694 1161 super
1718 1107 1945 1160 prunas,
1978 1098 2035 1143 ut

461 1197 566 1235 non
592 1181 965 1234 comburantur
1005 1181 1202 1251 planta-
1226 1183 1362 1251 ejas.
1392 1180 1483 1235 Sic
1525 1182 1614 1251 qui
1647 1180 1939 1249 ingreditur
1964 1178 2035 1231 ad

459 1268 729 1322 mulierem
748 1270 973 1338 proximi
995 1270 1101 1334 sui,
1128 1286 1232 1324 non
1257 1272 1354 1324 erit
1381 1270 1636 1334 mundus,
1665 1285 1783 1323 cum
1811 1266 2035 1338 tetigerit

458 1374 574 1413 eam
600 1357 784 1427 (Prov.
814 1374 887 1423 vl,
914 1358 1123 1430 27-29).
1152 1360 1413 1415 Similiter
1436 1368 1492 1414 et
1522 1362 1710 1415 beatus
1732 1358 1927 1413 Paulus
1946 1359 2035 1412 ad-

459 1457 644 1503 monet
670 1463 768 1504 nos
794 1435 1089 1517 apostolus,
1122 1450 1403 1519 inquiens:
1429 1449 1636 1503 Bonum
1662 1460 1736 1503 est
1764 1449 2031 1502 mulierem

458 1548 565 1591 non
590 1547 801 1608 tangere
823 1537 875 1608 (f
896 1536 1019 1592 Cor.
1042 1555 1139 1604 vn,
1169 1539 1247 1607 1),
1276 1542 1429 1610 quasi
1461 1542 1641 1596 statim
1679 1542 1733 1595 in
1764 1547 1909 1594 tactu
1945 1554 2035 1608 pe-

458 1626 687 1681 riculnm
721 1634 886 1682 esset.
911 1627 1139 1683 Pulchra
1165 1639 1250 1684 est
1276 1640 1427 1684 casta
1455 1628 1714 1697 juVenutn
1740 1632 2024 1699 pudicitia,

457 1729 513 1773 et
540 1719 651 1774 Deo
680 1718 946 1785 amabilis,
977 1728 1034 1775 et
1057 1719 1125 1774 ad
1149 1733 1311 1775 omne
1337 1722 1538 1776 bonum
1566 1720 1733 1775 utilis.
1760 1720 1861 1787 Qui
1893 1720 2029 1775 iiiios

2135 548 2338 616 didisti,
2364 551 2419 606 id
2438 560 2541 617 est;
2566 550 2745 617 tidem,
2770 557 2824 606 et
2841 550 3125 619 justitiam,
3157 559 3213 606 et
3234 550 3573 607 dilectionem
3607 542 3729 607 Del

2134 649 2190 696 et
2210 642 2457 711 proximi.
2473 642 2703 697 Lucrum
2730 650 2878 697 tuum
2899 642 3124 713 cogitas,
3148 640 3403 697 damnum
3425 650 3575 696 tuum
3597 657 3702 698 non

2134 729 2464 783 consideras.
2491 729 2549 785 Si
2576 731 2701 785 huic
2725 730 2875 786 lucro
2903 730 3136 801 gaudes,
3178 744 3347 803 quare
3371 730 3463 785 illa
3491 732 3706 800 perdita

2135 832 2243 872 non
2273 817 2662 889 plangis‘lPlus
2686 834 2815 891 ergo
2836 820 3116 890 perdidisti
3140 827 3304 890 quam
3321 821 3636 890 .acqaisisti.
3659 819 3706 877 0

2135 909 2305 973 dives,
2320 911 2465 981 rapis
2482 916 2581 980 per
2603 912 2897 980 potentiam
2923 911 3065 979 quod
3088 911 3183 965 tibi
3206 911 3382 981 placet
3400 911 3621 976 habere,
3649 896 3725 965 et,

2134 1001 2315 1069 perdis
2341 1015 2439 1069 per
2465 1001 2781 1070 iniustitiam
2811 1002 2953 1071 quod
2983 1010 3035 1056 te
3058 1002 3199 1057 Deus
3234 1001 3363 1056 vult‘
3380 1002 3612 1066 habere,
3652 1002 3706 1056 id

2131 1101 2246 1156 est,
2299 1092 2684 1146 beatitudinem
2719 1089 3123 1161 sempiternam.
3174 1089 3232 1144 Si
3278 1091 3457 1145 omnis
3500 1088 3588 1143 fur
3619 1090 3705 1144 vel

2134 1190 2320 1250 raptor
2364 1180 2543 1235 lumen
2581 1181 2860 1253 oculorum
2901 1181 3227 1251 perdidisset
3254 1178 3309 1235 in
3336 1180 3481 1236 furto
3506 1180 3591 1236 vel
3619 1194 3708 1235 ra:-

2132 1271 2290 1338 plna,
2321 1269 2562 1340 nunquid
2604 1277 2789 1339 pbstea
2828 1270 3032 1325 furtum
3064 1269 3283 1326 fecisset
3314 1270 3398 1325 vel
3428 1269 3709 1342 rapinam?

2134 1360 2202 1413 Et
2240 1360 2434 1422 nescit,
2483 1360 2625 1427 quod
2660 1360 2713 1412 in
2744 1357 3008 1427 ejusmodi
3047 1366 3269 1429 peccato
3304 1359 3487 1415 lumen
3532 1358 3725 1429 perdit-

2133 1450 2333 1514 cordis,
2357 1449 2501 1518 quod
2522 1450 2713 1504 melius
2738 1458 2823 1504 est
2841 1453 2988 1504 onmi
3012 1451 3214 1506 lumine
3240 1452 3500 1520 corporis.
3517 1450 3705 1522 Magis,

2133 1554 2313 1604 avare,
2340 1539 2408 1593 da
2429 1540 2750 1609 pauperibus
2773 1541 2913 1609 quod
2936 1541 3121 1603 babes.
3140 1549 3200 1595 ut
3221 1541 3465 1595 invenias
3491 1540 3546 1593 in
3565 1541 3708 1596 ctelo

2132 1634 2273 1704 quod
2294 1634 2486 1689 dedisti
2511 1635 2565 1688 in
2589 1644 2755 1689 terra.
2772 1619 2910 1701 Quid
2938 1637 3095 1689 times
3116 1625 3396 1705 peeuniam'
3418 1644 3563 1690 tuam
3584 1651 3708 1705 per-

2132 1725 2279 1785 dere,
2310 1732 2365 1777 et
2389 1739 2497 1778 non
2529 1724 2688 1779 times
2723 1733 2784 1778 ut
2810 1733 2954 1779 totus
2979 1725 3201 1795 pereas?
3224 1712 3329 1781 Pro
3351 1726 3708 1795 acquisitione

458 1811 621 1865 habet
642 1810 970 1880 spirituales,
1006 1811 1088 1866 vel
1115 1813 1382 1879 carnales,
1411 1814 1615 1868 nutriat
1640 1814 1759 1869 illos
1786 1815 1839 1868 in
1864 1814 2030 1869 casti-
2060 1830 2110 1891 Β
2132 1818 2372 1886 pecuniae
2402 1816 2593 1871 falsum
2623 1818 2989 1872 testimonium
3028 1817 3192 1883 dicis,
3232 1818 3512 1883 mentiris,
3561 1818 3707 1887 rapis

456 1909 570 1954 tate
598 1898 729 1963 Deo,
758 1916 865 1956 non
900 1901 957 1954 in
993 1900 1350 1956 fornicatione
1384 1901 1614 1958 diabolo.
1647 1902 1785 1968 Quid
1810 1902 2033 1971 prodest

454 1990 660 2045 homini
684 1990 854 2046 tilium
864 1984 1096 2058 habere,
1121 1994 1349 2058 nutrire,
1372 2008 1576 2057 amare,
1598 1994 1645 2048 si
1670 1995 1887 2049 mternis
1907 2008 2029 2047 eum

454 2081 659 2136 nutriet
678 2082 997 2138 tumentis?
1014 2081 1115 2149 Qui
1139 2082 1195 2137 in
1230 2082 1476 2137 castitate
1495 2084 1702 2147 vivunt,
1732 2082 2027 2154 angelicam

453 2170 672 2249 habent
692 2171 748 2226 in
784 2173 946 2227 terris
979 2173 1466 2228 conversationem.
1496 2170 1734 2227 Castitas
1755 2172 2028 2226 hominem

452 2260 593 2317 ctelo
611 2250 909 2334 coniungit,
923 2256 1129 2333 angelis
1155 2261 1285 2318 facit
1307 2264 1604 2318 concivem.
1630 2262 1732 2330 Qui
1754 2256 2029 2317 mulierem

452 2350 619 2406 habet
641 2351 959 2423 legitimam,
998 2352 1237 2424 legitime
1270 2361 1455 2408 utatur
1479 2367 1543 2407 ea
1570 2353 1902 2422 temporibus
1933 2368 2029 2423 op-

452 2442 720 2510 portunis,
749 2444 810 2497 ut
842 2442 1273 2517 benedictionem
1303 2452 1575 2497 mereatur
1604 2442 1833 2497 filiorum
1863 2458 1893 2497 a
1918 2442 2028 2498 Deo

453 2533 713 2600 recipere.
744 2530 913 2588 Nemo
938 2533 1085 2586 dieat
1108 2548 1137 2586 a
1169 2531 1522 2587 fornicatione
1546 2548 1606 2587 se
1630 2534 1900 2587 custodire
1920 2548 2026 2587 non

450 2636 630 2691 posse.
676 2619 876 2676 Fidelis
906 2632 980 2675 est
999 2622 1143 2676 enim
1164 2621 1326 2687 Deus,
1354 2623 1487 2677 dicit
1507 2623 1698 2677 beatus
1716 2623 2023 2692 Apostolus,

451 2714 542 2781 qui
575 2728 677 2766 non
698 2712 949 2783 permittit
974 2696 1068 2767 nos
1092 2715 1285 2767 tentari
1316 2729 1477 2782 supra
1518 2714 1592 2776 id,
1641 2714 1778 2783 quod
1821 2724 2027 2783 portare

453 2819 557 2855 non
581 2801 703 2873 [Ms.
735 2803 886 2857 omit.
920 2801 1047 2875 non]
1078 2820 1353 2874 possumus
1380 2817 1398 2854 :
1426 2804 1516 2857 sed
1547 2804 1702 2872 faciet
1730 2805 1885 2857 etiam
1908 2820 2025 2857 cum

453 2892 739 2947 tentatione
768 2902 1073 2961 proventum
1096 2892 1144 2965 (ι
1178 2890 1301 2949 Cor.
1342 2910 1398 2957 ι,
1427 2891 1537 2962 15).
1569 2891 1714 2947 Talis
1740 2893 2027 2961 unicuique

454 2975 656 3036 homini
684 2984 909 3038 tentatio
933 2984 1112 3050 datur,
1135 2986 1251 3039 sive
1277 2985 1335 3041 in
1372 2985 1552 3041 carnis
1586 2984 1879 3049 desiderio,
1910 2985 2027 3039 sive

454 3072 509 3123 in
548 3071 843 3125 ambitione
880 3071 1080 3136 saeculi,
1119 3072 1202 3127 vel
1228 3072 1467 3127 etiamin
1498 3086 1817 3141 quacunque
1846 3081 2022 3125 tenta-

2131 1909 2326 1964 aliena.
2375 1908 2555 1975 iuras,
2604 1908 2869 1979 periuras,
2918 1924 3038 1979 quae
3086 1909 3173 1965 lex
3221 1917 3385 1965 vetat.
3418 1898 3554 1966 Cum
3590 1909 3707 1965 hac

2128 2004 2309 2058 omnia
2345 2003 2479 2059 facis
2504 2043 2520 2069 ,
2570 2018 2739 2073 quare
2773 2018 2881 2057 non
2909 2003 3103 2067 times,
3139 2014 3209 2056 ne
3252 2010 3397 2057 totus
3421 2003 3613 2059 ardeae
3649 2004 3707 2057 in

2128 2097 2424 2151 mteruum?
2448 2096 2574 2159 Cur,
2600 2112 2783 2160 avare,
2814 2095 2934 2164 plus
2959 2110 3110 2151 amas
3142 2110 3365 2161 aurum,
3394 2110 3557 2165 quam
3591 2096 3709 2150 ani-

2128 2187 2306 2242 mam?
2332 2184 2472 2252 Quid
2496 2188 2640 2242 enim
2666 2188 2895 2257 proderit
2923 2188 3034 2253 tibi,
3126 2189 3380 2242 mundum
3406 2189 3705 2243 universum

2127 2274 2383 2343 lucreris,
2438 2278 2629 2329 aninta:
2691 2280 2867 2330 autem
2916 2285 3023 2329 tua:
3076 2276 3440 2329 detrimentum
3483 2272 3707 2344 patiaris

2128 2365 2341 2437 (Matth.
2374 2382 2485 2430 XVI,
2510 2366 2639 2435 26)?
2670 2366 2736 2419 Et
2765 2366 2879 2436 ipse
2908 2365 3166 2421 Dominus
3190 2364 3321 2420 dicit
3364 2366 3417 2419 in
3457 2365 3705 2435 Evange-

2127 2457 2199 2512 lio
2228 2477 2240 2511 :
2271 2455 2455 2511 Cavete
2482 2457 2547 2510 ab
2576 2458 2717 2511 omni
2745 2456 2993 2522 auaritia,
3022 2458 3148 2527 quia
3175 2474 3277 2511 non
3300 2457 3356 2511 in
3378 2456 3703 2511 abundantid

2127 2552 2441 2622 cujusquam
2461 2552 2563 2606 rita
2586 2553 2720 2619 ejus,
2747 2568 2865 2624 Μ
2878 2552 3108 2623 possidet
3134 2551 3286 2624 (Luc.
3309 2567 3408 2617 xu,
3435 2551 3546 2623 i5).
3562 2549 3708 2606 Num»

2081 2712 2086 2717 π
2127 2647 2254 2716 quid
2283 2652 2391 2705 non
2420 2643 2615 2703 divites
2660 2644 2908 2705 similiter
2946 2644 3273 2714 muriuntur,
3303 2649 3444 2703 sicut
3484 2655 3541 2702 et
3571 2662 3707 2718 pau-

2129 2735 2318 2803 peres?
2346 2734 2463 2791 Non
2488 2736 2745 2805 prodesse
2780 2742 3006 2805 possunt
3033 2736 3233 2793 divitia:
3259 2737 3318 2792 in
3344 2739 3431 2794 die
3460 2738 3701 2805 ultionis,

2129 2841 2231 2880 nec
2263 2826 2567 2881 liberabunt
2608 2827 2745 2884 male
2792 2836 3002 2885 utentes
3047 2828 3181 2902 [Al.,
3236 2828 3501 2898 viventes]
3546 2828 3628 2884 eis
3666 2832 3699 2881 a

2126 2916 2302 2985 poenis
2337 2916 2696 2985 sempiternis.
2735 2916 2879 2972 Nihil
2923 2926 3005 2975 est
3047 2933 3213 2973 avaro
3256 2918 3571 2983 scelestius,
3608 2906 3702 2987 qui

2127 3006 2361 3060 animam
2398 3021 2551 3061 suam
2578 3006 2739 3061 habet
2769 3007 3011 3063 venalem
3038 3022 3137 3079 pro
3172 3008 3463 3078 cupiditate
3498 3006 3709 3062 divitiae

2128 3086 2263 3148 rum.
2298 3090 2535 3149 Avaritia
2566 3096 2784 3151 modum
2820 3097 3060 3175 ignorat,
3093 3106 3152 3157 et
3180 3113 3303 3153 cum
3334 3098 3515 3153 omnia
3542 3095 3703 3151 devo-

453 3162 614 3215 tionis
643 3161 908 3228 molestia,
940 3162 1154 3233 qualem
1182 3171 1277 3217 aut
1310 3178 1434 3217 cum
1461 3162 1617 3217 laude
1648 3163 1898 3227 vincere,
1932 3173 2026 3217 aut
2050 3163 2098 3223 C
2128 3194 2240 3250 ret,
2287 3188 2461 3241 nescit
2485 3188 2697 3256 peni-ms
2740 3161 2935 3245 δαείξή
2955 3161 3110 3260 [κάη
3133 3188 3412 3260 natanti].
3442 3186 3703 3242 Esuriem-

453 3266 573 3303 cum
598 3252 885 3320 opprobrio
924 3252 1279 3307 succumbere
1318 3253 1535 3322 poterit.
1584 3250 1845 3319 Omnibus
1881 3253 2025 3307 enim

450 3341 673 3400 castitas
694 3346 905 3411 semper
932 3344 1236 3398 necessaria
1260 3353 1363 3407 est,
1393 3344 1487 3400 sed
1508 3346 1740 3400 maxime
1762 3345 2025 3399 ministris

452 3427 653 3483 Christi
678 3430 882 3494 altaris,
911 3446 1140 3500 quorum
1164 3434 1523 3488 vita'aliorum
1560 3436 1721 3490 debet
1753 3450 1873 3490 esse
1899 3451 2024 3490 eru-

450 3520 602 3585 ditio,
634 3528 689 3574 et
714 3520 929 3575 assidua
951 3522 1140 3578 salutis
1165 3524 1493 3593 praedicatio.
1520 3525 1676 3579 Tales
1704 3528 1847 3580 enim
1871 3528 2026 3584 decet

448 3611 734 3665 Dominum
763 3610 961 3667 habere
990 3612 1297 3679 ministros,
1322 3616 1412 3683 qui
1451 3614 1593 3667 nulla
1632 3617 1810 3669 carnis
1845 3627 2023 3671 conta-

450 3702 609 3769 gione
647 3700 810 3773 μη,
845 3702 1053 3757 nullo...
1097 3703 1385 3776 contagio]
1430 3713 1899 3773 corrumpantur,
1931 3708 2025 3759 sed

447 3792 626 3857 potius
651 3793 981 3846 continentia
1008 3793 1277 3849 castitatis
1305 3793 1627 3862 splendeant
1649 3802 1707 3848 et
1739 3795 1900 3849 totius
1928 3795 2024 3849 ho-

448 3880 679 3935 nestatis
706 3880 943 3950 fulgeant
966 3882 1021 3935 in
1057 3870 1253 3951 populo
1282 3883 1564 3953 exemplis.

935 4010 1094 4084 ηε
1128 4011 1357 4067 CAPUT
1396 4010 1537 4066 XIX.

952 4124 1029 4180 De
1049 4125 1240 4195 fraude
1261 4126 1511 4181 cauenda;

516 4259 771 4322 Dominus
797 4265 932 4334 ipse,
956 4263 1045 4331 qui
1075 4274 1173 4316 nos
1196 4258 1457 4331 benignos
1478 4259 1730 4315 admbnet
1747 4260 1812 4315 de
1838 4258 2019 4315 ucstra

445 4358 746 4414 substantia
774 4355 1098 4425 pauperibus
1120 4362 1175 4407 et
1201 4353 1414 4409 miseris
1442 4366 1564 4409 esse
1586 4393 1601 4419 ,
1634 4353 1881 4423 prohibet
1921 4370 2020 4409 nos

446 4449 514 4503 ab
547 4447 693 4501 omni
740 4442 960 4497 avaritia
1013 4451 1070 4495 et
1113 4442 1311 4510 iniusta
1362 4444 1604 4513 pecunia
1645 4444 2013 4513 acquisitione.

2128 3288 2342 3342 semper
2366 3283 2421 3328 et
2450 3276 2603 3343 inops
2629 3285 2729 3329 est.
2757 3274 2966 3331 Avarus
2994 3277 3077 3330 vir
3106 3276 3322 3332 inferno
3360 3276 3445 3330 est
3486 3272 3699 3339 similis,

2127 3364 2218 3433 qui
2249 3363 2525 3434 nunquam
2550 3365 2816 3435 lmpletur.

2723 3495 2949 3553 CAPUT
2976 3494 3093 3552 XX.

2700 3610 2778 3665 De
2833 3611 3123 3683 iudicibus.

2191 3716 2380 3774 Omnis
2405 3724 2498 3790 qui
2525 3731 2671 3776 recte
2693 3722 2921 3789 judicat,
2951 3732 3209 3776 stateram
3240 3708 3293 3774 in
3321 3727 3481 3774 manu
3500 3724 3695 3787 gestat;

2124 3806 2181 3863 In
2213 3817 2442 3879 utrpqlte
2471 3822 2632 3865 sensu
2669 3809 2822 3882 [.ils.,
2860 3810 3052 3881 pensu]
3087 3809 3357 3878 justitiam
3396 3812 3452 3863 et
3488 3808 3700 3879 miseri:-

2124 3899 2362 3954 cordiam
2393 3907 2572 3969 portat
2597 3916 2619 3952 ε·
2648 3907 2706 3952 ut
2740 3916 2836 3970 pro
2864 3899 3072 3968 justitia
3106 3899 3297 3954 reddat
3316 3899 3549 3970 peccatis
3575 3903 3699 3954 sene

2124 3993 2347 4047 tentiam
2378 4006 2475 4062 pro
2497 3978 2861 4047 misericordia
2902 3992 3109 4062 peccati
3159 3998 3417 4060 temperet
3456 4004 3692 4060 pmnam.

2122 4085 2375 4150 Quaedam
2402 4090 2530 4141 Vero
2562 4092 2689 4140 sunt
2716 4100 2743 4139 a
2763 4083 2944 4152 judice
2969 4084 3109 4139 bono
3132 4099 3231 4152 per
3250 4082 3556 4154 :equitatem
3584 4096 3699 4135 cora

2123 4178 2361 4247 rigentia,
2387 4178 2629 4247 quaedam
2643 4186 2738 4247 per
2762 4177 3182 4232 misericordiam
3198 4173 3539 4246 indulgendo.
3566 4171 3695 4226 Siue

2120 4270 2472 4335 personarum
2512 4266 2823 4337 ac'ceptionc
2878 4257 3075 4321 debent
3114 4278 3235 4319 esse
3278 4261 3498 4330 judicia.
3553 4250 3699 4312 Nihil

2119 4358 2263 4411 enim
2287 4355 2522 4429 iniQuius
2547 4366 2651 4421 est,
2677 4360 2839 4427 Quam
2862 4368 3088 4410 munera
3114 4352 3356 4421 accipere
3374 4350 3429 4404 in
3444 4346 3692 4417 iudiciis:

2120 4448 2246 4518 Quia
2282 4463 2501 4501 munera
2546 4454 2810 4500 execr-cant
2856 4445 3017 4498 corda
3054 4442 3201 4514 [Ms.,
3233 4438 3436 4511 oculos]
3468 4440 3696 4511 pruden-

445 4538 544 4611 Qui
572 4551 703 4591 vero
730 4537 803 4589 ait
831 4552 841 4586 :
870 4533 946 4587 De
978 4533 1137 4601 justis
1166 4507 1437 4589 laboribus
1480 4535 1585 4588 tuis
1619 4536 1704 4603 fac
1725 4507 2019 4606 elemosy-
2044 4507 2099 4568 υ
2121 4507 2271 4603 tium,
2293 4547 2340 4591 et
2360 4537 2655 4591 subvertant
2681 4535 2839 4588 corda
2865 4532 3012 4603 [Ms.,
3035 4507 3491 4603 verba]jttstoru1tt
3513 4530 3693 4605 (Deut.

445 4624 745 4698 nam'(Tob.
796 4642 868 4690 iV,
893 4622 967 4691 ⁸1),
997 4625 1110 4693 ipse
1140 4638 1239 4693 per
1262 4623 1560 4693 apostolum
1588 4638 1744 4677 suum
1769 4625 2018 4679 hortatur
2123 4644 2234 4691 xw,
2262 4628 2372 4697 l9).
2400 4626 2468 4680 In
2493 4642 2594 4699 quo
2618 4626 2753 4680 enim
2768 4624 2998 4695 judicio,
3022 4625 3152 4680 dicit
3175 4622 3462 4691 Dominus,
3483 4623 3697 4697 judica-

444 4735 574 4783 nos,
625 4717 869 4791 dicens:
922 4713 1097 4768 Nolite
1143 4712 1387 4784 fraudem
1432 4712 1603 4782 facere
1640 4711 1807 4785 [δίδη
1860 4713 2017 4769 ποδεε
2123 4720 2275 4783 bitis;
2296 4710 2621 4787 judicabitur
2646 4716 2753 4789 [de]
2784 4704 3291 4789 vobi:(Matth.vn,
3326 4714 3405 4787 2).
3446 4712 3693 4783 Quapro-

444 4807 713 4881 {randare}
739 4810 953 4863 invicem
984 4805 1176 4876 (Mare.
1201 4823 1256 4871 x,
1282 4803 1387 4875 i9).
1428 4803 1530 4871 Qui
1565 4802 1753 4857 fraude
1784 4804 2019 4873 qualibet
2122 4817 2241 4879 pter
2258 4808 2421 4878 judex
2451 4808 2615 4863 Deum
2636 4807 2871 4878 judicem
2900 4810 3107 4873 timeat,
3135 4821 3203 4862 nc
3242 4806 3381 4862 ibrte
3412 4804 3524 4858 Deo
3549 4800 3695 4873 judiv

443 4900 647 4969 aliquid
678 4894 1020 4969 acquisierit,
1068 4897 1245 4967 perdit
1289 4892 1557 4963 justitiam
1610 4900 1667 4947 et
1708 4893 2015 4961 aequitatem
2123 4907 2279 4954 caute
2306 4901 2607 4955 damnetur.
2643 4900 2743 4970 Qui
2770 4901 3085 4956 innocentes
3121 4900 3357 4960 damnat,
3384 4892 3469 4947 vel
3498 4891 3691 4963 impios

443 4989 835 5063 [Ms.,justiti:e
864 4988 1213 5059 natiuitatem].
1246 4988 1341 5041 Dic
1370 5000 1553 5051 avare,
1583 4984 1667 5038 dic
1691 4982 1898 5052 cupide,
1931 4984 2017 5038 dic
2060 5014 2070 5024 -
2113 4989 2378 5057 justillcat
2428 5008 2528 5061 pro
2581 4993 2924 5054 muneribus;
2981 4989 3062 5043 vel
3107 4984 3394 5054 cujitslibet
3445 5000 3692 5057 persona

443 5083 724 5144 scelerate,
761 5072 889 5149 quid
921 5082 1233 5149 acquisisti?
1275 5080 1437 5135 Forte
1486 5080 1657 5135 dicis:
1688 5078 1891 5131 Aurum
1928 5092 2015 5131 ac-
2119 5097 2301 5136 amore
2334 5082 2415 5136 vel
2447 5082 2568 5144 odio
2594 5081 2800 5156 [inique
2836 5080 3074 5152 iudicat,
3105 5079 3161 5137 in
3201 5077 3294 5132 Dei
3330 5075 3535 5146 judicio
3566 5076 3691 5133 vin-

441 5173 674 5245 quisivi?
706 5179 761 5225 et
793 5184 976 5223 verum
1014 5172 1168 5225 dicis.
1209 5172 1345 5227 Ecce
1382 5186 1570 5225 aurum
1613 5168 1888 5239 acquisisti
1920 5180 2017 5237 per
2117 5173 2319 5228 dictam
2342 5171 2668 5243 sustinebit].
2688 5170 2854 5224 Nemo
2874 5170 3177 5239 principum
3194 5166 3481 5232 stultosvel
3494 5167 3693 5239 impro-

442 5262 717 5325 fraudem,
750 5266 807 5311 et
850 5256 1006 5311 ﬁdem
1041 5259 1327 5325 perdidisti
1354 5274 1451 5330 per
1482 5260 1820 5329 injustitiam.
1867 5257 1923 5311 Si
1959 5257 2014 5311 in

440 5364 682 5409 mercato
721 5352 881 5407 ﬁdem
929 5349 1198 5405 inuenires
1231 5354 1475 5409 Venalem
1504 5371 1517 5407 :
1548 5353 1594 5408 si
1630 5353 1801 5407 bonus
1832 5365 2011 5413 esses,

440 5444 713 5514 quomodo
776 5456 1151 5513 comparasscs
1201 5439 1369 5513 (Mm,
1428 5444 1807 5515 comparares]
1861 5443 2015 5498 eam?

444 5538 620 5600 Quare
643 5551 749 5591 non
776 5537 935 5592 times
960 5534 1186 5609 perdere
1217 5548 1278 5587 ea
1298 5576 1311 5598 ,
1336 5550 1456 5603 qua:
1477 5534 1633 5605 illa,
1658 5551 1799 5599 eam,
1828 5535 2010 5607 quam]

445 5630 495 5679 te
522 5626 663 5683 Deus
694 5629 861 5683 voluit
904 5628 1190 5684 haberc'in
1232 5626 1427 5681 corde?
1469 5626 1673 5681 Aurum
1721 5628 1887 5683 habes
1928 5625 2011 5681 vel

442 5725 749 5787 argentum,
800 5721 883 5776 vel
937 5719 1078 5776 aliud
1129 5718 1256 5789 quid
1304 5718 1591 5788 pretiosius
1637 5718 1689 5774 in
1726 5734 1879 5786 arca;
1918 5718 2012 5772 sed

2118 5262 2214 5316 bos
2237 5258 2444 5332 iudices
2472 5274 2672 5329 ponere
2698 5258 2875 5321 debet.
2902 5257 3034 5315 Nam
3068 5258 3260 5316 stultus
3289 5274 3389 5330 per
3420 5257 3690 5331 ignaviam

2118 5353 2329 5422 ignorat
2346 5350 2628 5421 justitiam,
2664 5349 2939 5419 improbus
2979 5360 3157 5407 autem
3202 5367 3300 5428 per
3337 5338 3689 5421 cupiditatem

2115 5445 2378 5500 subvertit
2408 5444 2579 5514 ipsam
2606 5454 2768 5511 quam
2812 5439 2999 5496 didicit
3038 5439 3344 5497 veritatem.
3387 5434 3533 5493 Pene
3573 5450 3692 5509 gra-

2115 5536 2233 5589 vius
2256 5536 2560 5591 lacerantur
2583 5546 2847 5605 pauperes
2875 5548 2905 5597 a
2930 5533 3110 5602 pravis
3133 5532 3437 5605 iudicibus,
3464 5543 3624 5613 quam
3656 5532 3688 5579 a

2116 5624 2505 5679 crucntissimis
2535 5622 2795 5679 hostibus.
2821 5622 3005 5680 Nullus
3026 5626 3166 5680 enim
3190 5624 3371 5695 praedo
3408 5631 3517 5677 tam
3538 5618 3687 5687 cupi-

2115 5714 2213 5771 dus
2240 5716 2291 5789 in
2326 5714 2534 5779 alienis,
2576 5728 2736 5782 quam
2770 5714 2932 5784 iudex
2958 5717 3171 5787 iniquus
3201 5716 3255 5772 in
3295 5715 3426 5773 suis.
3469 5708 3687 5779 Pejores
