  <div class='ocr_page' id='page_1' title='image "/cluster/home/n/w/nwhite01/storage/ocr_20150623/101/uva.x000834944/323.png"; bbox 0 0 4262 6204; ppageno 0'>
   <div class='ocr_carea' id='block_1_1' title="bbox 542 246 649 302">
    <p class='ocr_par' dir='ltr' id='par_1_1' title="bbox 542 246 649 302">
     <span class='ocr_line' id='line_1_1' title="bbox 542 246 649 302; baseline 0.037 -4"><span class='ocrx_word' id='word_1_1' title='bbox 542 246 649 302; x_wconf 65' lang='grc'><strong>631</strong></span> 
     </span>
    </p>
   </div>
   <div class='ocr_carea' id='block_1_2' title="bbox 549 356 2110 432">
    <p class='ocr_par' dir='ltr' id='par_1_2' title="bbox 549 356 2110 432">
     <span class='ocr_line' id='line_1_2' title="bbox 549 356 2110 432; baseline -0.001 -17"><span class='ocrx_word' id='word_1_2' title='bbox 549 362 678 415; x_wconf 82' lang='lat' dir='ltr'><strong>dare</strong></span> <span class='ocrx_word' id='word_1_3' title='bbox 705 356 856 429; x_wconf 65' lang='grc' dir='ltr'><strong>ιλιι,</strong></span> <span class='ocrx_word' id='word_1_4' title='bbox 894 359 1126 432; x_wconf 82' lang='lat' dir='ltr'><strong>laudari]</strong></span> <span class='ocrx_word' id='word_1_5' title='bbox 1151 361 1334 430; x_wconf 75' lang='lat' dir='ltr'><strong>cupiat</strong></span> <span class='ocrx_word' id='word_1_6' title='bbox 1376 360 1432 416; x_wconf 83' lang='lat' dir='ltr'><strong>in</strong></span> <span class='ocrx_word' id='word_1_7' title='bbox 1465 362 1622 417; x_wconf 84' lang='lat' dir='ltr'><strong>donis</strong></span> <span class='ocrx_word' id='word_1_8' title='bbox 1656 363 1789 425; x_wconf 80' lang='lat' dir='ltr'><strong>suis,</strong></span> <span class='ocrx_word' id='word_1_9' title='bbox 1814 360 1943 431; x_wconf 72' lang='lat' dir='ltr'><strong>quis</strong></span> <span class='ocrx_word' id='word_1_10' title='bbox 1975 358 2110 415; x_wconf 81' lang='lat' dir='ltr'><strong>nihil</strong></span> 
     </span>
    </p>
   </div>
   <div class='ocr_carea' id='block_1_3' title="bbox 546 444 2107 524">
    <p class='ocr_par' dir='ltr' id='par_1_3' title="bbox 546 444 2107 524">
     <span class='ocr_line' id='line_1_3' title="bbox 546 444 2107 524; baseline -0.001 -18"><span class='ocrx_word' id='word_1_11' title='bbox 546 452 671 506; x_wconf 77' lang='lat' dir='ltr'><strong>boni</strong></span> <span class='ocrx_word' id='word_1_12' title='bbox 720 452 848 507; x_wconf 85' lang='lat' dir='ltr'><strong>facit</strong></span> <span class='ocrx_word' id='word_1_13' title='bbox 902 449 1032 524; x_wconf 68' lang='grc' dir='ltr'><strong>ιιι..</strong></span> <span class='ocrx_word' id='word_1_14' title='bbox 1107 450 1279 524; x_wconf 75' lang='lat' dir='ltr'><strong>fecit},</strong></span> <span class='ocrx_word' id='word_1_15' title='bbox 1312 452 1418 508; x_wconf 83' lang='lat' dir='ltr'><strong>nisi</strong></span> <span class='ocrx_word' id='word_1_16' title='bbox 1443 453 1587 523; x_wconf 88' lang='lat' dir='ltr'><strong>quod</strong></span> <span class='ocrx_word' id='word_1_17' title='bbox 1622 452 1768 509; x_wconf 82' lang='lat' dir='ltr'><strong>Deus</strong></span> <span class='ocrx_word' id='word_1_18' title='bbox 1803 444 2024 509; x_wconf 75' lang='lat' dir='ltr'><strong>donavit</strong></span> <span class='ocrx_word' id='word_1_19' title='bbox 2055 450 2107 506; x_wconf 87' lang='lat' dir='ltr'><strong>ei</strong></span> 
     </span>
    </p>
   </div>
   <div class='ocr_carea' id='block_1_4' title="bbox 548 541 747 597">
    <p class='ocr_par' dir='ltr' id='par_1_4' title="bbox 548 541 747 597">
     <span class='ocr_line' id='line_1_4' title="bbox 548 541 747 597; baseline 0.005 -1"><span class='ocrx_word' id='word_1_20' title='bbox 548 541 747 597; x_wconf 82' lang='lat' dir='ltr'><strong>facere.</strong></span> 
     </span>
    </p>
   </div>
   <div class='ocr_carea' id='block_1_5' title="bbox 1081 622 1589 712">
    <p class='ocr_par' dir='ltr' id='par_1_5' title="bbox 1081 622 1589 712">
     <span class='ocr_line' id='line_1_5' title="bbox 1081 622 1589 712; baseline -0.002 0"><span class='ocrx_word' id='word_1_21' title='bbox 1081 652 1311 712; x_wconf 68' lang='lat' dir='ltr'><strong>carm</strong></span> <span class='ocrx_word' id='word_1_22' title='bbox 1342 630 1539 711; x_wconf 68' lang='lat' dir='ltr'><strong>xxxv</strong></span> <span class='ocrx_word' id='word_1_23' title='bbox 1586 622 1589 623; x_wconf 26' lang='grc' dir='ltr'>ί</span> 
     </span>
    </p>
   </div>
   <div class='ocr_carea' id='block_1_6' title="bbox 1111 764 1519 820">
    <p class='ocr_par' dir='ltr' id='par_1_6' title="bbox 1111 764 1519 820">
     <span class='ocr_line' id='line_1_6' title="bbox 1111 764 1519 820; baseline -0.005 0"><span class='ocrx_word' id='word_1_24' title='bbox 1111 765 1190 819; x_wconf 79' lang='lat' dir='ltr'><strong>De</strong></span> <span class='ocrx_word' id='word_1_25' title='bbox 1222 764 1519 820; x_wconf 71' lang='lat' dir='ltr'><strong>iracundia.</strong></span> 
     </span>
    </p>
   </div>
   <div class='ocr_carea' id='block_1_7' title="bbox 615 874 2108 950">
    <p class='ocr_par' dir='ltr' id='par_1_7' title="bbox 615 874 2108 950">
     <span class='ocr_line' id='line_1_7' title="bbox 615 874 2108 950; baseline -0.003 -18"><span class='ocrx_word' id='word_1_26' title='bbox 615 876 875 950; x_wconf 56' lang='grc' dir='ltr'><strong>ατεείιιι</strong></span> <span class='ocrx_word' id='word_1_27' title='bbox 927 874 1114 931; x_wconf 83' lang='lat' dir='ltr'><strong>mundi</strong></span> <span class='ocrx_word' id='word_1_28' title='bbox 1151 874 1481 932; x_wconf 70' lang='lat' dir='ltr'><strong>Prtedicator</strong></span> <span class='ocrx_word' id='word_1_29' title='bbox 1518 875 1692 931; x_wconf 82' lang='lat' dir='ltr'><strong>dicit:</strong></span> <span class='ocrx_word' id='word_1_30' title='bbox 1737 875 1923 929; x_wconf 78' lang='lat' dir='ltr'><strong>Omnis</strong></span> <span class='ocrx_word' id='word_1_31' title='bbox 1969 874 2108 928; x_wconf 79' lang='lat' dir='ltr'><strong>enini</strong></span> 
     </span>
    </p>
   </div>
   <div class='ocr_carea' id='block_1_8' title="bbox 547 964 2109 1036">
    <p class='ocr_par' dir='ltr' id='par_1_8' title="bbox 547 964 2109 1036">
     <span class='ocr_line' id='line_1_8' title="bbox 547 964 2109 1036; baseline -0.003 -13"><span class='ocrx_word' id='word_1_32' title='bbox 547 967 868 1033; x_wconf 71' lang='lat' dir='ltr'><strong>amaritudo,</strong></span> <span class='ocrx_word' id='word_1_33' title='bbox 898 976 949 1021; x_wconf 89' lang='lat' dir='ltr'><strong>et</strong></span> <span class='ocrx_word' id='word_1_34' title='bbox 978 967 1082 1031; x_wconf 88' lang='lat' dir='ltr'><strong>ira,</strong></span> <span class='ocrx_word' id='word_1_35' title='bbox 1110 976 1157 1021; x_wconf 88' lang='lat' dir='ltr'><strong>et</strong></span> <span class='ocrx_word' id='word_1_36' title='bbox 1203 966 1517 1036; x_wconf 74' lang='lat' dir='ltr'><strong>indignatio,</strong></span> <span class='ocrx_word' id='word_1_37' title='bbox 1578 975 1625 1019; x_wconf 90' lang='lat' dir='ltr'><strong>et</strong></span> <span class='ocrx_word' id='word_1_38' title='bbox 1652 965 1853 1020; x_wconf 81' lang='lat' dir='ltr'><strong>clamor</strong></span> <span class='ocrx_word' id='word_1_39' title='bbox 1896 975 1945 1020; x_wconf 85' lang='lat' dir='ltr'><strong>et</strong></span> <span class='ocrx_word' id='word_1_40' title='bbox 1972 964 2109 1019; x_wconf 79' lang='lat' dir='ltr'><strong>blas-</strong></span> 
     </span>
    </p>
   </div>
   <div class='ocr_carea' id='block_1_9' title="bbox 543 1054 2108 1128">
    <p class='ocr_par' dir='ltr' id='par_1_9' title="bbox 543 1054 2108 1128">
     <span class='ocr_line' id='line_1_9' title="bbox 543 1054 2108 1128; baseline -0.003 -15"><span class='ocrx_word' id='word_1_41' title='bbox 543 1058 749 1128; x_wconf 72' lang='lat' dir='ltr'><strong>phemia</strong></span> <span class='ocrx_word' id='word_1_42' title='bbox 770 1056 987 1111; x_wconf 81' lang='lat' dir='ltr'><strong>tollatur</strong></span> <span class='ocrx_word' id='word_1_43' title='bbox 1014 1074 1046 1110; x_wconf 84' lang='lat' dir='ltr'><strong>a</strong></span> <span class='ocrx_word' id='word_1_44' title='bbox 1068 1055 1209 1111; x_wconf 72' lang='lat' dir='ltr'><strong>vobis</strong></span> <span class='ocrx_word' id='word_1_45' title='bbox 1235 1054 1448 1125; x_wconf 72' lang='lat' dir='ltr'><strong>(Ephes.</strong></span> <span class='ocrx_word' id='word_1_46' title='bbox 1477 1070 1552 1120; x_wconf 87' lang='lat' dir='ltr'><strong>tv,</strong></span> <span class='ocrx_word' id='word_1_47' title='bbox 1580 1055 1690 1126; x_wconf 79' lang='lat' dir='ltr'><strong>3i).</strong></span> <span class='ocrx_word' id='word_1_48' title='bbox 1726 1054 1832 1110; x_wconf 79' lang='lat' dir='ltr'><strong>Nec</strong></span> <span class='ocrx_word' id='word_1_49' title='bbox 1858 1056 2002 1110; x_wconf 89' lang='lat' dir='ltr'><strong>enim</strong></span> <span class='ocrx_word' id='word_1_50' title='bbox 2029 1054 2108 1108; x_wconf 90' lang='lat' dir='ltr'><strong>ira</strong></span> 
     </span>
    </p>
   </div>
   <div class='ocr_carea' id='block_1_10' title="bbox 543 1134 2120 1217">
    <p class='ocr_par' dir='ltr' id='par_1_10' title="bbox 543 1134 2120 1217">
     <span class='ocr_line' id='line_1_10' title="bbox 543 1134 2120 1217; baseline -0.003 -18"><span class='ocrx_word' id='word_1_51' title='bbox 543 1147 644 1201; x_wconf 87' lang='lat' dir='ltr'><strong>viri</strong></span> <span class='ocrx_word' id='word_1_52' title='bbox 669 1147 933 1217; x_wconf 84' lang='lat' dir='ltr'><strong>justitiam</strong></span> <span class='ocrx_word' id='word_1_53' title='bbox 986 1146 1081 1200; x_wconf 87' lang='lat' dir='ltr'><strong>Dei</strong></span> <span class='ocrx_word' id='word_1_54' title='bbox 1136 1144 1348 1215; x_wconf 82' lang='lat' dir='ltr'><strong>operari</strong></span> <span class='ocrx_word' id='word_1_55' title='bbox 1394 1145 1592 1215; x_wconf 87' lang='lat' dir='ltr'><strong>poterit</strong></span> <span class='ocrx_word' id='word_1_56' title='bbox 1632 1134 1776 1215; x_wconf 76' lang='lat' dir='ltr'><strong>(Jac.</strong></span> <span class='ocrx_word' id='word_1_57' title='bbox 1805 1160 1841 1206; x_wconf 84' lang='grc' dir='ltr'><strong>ι,</strong></span> <span class='ocrx_word' id='word_1_58' title='bbox 1874 1143 1993 1214; x_wconf 71' lang='grc'><strong>20).</strong></span> <span class='ocrx_word' id='word_1_59' title='bbox 2023 1142 2120 1198; x_wconf 89' lang='lat' dir='ltr'><strong>Ira.</strong></span> 
     </span>
    </p>
   </div>
   <div class='ocr_carea' id='block_1_11' title="bbox 543 1234 2109 1308">
    <p class='ocr_par' dir='ltr' id='par_1_11' title="bbox 543 1234 2109 1308">
     <span class='ocr_line' id='line_1_11' title="bbox 543 1234 2109 1308; baseline -0.003 -15"><span class='ocrx_word' id='word_1_60' title='bbox 543 1238 663 1293; x_wconf 83' lang='lat' dir='ltr'><strong>sine</strong></span> <span class='ocrx_word' id='word_1_61' title='bbox 706 1244 1131 1308; x_wconf 69' lang='lat' dir='ltr'><strong>temperamento</strong></span> <span class='ocrx_word' id='word_1_62' title='bbox 1157 1250 1349 1306; x_wconf 77' lang='lat' dir='ltr'><strong>expers</strong></span> <span class='ocrx_word' id='word_1_63' title='bbox 1392 1244 1478 1291; x_wconf 90' lang='lat' dir='ltr'><strong>est</strong></span> <span class='ocrx_word' id='word_1_64' title='bbox 1526 1236 1772 1291; x_wconf 89' lang='lat' dir='ltr'><strong>rationis.</strong></span> <span class='ocrx_word' id='word_1_65' title='bbox 1806 1234 2109 1303; x_wconf 80' lang='lat' dir='ltr'><strong>Responsio</strong></span> 
     </span>
    </p>
   </div>
   <div class='ocr_carea' id='block_1_12' title="bbox 542 1324 2103 1401">
    <p class='ocr_par' dir='ltr' id='par_1_12' title="bbox 542 1324 2103 1401">
     <span class='ocr_line' id='line_1_12' title="bbox 542 1324 2103 1401; baseline -0.004 -19"><span class='ocrx_word' id='word_1_66' title='bbox 542 1324 717 1383; x_wconf 84' lang='lat' dir='ltr'><strong>mollis</strong></span> <span class='ocrx_word' id='word_1_67' title='bbox 738 1324 949 1395; x_wconf 85' lang='lat' dir='ltr'><strong>mitigat</strong></span> <span class='ocrx_word' id='word_1_68' title='bbox 977 1326 1135 1390; x_wconf 87' lang='lat' dir='ltr'><strong>iram,</strong></span> <span class='ocrx_word' id='word_1_69' title='bbox 1166 1340 1345 1401; x_wconf 73' lang='lat' dir='ltr'><strong>sermo</strong></span> <span class='ocrx_word' id='word_1_70' title='bbox 1389 1326 1557 1380; x_wconf 89' lang='lat' dir='ltr'><strong>durus</strong></span> <span class='ocrx_word' id='word_1_71' title='bbox 1588 1326 1816 1380; x_wconf 78' lang='lat' dir='ltr'><strong>suscitat</strong></span> <span class='ocrx_word' id='word_1_72' title='bbox 1848 1324 2103 1380; x_wconf 82' lang='lat' dir='ltr'><strong>furorem.</strong></span> 
     </span>
    </p>
   </div>
   <div class='ocr_carea' id='block_1_13' title="bbox 549 1412 2107 1485">
    <p class='ocr_par' dir='ltr' id='par_1_13' title="bbox 549 1412 2107 1485">
     <span class='ocr_line' id='line_1_13' title="bbox 549 1412 2107 1485; baseline -0.003 -15"><span class='ocrx_word' id='word_1_73' title='bbox 549 1415 646 1471; x_wconf 73' lang='lat' dir='ltr'><strong>Vir</strong></span> <span class='ocrx_word' id='word_1_74' title='bbox 676 1416 981 1480; x_wconf 79' lang='lat' dir='ltr'><strong>iracundus,</strong></span> <span class='ocrx_word' id='word_1_75' title='bbox 1018 1425 1080 1470; x_wconf 92' lang='lat' dir='ltr'><strong>ut</strong></span> <span class='ocrx_word' id='word_1_76' title='bbox 1105 1416 1182 1469; x_wconf 86' lang='lat' dir='ltr'><strong>ait</strong></span> <span class='ocrx_word' id='word_1_77' title='bbox 1212 1413 1490 1479; x_wconf 87' lang='lat' dir='ltr'><strong>Salomon,</strong></span> <span class='ocrx_word' id='word_1_78' title='bbox 1536 1424 1777 1485; x_wconf 80' lang='lat' dir='ltr'><strong>provocat</strong></span> <span class='ocrx_word' id='word_1_79' title='bbox 1808 1414 1951 1467; x_wconf 75' lang='lat' dir='ltr'><strong>rixas</strong></span> <span class='ocrx_word' id='word_1_80' title='bbox 1974 1412 2107 1483; x_wconf 78' lang='lat' dir='ltr'><strong>:‘qui</strong></span> 
     </span>
    </p>
   </div>
   <div class='ocr_carea' id='block_1_14' title="bbox 540 1502 2104 1577">
    <p class='ocr_par' dir='ltr' id='par_1_14' title="bbox 540 1502 2104 1577">
     <span class='ocr_line' id='line_1_14' title="bbox 540 1502 2104 1577; baseline -0.003 -16"><span class='ocrx_word' id='word_1_81' title='bbox 540 1507 744 1577; x_wconf 79' lang='lat' dir='ltr'><strong>patiens</strong></span> <span class='ocrx_word' id='word_1_82' title='bbox 778 1514 877 1571; x_wconf 86' lang='lat' dir='ltr'><strong>est,</strong></span> <span class='ocrx_word' id='word_1_83' title='bbox 902 1506 1105 1575; x_wconf 74' lang='lat' dir='ltr'><strong>mitigat</strong></span> <span class='ocrx_word' id='word_1_84' title='bbox 1125 1506 1401 1560; x_wconf 81' lang='lat' dir='ltr'><strong>suscitatus</strong></span> <span class='ocrx_word' id='word_1_85' title='bbox 1436 1504 1621 1574; x_wconf 73' lang='lat' dir='ltr'><strong>(Prov.</strong></span> <span class='ocrx_word' id='word_1_86' title='bbox 1650 1520 1741 1570; x_wconf 75' lang='lat' dir='ltr'><strong>xv,</strong></span> <span class='ocrx_word' id='word_1_87' title='bbox 1778 1503 1889 1575; x_wconf 86' lang='grc'><strong>18).</strong></span> <span class='ocrx_word' id='word_1_88' title='bbox 1928 1502 2104 1573; x_wconf 88' lang='lat' dir='ltr'><strong>Spiri—</strong></span> 
     </span>
    </p>
   </div>
   <div class='ocr_carea' id='block_1_15' title="bbox 541 1592 2105 1663">
    <p class='ocr_par' dir='ltr' id='par_1_15' title="bbox 541 1592 2105 1663">
     <span class='ocr_line' id='line_1_15' title="bbox 541 1592 2105 1663; baseline -0.002 -16"><span class='ocrx_word' id='word_1_89' title='bbox 541 1594 699 1647; x_wconf 78' lang='lat' dir='ltr'><strong>ritunt</strong></span> <span class='ocrx_word' id='word_1_90' title='bbox 726 1608 855 1647; x_wconf 88' lang='lat' dir='ltr'><strong>vero</strong></span> <span class='ocrx_word' id='word_1_91' title='bbox 878 1593 947 1646; x_wconf 80' lang='lat' dir='ltr'><strong>ad</strong></span> <span class='ocrx_word' id='word_1_92' title='bbox 978 1593 1306 1647; x_wconf 73' lang='lat' dir='ltr'><strong>irascendum</strong></span> <span class='ocrx_word' id='word_1_93' title='bbox 1340 1592 1549 1662; x_wconf 78' lang='lat' dir='ltr'><strong>facilem</strong></span> <span class='ocrx_word' id='word_1_94' title='bbox 1588 1592 1703 1663; x_wconf 81' lang='lat' dir='ltr'><strong>quis</strong></span> <span class='ocrx_word' id='word_1_95' title='bbox 1729 1592 1981 1646; x_wconf 81' lang='lat' dir='ltr'><strong>sustinere</strong></span> <span class='ocrx_word' id='word_1_96' title='bbox 2011 1606 2105 1660; x_wconf 79' lang='lat' dir='ltr'><strong>po-</strong></span> 
     </span>
    </p>
   </div>
   <div class='ocr_carea' id='block_1_16' title="bbox 540 1682 2103 1758">
    <p class='ocr_par' dir='ltr' id='par_1_16' title="bbox 540 1682 2103 1758">
     <span class='ocr_line' id='line_1_16' title="bbox 540 1682 2103 1758; baseline -0.005 -17"><span class='ocrx_word' id='word_1_97' title='bbox 540 1686 661 1741; x_wconf 84' lang='lat' dir='ltr'><strong>terit</strong></span> <span class='ocrx_word' id='word_1_98' title='bbox 683 1682 865 1758; x_wconf 68' lang='lat' dir='ltr'><strong>(Prov.</strong></span> <span class='ocrx_word' id='word_1_99' title='bbox 894 1700 1051 1748; x_wconf 76' lang='lat' dir='ltr'><strong>xvm,</strong></span> <span class='ocrx_word' id='word_1_100' title='bbox 1082 1684 1171 1754; x_wconf 73' lang='grc'><strong>14)</strong></span> <span class='ocrx_word' id='word_1_101' title='bbox 1196 1685 1220 1738; x_wconf 72' lang='grc'><strong><em>2</em></strong></span> <span class='ocrx_word' id='word_1_102' title='bbox 1250 1683 1343 1737; x_wconf 84' lang='lat' dir='ltr'><strong>Ira</strong></span> <span class='ocrx_word' id='word_1_103' title='bbox 1368 1700 1469 1739; x_wconf 89' lang='lat' dir='ltr'><strong>non</strong></span> <span class='ocrx_word' id='word_1_104' title='bbox 1498 1682 1649 1738; x_wconf 83' lang='lat' dir='ltr'><strong>habet</strong></span> <span class='ocrx_word' id='word_1_105' title='bbox 1670 1682 2103 1745; x_wconf 76' lang='lat' dir='ltr'><strong>misericordiam,</strong></span> 
     </span>
    </p>
   </div>
   <div class='ocr_carea' id='block_1_17' title="bbox 542 1770 2108 1845">
    <p class='ocr_par' dir='ltr' id='par_1_17' title="bbox 542 1770 2108 1845">
     <span class='ocr_line' id='line_1_17' title="bbox 542 1770 2108 1845; baseline -0.004 -15"><span class='ocrx_word' id='word_1_106' title='bbox 542 1790 638 1830; x_wconf 86' lang='lat' dir='ltr'><strong>nec</strong></span> <span class='ocrx_word' id='word_1_107' title='bbox 688 1791 959 1845; x_wconf 81' lang='lat' dir='ltr'><strong>erumpens</strong></span> <span class='ocrx_word' id='word_1_108' title='bbox 1013 1776 1162 1844; x_wconf 80' lang='lat' dir='ltr'><strong>[uror</strong></span> <span class='ocrx_word' id='word_1_109' title='bbox 1217 1772 1380 1828; x_wconf 74' lang='lat' dir='ltr'><strong>ﬁnem</strong></span> <span class='ocrx_word' id='word_1_110' title='bbox 1414 1772 1667 1829; x_wconf 75' lang='lat' dir='ltr'><strong>vindicta:</strong></span> <span class='ocrx_word' id='word_1_111' title='bbox 1721 1771 1871 1826; x_wconf 88' lang='lat' dir='ltr'><strong>novit</strong></span> <span class='ocrx_word' id='word_1_112' title='bbox 1926 1770 2108 1842; x_wconf 78' lang='lat' dir='ltr'><strong>(Prov.</strong></span> 
     </span>
    </p>
   </div>
   <div class='ocr_carea' id='block_1_18' title="bbox 542 1862 2109 1936">
    <p class='ocr_par' dir='ltr' id='par_1_18' title="bbox 542 1862 2109 1936">
     <span class='ocr_line' id='line_1_18' title="bbox 542 1862 2109 1936; baseline -0.003 -17"><span class='ocrx_word' id='word_1_113' title='bbox 542 1880 711 1930; x_wconf 80' lang='lat' dir='ltr'><strong>xsvn,</strong></span> <span class='ocrx_word' id='word_1_114' title='bbox 740 1865 817 1936; x_wconf 69' lang='grc'><strong>4).</strong></span> <span class='ocrx_word' id='word_1_115' title='bbox 858 1863 917 1920; x_wconf 89' lang='lat' dir='ltr'><strong>Si</strong></span> <span class='ocrx_word' id='word_1_116' title='bbox 944 1874 1013 1929; x_wconf 88' lang='lat' dir='ltr'><strong>te,</strong></span> <span class='ocrx_word' id='word_1_117' title='bbox 1044 1879 1078 1920; x_wconf 90' lang='grc' dir='ltr'><strong>ο</strong></span> <span class='ocrx_word' id='word_1_118' title='bbox 1107 1866 1286 1931; x_wconf 83' lang='lat' dir='ltr'><strong>homo,</strong></span> <span class='ocrx_word' id='word_1_119' title='bbox 1309 1864 1763 1935; x_wconf 70' lang='lat' dir='ltr'><strong>praeoccupaverit</strong></span> <span class='ocrx_word' id='word_1_120' title='bbox 1790 1864 1891 1927; x_wconf 88' lang='lat' dir='ltr'><strong>ira,</strong></span> <span class='ocrx_word' id='word_1_121' title='bbox 1923 1862 2109 1931; x_wconf 85' lang='lat' dir='ltr'><strong>mitiga</strong></span> 
     </span>
    </p>
   </div>
   <div class='ocr_carea' id='block_1_19' title="bbox 542 1954 2113 2024">
    <p class='ocr_par' dir='ltr' id='par_1_19' title="bbox 542 1954 2113 2024">
     <span class='ocr_line' id='line_1_19' title="bbox 542 1954 2113 2024; baseline -0.003 -12"><span class='ocrx_word' id='word_1_122' title='bbox 542 1973 683 2014; x_wconf 83' lang='lat' dir='ltr'><strong>eam.</strong></span> <span class='ocrx_word' id='word_1_123' title='bbox 716 1957 806 2012; x_wconf 90' lang='lat' dir='ltr'><strong>illa</strong></span> <span class='ocrx_word' id='word_1_124' title='bbox 837 1957 916 2012; x_wconf 84' lang='lat' dir='ltr'><strong>ira</strong></span> <span class='ocrx_word' id='word_1_125' title='bbox 953 1956 1095 2011; x_wconf 88' lang='lat' dir='ltr'><strong>mala</strong></span> <span class='ocrx_word' id='word_1_126' title='bbox 1125 1965 1228 2021; x_wconf 86' lang='lat' dir='ltr'><strong>est,</strong></span> <span class='ocrx_word' id='word_1_127' title='bbox 1263 1970 1382 2024; x_wconf 73' lang='lat' dir='ltr'><strong>qua:</strong></span> <span class='ocrx_word' id='word_1_128' title='bbox 1429 1963 1665 2010; x_wconf 85' lang='lat' dir='ltr'><strong>mentem</strong></span> <span class='ocrx_word' id='word_1_129' title='bbox 1716 1954 1917 2017; x_wconf 85' lang='lat' dir='ltr'><strong>turbat,</strong></span> <span class='ocrx_word' id='word_1_130' title='bbox 1945 1958 2005 2008; x_wconf 84' lang='lat' dir='ltr'><strong>ut</strong></span> <span class='ocrx_word' id='word_1_131' title='bbox 2028 1966 2113 2007; x_wconf 83' lang='lat' dir='ltr'><strong>re-</strong></span> 
     </span>
    </p>
   </div>
   <div class='ocr_carea' id='block_1_20' title="bbox 541 2043 2109 2116">
    <p class='ocr_par' dir='ltr' id='par_1_20' title="bbox 541 2043 2109 2116">
     <span class='ocr_line' id='line_1_20' title="bbox 541 2043 2109 2116; baseline -0.002 -17"><span class='ocrx_word' id='word_1_132' title='bbox 541 2055 686 2101; x_wconf 84' lang='lat' dir='ltr'><strong>ctum</strong></span> <span class='ocrx_word' id='word_1_133' title='bbox 716 2046 1000 2101; x_wconf 87' lang='lat' dir='ltr'><strong>consilium</strong></span> <span class='ocrx_word' id='word_1_134' title='bbox 1026 2046 1235 2116; x_wconf 86' lang='lat' dir='ltr'><strong>perdat.</strong></span> <span class='ocrx_word' id='word_1_135' title='bbox 1264 2044 1355 2099; x_wconf 90' lang='lat' dir='ltr'><strong>illa</strong></span> <span class='ocrx_word' id='word_1_136' title='bbox 1385 2045 1464 2099; x_wconf 87' lang='lat' dir='ltr'><strong>ira</strong></span> <span class='ocrx_word' id='word_1_137' title='bbox 1487 2052 1573 2100; x_wconf 88' lang='lat' dir='ltr'><strong>est</strong></span> <span class='ocrx_word' id='word_1_138' title='bbox 1591 2043 1735 2112; x_wconf 89' lang='lat' dir='ltr'><strong>justa</strong></span> <span class='ocrx_word' id='word_1_139' title='bbox 1760 2052 1815 2098; x_wconf 89' lang='lat' dir='ltr'><strong>et</strong></span> <span class='ocrx_word' id='word_1_140' title='bbox 1858 2056 2109 2097; x_wconf 83' lang='lat' dir='ltr'><strong>necessa-</strong></span> 
     </span>
    </p>
   </div>
   <div class='ocr_carea' id='block_1_21' title="bbox 541 2134 2105 2205">
    <p class='ocr_par' dir='ltr' id='par_1_21' title="bbox 541 2134 2105 2205">
     <span class='ocr_line' id='line_1_21' title="bbox 541 2134 2105 2205; baseline -0.002 -16"><span class='ocrx_word' id='word_1_141' title='bbox 541 2136 641 2199; x_wconf 87' lang='lat' dir='ltr'><strong>ria,</strong></span> <span class='ocrx_word' id='word_1_142' title='bbox 672 2135 887 2205; x_wconf 79' lang='lat' dir='ltr'><strong>quando</strong></span> <span class='ocrx_word' id='word_1_143' title='bbox 912 2136 1073 2190; x_wconf 87' lang='lat' dir='ltr'><strong>homo</strong></span> <span class='ocrx_word' id='word_1_144' title='bbox 1108 2144 1298 2189; x_wconf 86' lang='lat' dir='ltr'><strong>contra</strong></span> <span class='ocrx_word' id='word_1_145' title='bbox 1319 2135 1539 2205; x_wconf 84' lang='lat' dir='ltr'><strong>prepria</strong></span> <span class='ocrx_word' id='word_1_146' title='bbox 1586 2134 1838 2188; x_wconf 81' lang='lat' dir='ltr'><strong>irascitur</strong></span> <span class='ocrx_word' id='word_1_147' title='bbox 1862 2140 2105 2201; x_wconf 85' lang='lat' dir='ltr'><strong>peccata,</strong></span> 
     </span>
    </p>
   </div>
   <div class='ocr_carea' id='block_1_22' title="bbox 538 2226 2109 2298">
    <p class='ocr_par' dir='ltr' id='par_1_22' title="bbox 538 2226 2109 2298">
     <span class='ocr_line' id='line_1_22' title="bbox 538 2226 2109 2298; baseline -0.003 -15"><span class='ocrx_word' id='word_1_148' title='bbox 538 2237 596 2283; x_wconf 90' lang='lat' dir='ltr'><strong>et</strong></span> <span class='ocrx_word' id='word_1_149' title='bbox 618 2236 806 2283; x_wconf 88' lang='lat' dir='ltr'><strong>contra</strong></span> <span class='ocrx_word' id='word_1_150' title='bbox 838 2228 1072 2297; x_wconf 89' lang='lat' dir='ltr'><strong>seipsum</strong></span> <span class='ocrx_word' id='word_1_151' title='bbox 1109 2228 1436 2298; x_wconf 72' lang='lat' dir='ltr'><strong>indignatur,</strong></span> <span class='ocrx_word' id='word_1_152' title='bbox 1475 2227 1601 2282; x_wconf 90' lang='lat' dir='ltr'><strong>dum</strong></span> <span class='ocrx_word' id='word_1_153' title='bbox 1644 2226 1786 2280; x_wconf 87' lang='lat' dir='ltr'><strong>male</strong></span> <span class='ocrx_word' id='word_1_154' title='bbox 1812 2226 1937 2296; x_wconf 79' lang='lat' dir='ltr'><strong>agit.</strong></span> <span class='ocrx_word' id='word_1_155' title='bbox 1966 2226 2109 2281; x_wconf 86' lang='lat' dir='ltr'><strong>Dicit</strong></span> 
     </span>
    </p>
   </div>
   <div class='ocr_carea' id='block_1_23' title="bbox 536 2313 2103 2388">
    <p class='ocr_par' dir='ltr' id='par_1_23' title="bbox 536 2313 2103 2388">
     <span class='ocr_line' id='line_1_23' title="bbox 536 2313 2103 2388; baseline -0.002 -16"><span class='ocrx_word' id='word_1_156' title='bbox 536 2318 682 2373; x_wconf 89' lang='lat' dir='ltr'><strong>cnim</strong></span> <span class='ocrx_word' id='word_1_157' title='bbox 704 2317 963 2388; x_wconf 83' lang='lat' dir='ltr'><strong>propheta</strong></span> <span class='ocrx_word' id='word_1_158' title='bbox 992 2337 1006 2371; x_wconf 89' lang='lat'>:</span> <span class='ocrx_word' id='word_1_159' title='bbox 1038 2316 1355 2379; x_wconf 79' lang='lat' dir='ltr'><strong>Irascimiui,</strong></span> <span class='ocrx_word' id='word_1_160' title='bbox 1407 2326 1456 2370; x_wconf 84' lang='lat' dir='ltr'><strong>ct</strong></span> <span class='ocrx_word' id='word_1_161' title='bbox 1484 2313 1641 2370; x_wconf 76' lang='lat' dir='ltr'><strong>nolite</strong></span> <span class='ocrx_word' id='word_1_162' title='bbox 1690 2331 1904 2386; x_wconf 79' lang='lat' dir='ltr'><strong>peccare</strong></span> <span class='ocrx_word' id='word_1_163' title='bbox 1933 2313 2103 2385; x_wconf 81' lang='lat' dir='ltr'><strong>(Psal.</strong></span> 
     </span>
    </p>
   </div>
   <div class='ocr_carea' id='block_1_24' title="bbox 536 2406 2106 2478">
    <p class='ocr_par' dir='ltr' id='par_1_24' title="bbox 536 2406 2106 2478">
     <span class='ocr_line' id='line_1_24' title="bbox 536 2406 2106 2478; baseline -0.001 -18"><span class='ocrx_word' id='word_1_164' title='bbox 536 2420 613 2470; x_wconf 80' lang='lat' dir='ltr'><strong>tv,</strong></span> <span class='ocrx_word' id='word_1_165' title='bbox 645 2406 721 2475; x_wconf 83' lang='lat'><strong>5).</strong></span> <span class='ocrx_word' id='word_1_166' title='bbox 755 2407 1038 2463; x_wconf 84' lang='lat' dir='ltr'><strong>Concessit</strong></span> <span class='ocrx_word' id='word_1_167' title='bbox 1055 2408 1195 2478; x_wconf 77' lang='lat' dir='ltr'><strong>quod</strong></span> <span class='ocrx_word' id='word_1_168' title='bbox 1222 2417 1429 2463; x_wconf 71' lang='lat' dir='ltr'><strong>natura:</strong></span> <span class='ocrx_word' id='word_1_169' title='bbox 1463 2416 1572 2472; x_wconf 89' lang='lat' dir='ltr'><strong>est,</strong></span> <span class='ocrx_word' id='word_1_170' title='bbox 1610 2407 1733 2462; x_wconf 88' lang='lat' dir='ltr'><strong>tulit</strong></span> <span class='ocrx_word' id='word_1_171' title='bbox 1764 2406 1905 2474; x_wconf 91' lang='lat' dir='ltr'><strong>quod</strong></span> <span class='ocrx_word' id='word_1_172' title='bbox 1934 2406 2106 2475; x_wconf 67' lang='lat' dir='ltr'><strong>cuipze</strong></span> 
     </span>
    </p>
   </div>
   <div class='ocr_carea' id='block_1_25' title="bbox 535 2494 2103 2568">
    <p class='ocr_par' dir='ltr' id='par_1_25' title="bbox 535 2494 2103 2568">
     <span class='ocr_line' id='line_1_25' title="bbox 535 2494 2103 2568; baseline -0.001 -17"><span class='ocrx_word' id='word_1_173' title='bbox 535 2504 636 2551; x_wconf 87' lang='lat' dir='ltr'><strong>est.</strong></span> <span class='ocrx_word' id='word_1_174' title='bbox 677 2498 759 2552; x_wconf 87' lang='lat' dir='ltr'><strong>ira</strong></span> <span class='ocrx_word' id='word_1_175' title='bbox 786 2498 1009 2552; x_wconf 82' lang='lat' dir='ltr'><strong>alterius</strong></span> <span class='ocrx_word' id='word_1_176' title='bbox 1039 2505 1125 2553; x_wconf 85' lang='lat' dir='ltr'><strong>tua</strong></span> <span class='ocrx_word' id='word_1_177' title='bbox 1156 2499 1378 2552; x_wconf 79' lang='lat' dir='ltr'><strong>iiniatnr</strong></span> <span class='ocrx_word' id='word_1_178' title='bbox 1425 2498 1708 2568; x_wconf 85' lang='lat' dir='ltr'><strong>patientia.</strong></span> <span class='ocrx_word' id='word_1_179' title='bbox 1746 2494 1874 2548; x_wconf 84' lang='lat' dir='ltr'><strong><em>Noli</em></strong></span> <span class='ocrx_word' id='word_1_180' title='bbox 1912 2496 2046 2549; x_wconf 78' lang='lat' dir='ltr'><strong>rinci</strong></span> <span class='ocrx_word' id='word_1_181' title='bbox 2070 2513 2103 2549; x_wconf 88' lang='lat' dir='ltr'><strong>a</strong></span> 
     </span>
    </p>
   </div>
   <div class='ocr_carea' id='block_1_26' title="bbox 537 2584 2105 2661">
    <p class='ocr_par' dir='ltr' id='par_1_26' title="bbox 537 2584 2105 2661">
     <span class='ocr_line' id='line_1_26' title="bbox 537 2584 2105 2661; baseline 0.001 -20"><span class='ocrx_word' id='word_1_182' title='bbox 537 2587 700 2653; x_wconf 87' lang='lat' dir='ltr'><strong>malo,</strong></span> <span class='ocrx_word' id='word_1_183' title='bbox 728 2590 817 2643; x_wconf 79' lang='lat' dir='ltr'><strong>sed</strong></span> <span class='ocrx_word' id='word_1_184' title='bbox 848 2590 990 2643; x_wconf 71' lang='lat' dir='ltr'><strong>uince</strong></span> <span class='ocrx_word' id='word_1_185' title='bbox 1009 2589 1063 2643; x_wconf 86' lang='lat' dir='ltr'><strong>in</strong></span> <span class='ocrx_word' id='word_1_186' title='bbox 1089 2590 1218 2643; x_wconf 86' lang='lat' dir='ltr'><strong>bono</strong></span> <span class='ocrx_word' id='word_1_187' title='bbox 1250 2590 1447 2644; x_wconf 83' lang='lat' dir='ltr'><strong>malum</strong></span> <span class='ocrx_word' id='word_1_188' title='bbox 1478 2584 1648 2661; x_wconf 80' lang='lat' dir='ltr'><strong>(Rom.</strong></span> <span class='ocrx_word' id='word_1_189' title='bbox 1690 2601 1789 2654; x_wconf 72' lang='lat' dir='ltr'><strong>xu,</strong></span> <span class='ocrx_word' id='word_1_190' title='bbox 1818 2588 1929 2658; x_wconf 76' lang='lat' dir='ltr'><strong>2i).</strong></span> <span class='ocrx_word' id='word_1_191' title='bbox 1962 2587 2105 2643; x_wconf 83' lang='lat' dir='ltr'><strong>Alte-</strong></span> 
     </span>
    </p>
   </div>
   <div class='ocr_carea' id='block_1_27' title="bbox 537 2678 2102 2751">
    <p class='ocr_par' dir='ltr' id='par_1_27' title="bbox 537 2678 2102 2751">
     <span class='ocr_line' id='line_1_27' title="bbox 537 2678 2102 2751; baseline 0.002 -20"><span class='ocrx_word' id='word_1_192' title='bbox 537 2678 707 2732; x_wconf 84' lang='lat' dir='ltr'><strong>terius</strong></span> <span class='ocrx_word' id='word_1_193' title='bbox 732 2687 1013 2749; x_wconf 83' lang='lat' dir='ltr'><strong>peceatum</strong></span> <span class='ocrx_word' id='word_1_194' title='bbox 1062 2689 1210 2734; x_wconf 90' lang='lat' dir='ltr'><strong>tuum</strong></span> <span class='ocrx_word' id='word_1_195' title='bbox 1257 2682 1329 2735; x_wconf 88' lang='lat' dir='ltr'><strong>sit</strong></span> <span class='ocrx_word' id='word_1_196' title='bbox 1364 2682 1659 2751; x_wconf 71' lang='lat' dir='ltr'><strong>praemium.</strong></span> <span class='ocrx_word' id='word_1_197' title='bbox 1698 2680 1956 2750; x_wconf 86' lang='lat' dir='ltr'><strong>Displicet</strong></span> <span class='ocrx_word' id='word_1_198' title='bbox 2009 2680 2102 2734; x_wconf 90' lang='lat' dir='ltr'><strong>tibi</strong></span> 
     </span>
    </p>
   </div>
   <div class='ocr_carea' id='block_1_28' title="bbox 541 2764 2102 2841">
    <p class='ocr_par' dir='ltr' id='par_1_28' title="bbox 541 2764 2102 2841">
     <span class='ocr_line' id='line_1_28' title="bbox 541 2764 2102 2841; baseline 0.004 -23"><span class='ocrx_word' id='word_1_199' title='bbox 541 2768 763 2822; x_wconf 86' lang='lat' dir='ltr'><strong>alterius</strong></span> <span class='ocrx_word' id='word_1_200' title='bbox 783 2769 862 2822; x_wconf 86' lang='lat' dir='ltr'><strong>ira</strong></span> <span class='ocrx_word' id='word_1_201' title='bbox 887 2770 911 2822; x_wconf 83' lang='lat'><strong>?</strong></span> <span class='ocrx_word' id='word_1_202' title='bbox 944 2768 1096 2835; x_wconf 84' lang='lat' dir='ltr'><strong>Quod</strong></span> <span class='ocrx_word' id='word_1_203' title='bbox 1127 2770 1221 2824; x_wconf 90' lang='lat' dir='ltr'><strong>tibi</strong></span> <span class='ocrx_word' id='word_1_204' title='bbox 1250 2770 1305 2825; x_wconf 91' lang='lat' dir='ltr'><strong>in</strong></span> <span class='ocrx_word' id='word_1_205' title='bbox 1337 2764 1507 2825; x_wconf 79' lang='lat' dir='ltr'><strong>altero</strong></span> <span class='ocrx_word' id='word_1_206' title='bbox 1532 2770 1796 2841; x_wconf 84' lang='lat' dir='ltr'><strong>displicet,</strong></span> <span class='ocrx_word' id='word_1_207' title='bbox 1844 2770 1896 2824; x_wconf 92' lang='lat' dir='ltr'><strong>in</strong></span> <span class='ocrx_word' id='word_1_208' title='bbox 1928 2771 2102 2840; x_wconf 89' lang='lat' dir='ltr'><strong>teipso</strong></span> 
     </span>
    </p>
   </div>
   <div class='ocr_carea' id='block_1_29' title="bbox 537 2857 2101 2929">
    <p class='ocr_par' dir='ltr' id='par_1_29' title="bbox 537 2857 2101 2929">
     <span class='ocr_line' id='line_1_29' title="bbox 537 2857 2101 2929; baseline 0.005 -24"><span class='ocrx_word' id='word_1_209' title='bbox 537 2868 750 2925; x_wconf 87' lang='lat' dir='ltr'><strong>quoque</strong></span> <span class='ocrx_word' id='word_1_210' title='bbox 794 2857 1092 2927; x_wconf 83' lang='lat' dir='ltr'><strong>displiceat.</strong></span> <span class='ocrx_word' id='word_1_211' title='bbox 1132 2859 1249 2913; x_wconf 75' lang='lat' dir='ltr'><strong>Noli</strong></span> <span class='ocrx_word' id='word_1_212' title='bbox 1282 2861 1723 2929; x_wconf 84' lang='lat' dir='ltr'><strong>tranquillitatem</strong></span> <span class='ocrx_word' id='word_1_213' title='bbox 1766 2860 1965 2916; x_wconf 86' lang='lat' dir='ltr'><strong>mentis</strong></span> <span class='ocrx_word' id='word_1_214' title='bbox 1996 2869 2101 2914; x_wconf 66' lang='lat' dir='ltr'><strong>tute</strong></span> 
     </span>
    </p>
   </div>
   <div class='ocr_carea' id='block_1_30' title="bbox 522 2941 2231 3019">
    <p class='ocr_par' dir='ltr' id='par_1_30' title="bbox 522 2941 2231 3019">
     <span class='ocr_line' id='line_1_30' title="bbox 522 2941 2231 3019; baseline 0.006 -25"><span class='ocrx_word' id='word_1_215' title='bbox 522 2941 761 2998; x_wconf 74' lang='lat' dir='ltr'><strong>alterius</strong></span> <span class='ocrx_word' id='word_1_216' title='bbox 808 2942 1211 3014; x_wconf 83' lang='lat' dir='ltr'><strong>perturbatione</strong></span> <span class='ocrx_word' id='word_1_217' title='bbox 1262 2948 1553 3002; x_wconf 89' lang='lat' dir='ltr'><strong>maculare.</strong></span> <span class='ocrx_word' id='word_1_218' title='bbox 1588 2947 1704 3015; x_wconf 77' lang='lat' dir='ltr'><strong>Noli</strong></span> <span class='ocrx_word' id='word_1_219' title='bbox 1744 2953 1796 3004; x_wconf 90' lang='lat' dir='ltr'><strong>le</strong></span> <span class='ocrx_word' id='word_1_220' title='bbox 1838 2949 2098 3019; x_wconf 79' lang='lat' dir='ltr'><strong>:equaiem</strong></span> <span class='ocrx_word' id='word_1_221' title='bbox 2216 2952 2231 2963; x_wconf 88' lang='grc'><strong><em>⁸</em></strong></span> 
     </span>
    </p>
   </div>
   <div class='ocr_carea' id='block_1_31' title="bbox 534 3027 3209 3138">
    <p class='ocr_par' dir='ltr' id='par_1_31' title="bbox 534 3027 3209 3138">
     <span class='ocr_line' id='line_1_31' title="bbox 534 3027 3209 3138; baseline 0 -52"><span class='ocrx_word' id='word_1_222' title='bbox 534 3031 920 3138; x_wconf 46' lang='lat' dir='ltr'><strong>stultohfacct&#39;e,</strong></span> <span class='ocrx_word' id='word_1_223' title='bbox 944 3036 1069 3104; x_wconf 84' lang='lat' dir='ltr'><strong>quia</strong></span> <span class='ocrx_word' id='word_1_224' title='bbox 1095 3034 1176 3089; x_wconf 87' lang='lat' dir='ltr'><strong>ira</strong></span> <span class='ocrx_word' id='word_1_225' title='bbox 1207 3036 1262 3089; x_wconf 86' lang='lat' dir='ltr'><strong>in</strong></span> <span class='ocrx_word' id='word_1_226' title='bbox 1280 3036 1397 3090; x_wconf 83' lang='lat' dir='ltr'><strong>sinu</strong></span> <span class='ocrx_word' id='word_1_227' title='bbox 1426 3035 1572 3089; x_wconf 79' lang='lat' dir='ltr'><strong>stulti</strong></span> <span class='ocrx_word' id='word_1_228' title='bbox 1584 3036 1878 3138; x_wconf 57' lang='lat' dir='ltr'><strong>requiescit</strong></span> <span class='ocrx_word' id='word_1_229' title='bbox 1900 3035 2095 3138; x_wconf 44' lang='lat' dir='ltr'><strong>(.Eccle.</strong></span> <span class='ocrx_word' id='word_1_230' title='bbox 2123 3027 2171 3087; x_wconf 84' lang='lat' dir='ltr'><strong><em>C</em></strong></span> <span class='ocrx_word' id='word_1_231' title='bbox 2205 3066 2281 3120; x_wconf 60' lang='lat' dir='ltr'><strong><em>De</em></strong></span> <span class='ocrx_word' id='word_1_232' title='bbox 2308 3068 2691 3137; x_wconf 55' lang='lat' dir='ltr'><strong>permeramia</strong></span> <span class='ocrx_word' id='word_1_233' title='bbox 2716 3027 2947 3121; x_wconf 45' lang='grc' dir='ltr'><strong>ὧῐοῖιᾶ</strong></span> 
     </span>
    </p>
   </div>
   <div class='ocr_carea' id='block_1_32' title="bbox 534 3122 2103 3196">
    <p class='ocr_par' dir='ltr' id='par_1_32' title="bbox 534 3122 2103 3196">
     <span class='ocr_line' id='line_1_32' title="bbox 534 3122 2103 3196; baseline 0.003 -21"><span class='ocrx_word' id='word_1_234' title='bbox 534 3138 630 3182; x_wconf 82' lang='lat' dir='ltr'><strong>vn.</strong></span> <span class='ocrx_word' id='word_1_235' title='bbox 666 3122 773 3195; x_wconf 83' lang='lat' dir='ltr'><strong>i0).</strong></span> <span class='ocrx_word' id='word_1_236' title='bbox 812 3123 867 3177; x_wconf 90' lang='lat' dir='ltr'><strong>Si</strong></span> <span class='ocrx_word' id='word_1_237' title='bbox 892 3133 947 3178; x_wconf 89' lang='lat' dir='ltr'><strong>tu</strong></span> <span class='ocrx_word' id='word_1_238' title='bbox 985 3126 1238 3196; x_wconf 78' lang='lat' dir='ltr'><strong>irasceris</strong></span> <span class='ocrx_word' id='word_1_239' title='bbox 1272 3134 1460 3182; x_wconf 86' lang='lat' dir='ltr'><strong>contra</strong></span> <span class='ocrx_word' id='word_1_240' title='bbox 1489 3141 1630 3190; x_wconf 86' lang='lat' dir='ltr'><strong>eum,</strong></span> <span class='ocrx_word' id='word_1_241' title='bbox 1656 3133 1816 3180; x_wconf 90' lang='lat' dir='ltr'><strong>erunt</strong></span> <span class='ocrx_word' id='word_1_242' title='bbox 1841 3124 1970 3195; x_wconf 59' lang='grc' dir='ltr'><strong>[ΑΔ.</strong></span> <span class='ocrx_word' id='word_1_243' title='bbox 1999 3125 2103 3179; x_wconf 89' lang='lat' dir='ltr'><strong>eri-</strong></span> 
     </span>
    </p>
   </div>
   <div class='ocr_carea' id='block_1_33' title="bbox 537 3209 2103 3289">
    <p class='ocr_par' dir='ltr' id='par_1_33' title="bbox 537 3209 2103 3289">
     <span class='ocr_line' id='line_1_33' title="bbox 537 3209 2103 3289; baseline 0.006 -27"><span class='ocrx_word' id='word_1_244' title='bbox 537 3209 628 3281; x_wconf 79' lang='lat' dir='ltr'><strong>tis]</strong></span> <span class='ocrx_word' id='word_1_245' title='bbox 666 3214 770 3268; x_wconf 87' lang='lat' dir='ltr'><strong>duo</strong></span> <span class='ocrx_word' id='word_1_246' title='bbox 799 3214 947 3277; x_wconf 88' lang='lat' dir='ltr'><strong>mali,</strong></span> <span class='ocrx_word' id='word_1_247' title='bbox 999 3223 1051 3267; x_wconf 88' lang='lat' dir='ltr'><strong>tu</strong></span> <span class='ocrx_word' id='word_1_248' title='bbox 1089 3224 1144 3269; x_wconf 89' lang='lat' dir='ltr'><strong>et</strong></span> <span class='ocrx_word' id='word_1_249' title='bbox 1170 3216 1274 3269; x_wconf 87' lang='lat' dir='ltr'><strong>ille.</strong></span> <span class='ocrx_word' id='word_1_250' title='bbox 1311 3216 1498 3272; x_wconf 75' lang='lat' dir='ltr'><strong>Melius</strong></span> <span class='ocrx_word' id='word_1_251' title='bbox 1536 3225 1623 3272; x_wconf 85' lang='lat' dir='ltr'><strong>est</strong></span> <span class='ocrx_word' id='word_1_252' title='bbox 1657 3215 1809 3289; x_wconf 74' lang='grc' dir='ltr'><strong>[Με.,</strong></span> <span class='ocrx_word' id='word_1_253' title='bbox 1845 3215 2013 3288; x_wconf 87' lang='lat' dir='ltr'><strong>esset]</strong></span> <span class='ocrx_word' id='word_1_254' title='bbox 2051 3226 2103 3271; x_wconf 91' lang='lat' dir='ltr'><strong>te</strong></span> 
     </span>
    </p>
   </div>
   <div class='ocr_carea' id='block_1_34' title="bbox 538 3301 2102 3374">
    <p class='ocr_par' dir='ltr' id='par_1_34' title="bbox 538 3301 2102 3374">
     <span class='ocr_line' id='line_1_34' title="bbox 538 3301 2102 3374; baseline 0.004 -20"><span class='ocrx_word' id='word_1_255' title='bbox 538 3316 659 3355; x_wconf 80' lang='lat' dir='ltr'><strong>esse</strong></span> <span class='ocrx_word' id='word_1_256' title='bbox 690 3301 906 3365; x_wconf 87' lang='lat' dir='ltr'><strong>bonum,</strong></span> <span class='ocrx_word' id='word_1_257' title='bbox 938 3318 1244 3374; x_wconf 81' lang='lat' dir='ltr'><strong>quanquam</strong></span> <span class='ocrx_word' id='word_1_258' title='bbox 1271 3306 1357 3360; x_wconf 90' lang='lat' dir='ltr'><strong>ille</strong></span> <span class='ocrx_word' id='word_1_259' title='bbox 1382 3308 1452 3363; x_wconf 92' lang='lat' dir='ltr'><strong>sit</strong></span> <span class='ocrx_word' id='word_1_260' title='bbox 1479 3308 1671 3365; x_wconf 78' lang='lat' dir='ltr'><strong>malus.</strong></span> <span class='ocrx_word' id='word_1_261' title='bbox 1723 3307 1833 3363; x_wconf 90' lang='lat' dir='ltr'><strong>Cur</strong></span> <span class='ocrx_word' id='word_1_262' title='bbox 1857 3317 1909 3363; x_wconf 92' lang='lat' dir='ltr'><strong>tu</strong></span> <span class='ocrx_word' id='word_1_263' title='bbox 1939 3324 2003 3361; x_wconf 71' lang='lat' dir='ltr'><strong>ex</strong></span> <span class='ocrx_word' id='word_1_264' title='bbox 2032 3308 2102 3361; x_wconf 84' lang='lat' dir='ltr'><strong>al-</strong></span> 
     </span>
    </p>
   </div>
   <div class='ocr_carea' id='block_1_35' title="bbox 537 3390 1439 3451">
    <p class='ocr_par' dir='ltr' id='par_1_35' title="bbox 537 3390 1439 3451">
     <span class='ocr_line' id='line_1_35' title="bbox 537 3390 1439 3451; baseline 0.006 -5"><span class='ocrx_word' id='word_1_265' title='bbox 537 3390 702 3446; x_wconf 79' lang='lat' dir='ltr'><strong>terius</strong></span> <span class='ocrx_word' id='word_1_266' title='bbox 728 3391 928 3446; x_wconf 88' lang='lat' dir='ltr'><strong>maiitia</strong></span> <span class='ocrx_word' id='word_1_267' title='bbox 964 3394 1134 3448; x_wconf 76' lang='lat' dir='ltr'><strong>malus</strong></span> <span class='ocrx_word' id='word_1_268' title='bbox 1158 3394 1391 3451; x_wconf 83' lang='lat' dir='ltr'><strong>cftiecris</strong></span> <span class='ocrx_word' id='word_1_269' title='bbox 1414 3398 1439 3450; x_wconf 82' lang='lat'><strong>?</strong></span> 
     </span>
    </p>
   </div>
   <div class='ocr_carea' id='block_1_36' title="bbox 1116 3527 1540 3583">
    <p class='ocr_par' dir='ltr' id='par_1_36' title="bbox 1116 3527 1540 3583">
     <span class='ocr_line' id='line_1_36' title="bbox 1116 3527 1540 3583; baseline -0.005 0"><span class='ocrx_word' id='word_1_270' title='bbox 1116 3527 1341 3583; x_wconf 82' lang='lat' dir='ltr'><strong>CAPUT</strong></span> <span class='ocrx_word' id='word_1_271' title='bbox 1378 3528 1540 3583; x_wconf 75' lang='lat' dir='ltr'><strong>XXV.</strong></span> 
     </span>
    </p>
   </div>
   <div class='ocr_carea' id='block_1_37' title="bbox 822 3638 1795 3712">
    <p class='ocr_par' dir='ltr' id='par_1_37' title="bbox 822 3638 1795 3712">
     <span class='ocr_line' id='line_1_37' title="bbox 822 3638 1795 3712; baseline -0.001 -18"><span class='ocrx_word' id='word_1_272' title='bbox 822 3638 899 3695; x_wconf 83' lang='lat' dir='ltr'><strong>De</strong></span> <span class='ocrx_word' id='word_1_273' title='bbox 924 3641 1149 3695; x_wconf 83' lang='lat' dir='ltr'><strong>humana</strong></span> <span class='ocrx_word' id='word_1_274' title='bbox 1182 3641 1337 3695; x_wconf 81' lang='lat' dir='ltr'><strong>laude</strong></span> <span class='ocrx_word' id='word_1_275' title='bbox 1373 3659 1476 3696; x_wconf 86' lang='lat' dir='ltr'><strong>non</strong></span> <span class='ocrx_word' id='word_1_276' title='bbox 1493 3638 1795 3712; x_wconf 71' lang='lat' dir='ltr'><strong>qua&#39;renda.</strong></span> 
     </span>
    </p>
   </div>
   <div class='ocr_carea' id='block_1_38' title="bbox 606 3760 2099 3839">
    <p class='ocr_par' dir='ltr' id='par_1_38' title="bbox 606 3760 2099 3839">
     <span class='ocr_line' id='line_1_38' title="bbox 606 3760 2099 3839; baseline 0.002 -20"><span class='ocrx_word' id='word_1_277' title='bbox 606 3760 863 3820; x_wconf 79' lang='lat' dir='ltr'><strong>Dominus</strong></span> <span class='ocrx_word' id='word_1_278' title='bbox 884 3768 1016 3822; x_wconf 89' lang='lat' dir='ltr'><strong>dicit</strong></span> <span class='ocrx_word' id='word_1_279' title='bbox 1044 3770 1099 3823; x_wconf 87' lang='lat' dir='ltr'><strong>in</strong></span> <span class='ocrx_word' id='word_1_280' title='bbox 1140 3770 1468 3839; x_wconf 80' lang='lat' dir='ltr'><strong>Evangeiio:</strong></span> <span class='ocrx_word' id='word_1_281' title='bbox 1504 3770 1785 3831; x_wconf 82' lang='lat' dir='ltr'><strong>Attendite,</strong></span> <span class='ocrx_word' id='word_1_282' title='bbox 1834 3784 1896 3822; x_wconf 83' lang='lat' dir='ltr'><strong>ne</strong></span> <span class='ocrx_word' id='word_1_283' title='bbox 1939 3770 2099 3838; x_wconf 53' lang='lat' dir='ltr'><strong>justi-</strong></span> 
     </span>
    </p>
   </div>
   <div class='ocr_carea' id='block_1_39' title="bbox 534 3854 2099 3925">
    <p class='ocr_par' dir='ltr' id='par_1_39' title="bbox 534 3854 2099 3925">
     <span class='ocr_line' id='line_1_39' title="bbox 534 3854 2099 3925; baseline 0.003 -17"><span class='ocrx_word' id='word_1_284' title='bbox 534 3858 662 3909; x_wconf 86' lang='lat' dir='ltr'><strong>tiant</strong></span> <span class='ocrx_word' id='word_1_285' title='bbox 699 3854 927 3909; x_wconf 28' lang='lat' dir='ltr'><strong>restrain.</strong></span> <span class='ocrx_word' id='word_1_286' title='bbox 948 3858 1157 3925; x_wconf 80' lang='lat' dir='ltr'><strong>faciatis</strong></span> <span class='ocrx_word' id='word_1_287' title='bbox 1184 3876 1359 3911; x_wconf 84' lang='lat' dir='ltr'><strong>coram</strong></span> <span class='ocrx_word' id='word_1_288' title='bbox 1382 3860 1694 3923; x_wconf 81' lang='lat' dir='ltr'><strong>hominibus,</strong></span> <span class='ocrx_word' id='word_1_289' title='bbox 1726 3868 1781 3911; x_wconf 86' lang='lat' dir='ltr'><strong>ut</strong></span> <span class='ocrx_word' id='word_1_290' title='bbox 1820 3858 2099 3913; x_wconf 74' lang='lat' dir='ltr'><strong>videamini</strong></span> 
     </span>
    </p>
   </div>
   <div class='ocr_carea' id='block_1_40' title="bbox 533 3944 2097 4014">
    <p class='ocr_par' dir='ltr' id='par_1_40' title="bbox 533 3944 2097 4014">
     <span class='ocr_line' id='line_1_40' title="bbox 533 3944 2097 4014; baseline 0.003 -17"><span class='ocrx_word' id='word_1_291' title='bbox 533 3946 597 3997; x_wconf 84' lang='lat' dir='ltr'><strong>ab</strong></span> <span class='ocrx_word' id='word_1_292' title='bbox 627 3946 699 3998; x_wconf 85' lang='lat' dir='ltr'><strong>eis</strong></span> <span class='ocrx_word' id='word_1_293' title='bbox 737 3944 949 4014; x_wconf 68' lang='lat' dir='ltr'><strong>(Matth,</strong></span> <span class='ocrx_word' id='word_1_294' title='bbox 984 3961 1059 4010; x_wconf 69' lang='grc' dir='ltr'><strong>η,</strong></span> <span class='ocrx_word' id='word_1_295' title='bbox 1098 3946 1174 4013; x_wconf 81' lang='grc'><strong>1),</strong></span> <span class='ocrx_word' id='word_1_296' title='bbox 1210 3946 1262 4000; x_wconf 91' lang='lat' dir='ltr'><strong>id</strong></span> <span class='ocrx_word' id='word_1_297' title='bbox 1306 3954 1412 4010; x_wconf 86' lang='lat' dir='ltr'><strong>est,</strong></span> <span class='ocrx_word' id='word_1_298' title='bbox 1449 3954 1509 3999; x_wconf 91' lang='lat' dir='ltr'><strong>ut</strong></span> <span class='ocrx_word' id='word_1_299' title='bbox 1554 3961 1618 3999; x_wconf 85' lang='lat' dir='ltr'><strong>ea</strong></span> <span class='ocrx_word' id='word_1_300' title='bbox 1656 3947 1955 4000; x_wconf 88' lang='lat' dir='ltr'><strong>intentione</strong></span> <span class='ocrx_word' id='word_1_301' title='bbox 1990 3962 2097 4001; x_wconf 90' lang='lat' dir='ltr'><strong>non</strong></span> 
     </span>
    </p>
   </div>
   <div class='ocr_carea' id='block_1_41' title="bbox 536 4033 2098 4099">
    <p class='ocr_par' dir='ltr' id='par_1_41' title="bbox 536 4033 2098 4099">
     <span class='ocr_line' id='line_1_41' title="bbox 536 4033 2098 4099; baseline 0.001 -14"><span class='ocrx_word' id='word_1_302' title='bbox 536 4034 748 4089; x_wconf 73' lang='lat' dir='ltr'><strong>faciatis</strong></span> <span class='ocrx_word' id='word_1_303' title='bbox 784 4033 945 4099; x_wconf 87' lang='lat' dir='ltr'><strong>bona,</strong></span> <span class='ocrx_word' id='word_1_304' title='bbox 982 4043 1041 4088; x_wconf 92' lang='lat' dir='ltr'><strong>ut</strong></span> <span class='ocrx_word' id='word_1_305' title='bbox 1074 4034 1142 4088; x_wconf 88' lang='lat' dir='ltr'><strong>ab</strong></span> <span class='ocrx_word' id='word_1_306' title='bbox 1186 4034 1491 4089; x_wconf 86' lang='lat' dir='ltr'><strong>hominibus</strong></span> <span class='ocrx_word' id='word_1_307' title='bbox 1516 4049 1713 4088; x_wconf 86' lang='lat' dir='ltr'><strong>vanam</strong></span> <span class='ocrx_word' id='word_1_308' title='bbox 1762 4033 1974 4088; x_wconf 89' lang='lat' dir='ltr'><strong>laudem</strong></span> <span class='ocrx_word' id='word_1_309' title='bbox 2003 4036 2098 4089; x_wconf 88' lang='lat' dir='ltr'><strong>ha-</strong></span> 
     </span>
    </p>
   </div>
   <div class='ocr_carea' id='block_1_42' title="bbox 531 4123 2097 4193">
    <p class='ocr_par' dir='ltr' id='par_1_42' title="bbox 531 4123 2097 4193">
     <span class='ocr_line' id='line_1_42' title="bbox 531 4123 2097 4193; baseline 0.001 -15"><span class='ocrx_word' id='word_1_310' title='bbox 531 4124 703 4178; x_wconf 76' lang='lat' dir='ltr'><strong>beatis</strong></span> <span class='ocrx_word' id='word_1_311' title='bbox 730 4140 745 4187; x_wconf 88' lang='lat'><strong>;</strong></span> <span class='ocrx_word' id='word_1_312' title='bbox 779 4124 871 4179; x_wconf 87' lang='lat' dir='ltr'><strong>sed</strong></span> <span class='ocrx_word' id='word_1_313' title='bbox 894 4124 1151 4193; x_wconf 83' lang='lat' dir='ltr'><strong>quidquid</strong></span> <span class='ocrx_word' id='word_1_314' title='bbox 1173 4124 1333 4179; x_wconf 84' lang='lat' dir='ltr'><strong>homo</strong></span> <span class='ocrx_word' id='word_1_315' title='bbox 1354 4123 1484 4179; x_wconf 87' lang='lat' dir='ltr'><strong>facit</strong></span> <span class='ocrx_word' id='word_1_316' title='bbox 1503 4124 1650 4187; x_wconf 87' lang='lat' dir='ltr'><strong>boni,</strong></span> <span class='ocrx_word' id='word_1_317' title='bbox 1676 4140 1772 4193; x_wconf 90' lang='lat' dir='ltr'><strong>pro</strong></span> <span class='ocrx_word' id='word_1_318' title='bbox 1798 4123 1890 4178; x_wconf 88' lang='lat' dir='ltr'><strong>Dei</strong></span> <span class='ocrx_word' id='word_1_319' title='bbox 1913 4139 2097 4179; x_wconf 86' lang='lat' dir='ltr'><strong>amore</strong></span> 
     </span>
    </p>
   </div>
   <div class='ocr_carea' id='block_1_43' title="bbox 532 4212 2091 4278">
    <p class='ocr_par' dir='ltr' id='par_1_43' title="bbox 532 4212 2091 4278">
     <span class='ocr_line' id='line_1_43' title="bbox 532 4212 2091 4278; baseline 0.002 -14"><span class='ocrx_word' id='word_1_320' title='bbox 532 4215 777 4269; x_wconf 67' lang='lat' dir='ltr'><strong>ctsalute</strong></span> <span class='ocrx_word' id='word_1_321' title='bbox 808 4215 998 4269; x_wconf 62' lang='lat' dir='ltr'><strong>anituze</strong></span> <span class='ocrx_word' id='word_1_322' title='bbox 1042 4229 1175 4278; x_wconf 66' lang='lat' dir='ltr'><strong>suae,</strong></span> <span class='ocrx_word' id='word_1_323' title='bbox 1229 4223 1285 4270; x_wconf 87' lang='lat' dir='ltr'><strong>et</strong></span> <span class='ocrx_word' id='word_1_324' title='bbox 1324 4212 1563 4270; x_wconf 86' lang='lat' dir='ltr'><strong>fraterna</strong></span> <span class='ocrx_word' id='word_1_325' title='bbox 1612 4214 1877 4269; x_wconf 85' lang='lat' dir='ltr'><strong>charitate</strong></span> <span class='ocrx_word' id='word_1_326' title='bbox 1910 4213 2091 4269; x_wconf 81' lang='lat' dir='ltr'><strong>faciat.</strong></span> 
     </span>
    </p>
   </div>
   <div class='ocr_carea' id='block_1_44' title="bbox 512 4305 2096 4377">
    <p class='ocr_par' dir='ltr' id='par_1_44' title="bbox 512 4305 2096 4377">
     <span class='ocr_line' id='line_1_44' title="bbox 512 4305 2096 4377; baseline 0.002 -18"><span class='ocrx_word' id='word_1_327' title='bbox 512 4306 657 4360; x_wconf 75' lang='lat' dir='ltr'><strong>ideo</strong></span> <span class='ocrx_word' id='word_1_328' title='bbox 684 4308 800 4375; x_wconf 84' lang='lat' dir='ltr'><strong>ipse</strong></span> <span class='ocrx_word' id='word_1_329' title='bbox 818 4305 1074 4361; x_wconf 83' lang='lat' dir='ltr'><strong>Dominus</strong></span> <span class='ocrx_word' id='word_1_330' title='bbox 1101 4306 1237 4375; x_wconf 71' lang='lat' dir='ltr'><strong>dixit</strong></span> <span class='ocrx_word' id='word_1_331' title='bbox 1264 4307 1331 4361; x_wconf 85' lang='lat' dir='ltr'><strong>de</strong></span> <span class='ocrx_word' id='word_1_332' title='bbox 1380 4306 1719 4377; x_wconf 87' lang='lat' dir='ltr'><strong>quibusdam,</strong></span> <span class='ocrx_word' id='word_1_333' title='bbox 1749 4307 1840 4376; x_wconf 91' lang='lat' dir='ltr'><strong>qui</strong></span> <span class='ocrx_word' id='word_1_334' title='bbox 1864 4307 2096 4362; x_wconf 87' lang='lat' dir='ltr'><strong>elecmo-</strong></span> 
     </span>
    </p>
   </div>
   <div class='ocr_carea' id='block_1_45' title="bbox 532 4392 2096 4462">
    <p class='ocr_par' dir='ltr' id='par_1_45' title="bbox 532 4392 2096 4462">
     <span class='ocr_line' id='line_1_45' title="bbox 532 4392 2096 4462; baseline 0.001 -15"><span class='ocrx_word' id='word_1_335' title='bbox 532 4410 695 4462; x_wconf 76' lang='lat' dir='ltr'><strong>syuas</strong></span> <span class='ocrx_word' id='word_1_336' title='bbox 725 4395 949 4457; x_wconf 81' lang='lat' dir='ltr'><strong>iaciunt,</strong></span> <span class='ocrx_word' id='word_1_337' title='bbox 980 4393 1061 4447; x_wconf 86' lang='lat' dir='ltr'><strong>vei</strong></span> <span class='ocrx_word' id='word_1_338' title='bbox 1107 4394 1383 4450; x_wconf 82' lang='lat' dir='ltr'><strong>orationes</strong></span> <span class='ocrx_word' id='word_1_339' title='bbox 1410 4402 1461 4447; x_wconf 69' lang='lat' dir='ltr'><strong>et</strong></span> <span class='ocrx_word' id='word_1_340' title='bbox 1487 4392 1711 4462; x_wconf 72' lang='lat' dir='ltr'><strong>ieiunia,</strong></span> <span class='ocrx_word' id='word_1_341' title='bbox 1740 4404 1799 4448; x_wconf 90' lang='lat' dir='ltr'><strong>ut</strong></span> <span class='ocrx_word' id='word_1_342' title='bbox 1830 4395 1899 4449; x_wconf 89' lang='lat' dir='ltr'><strong>ab</strong></span> <span class='ocrx_word' id='word_1_343' title='bbox 1923 4396 2096 4451; x_wconf 86' lang='lat' dir='ltr'><strong>homi-</strong></span> 
     </span>
    </p>
   </div>
   <div class='ocr_carea' id='block_1_46' title="bbox 532 4484 2098 4555">
    <p class='ocr_par' dir='ltr' id='par_1_46' title="bbox 532 4484 2098 4555">
     <span class='ocr_line' id='line_1_46' title="bbox 532 4484 2098 4555; baseline -0.001 -15"><span class='ocrx_word' id='word_1_344' title='bbox 532 4488 691 4540; x_wconf 86' lang='lat' dir='ltr'><strong>nibus</strong></span> <span class='ocrx_word' id='word_1_345' title='bbox 719 4486 928 4538; x_wconf 83' lang='lat' dir='ltr'><strong>laudem</strong></span> <span class='ocrx_word' id='word_1_346' title='bbox 984 4484 1294 4555; x_wconf 83' lang='lat' dir='ltr'><strong>accipiant:</strong></span> <span class='ocrx_word' id='word_1_347' title='bbox 1333 4484 1496 4538; x_wconf 76' lang='lat' dir='ltr'><strong>Amen</strong></span> <span class='ocrx_word' id='word_1_348' title='bbox 1536 4486 1654 4539; x_wconf 87' lang='lat' dir='ltr'><strong>dico</strong></span> <span class='ocrx_word' id='word_1_349' title='bbox 1706 4486 1867 4549; x_wconf 69' lang='lat' dir='ltr'><strong>vobis,</strong></span> <span class='ocrx_word' id='word_1_350' title='bbox 1901 4502 2098 4555; x_wconf 83' lang='lat' dir='ltr'><strong>recepe-</strong></span> 
     </span>
    </p>
   </div>
   <div class='ocr_carea' id='block_1_47' title="bbox 533 4572 2097 4645">
    <p class='ocr_par' dir='ltr' id='par_1_47' title="bbox 533 4572 2097 4645">
     <span class='ocr_line' id='line_1_47' title="bbox 533 4572 2097 4645; baseline 0.001 -17"><span class='ocrx_word' id='word_1_351' title='bbox 533 4588 652 4629; x_wconf 77' lang='lat' dir='ltr'><strong>runt</strong></span> <span class='ocrx_word' id='word_1_352' title='bbox 678 4575 961 4637; x_wconf 73' lang='lat' dir='ltr'><strong>mercedem</strong></span> <span class='ocrx_word' id='word_1_353' title='bbox 997 4590 1147 4628; x_wconf 78' lang='lat' dir='ltr'><strong>suam</strong></span> <span class='ocrx_word' id='word_1_354' title='bbox 1184 4572 1397 4645; x_wconf 74' lang='lat' dir='ltr'><strong>(Matth.</strong></span> <span class='ocrx_word' id='word_1_355' title='bbox 1424 4589 1501 4638; x_wconf 80' lang='lat' dir='ltr'><strong>vt,</strong></span> <span class='ocrx_word' id='word_1_356' title='bbox 1538 4573 1614 4645; x_wconf 74' lang='grc'><strong>2).</strong></span> <span class='ocrx_word' id='word_1_357' title='bbox 1665 4574 1766 4641; x_wconf 89' lang='lat' dir='ltr'><strong>Qui</strong></span> <span class='ocrx_word' id='word_1_358' title='bbox 1789 4590 1887 4645; x_wconf 90' lang='lat' dir='ltr'><strong>pro</strong></span> <span class='ocrx_word' id='word_1_359' title='bbox 1919 4589 1985 4629; x_wconf 89' lang='lat' dir='ltr'><strong>eo</strong></span> <span class='ocrx_word' id='word_1_360' title='bbox 2010 4576 2097 4628; x_wconf 89' lang='lat' dir='ltr'><strong>bo-</strong></span> 
     </span>
    </p>
   </div>
   <div class='ocr_carea' id='block_1_48' title="bbox 532 4663 2097 4738">
    <p class='ocr_par' dir='ltr' id='par_1_48' title="bbox 532 4663 2097 4738">
     <span class='ocr_line' id='line_1_48' title="bbox 532 4663 2097 4738; baseline -0.003 -16"><span class='ocrx_word' id='word_1_361' title='bbox 532 4684 657 4723; x_wconf 80' lang='lat' dir='ltr'><strong>nunt</strong></span> <span class='ocrx_word' id='word_1_362' title='bbox 691 4667 964 4738; x_wconf 82' lang='lat' dir='ltr'><strong>quodlibet</strong></span> <span class='ocrx_word' id='word_1_363' title='bbox 987 4664 1134 4732; x_wconf 83' lang='lat' dir='ltr'><strong>facit,</strong></span> <span class='ocrx_word' id='word_1_364' title='bbox 1161 4674 1223 4720; x_wconf 89' lang='lat' dir='ltr'><strong>ut</strong></span> <span class='ocrx_word' id='word_1_365' title='bbox 1243 4666 1310 4720; x_wconf 88' lang='lat' dir='ltr'><strong>ab</strong></span> <span class='ocrx_word' id='word_1_366' title='bbox 1334 4664 1639 4721; x_wconf 86' lang='lat' dir='ltr'><strong>hominibus</strong></span> <span class='ocrx_word' id='word_1_367' title='bbox 1683 4663 1950 4727; x_wconf 83' lang='lat' dir='ltr'><strong>laudetur,</strong></span> <span class='ocrx_word' id='word_1_368' title='bbox 1984 4663 2097 4718; x_wconf 65' lang='lat' dir='ltr'><strong>haec</strong></span> 
     </span>
    </p>
   </div>
   <div class='ocr_carea' id='block_1_49' title="bbox 529 4752 2095 4827">
    <p class='ocr_par' dir='ltr' id='par_1_49' title="bbox 529 4752 2095 4827">
     <span class='ocr_line' id='line_1_49' title="bbox 529 4752 2095 4827; baseline -0.002 -17"><span class='ocrx_word' id='word_1_369' title='bbox 529 4767 615 4811; x_wconf 65' lang='lat' dir='ltr'><strong>est</strong></span> <span class='ocrx_word' id='word_1_370' title='bbox 638 4773 846 4812; x_wconf 87' lang='lat' dir='ltr'><strong>merces</strong></span> <span class='ocrx_word' id='word_1_371' title='bbox 903 4757 1045 4812; x_wconf 87' lang='lat' dir='ltr'><strong>illius</strong></span> <span class='ocrx_word' id='word_1_372' title='bbox 1100 4771 1261 4826; x_wconf 89' lang='lat' dir='ltr'><strong>quam</strong></span> <span class='ocrx_word' id='word_1_373' title='bbox 1306 4754 1574 4827; x_wconf 65' lang='lat' dir='ltr'><strong>qumsivit,</strong></span> <span class='ocrx_word' id='word_1_374' title='bbox 1607 4764 1662 4808; x_wconf 88' lang='lat' dir='ltr'><strong>et</strong></span> <span class='ocrx_word' id='word_1_375' title='bbox 1689 4752 1890 4809; x_wconf 89' lang='lat' dir='ltr'><strong>nullam</strong></span> <span class='ocrx_word' id='word_1_376' title='bbox 1922 4770 1949 4807; x_wconf 89' lang='lat' dir='ltr'><strong>a</strong></span> <span class='ocrx_word' id='word_1_377' title='bbox 1986 4752 2095 4808; x_wconf 89' lang='lat' dir='ltr'><strong>Deo</strong></span> 
     </span>
    </p>
   </div>
   <div class='ocr_carea' id='block_1_50' title="bbox 529 4844 2093 4916">
    <p class='ocr_par' dir='ltr' id='par_1_50' title="bbox 529 4844 2093 4916">
     <span class='ocr_line' id='line_1_50' title="bbox 529 4844 2093 4916; baseline 0 -17"><span class='ocrx_word' id='word_1_378' title='bbox 529 4861 747 4915; x_wconf 63' lang='lat' dir='ltr'><strong>sperare</strong></span> <span class='ocrx_word' id='word_1_379' title='bbox 772 4847 931 4901; x_wconf 76' lang='lat' dir='ltr'><strong>habet</strong></span> <span class='ocrx_word' id='word_1_380' title='bbox 980 4847 1386 4902; x_wconf 88' lang='lat' dir='ltr'><strong>retributionem</strong></span> <span class='ocrx_word' id='word_1_381' title='bbox 1412 4862 1427 4911; x_wconf 90' lang='lat'>;</span> <span class='ocrx_word' id='word_1_382' title='bbox 1460 4844 1587 4916; x_wconf 85' lang='lat' dir='ltr'><strong>quia</strong></span> <span class='ocrx_word' id='word_1_383' title='bbox 1618 4860 1715 4916; x_wconf 92' lang='lat' dir='ltr'><strong>pro</strong></span> <span class='ocrx_word' id='word_1_384' title='bbox 1761 4844 1879 4914; x_wconf 77' lang='lat' dir='ltr'><strong>ejus</strong></span> <span class='ocrx_word' id='word_1_385' title='bbox 1910 4858 2093 4899; x_wconf 86' lang='lat' dir='ltr'><strong>amore</strong></span> 
     </span>
    </p>
   </div>
   <div class='ocr_carea' id='block_1_51' title="bbox 533 4932 2095 5006">
    <p class='ocr_par' dir='ltr' id='par_1_51' title="bbox 533 4932 2095 5006">
     <span class='ocr_line' id='line_1_51' title="bbox 533 4932 2095 5006; baseline -0.012 -3"><span class='ocrx_word' id='word_1_386' title='bbox 533 4934 684 5006; x_wconf 66' lang='grc'><strong>141</strong></span> <span class='ocrx_word' id='word_1_387' title='bbox 722 4949 829 4988; x_wconf 74' lang='grc' dir='ltr'><strong>ηοιι</strong></span> <span class='ocrx_word' id='word_1_388' title='bbox 892 4934 1040 4999; x_wconf 60' lang='lat' dir='ltr'><strong>feeit.</strong></span> <span class='ocrx_word' id='word_1_389' title='bbox 1085 4936 1178 4991; x_wconf 82' lang='lat' dir='ltr'><strong>sed</strong></span> <span class='ocrx_word' id='word_1_390' title='bbox 1211 4950 1311 5004; x_wconf 89' lang='lat' dir='ltr'><strong>pro</strong></span> <span class='ocrx_word' id='word_1_391' title='bbox 1349 4950 1485 4990; x_wconf 85' lang='lat' dir='ltr'><strong>vana</strong></span> <span class='ocrx_word' id='word_1_392' title='bbox 1536 4936 1783 4990; x_wconf 80' lang='lat' dir='ltr'><strong>humana:</strong></span> <span class='ocrx_word' id='word_1_393' title='bbox 1814 4932 1985 4987; x_wconf 86' lang='lat' dir='ltr'><strong>laudis</strong></span> <span class='ocrx_word' id='word_1_394' title='bbox 2014 4933 2095 5001; x_wconf 85' lang='lat' dir='ltr'><strong>ja—</strong></span> 
     </span>
    </p>
   </div>
   <div class='ocr_carea' id='block_1_52' title="bbox 526 5022 2090 5095">
    <p class='ocr_par' dir='ltr' id='par_1_52' title="bbox 526 5022 2090 5095">
     <span class='ocr_line' id='line_1_52' title="bbox 526 5022 2090 5095; baseline -0.003 -14"><span class='ocrx_word' id='word_1_395' title='bbox 526 5026 758 5089; x_wconf 66' lang='lat' dir='ltr'><strong>ctantia;</strong></span> <span class='ocrx_word' id='word_1_396' title='bbox 780 5025 922 5079; x_wconf 84' lang='lat' dir='ltr'><strong>sicut</strong></span> <span class='ocrx_word' id='word_1_397' title='bbox 948 5025 1243 5095; x_wconf 72' lang='lat' dir='ltr'><strong>hypocrita:</strong></span> <span class='ocrx_word' id='word_1_398' title='bbox 1266 5026 1446 5081; x_wconf 88' lang='lat' dir='ltr'><strong>facere</strong></span> <span class='ocrx_word' id='word_1_399' title='bbox 1476 5025 1670 5081; x_wconf 86' lang='lat' dir='ltr'><strong>solent.</strong></span> <span class='ocrx_word' id='word_1_400' title='bbox 1703 5023 1856 5091; x_wconf 85' lang='lat' dir='ltr'><strong>Quod</strong></span> <span class='ocrx_word' id='word_1_401' title='bbox 1904 5022 2090 5077; x_wconf 90' lang='lat' dir='ltr'><strong>vitium</strong></span> 
     </span>
    </p>
   </div>
   <div class='ocr_carea' id='block_1_53' title="bbox 525 5112 2095 5187">
    <p class='ocr_par' dir='ltr' id='par_1_53' title="bbox 525 5112 2095 5187">
     <span class='ocr_line' id='line_1_53' title="bbox 525 5112 2095 5187; baseline -0.003 -13"><span class='ocrx_word' id='word_1_402' title='bbox 525 5117 836 5174; x_wconf 82' lang='lat' dir='ltr'><strong>hominibus</strong></span> <span class='ocrx_word' id='word_1_403' title='bbox 856 5115 1099 5187; x_wconf 80' lang='lat' dir='ltr'><strong>placendi</strong></span> <span class='ocrx_word' id='word_1_404' title='bbox 1118 5115 1172 5170; x_wconf 92' lang='lat' dir='ltr'><strong>in</strong></span> <span class='ocrx_word' id='word_1_405' title='bbox 1184 5116 1341 5171; x_wconf 86' lang='lat' dir='ltr'><strong>bonis</strong></span> <span class='ocrx_word' id='word_1_406' title='bbox 1363 5116 1637 5185; x_wconf 84' lang='lat' dir='ltr'><strong>operibus,</strong></span> <span class='ocrx_word' id='word_1_407' title='bbox 1656 5115 1915 5171; x_wconf 86' lang='lat' dir='ltr'><strong>Dominus</strong></span> <span class='ocrx_word' id='word_1_408' title='bbox 1935 5112 2095 5169; x_wconf 74' lang='lat' dir='ltr'><strong>Jcsus</strong></span> 
     </span>
    </p>
   </div>
   <div class='ocr_carea' id='block_1_54' title="bbox 526 5202 2087 5273">
    <p class='ocr_par' dir='ltr' id='par_1_54' title="bbox 526 5202 2087 5273">
     <span class='ocr_line' id='line_1_54' title="bbox 526 5202 2087 5273; baseline 0 -16"><span class='ocrx_word' id='word_1_409' title='bbox 526 5208 774 5261; x_wconf 72' lang='lat' dir='ltr'><strong>Christus</strong></span> <span class='ocrx_word' id='word_1_410' title='bbox 827 5202 1052 5261; x_wconf 76' lang='lat' dir='ltr'><strong>multum</strong></span> <span class='ocrx_word' id='word_1_411' title='bbox 1095 5202 1413 5266; x_wconf 76' lang='lat' dir='ltr'><strong>detestamr,</strong></span> <span class='ocrx_word' id='word_1_412' title='bbox 1457 5210 1515 5257; x_wconf 89' lang='lat' dir='ltr'><strong>et</strong></span> <span class='ocrx_word' id='word_1_413' title='bbox 1539 5202 1735 5273; x_wconf 70' lang='lat' dir='ltr'><strong>saepius</strong></span> <span class='ocrx_word' id='word_1_414' title='bbox 1765 5202 2087 5265; x_wconf 71' lang='lat' dir='ltr'><strong>Pharisaaos,</strong></span> 
     </span>
    </p>
   </div>
   <div class='ocr_carea' id='block_1_55' title="bbox 526 5290 2091 5366">
    <p class='ocr_par' dir='ltr' id='par_1_55' title="bbox 526 5290 2091 5366">
     <span class='ocr_line' id='line_1_55' title="bbox 526 5290 2091 5366; baseline -0.004 -14"><span class='ocrx_word' id='word_1_415' title='bbox 526 5298 615 5366; x_wconf 85' lang='lat' dir='ltr'><strong>qui</strong></span> <span class='ocrx_word' id='word_1_416' title='bbox 641 5297 774 5353; x_wconf 82' lang='lat' dir='ltr'><strong>tales</strong></span> <span class='ocrx_word' id='word_1_417' title='bbox 825 5295 1042 5351; x_wconf 88' lang='lat' dir='ltr'><strong>fuerunt</strong></span> <span class='ocrx_word' id='word_1_418' title='bbox 1072 5293 1127 5349; x_wconf 92' lang='lat' dir='ltr'><strong>in</strong></span> <span class='ocrx_word' id='word_1_419' title='bbox 1154 5290 1360 5355; x_wconf 66' lang='lat' dir='ltr'><strong>indura,</strong></span> <span class='ocrx_word' id='word_1_420' title='bbox 1389 5290 1612 5345; x_wconf 70' lang='lat' dir='ltr'><strong>terribili</strong></span> <span class='ocrx_word' id='word_1_421' title='bbox 1662 5290 1794 5363; x_wconf 61' lang='grc' dir='ltr'><strong>[ΑΛ.</strong></span> <span class='ocrx_word' id='word_1_422' title='bbox 1824 5290 1940 5363; x_wconf 90' lang='lat' dir='ltr'><strong>tali]</strong></span> <span class='ocrx_word' id='word_1_423' title='bbox 1973 5306 2091 5361; x_wconf 87' lang='lat' dir='ltr'><strong>per-</strong></span> 
     </span>
    </p>
   </div>
   <div class='ocr_carea' id='block_1_56' title="bbox 524 5377 2089 5450">
    <p class='ocr_par' dir='ltr' id='par_1_56' title="bbox 524 5377 2089 5450">
     <span class='ocr_line' id='line_1_56' title="bbox 524 5377 2089 5450; baseline -0.004 -9"><span class='ocrx_word' id='word_1_424' title='bbox 524 5388 661 5442; x_wconf 86' lang='lat' dir='ltr'><strong>cutit</strong></span> <span class='ocrx_word' id='word_1_425' title='bbox 712 5386 1107 5450; x_wconf 83' lang='lat' dir='ltr'><strong>maiedictione,</strong></span> <span class='ocrx_word' id='word_1_426' title='bbox 1143 5382 1331 5438; x_wconf 84' lang='lat' dir='ltr'><strong>dicens</strong></span> <span class='ocrx_word' id='word_1_427' title='bbox 1370 5395 1386 5434; x_wconf 88' lang='lat'><strong>:</strong></span> <span class='ocrx_word' id='word_1_428' title='bbox 1444 5377 1535 5432; x_wconf 75' lang='lat' dir='ltr'><strong>Va:</strong></span> <span class='ocrx_word' id='word_1_429' title='bbox 1594 5380 1752 5440; x_wconf 76' lang='lat' dir='ltr'><strong>rubis,</strong></span> <span class='ocrx_word' id='word_1_430' title='bbox 1807 5380 2089 5449; x_wconf 74' lang='lat' dir='ltr'><strong>hypocrita</strong></span> 
     </span>
    </p>
   </div>
   <div class='ocr_carea' id='block_1_57' title="bbox 601 5508 2089 5583">
    <p class='ocr_par' dir='ltr' id='par_1_57' title="bbox 601 5508 2089 5583">
     <span class='ocr_line' id='line_1_57' title="bbox 601 5508 2089 5583; baseline -0.007 -12"><span class='ocrx_word' id='word_1_431' title='bbox 601 5531 621 5553; x_wconf 83' lang='grc' dir='ltr'><strong>ι·</strong></span> <span class='ocrx_word' id='word_1_432' title='bbox 651 5512 787 5570; x_wconf 81' lang='lat' dir='ltr'><strong>Sunt</strong></span> <span class='ocrx_word' id='word_1_433' title='bbox 809 5516 898 5583; x_wconf 87' lang='lat' dir='ltr'><strong>qui</strong></span> <span class='ocrx_word' id='word_1_434' title='bbox 927 5515 1161 5569; x_wconf 75' lang='lat' dir='ltr'><strong>libellum</strong></span> <span class='ocrx_word' id='word_1_435' title='bbox 1205 5511 1431 5581; x_wconf 82' lang='lat' dir='ltr'><strong>alterum</strong></span> <span class='ocrx_word' id='word_1_436' title='bbox 1460 5523 1524 5563; x_wconf 79' lang='lat' dir='ltr'><strong>ex</strong></span> <span class='ocrx_word' id='word_1_437' title='bbox 1557 5522 1708 5583; x_wconf 69' lang='lat' dir='ltr'><strong>capp.</strong></span> <span class='ocrx_word' id='word_1_438' title='bbox 1741 5522 1889 5579; x_wconf 82' lang='lat' dir='ltr'><strong>seqq.</strong></span> <span class='ocrx_word' id='word_1_439' title='bbox 1924 5508 2089 5583; x_wconf 77' lang='lat' dir='ltr'><strong>confi—</strong></span> 
     </span>
    </p>
   </div>
   <div class='ocr_carea' id='block_1_58' title="bbox 525 5579 2090 5655">
    <p class='ocr_par' dir='ltr' id='par_1_58' title="bbox 525 5579 2090 5655">
     <span class='ocr_line' id='line_1_58' title="bbox 525 5579 2090 5655; baseline -0.005 -15"><span class='ocrx_word' id='word_1_440' title='bbox 525 5588 691 5653; x_wconf 78' lang='lat' dir='ltr'><strong>ciunt,</strong></span> <span class='ocrx_word' id='word_1_441' title='bbox 739 5592 791 5638; x_wconf 85' lang='lat' dir='ltr'><strong>et</strong></span> <span class='ocrx_word' id='word_1_442' title='bbox 820 5579 848 5638; x_wconf 70' lang='grc' dir='ltr'><strong>εἰ</strong></span> <span class='ocrx_word' id='word_1_443' title='bbox 877 5584 1197 5655; x_wconf 67' lang='grc' dir='ltr'><strong>ρτιεςεάεηῑί</strong></span> <span class='ocrx_word' id='word_1_444' title='bbox 1260 5579 1529 5652; x_wconf 69' lang='lat' dir='ltr'><strong>Separant.</strong></span> <span class='ocrx_word' id='word_1_445' title='bbox 1591 5579 1785 5633; x_wconf 72' lang='lat' dir='ltr'><strong>Verum</strong></span> <span class='ocrx_word' id='word_1_446' title='bbox 1837 5579 2003 5634; x_wconf 68' lang='lat' dir='ltr'><strong>series</strong></span> <span class='ocrx_word' id='word_1_447' title='bbox 2029 5592 2090 5632; x_wconf 87' lang='lat' dir='ltr'><strong>ac</strong></span> 
     </span>
    </p>
   </div>
   <div class='ocr_carea' id='block_1_59' title="bbox 1354 216 2933 305">
    <p class='ocr_par' dir='ltr' id='par_1_59' title="bbox 1354 216 2933 305">
     <span class='ocr_line' id='line_1_59' title="bbox 1354 216 2933 305; baseline -0.003 -2"><span class='ocrx_word' id='word_1_448' title='bbox 1354 249 1416 303; x_wconf 70' lang='grc' dir='ltr'><strong>Β.</strong></span> <span class='ocrx_word' id='word_1_449' title='bbox 1456 248 1518 304; x_wconf 81' lang='lat' dir='ltr'><strong>r.</strong></span> <span class='ocrx_word' id='word_1_450' title='bbox 1560 247 1785 305; x_wconf 67' lang='lat' dir='ltr'><strong>ALBLVI</strong></span> <span class='ocrx_word' id='word_1_451' title='bbox 1822 245 1952 303; x_wconf 72' lang='lat' dir='ltr'><strong>seu</strong></span> <span class='ocrx_word' id='word_1_452' title='bbox 1986 216 2259 301; x_wconf 55' lang='lat' dir='ltr'><strong>meum</strong></span> <span class='ocrx_word' id='word_1_453' title='bbox 2310 241 2597 301; x_wconf 67' lang='lat' dir='ltr'><strong>orsum</strong></span> <span class='ocrx_word' id='word_1_454' title='bbox 2631 242 2812 301; x_wconf 68' lang='lat' dir='ltr'><strong>mas</strong></span> <span class='ocrx_word' id='word_1_455' title='bbox 2846 242 2933 301; x_wconf 85' lang='lat' dir='ltr'><strong>iV.</strong></span> 
     </span>
    </p>
   </div>
   <div class='ocr_carea' id='block_1_60' title="bbox 2137 355 3775 435">
    <p class='ocr_par' dir='ltr' id='par_1_60' title="bbox 2137 355 3775 435">
     <span class='ocr_line' id='line_1_60' title="bbox 2137 355 3775 435; baseline 0.007 -27"><span class='ocrx_word' id='word_1_456' title='bbox 2137 361 2185 421; x_wconf 72' lang='grc' dir='ltr'><strong>Α</strong></span> <span class='ocrx_word' id='word_1_457' title='bbox 2213 355 2427 427; x_wconf 65' lang='grc' dir='ltr'><strong>(κατα.</strong></span> <span class='ocrx_word' id='word_1_458' title='bbox 2465 372 2625 421; x_wconf 76' lang='lat' dir='ltr'><strong>unt,</strong></span> <span class='ocrx_word' id='word_1_459' title='bbox 2656 355 2746 431; x_wconf 76' lang='grc'><strong>13)</strong></span> <span class='ocrx_word' id='word_1_460' title='bbox 2775 359 2790 411; x_wconf 76' lang='grc' dir='ltr'><strong>ε</strong></span> <span class='ocrx_word' id='word_1_461' title='bbox 2830 355 2963 430; x_wconf 68' lang='lat' dir='ltr'><strong>[Nos</strong></span> <span class='ocrx_word' id='word_1_462' title='bbox 2996 367 3174 413; x_wconf 86' lang='lat' dir='ltr'><strong>autem</strong></span> <span class='ocrx_word' id='word_1_463' title='bbox 3200 374 3305 414; x_wconf 86' lang='lat' dir='ltr'><strong>non</strong></span> <span class='ocrx_word' id='word_1_464' title='bbox 3340 375 3434 417; x_wconf 86' lang='lat' dir='ltr'><strong>eos</strong></span> <span class='ocrx_word' id='word_1_465' title='bbox 3457 360 3775 435; x_wconf 76' lang='lat' dir='ltr'><strong>imitemur],</strong></span> 
     </span>
    </p>
   </div>
   <div class='ocr_carea' id='block_1_61' title="bbox 2207 442 3776 520">
    <p class='ocr_par' dir='ltr' id='par_1_61' title="bbox 2207 442 3776 520">
     <span class='ocr_line' id='line_1_61' title="bbox 2207 442 3776 520; baseline 0.006 -20"><span class='ocrx_word' id='word_1_466' title='bbox 2207 442 2302 500; x_wconf 88' lang='lat' dir='ltr'><strong>sed</strong></span> <span class='ocrx_word' id='word_1_467' title='bbox 2330 445 2626 501; x_wconf 85' lang='lat' dir='ltr'><strong>secundum</strong></span> <span class='ocrx_word' id='word_1_468' title='bbox 2644 444 2958 517; x_wconf 77' lang='lat' dir='ltr'><strong>Apostolum</strong></span> <span class='ocrx_word' id='word_1_469' title='bbox 2985 465 3000 502; x_wconf 85' lang='lat'><strong>:</strong></span> <span class='ocrx_word' id='word_1_470' title='bbox 3031 446 3136 514; x_wconf 75' lang='lat' dir='ltr'><strong>Qui</strong></span> <span class='ocrx_word' id='word_1_471' title='bbox 3163 448 3443 520; x_wconf 71' lang='lat' dir='ltr'><strong>gloriatur,</strong></span> <span class='ocrx_word' id='word_1_472' title='bbox 3473 452 3530 506; x_wconf 71' lang='lat' dir='ltr'><strong>in</strong></span> <span class='ocrx_word' id='word_1_473' title='bbox 3547 450 3776 509; x_wconf 71' lang='lat' dir='ltr'><strong>Balline</strong></span> 
     </span>
    </p>
   </div>
   <div class='ocr_carea' id='block_1_62' title="bbox 2205 534 3777 613">
    <p class='ocr_par' dir='ltr' id='par_1_62' title="bbox 2205 534 3777 613">
     <span class='ocr_line' id='line_1_62' title="bbox 2205 534 3777 613; baseline 0.007 -24"><span class='ocrx_word' id='word_1_474' title='bbox 2205 534 2457 606; x_wconf 71' lang='lat' dir='ltr'><strong>glorietur</strong></span> <span class='ocrx_word' id='word_1_475' title='bbox 2485 534 2539 607; x_wconf 84' lang='grc' dir='ltr'><strong>(ι</strong></span> <span class='ocrx_word' id='word_1_476' title='bbox 2559 534 2681 591; x_wconf 85' lang='lat' dir='ltr'><strong>Cor.</strong></span> <span class='ocrx_word' id='word_1_477' title='bbox 2709 552 2749 603; x_wconf 85' lang='grc' dir='ltr'><strong>ι,</strong></span> <span class='ocrx_word' id='word_1_478' title='bbox 2774 536 2885 609; x_wconf 76' lang='lat' dir='ltr'><strong>si).</strong></span> <span class='ocrx_word' id='word_1_479' title='bbox 2917 536 3019 605; x_wconf 90' lang='lat' dir='ltr'><strong>Qui</strong></span> <span class='ocrx_word' id='word_1_480' title='bbox 3051 536 3265 595; x_wconf 82' lang='lat' dir='ltr'><strong>laudem</strong></span> <span class='ocrx_word' id='word_1_481' title='bbox 3285 555 3392 596; x_wconf 81' lang='lat' dir='ltr'><strong>non</strong></span> <span class='ocrx_word' id='word_1_482' title='bbox 3424 543 3648 613; x_wconf 79' lang='lat' dir='ltr'><strong>appetit,</strong></span> <span class='ocrx_word' id='word_1_483' title='bbox 3671 557 3777 600; x_wconf 75' lang='lat' dir='ltr'><strong>uos</strong></span> 
     </span>
    </p>
   </div>
   <div class='ocr_carea' id='block_1_63' title="bbox 2205 625 3780 696">
    <p class='ocr_par' dir='ltr' id='par_1_63' title="bbox 2205 625 3780 696">
     <span class='ocr_line' id='line_1_63' title="bbox 2205 625 3780 696; baseline 0.004 -16"><span class='ocrx_word' id='word_1_484' title='bbox 2205 640 2305 696; x_wconf 89' lang='lat' dir='ltr'><strong>pro</strong></span> <span class='ocrx_word' id='word_1_485' title='bbox 2329 626 2655 682; x_wconf 76' lang='lat' dir='ltr'><strong>conmmeiia</strong></span> <span class='ocrx_word' id='word_1_486' title='bbox 2685 626 3051 682; x_wconf 80' lang='lat' dir='ltr'><strong>eoumrbatur.</strong></span> <span class='ocrx_word' id='word_1_487' title='bbox 3080 625 3192 683; x_wconf 72' lang='lat' dir='ltr'><strong>Nec</strong></span> <span class='ocrx_word' id='word_1_488' title='bbox 3218 627 3339 684; x_wconf 82' lang='lat' dir='ltr'><strong>ideo</strong></span> <span class='ocrx_word' id='word_1_489' title='bbox 3360 644 3420 685; x_wconf 89' lang='lat' dir='ltr'><strong>se</strong></span> <span class='ocrx_word' id='word_1_490' title='bbox 3440 629 3641 685; x_wconf 70' lang='lat' dir='ltr'><strong>bonum</strong></span> <span class='ocrx_word' id='word_1_491' title='bbox 3662 635 3780 688; x_wconf 76' lang='lat' dir='ltr'><strong>esi-</strong></span> 
     </span>
    </p>
   </div>
   <div class='ocr_carea' id='block_1_64' title="bbox 2205 713 3774 789">
    <p class='ocr_par' dir='ltr' id='par_1_64' title="bbox 2205 713 3774 789">
     <span class='ocr_line' id='line_1_64' title="bbox 2205 713 3774 789; baseline 0.004 -20"><span class='ocrx_word' id='word_1_492' title='bbox 2205 714 2387 769; x_wconf 85' lang='lat' dir='ltr'><strong>stimet</strong></span> <span class='ocrx_word' id='word_1_493' title='bbox 2414 713 2591 779; x_wconf 82' lang='lat' dir='ltr'><strong>homo,</strong></span> <span class='ocrx_word' id='word_1_494' title='bbox 2622 714 2871 783; x_wconf 87' lang='lat' dir='ltr'><strong>quamvis</strong></span> <span class='ocrx_word' id='word_1_495' title='bbox 2913 714 2984 771; x_wconf 86' lang='lat' dir='ltr'><strong>ab</strong></span> <span class='ocrx_word' id='word_1_496' title='bbox 3010 714 3118 771; x_wconf 87' lang='lat' dir='ltr'><strong>alio</strong></span> <span class='ocrx_word' id='word_1_497' title='bbox 3158 715 3430 784; x_wconf 82' lang='lat' dir='ltr'><strong>laudetur,</strong></span> <span class='ocrx_word' id='word_1_498' title='bbox 3462 719 3589 789; x_wconf 80' lang='lat' dir='ltr'><strong>quia</strong></span> <span class='ocrx_word' id='word_1_499' title='bbox 3626 717 3774 776; x_wconf 86' lang='lat' dir='ltr'><strong>Deus</strong></span> 
     </span>
    </p>
   </div>
   <div class='ocr_carea' id='block_1_65' title="bbox 2206 798 3776 873">
    <p class='ocr_par' dir='ltr' id='par_1_65' title="bbox 2206 798 3776 873">
     <span class='ocr_line' id='line_1_65' title="bbox 2206 798 3776 873; baseline 0.004 -18"><span class='ocrx_word' id='word_1_500' title='bbox 2206 799 2485 870; x_wconf 70' lang='lat' dir='ltr'><strong>inspector</strong></span> <span class='ocrx_word' id='word_1_501' title='bbox 2517 808 2603 854; x_wconf 87' lang='lat' dir='ltr'><strong>est</strong></span> <span class='ocrx_word' id='word_1_502' title='bbox 2632 801 2831 856; x_wconf 83' lang='lat' dir='ltr'><strong>cordis.</strong></span> <span class='ocrx_word' id='word_1_503' title='bbox 2866 798 3005 867; x_wconf 88' lang='lat' dir='ltr'><strong>Quid</strong></span> <span class='ocrx_word' id='word_1_504' title='bbox 3045 802 3191 857; x_wconf 80' lang='lat' dir='ltr'><strong>enim</strong></span> <span class='ocrx_word' id='word_1_505' title='bbox 3235 803 3457 873; x_wconf 84' lang='lat' dir='ltr'><strong>prodest</strong></span> <span class='ocrx_word' id='word_1_506' title='bbox 3505 804 3651 861; x_wconf 80' lang='lat' dir='ltr'><strong>maio</strong></span> <span class='ocrx_word' id='word_1_507' title='bbox 3672 806 3776 862; x_wconf 68' lang='lat' dir='ltr'><strong>ho-</strong></span> 
     </span>
    </p>
   </div>
   <div class='ocr_carea' id='block_1_66' title="bbox 2206 889 3778 965">
    <p class='ocr_par' dir='ltr' id='par_1_66' title="bbox 2206 889 3778 965">
     <span class='ocr_line' id='line_1_66' title="bbox 2206 889 3778 965; baseline 0.004 -21"><span class='ocrx_word' id='word_1_508' title='bbox 2206 890 2358 955; x_wconf 80' lang='lat' dir='ltr'><strong>mini,</strong></span> <span class='ocrx_word' id='word_1_509' title='bbox 2382 889 2427 945; x_wconf 92' lang='lat' dir='ltr'><strong>si</strong></span> <span class='ocrx_word' id='word_1_510' title='bbox 2452 889 2625 945; x_wconf 87' lang='lat' dir='ltr'><strong>bonus</strong></span> <span class='ocrx_word' id='word_1_511' title='bbox 2650 891 2973 961; x_wconf 60' lang='lat' dir='ltr'><strong>praedicetur</strong></span> <span class='ocrx_word' id='word_1_512' title='bbox 2993 889 3189 947; x_wconf 60' lang='lat' dir='ltr'><strong>i&#39;l&#39;unc</strong></span> <span class='ocrx_word' id='word_1_513' title='bbox 3214 893 3480 948; x_wconf 79' lang='lat' dir='ltr'><strong>veraciter</strong></span> <span class='ocrx_word' id='word_1_514' title='bbox 3500 894 3605 950; x_wconf 71' lang='grc' dir='ltr'><strong>ιω</strong></span> <span class='ocrx_word' id='word_1_515' title='bbox 3629 894 3778 965; x_wconf 73' lang='lat' dir='ltr'><strong>quod</strong></span> 
     </span>
    </p>
   </div>
   <div class='ocr_carea' id='block_1_67' title="bbox 2206 980 3775 1052">
    <p class='ocr_par' dir='ltr' id='par_1_67' title="bbox 2206 980 3775 1052">
     <span class='ocr_line' id='line_1_67' title="bbox 2206 980 3775 1052; baseline 0.003 -18"><span class='ocrx_word' id='word_1_516' title='bbox 2206 980 2316 1050; x_wconf 88' lang='lat' dir='ltr'><strong>agit</strong></span> <span class='ocrx_word' id='word_1_517' title='bbox 2335 980 2496 1036; x_wconf 83' lang='lat' dir='ltr'><strong>homo</strong></span> <span class='ocrx_word' id='word_1_518' title='bbox 2519 980 2720 1035; x_wconf 88' lang='lat' dir='ltr'><strong>bonum</strong></span> <span class='ocrx_word' id='word_1_519' title='bbox 2744 990 2850 1045; x_wconf 88' lang='lat' dir='ltr'><strong>est,</strong></span> <span class='ocrx_word' id='word_1_520' title='bbox 2874 981 3090 1050; x_wconf 83' lang='lat' dir='ltr'><strong>quando</strong></span> <span class='ocrx_word' id='word_1_521' title='bbox 3113 981 3225 1036; x_wconf 84' lang='lat' dir='ltr'><strong>Deo</strong></span> <span class='ocrx_word' id='word_1_522' title='bbox 3245 981 3462 1052; x_wconf 85' lang='lat' dir='ltr'><strong>placere</strong></span> <span class='ocrx_word' id='word_1_523' title='bbox 3480 983 3775 1051; x_wconf 77' lang='lat' dir='ltr'><strong>desiderat,</strong></span> 
     </span>
    </p>
   </div>
   <div class='ocr_carea' id='block_1_68' title="bbox 2205 1068 3775 1139">
    <p class='ocr_par' dir='ltr' id='par_1_68' title="bbox 2205 1068 3775 1139">
     <span class='ocr_line' id='line_1_68' title="bbox 2205 1068 3775 1139; baseline 0.003 -15"><span class='ocrx_word' id='word_1_524' title='bbox 2205 1084 2238 1124; x_wconf 88' lang='lat' dir='ltr'><strong>a</strong></span> <span class='ocrx_word' id='word_1_525' title='bbox 2270 1084 2377 1139; x_wconf 90' lang='lat' dir='ltr'><strong>quo</strong></span> <span class='ocrx_word' id='word_1_526' title='bbox 2398 1068 2561 1125; x_wconf 85' lang='lat' dir='ltr'><strong>habet</strong></span> <span class='ocrx_word' id='word_1_527' title='bbox 2586 1068 2844 1139; x_wconf 76' lang='lat' dir='ltr'><strong>quidquid</strong></span> <span class='ocrx_word' id='word_1_528' title='bbox 2863 1068 2989 1124; x_wconf 80' lang='lat' dir='ltr'><strong>boni</strong></span> <span class='ocrx_word' id='word_1_529' title='bbox 3014 1070 3178 1125; x_wconf 80' lang='lat' dir='ltr'><strong>habet</strong></span> <span class='ocrx_word' id='word_1_530' title='bbox 3211 1069 3294 1126; x_wconf 91' lang='lat' dir='ltr'><strong>vel</strong></span> <span class='ocrx_word' id='word_1_531' title='bbox 3317 1069 3463 1127; x_wconf 77' lang='lat' dir='ltr'><strong>facit.</strong></span> <span class='ocrx_word' id='word_1_532' title='bbox 3500 1070 3605 1139; x_wconf 89' lang='lat' dir='ltr'><strong>Qui</strong></span> <span class='ocrx_word' id='word_1_533' title='bbox 3630 1073 3775 1128; x_wconf 77' lang='lat' dir='ltr'><strong>bona</strong></span> 
     </span>
    </p>
   </div>
   <div class='ocr_carea' id='block_1_69' title="bbox 2205 1159 3776 1232">
    <p class='ocr_par' dir='ltr' id='par_1_69' title="bbox 2205 1159 3776 1232">
     <span class='ocr_line' id='line_1_69' title="bbox 2205 1159 3776 1232; baseline 0.001 -15"><span class='ocrx_word' id='word_1_534' title='bbox 2205 1176 2365 1232; x_wconf 85' lang='lat' dir='ltr'><strong>agere</strong></span> <span class='ocrx_word' id='word_1_535' title='bbox 2389 1161 2621 1225; x_wconf 87' lang='lat' dir='ltr'><strong>videtur,</strong></span> <span class='ocrx_word' id='word_1_536' title='bbox 2646 1168 2703 1215; x_wconf 91' lang='lat' dir='ltr'><strong>et</strong></span> <span class='ocrx_word' id='word_1_537' title='bbox 2726 1159 2825 1231; x_wconf 83' lang='lat' dir='ltr'><strong>per</strong></span> <span class='ocrx_word' id='word_1_538' title='bbox 2849 1160 2964 1217; x_wconf 60' lang='lat' dir='ltr'><strong>hec</strong></span> <span class='ocrx_word' id='word_1_539' title='bbox 3002 1176 3111 1216; x_wconf 89' lang='lat' dir='ltr'><strong>non</strong></span> <span class='ocrx_word' id='word_1_540' title='bbox 3152 1159 3285 1228; x_wconf 89' lang='lat' dir='ltr'><strong>Deo,</strong></span> <span class='ocrx_word' id='word_1_541' title='bbox 3331 1162 3427 1217; x_wconf 85' lang='lat' dir='ltr'><strong>sed</strong></span> <span class='ocrx_word' id='word_1_542' title='bbox 3467 1161 3776 1218; x_wconf 78' lang='lat' dir='ltr'><strong>hominibus</strong></span> 
     </span>
    </p>
   </div>
   <div class='ocr_carea' id='block_1_70' title="bbox 2204 1249 3775 1322">
    <p class='ocr_par' dir='ltr' id='par_1_70' title="bbox 2204 1249 3775 1322">
     <span class='ocr_line' id='line_1_70' title="bbox 2204 1249 3775 1322; baseline 0.001 -17"><span class='ocrx_word' id='word_1_543' title='bbox 2204 1252 2419 1322; x_wconf 84' lang='lat' dir='ltr'><strong>placere</strong></span> <span class='ocrx_word' id='word_1_544' title='bbox 2471 1250 2638 1319; x_wconf 87' lang='lat' dir='ltr'><strong>cupit,</strong></span> <span class='ocrx_word' id='word_1_545' title='bbox 2673 1249 2729 1303; x_wconf 91' lang='lat' dir='ltr'><strong>in</strong></span> <span class='ocrx_word' id='word_1_546' title='bbox 2773 1257 2970 1304; x_wconf 85' lang='lat' dir='ltr'><strong>vanum</strong></span> <span class='ocrx_word' id='word_1_547' title='bbox 3003 1249 3231 1315; x_wconf 86' lang='lat' dir='ltr'><strong>laborat,</strong></span> <span class='ocrx_word' id='word_1_548' title='bbox 3255 1259 3315 1306; x_wconf 88' lang='lat' dir='ltr'><strong>et</strong></span> <span class='ocrx_word' id='word_1_549' title='bbox 3361 1251 3418 1305; x_wconf 91' lang='lat' dir='ltr'><strong>iu</strong></span> <span class='ocrx_word' id='word_1_550' title='bbox 3450 1260 3669 1307; x_wconf 66' lang='lat' dir='ltr'><strong>viantum</strong></span> <span class='ocrx_word' id='word_1_551' title='bbox 3690 1267 3775 1308; x_wconf 86' lang='lat' dir='ltr'><strong>so-</strong></span> 
     </span>
    </p>
   </div>
   <div class='ocr_carea' id='block_1_71' title="bbox 2205 1337 3773 1408">
    <p class='ocr_par' dir='ltr' id='par_1_71' title="bbox 2205 1337 3773 1408">
     <span class='ocr_line' id='line_1_71' title="bbox 2205 1337 3773 1408; baseline 0 -12"><span class='ocrx_word' id='word_1_552' title='bbox 2205 1341 2394 1396; x_wconf 88' lang='lat' dir='ltr'><strong>minat.</strong></span> <span class='ocrx_word' id='word_1_553' title='bbox 2426 1337 2675 1407; x_wconf 69' lang='lat' dir='ltr'><strong>Magnum</strong></span> <span class='ocrx_word' id='word_1_554' title='bbox 2701 1352 2764 1392; x_wconf 87' lang='lat' dir='ltr'><strong>se</strong></span> <span class='ocrx_word' id='word_1_555' title='bbox 2782 1338 3149 1408; x_wconf 80' lang='lat' dir='ltr'><strong>unusquisque</strong></span> <span class='ocrx_word' id='word_1_556' title='bbox 3198 1352 3319 1394; x_wconf 87' lang='lat' dir='ltr'><strong>esse</strong></span> <span class='ocrx_word' id='word_1_557' title='bbox 3341 1338 3557 1395; x_wconf 82' lang='lat' dir='ltr'><strong>studeat</strong></span> <span class='ocrx_word' id='word_1_558' title='bbox 3578 1341 3636 1395; x_wconf 79' lang='lat' dir='ltr'><strong>in</strong></span> <span class='ocrx_word' id='word_1_559' title='bbox 3656 1342 3773 1397; x_wconf 84' lang='lat' dir='ltr'><strong>suis</strong></span> 
     </span>
    </p>
   </div>
   <div class='ocr_carea' id='block_1_72' title="bbox 2203 1426 3770 1500">
    <p class='ocr_par' dir='ltr' id='par_1_72' title="bbox 2203 1426 3770 1500">
     <span class='ocr_line' id='line_1_72' title="bbox 2203 1426 3770 1500; baseline 0.001 -16"><span class='ocrx_word' id='word_1_560' title='bbox 2203 1428 2495 1500; x_wconf 88' lang='lat' dir='ltr'><strong>operibus;</strong></span> <span class='ocrx_word' id='word_1_561' title='bbox 2528 1427 2627 1481; x_wconf 83' lang='lat' dir='ltr'><strong>sed</strong></span> <span class='ocrx_word' id='word_1_562' title='bbox 2669 1426 2737 1481; x_wconf 90' lang='lat' dir='ltr'><strong>de</strong></span> <span class='ocrx_word' id='word_1_563' title='bbox 2759 1426 3128 1497; x_wconf 67' lang='lat' dir='ltr'><strong>magnitudine</strong></span> <span class='ocrx_word' id='word_1_564' title='bbox 3176 1442 3273 1481; x_wconf 84' lang='lat' dir='ltr'><strong>sua</strong></span> <span class='ocrx_word' id='word_1_565' title='bbox 3325 1428 3620 1484; x_wconf 77' lang='lat' dir='ltr'><strong>humanum</strong></span> <span class='ocrx_word' id='word_1_566' title='bbox 3659 1446 3770 1486; x_wconf 82' lang='lat' dir='ltr'><strong>non</strong></span> 
     </span>
    </p>
   </div>
   <div class='ocr_carea' id='block_1_73' title="bbox 2200 1516 3769 1595">
    <p class='ocr_par' dir='ltr' id='par_1_73' title="bbox 2200 1516 3769 1595">
     <span class='ocr_line' id='line_1_73' title="bbox 2200 1516 3769 1595; baseline 0 -21"><span class='ocrx_word' id='word_1_567' title='bbox 2200 1527 2409 1589; x_wconf 61' lang='lat' dir='ltr'><strong>quaerat</strong></span> <span class='ocrx_word' id='word_1_568' title='bbox 2440 1516 2694 1582; x_wconf 78' lang='lat' dir='ltr'><strong>favorem,</strong></span> <span class='ocrx_word' id='word_1_569' title='bbox 2720 1533 2790 1574; x_wconf 91' lang='lat' dir='ltr'><strong>ne</strong></span> <span class='ocrx_word' id='word_1_570' title='bbox 2815 1517 3001 1587; x_wconf 86' lang='lat' dir='ltr'><strong>perdat</strong></span> <span class='ocrx_word' id='word_1_571' title='bbox 3016 1518 3156 1588; x_wconf 82' lang='lat' dir='ltr'><strong>quod</strong></span> <span class='ocrx_word' id='word_1_572' title='bbox 3180 1518 3386 1582; x_wconf 76' lang='lat' dir='ltr'><strong>habuit,</strong></span> <span class='ocrx_word' id='word_1_573' title='bbox 3400 1528 3457 1573; x_wconf 89' lang='lat' dir='ltr'><strong>et</strong></span> <span class='ocrx_word' id='word_1_574' title='bbox 3468 1520 3544 1574; x_wconf 85' lang='lat' dir='ltr'><strong>sit</strong></span> <span class='ocrx_word' id='word_1_575' title='bbox 3564 1533 3769 1595; x_wconf 68' lang='lat' dir='ltr'><strong>parvus</strong></span> 
     </span>
    </p>
   </div>
   <div class='ocr_carea' id='block_1_74' title="bbox 2201 1604 3772 1679">
    <p class='ocr_par' dir='ltr' id='par_1_74' title="bbox 2201 1604 3772 1679">
     <span class='ocr_line' id='line_1_74' title="bbox 2201 1604 3772 1679; baseline 0.003 -20"><span class='ocrx_word' id='word_1_576' title='bbox 2201 1605 2546 1677; x_wconf 75' lang='lat' dir='ltr'><strong>factus[ils.,</strong></span> <span class='ocrx_word' id='word_1_577' title='bbox 2569 1615 2623 1662; x_wconf 93' lang='lat' dir='ltr'><strong>et</strong></span> <span class='ocrx_word' id='word_1_578' title='bbox 2636 1620 2833 1676; x_wconf 86' lang='lat' dir='ltr'><strong>parvus</strong></span> <span class='ocrx_word' id='word_1_579' title='bbox 2843 1604 3151 1679; x_wconf 71' lang='lat' dir='ltr'><strong>efficiatur].</strong></span> <span class='ocrx_word' id='word_1_580' title='bbox 3176 1606 3443 1679; x_wconf 83' lang='lat' dir='ltr'><strong>Quidquid</strong></span> <span class='ocrx_word' id='word_1_581' title='bbox 3454 1608 3772 1663; x_wconf 80' lang='lat' dir='ltr'><strong>euimbomo</strong></span> 
     </span>
    </p>
   </div>
   <div class='ocr_carea' id='block_1_75' title="bbox 2135 1689 3767 1765">
    <p class='ocr_par' dir='ltr' id='par_1_75' title="bbox 2135 1689 3767 1765">
     <span class='ocr_line' id='line_1_75' title="bbox 2135 1689 3767 1765; baseline 0.002 -13"><span class='ocrx_word' id='word_1_582' title='bbox 2135 1689 2185 1751; x_wconf 77' lang='grc' dir='ltr'><strong>Β</strong></span> <span class='ocrx_word' id='word_1_583' title='bbox 2207 1697 2335 1752; x_wconf 90' lang='lat' dir='ltr'><strong>boni</strong></span> <span class='ocrx_word' id='word_1_584' title='bbox 2357 1696 2539 1763; x_wconf 84' lang='lat' dir='ltr'><strong>faciat,</strong></span> <span class='ocrx_word' id='word_1_585' title='bbox 2555 1697 2659 1752; x_wconf 90' lang='lat' dir='ltr'><strong>hoc</strong></span> <span class='ocrx_word' id='word_1_586' title='bbox 2685 1712 2746 1753; x_wconf 89' lang='lat' dir='ltr'><strong>se</strong></span> <span class='ocrx_word' id='word_1_587' title='bbox 2765 1697 2901 1752; x_wconf 88' lang='lat' dir='ltr'><strong>sciat</strong></span> <span class='ocrx_word' id='word_1_588' title='bbox 2926 1698 3126 1755; x_wconf 84' lang='lat' dir='ltr'><strong>habere</strong></span> <span class='ocrx_word' id='word_1_589' title='bbox 3154 1713 3264 1754; x_wconf 93' lang='lat' dir='ltr'><strong>non</strong></span> <span class='ocrx_word' id='word_1_590' title='bbox 3291 1714 3323 1753; x_wconf 94' lang='lat' dir='ltr'><strong>a</strong></span> <span class='ocrx_word' id='word_1_591' title='bbox 3344 1714 3427 1765; x_wconf 84' lang='lat' dir='ltr'><strong>se,</strong></span> <span class='ocrx_word' id='word_1_592' title='bbox 3461 1699 3557 1755; x_wconf 85' lang='lat' dir='ltr'><strong>sed</strong></span> <span class='ocrx_word' id='word_1_593' title='bbox 3582 1715 3614 1755; x_wconf 86' lang='lat' dir='ltr'><strong>a</strong></span> <span class='ocrx_word' id='word_1_594' title='bbox 3634 1698 3767 1755; x_wconf 90' lang='lat' dir='ltr'><strong>Deo.</strong></span> 
     </span>
    </p>
   </div>
   <div class='ocr_carea' id='block_1_76' title="bbox 2207 1785 3768 1862">
    <p class='ocr_par' dir='ltr' id='par_1_76' title="bbox 2207 1785 3768 1862">
     <span class='ocr_line' id='line_1_76' title="bbox 2207 1785 3768 1862; baseline 0.002 -20"><span class='ocrx_word' id='word_1_595' title='bbox 2207 1786 2455 1857; x_wconf 87' lang='lat' dir='ltr'><strong>increpat</strong></span> <span class='ocrx_word' id='word_1_596' title='bbox 2478 1800 2572 1841; x_wconf 90' lang='lat' dir='ltr'><strong>eos</strong></span> <span class='ocrx_word' id='word_1_597' title='bbox 2624 1785 2817 1841; x_wconf 87' lang='lat' dir='ltr'><strong>beatus</strong></span> <span class='ocrx_word' id='word_1_598' title='bbox 2859 1785 3059 1842; x_wconf 83' lang='lat' dir='ltr'><strong>Paulus</strong></span> <span class='ocrx_word' id='word_1_599' title='bbox 3110 1787 3387 1857; x_wconf 87' lang='lat' dir='ltr'><strong>apostolus</strong></span> <span class='ocrx_word' id='word_1_600' title='bbox 3435 1788 3529 1862; x_wconf 88' lang='lat' dir='ltr'><strong>qui</strong></span> <span class='ocrx_word' id='word_1_601' title='bbox 3573 1788 3630 1843; x_wconf 91' lang='lat' dir='ltr'><strong>in</strong></span> <span class='ocrx_word' id='word_1_602' title='bbox 3652 1788 3768 1845; x_wconf 82' lang='lat' dir='ltr'><strong>suis</strong></span> 
     </span>
    </p>
   </div>
   <div class='ocr_carea' id='block_1_77' title="bbox 2208 1878 3769 1953">
    <p class='ocr_par' dir='ltr' id='par_1_77' title="bbox 2208 1878 3769 1953">
     <span class='ocr_line' id='line_1_77' title="bbox 2208 1878 3769 1953; baseline 0.001 -21"><span class='ocrx_word' id='word_1_603' title='bbox 2208 1880 2505 1949; x_wconf 72' lang='lat' dir='ltr'><strong>gloriantur</strong></span> <span class='ocrx_word' id='word_1_604' title='bbox 2531 1878 2849 1944; x_wconf 86' lang='lat' dir='ltr'><strong>benefactis,</strong></span> <span class='ocrx_word' id='word_1_605' title='bbox 2874 1880 3061 1935; x_wconf 87' lang='lat' dir='ltr'><strong>dicens</strong></span> <span class='ocrx_word' id='word_1_606' title='bbox 3090 1898 3105 1933; x_wconf 89' lang='lat'><strong>:</strong></span> <span class='ocrx_word' id='word_1_607' title='bbox 3144 1879 3282 1953; x_wconf 71' lang='lat' dir='ltr'><strong>Quid</strong></span> <span class='ocrx_word' id='word_1_608' title='bbox 3306 1881 3483 1945; x_wconf 74' lang='lat' dir='ltr'><strong>habes,</strong></span> <span class='ocrx_word' id='word_1_609' title='bbox 3506 1880 3644 1953; x_wconf 73' lang='lat' dir='ltr'><strong>quod</strong></span> <span class='ocrx_word' id='word_1_610' title='bbox 3666 1896 3769 1935; x_wconf 75' lang='lat' dir='ltr'><strong>non</strong></span> 
     </span>
    </p>
   </div>
   <div class='ocr_carea' id='block_1_78' title="bbox 2208 1965 3769 2042">
    <p class='ocr_par' dir='ltr' id='par_1_78' title="bbox 2208 1965 3769 2042">
     <span class='ocr_line' id='line_1_78' title="bbox 2208 1965 3769 2042; baseline 0 -21"><span class='ocrx_word' id='word_1_611' title='bbox 2208 1968 2503 2039; x_wconf 75' lang='lat' dir='ltr'><strong>accepisti?</strong></span> <span class='ocrx_word' id='word_1_612' title='bbox 2542 1965 2601 2022; x_wconf 86' lang='lat' dir='ltr'><strong>Si</strong></span> <span class='ocrx_word' id='word_1_613' title='bbox 2645 1977 2817 2022; x_wconf 83' lang='lat' dir='ltr'><strong>autem</strong></span> <span class='ocrx_word' id='word_1_614' title='bbox 2861 1969 3127 2038; x_wconf 82' lang='lat' dir='ltr'><strong>accepisti,</strong></span> <span class='ocrx_word' id='word_1_615' title='bbox 3169 1970 3292 2041; x_wconf 82' lang='lat' dir='ltr'><strong>quid</strong></span> <span class='ocrx_word' id='word_1_616' title='bbox 3316 1969 3582 2042; x_wconf 83' lang='lat' dir='ltr'><strong>gloriaris,</strong></span> <span class='ocrx_word' id='word_1_617' title='bbox 3617 1968 3769 2041; x_wconf 76' lang='lat' dir='ltr'><strong>quasi</strong></span> 
     </span>
    </p>
   </div>
   <div class='ocr_carea' id='block_1_79' title="bbox 2209 2055 3766 2129">
    <p class='ocr_par' dir='ltr' id='par_1_79' title="bbox 2209 2055 3766 2129">
     <span class='ocr_line' id='line_1_79' title="bbox 2209 2055 3766 2129; baseline 0.001 -20"><span class='ocrx_word' id='word_1_618' title='bbox 2209 2073 2312 2110; x_wconf 88' lang='lat' dir='ltr'><strong>non</strong></span> <span class='ocrx_word' id='word_1_619' title='bbox 2348 2056 2597 2125; x_wconf 84' lang='lat' dir='ltr'><strong>receperis</strong></span> <span class='ocrx_word' id='word_1_620' title='bbox 2621 2056 2674 2127; x_wconf 90' lang='lat' dir='ltr'><strong>(I</strong></span> <span class='ocrx_word' id='word_1_621' title='bbox 2697 2055 2818 2111; x_wconf 86' lang='lat' dir='ltr'><strong>Cor.</strong></span> <span class='ocrx_word' id='word_1_622' title='bbox 2852 2073 2927 2122; x_wconf 86' lang='lat' dir='ltr'><strong>tv,</strong></span> <span class='ocrx_word' id='word_1_623' title='bbox 2955 2057 3054 2129; x_wconf 82' lang='lat'><strong>7)?</strong></span> <span class='ocrx_word' id='word_1_624' title='bbox 3084 2057 3185 2124; x_wconf 86' lang='lat' dir='ltr'><strong>Qui</strong></span> <span class='ocrx_word' id='word_1_625' title='bbox 3210 2058 3425 2128; x_wconf 87' lang='lat' dir='ltr'><strong>aliquod</strong></span> <span class='ocrx_word' id='word_1_626' title='bbox 3448 2058 3649 2113; x_wconf 86' lang='lat' dir='ltr'><strong>donum</strong></span> <span class='ocrx_word' id='word_1_627' title='bbox 3672 2057 3766 2112; x_wconf 85' lang='lat' dir='ltr'><strong>Dei</strong></span> 
     </span>
    </p>
   </div>
   <div class='ocr_carea' id='block_1_80' title="bbox 2206 2146 3773 2219">
    <p class='ocr_par' dir='ltr' id='par_1_80' title="bbox 2206 2146 3773 2219">
     <span class='ocr_line' id='line_1_80' title="bbox 2206 2146 3773 2219; baseline 0.001 -20"><span class='ocrx_word' id='word_1_628' title='bbox 2206 2146 2347 2217; x_wconf 88' lang='lat' dir='ltr'><strong>quod</strong></span> <span class='ocrx_word' id='word_1_629' title='bbox 2370 2147 2586 2213; x_wconf 90' lang='lat' dir='ltr'><strong>meruit,</strong></span> <span class='ocrx_word' id='word_1_630' title='bbox 2614 2147 2670 2202; x_wconf 90' lang='lat' dir='ltr'><strong>in</strong></span> <span class='ocrx_word' id='word_1_631' title='bbox 2695 2163 2849 2203; x_wconf 85' lang='lat' dir='ltr'><strong>suam</strong></span> <span class='ocrx_word' id='word_1_632' title='bbox 2873 2147 3085 2203; x_wconf 87' lang='lat' dir='ltr'><strong>laudem</strong></span> <span class='ocrx_word' id='word_1_633' title='bbox 3132 2150 3419 2214; x_wconf 89' lang='lat' dir='ltr'><strong>convertit,</strong></span> <span class='ocrx_word' id='word_1_634' title='bbox 3464 2149 3651 2219; x_wconf 90' lang='lat' dir='ltr'><strong>procul</strong></span> <span class='ocrx_word' id='word_1_635' title='bbox 3677 2149 3773 2203; x_wconf 87' lang='lat' dir='ltr'><strong>du-</strong></span> 
     </span>
    </p>
   </div>
   <div class='ocr_carea' id='block_1_81' title="bbox 2207 2235 3768 2307">
    <p class='ocr_par' dir='ltr' id='par_1_81' title="bbox 2207 2235 3768 2307">
     <span class='ocr_line' id='line_1_81' title="bbox 2207 2235 3768 2307; baseline 0.003 -18"><span class='ocrx_word' id='word_1_636' title='bbox 2207 2235 2295 2291; x_wconf 88' lang='lat' dir='ltr'><strong>bio</strong></span> <span class='ocrx_word' id='word_1_637' title='bbox 2318 2236 2571 2289; x_wconf 85' lang='lat' dir='ltr'><strong>virtutem</strong></span> <span class='ocrx_word' id='word_1_638' title='bbox 2600 2237 2654 2290; x_wconf 91' lang='lat' dir='ltr'><strong>in</strong></span> <span class='ocrx_word' id='word_1_639' title='bbox 2686 2237 2873 2291; x_wconf 87' lang='lat' dir='ltr'><strong>vitium</strong></span> <span class='ocrx_word' id='word_1_640' title='bbox 2900 2236 3177 2302; x_wconf 87' lang='lat' dir='ltr'><strong>transfert,</strong></span> <span class='ocrx_word' id='word_1_641' title='bbox 3208 2246 3265 2292; x_wconf 82' lang='lat' dir='ltr'><strong>et</strong></span> <span class='ocrx_word' id='word_1_642' title='bbox 3290 2238 3492 2293; x_wconf 87' lang='lat' dir='ltr'><strong>bonum</strong></span> <span class='ocrx_word' id='word_1_643' title='bbox 3522 2238 3665 2307; x_wconf 87' lang='lat' dir='ltr'><strong>quod</strong></span> <span class='ocrx_word' id='word_1_644' title='bbox 3687 2236 3768 2293; x_wconf 65' lang='lat' dir='ltr'><strong>fe-v</strong></span> 
     </span>
    </p>
   </div>
   <div class='ocr_carea' id='block_1_82' title="bbox 2207 2322 3770 2399">
    <p class='ocr_par' dir='ltr' id='par_1_82' title="bbox 2207 2322 3770 2399">
     <span class='ocr_line' id='line_1_82' title="bbox 2207 2322 3770 2399; baseline 0.001 -20"><span class='ocrx_word' id='word_1_645' title='bbox 2207 2326 2299 2389; x_wconf 86' lang='lat' dir='ltr'><strong>cit,</strong></span> <span class='ocrx_word' id='word_1_646' title='bbox 2338 2326 2393 2379; x_wconf 88' lang='lat' dir='ltr'><strong>in</strong></span> <span class='ocrx_word' id='word_1_647' title='bbox 2417 2334 2719 2393; x_wconf 86' lang='lat' dir='ltr'><strong>peccatum.</strong></span> <span class='ocrx_word' id='word_1_648' title='bbox 2750 2322 3065 2380; x_wconf 65' lang='lat' dir='ltr'><strong>Cum&#39;enim</strong></span> <span class='ocrx_word' id='word_1_649' title='bbox 3100 2341 3264 2381; x_wconf 88' lang='lat' dir='ltr'><strong>causa</strong></span> <span class='ocrx_word' id='word_1_650' title='bbox 3294 2325 3572 2399; x_wconf 66' lang='lat' dir='ltr'><strong>iactantiae</strong></span> <span class='ocrx_word' id='word_1_651' title='bbox 3597 2327 3770 2397; x_wconf 82' lang='lat' dir='ltr'><strong>pasci-</strong></span> 
     </span>
    </p>
   </div>
   <div class='ocr_carea' id='block_1_83' title="bbox 2207 2414 3768 2487">
    <p class='ocr_par' dir='ltr' id='par_1_83' title="bbox 2207 2414 3768 2487">
     <span class='ocr_line' id='line_1_83' title="bbox 2207 2414 3768 2487; baseline 0.003 -20"><span class='ocrx_word' id='word_1_652' title='bbox 2207 2423 2293 2467; x_wconf 91' lang='lat' dir='ltr'><strong>tur</strong></span> <span class='ocrx_word' id='word_1_653' title='bbox 2325 2428 2549 2483; x_wconf 89' lang='lat' dir='ltr'><strong>pauper,</strong></span> <span class='ocrx_word' id='word_1_654' title='bbox 2580 2414 2745 2469; x_wconf 88' lang='lat' dir='ltr'><strong>etiam</strong></span> <span class='ocrx_word' id='word_1_655' title='bbox 2780 2415 2952 2486; x_wconf 89' lang='lat' dir='ltr'><strong>ipsum</strong></span> <span class='ocrx_word' id='word_1_656' title='bbox 2997 2416 3377 2471; x_wconf 76' lang='lat' dir='ltr'><strong>misericordia:</strong></span> <span class='ocrx_word' id='word_1_657' title='bbox 3400 2433 3533 2487; x_wconf 90' lang='lat' dir='ltr'><strong>opus</strong></span> <span class='ocrx_word' id='word_1_658' title='bbox 3560 2418 3613 2472; x_wconf 92' lang='lat' dir='ltr'><strong>in</strong></span> <span class='ocrx_word' id='word_1_659' title='bbox 3649 2430 3768 2487; x_wconf 84' lang='lat' dir='ltr'><strong>pec-</strong></span> 
     </span>
    </p>
   </div>
   <div class='ocr_carea' id='block_1_84' title="bbox 2206 2496 3770 2581">
    <p class='ocr_par' dir='ltr' id='par_1_84' title="bbox 2206 2496 3770 2581">
     <span class='ocr_line' id='line_1_84' title="bbox 2206 2496 3770 2581; baseline 0.001 -24"><span class='ocrx_word' id='word_1_660' title='bbox 2206 2512 2386 2557; x_wconf 88' lang='lat' dir='ltr'><strong>catum</strong></span> <span class='ocrx_word' id='word_1_661' title='bbox 2417 2496 2770 2581; x_wconf 84' lang='lat' dir='ltr'><strong>convertitur.</strong></span> <span class='ocrx_word' id='word_1_662' title='bbox 2802 2504 3068 2575; x_wconf 90' lang='lat' dir='ltr'><strong>Quidquid</strong></span> <span class='ocrx_word' id='word_1_663' title='bbox 3118 2507 3279 2561; x_wconf 85' lang='lat' dir='ltr'><strong>homo</strong></span> <span class='ocrx_word' id='word_1_664' title='bbox 3314 2506 3438 2562; x_wconf 90' lang='lat' dir='ltr'><strong>boni</strong></span> <span class='ocrx_word' id='word_1_665' title='bbox 3493 2507 3621 2577; x_wconf 88' lang='lat' dir='ltr'><strong>agit,</strong></span> <span class='ocrx_word' id='word_1_666' title='bbox 3656 2504 3770 2562; x_wconf 89' lang='lat' dir='ltr'><strong>Deo</strong></span> 
     </span>
    </p>
   </div>
   <div class='ocr_carea' id='block_1_85' title="bbox 2203 2592 3765 2664">
    <p class='ocr_par' dir='ltr' id='par_1_85' title="bbox 2203 2592 3765 2664">
     <span class='ocr_line' id='line_1_85' title="bbox 2203 2592 3765 2664; baseline 0.002 -19"><span class='ocrx_word' id='word_1_667' title='bbox 2203 2600 2413 2659; x_wconf 74' lang='lat' dir='ltr'><strong>quzerat</strong></span> <span class='ocrx_word' id='word_1_668' title='bbox 2463 2592 2697 2657; x_wconf 87' lang='lat' dir='ltr'><strong>laudem,</strong></span> <span class='ocrx_word' id='word_1_669' title='bbox 2732 2609 2839 2648; x_wconf 91' lang='lat' dir='ltr'><strong>non</strong></span> <span class='ocrx_word' id='word_1_670' title='bbox 2891 2594 3012 2659; x_wconf 89' lang='lat' dir='ltr'><strong>sibi,</strong></span> <span class='ocrx_word' id='word_1_671' title='bbox 3067 2595 3209 2649; x_wconf 90' lang='lat' dir='ltr'><strong>sicut</strong></span> <span class='ocrx_word' id='word_1_672' title='bbox 3254 2595 3369 2664; x_wconf 90' lang='lat' dir='ltr'><strong>ipse</strong></span> <span class='ocrx_word' id='word_1_673' title='bbox 3413 2593 3669 2649; x_wconf 89' lang='lat' dir='ltr'><strong>Dominus</strong></span> <span class='ocrx_word' id='word_1_674' title='bbox 3711 2593 3765 2648; x_wconf 91' lang='lat' dir='ltr'><strong>in</strong></span> 
     </span>
    </p>
   </div>
   <div class='ocr_carea' id='block_1_86' title="bbox 2203 2681 3761 2751">
    <p class='ocr_par' dir='ltr' id='par_1_86' title="bbox 2203 2681 3761 2751">
     <span class='ocr_line' id='line_1_86' title="bbox 2203 2681 3761 2751; baseline 0.004 -16"><span class='ocrx_word' id='word_1_675' title='bbox 2203 2681 2496 2751; x_wconf 83' lang='lat' dir='ltr'><strong>Evangeiio</strong></span> <span class='ocrx_word' id='word_1_676' title='bbox 2519 2683 2629 2736; x_wconf 88' lang='lat' dir='ltr'><strong>ait:</strong></span> <span class='ocrx_word' id='word_1_677' title='bbox 2658 2681 2745 2736; x_wconf 89' lang='lat' dir='ltr'><strong>Sic</strong></span> <span class='ocrx_word' id='word_1_678' title='bbox 2768 2682 2938 2737; x_wconf 79' lang='lat' dir='ltr'><strong>luceat</strong></span> <span class='ocrx_word' id='word_1_679' title='bbox 2957 2684 3049 2738; x_wconf 73' lang='lat' dir='ltr'><strong>lita:</strong></span> <span class='ocrx_word' id='word_1_680' title='bbox 3069 2694 3236 2739; x_wconf 72' lang='lat' dir='ltr'><strong>vestra</strong></span> <span class='ocrx_word' id='word_1_681' title='bbox 3259 2701 3433 2739; x_wconf 86' lang='lat' dir='ltr'><strong>coram</strong></span> <span class='ocrx_word' id='word_1_682' title='bbox 3454 2685 3761 2743; x_wconf 76' lang='lat' dir='ltr'><strong>hominibus.</strong></span> 
     </span>
    </p>
   </div>
   <div class='ocr_carea' id='block_1_87' title="bbox 2202 2772 3764 2848">
    <p class='ocr_par' dir='ltr' id='par_1_87' title="bbox 2202 2772 3764 2848">
     <span class='ocr_line' id='line_1_87' title="bbox 2202 2772 3764 2848; baseline 0.006 -24"><span class='ocrx_word' id='word_1_683' title='bbox 2202 2782 2259 2825; x_wconf 89' lang='lat' dir='ltr'><strong>ut</strong></span> <span class='ocrx_word' id='word_1_684' title='bbox 2290 2772 2677 2843; x_wconf 76' lang='lat' dir='ltr'><strong>videantupera</strong></span> <span class='ocrx_word' id='word_1_685' title='bbox 2726 2784 2893 2829; x_wconf 77' lang='lat' dir='ltr'><strong>vestra</strong></span> <span class='ocrx_word' id='word_1_686' title='bbox 2929 2774 3087 2842; x_wconf 82' lang='lat' dir='ltr'><strong>bona,</strong></span> <span class='ocrx_word' id='word_1_687' title='bbox 3142 2776 3505 2848; x_wconf 81' lang='lat' dir='ltr'><strong>etgloriﬁcent</strong></span> <span class='ocrx_word' id='word_1_688' title='bbox 3556 2776 3764 2834; x_wconf 79' lang='lat' dir='ltr'><strong>Patrem</strong></span> 
     </span>
    </p>
   </div>
   <div class='ocr_carea' id='block_1_88' title="bbox 2202 2862 3378 2939">
    <p class='ocr_par' dir='ltr' id='par_1_88' title="bbox 2202 2862 3378 2939">
     <span class='ocr_line' id='line_1_88' title="bbox 2202 2862 3378 2939; baseline 0.004 -23"><span class='ocrx_word' id='word_1_689' title='bbox 2202 2872 2443 2927; x_wconf 73' lang='lat' dir='ltr'><strong>oestrum,</strong></span> <span class='ocrx_word' id='word_1_690' title='bbox 2476 2864 2565 2934; x_wconf 83' lang='lat' dir='ltr'><strong>qui</strong></span> <span class='ocrx_word' id='word_1_691' title='bbox 2593 2864 2646 2918; x_wconf 88' lang='lat' dir='ltr'><strong>in</strong></span> <span class='ocrx_word' id='word_1_692' title='bbox 2676 2864 2814 2919; x_wconf 68' lang='lat' dir='ltr'><strong>uelis</strong></span> <span class='ocrx_word' id='word_1_693' title='bbox 2843 2875 2919 2919; x_wconf 85' lang='lat' dir='ltr'><strong>est</strong></span> <span class='ocrx_word' id='word_1_694' title='bbox 2943 2862 3154 2936; x_wconf 74' lang='lat' dir='ltr'><strong>(Matth.</strong></span> <span class='ocrx_word' id='word_1_695' title='bbox 3179 2882 3233 2933; x_wconf 78' lang='grc' dir='ltr'><strong>ν,</strong></span> <span class='ocrx_word' id='word_1_696' title='bbox 3270 2867 3378 2939; x_wconf 85' lang='grc'><strong>16).</strong></span> 
     </span>
    </p>
   </div>
   <div class='ocr_carea' id='block_1_89' title="bbox 2730 2977 3169 3034">
    <p class='ocr_par' dir='ltr' id='par_1_89' title="bbox 2730 2977 3169 3034">
     <span class='ocr_line' id='line_1_89' title="bbox 2730 2977 3169 3034; baseline 0.007 -3"><span class='ocrx_word' id='word_1_697' title='bbox 2730 2977 2953 3033; x_wconf 75' lang='lat' dir='ltr'><strong>CAPUT</strong></span> <span class='ocrx_word' id='word_1_698' title='bbox 2987 2979 3169 3034; x_wconf 76' lang='lat' dir='ltr'><strong>XXVI.</strong></span> 
     </span>
    </p>
   </div>
   <div class='ocr_carea' id='block_1_90' title="bbox 3242 3066 3761 3143">
    <p class='ocr_par' dir='ltr' id='par_1_90' title="bbox 3242 3066 3761 3143">
     <span class='ocr_line' id='line_1_90' title="bbox 3242 3066 3761 3143; baseline 0.002 -19"><span class='ocrx_word' id='word_1_699' title='bbox 3242 3066 3385 3141; x_wconf 61' lang='grc' dir='ltr'><strong>[δίδη</strong></span> <span class='ocrx_word' id='word_1_700' title='bbox 3410 3069 3528 3124; x_wconf 83' lang='lat' dir='ltr'><strong>boui</strong></span> <span class='ocrx_word' id='word_1_701' title='bbox 3552 3070 3761 3143; x_wconf 76' lang='lat' dir='ltr'><strong>operis].</strong></span> 
     </span>
    </p>
   </div>
   <div class='ocr_carea' id='block_1_91' title="bbox 2276 3182 3761 3260">
    <p class='ocr_par' dir='ltr' id='par_1_91' title="bbox 2276 3182 3761 3260">
     <span class='ocr_line' id='line_1_91' title="bbox 2276 3182 3761 3260; baseline 0.004 -23"><span class='ocrx_word' id='word_1_702' title='bbox 2276 3182 2389 3238; x_wconf 79' lang='lat' dir='ltr'><strong>Non</strong></span> <span class='ocrx_word' id='word_1_703' title='bbox 2421 3184 2680 3253; x_wconf 63' lang='lat' dir='ltr'><strong>quaeritur</strong></span> <span class='ocrx_word' id='word_1_704' title='bbox 2726 3184 2779 3238; x_wconf 93' lang='lat' dir='ltr'><strong>in</strong></span> <span class='ocrx_word' id='word_1_705' title='bbox 2806 3183 3112 3241; x_wconf 90' lang='lat' dir='ltr'><strong>Christiano</strong></span> <span class='ocrx_word' id='word_1_706' title='bbox 3155 3187 3365 3242; x_wconf 90' lang='lat' dir='ltr'><strong>initium</strong></span> <span class='ocrx_word' id='word_1_707' title='bbox 3407 3183 3533 3242; x_wconf 85' lang='lat' dir='ltr'><strong>boni</strong></span> <span class='ocrx_word' id='word_1_708' title='bbox 3565 3192 3761 3260; x_wconf 81' lang='lat' dir='ltr'><strong>operis,</strong></span> 
     </span>
    </p>
   </div>
   <div class='ocr_carea' id='block_1_92' title="bbox 2202 3272 3759 3345">
    <p class='ocr_par' dir='ltr' id='par_1_92' title="bbox 2202 3272 3759 3345">
     <span class='ocr_line' id='line_1_92' title="bbox 2202 3272 3759 3345; baseline 0.001 -17"><span class='ocrx_word' id='word_1_709' title='bbox 2202 3274 2297 3329; x_wconf 82' lang='lat' dir='ltr'><strong>sed</strong></span> <span class='ocrx_word' id='word_1_710' title='bbox 2334 3274 2456 3329; x_wconf 79' lang='lat' dir='ltr'><strong>finis</strong></span> <span class='ocrx_word' id='word_1_711' title='bbox 2484 3291 2498 3329; x_wconf 89' lang='lat'><strong>:</strong></span> <span class='ocrx_word' id='word_1_712' title='bbox 2526 3274 2651 3344; x_wconf 85' lang='lat' dir='ltr'><strong>quia</strong></span> <span class='ocrx_word' id='word_1_713' title='bbox 2678 3272 2745 3328; x_wconf 89' lang='lat' dir='ltr'><strong>de</strong></span> <span class='ocrx_word' id='word_1_714' title='bbox 2772 3273 2878 3329; x_wconf 78' lang='lat' dir='ltr'><strong>line</strong></span> <span class='ocrx_word' id='word_1_715' title='bbox 2904 3289 3002 3330; x_wconf 89' lang='lat' dir='ltr'><strong>suo</strong></span> <span class='ocrx_word' id='word_1_716' title='bbox 3027 3276 3393 3345; x_wconf 90' lang='lat' dir='ltr'><strong>unusquisque</strong></span> <span class='ocrx_word' id='word_1_717' title='bbox 3416 3275 3759 3344; x_wconf 76' lang='lat' dir='ltr'><strong>iudicabitur.</strong></span> 
     </span>
    </p>
   </div>
   <div class='ocr_carea' id='block_1_93' title="bbox 2199 3360 3767 3433">
    <p class='ocr_par' dir='ltr' id='par_1_93' title="bbox 2199 3360 3767 3433">
     <span class='ocr_line' id='line_1_93' title="bbox 2199 3360 3767 3433; baseline 0.002 -19"><span class='ocrx_word' id='word_1_718' title='bbox 2199 3360 2342 3415; x_wconf 88' lang='lat' dir='ltr'><strong>Sunt</strong></span> <span class='ocrx_word' id='word_1_719' title='bbox 2362 3361 2506 3415; x_wconf 91' lang='lat' dir='ltr'><strong>enim</strong></span> <span class='ocrx_word' id='word_1_720' title='bbox 2548 3362 2638 3431; x_wconf 92' lang='lat' dir='ltr'><strong>qui</strong></span> <span class='ocrx_word' id='word_1_721' title='bbox 2672 3361 2807 3416; x_wconf 86' lang='lat' dir='ltr'><strong>bene</strong></span> <span class='ocrx_word' id='word_1_722' title='bbox 2851 3361 3133 3433; x_wconf 89' lang='lat' dir='ltr'><strong>incipiunt,</strong></span> <span class='ocrx_word' id='word_1_723' title='bbox 3167 3371 3223 3419; x_wconf 87' lang='lat' dir='ltr'><strong>et</strong></span> <span class='ocrx_word' id='word_1_724' title='bbox 3251 3363 3390 3419; x_wconf 88' lang='lat' dir='ltr'><strong>male</strong></span> <span class='ocrx_word' id='word_1_725' title='bbox 3424 3363 3618 3419; x_wconf 79' lang='lat' dir='ltr'><strong>ﬁniunt</strong></span> <span class='ocrx_word' id='word_1_726' title='bbox 3643 3380 3767 3420; x_wconf 90' lang='lat' dir='ltr'><strong>con-</strong></span> 
     </span>
    </p>
   </div>
   <div class='ocr_carea' id='block_1_94' title="bbox 2202 3450 3767 3524">
    <p class='ocr_par' dir='ltr' id='par_1_94' title="bbox 2202 3450 3767 3524">
     <span class='ocr_line' id='line_1_94' title="bbox 2202 3450 3767 3524; baseline 0.001 -20"><span class='ocrx_word' id='word_1_727' title='bbox 2202 3453 2556 3506; x_wconf 83' lang='lat' dir='ltr'><strong>versationem</strong></span> <span class='ocrx_word' id='word_1_728' title='bbox 2590 3468 2779 3518; x_wconf 88' lang='lat' dir='ltr'><strong>suam;</strong></span> <span class='ocrx_word' id='word_1_729' title='bbox 2808 3452 2950 3507; x_wconf 87' lang='lat' dir='ltr'><strong>sicut</strong></span> <span class='ocrx_word' id='word_1_730' title='bbox 2981 3450 3145 3508; x_wconf 76' lang='lat' dir='ltr'><strong>indas</strong></span> <span class='ocrx_word' id='word_1_731' title='bbox 3174 3451 3349 3524; x_wconf 88' lang='lat' dir='ltr'><strong>primo</strong></span> <span class='ocrx_word' id='word_1_732' title='bbox 3390 3453 3683 3523; x_wconf 85' lang='lat' dir='ltr'><strong>apostolus,</strong></span> <span class='ocrx_word' id='word_1_733' title='bbox 3708 3461 3767 3505; x_wconf 87' lang='lat' dir='ltr'><strong>et</strong></span> 
     </span>
    </p>
   </div>
   <div class='ocr_carea' id='block_1_95' title="bbox 2200 3541 3764 3614">
    <p class='ocr_par' dir='ltr' id='par_1_95' title="bbox 2200 3541 3764 3614">
     <span class='ocr_line' id='line_1_95' title="bbox 2200 3541 3764 3614; baseline -0.001 -19"><span class='ocrx_word' id='word_1_734' title='bbox 2200 3550 2384 3609; x_wconf 86' lang='lat' dir='ltr'><strong>postea</strong></span> <span class='ocrx_word' id='word_1_735' title='bbox 2409 3543 2649 3611; x_wconf 85' lang='lat' dir='ltr'><strong>proditor</strong></span> <span class='ocrx_word' id='word_1_736' title='bbox 2679 3542 2908 3606; x_wconf 87' lang='lat' dir='ltr'><strong>Domini,</strong></span> <span class='ocrx_word' id='word_1_737' title='bbox 2934 3551 2988 3597; x_wconf 89' lang='lat' dir='ltr'><strong>et</strong></span> <span class='ocrx_word' id='word_1_738' title='bbox 3016 3541 3143 3598; x_wconf 86' lang='lat' dir='ltr'><strong>facti</strong></span> <span class='ocrx_word' id='word_1_739' title='bbox 3169 3543 3252 3597; x_wconf 85' lang='lat' dir='ltr'><strong>sui</strong></span> <span class='ocrx_word' id='word_1_740' title='bbox 3296 3542 3546 3599; x_wconf 84' lang='lat' dir='ltr'><strong>conscius</strong></span> <span class='ocrx_word' id='word_1_741' title='bbox 3570 3542 3764 3614; x_wconf 85' lang='lat' dir='ltr'><strong>laqueo</strong></span> 
     </span>
    </p>
   </div>
   <div class='ocr_carea' id='block_1_96' title="bbox 2201 3624 3762 3701">
    <p class='ocr_par' dir='ltr' id='par_1_96' title="bbox 2201 3624 3762 3701">
     <span class='ocr_line' id='line_1_96' title="bbox 2201 3624 3762 3701; baseline -0.001 -18"><span class='ocrx_word' id='word_1_742' title='bbox 2201 3643 2259 3683; x_wconf 85' lang='lat' dir='ltr'><strong>se</strong></span> <span class='ocrx_word' id='word_1_743' title='bbox 2291 3630 2570 3698; x_wconf 84' lang='lat' dir='ltr'><strong>suspendit</strong></span> <span class='ocrx_word' id='word_1_744' title='bbox 2593 3629 2729 3700; x_wconf 79' lang='lat' dir='ltr'><strong>(Act.</strong></span> <span class='ocrx_word' id='word_1_745' title='bbox 2770 3629 2830 3701; x_wconf 87' lang='lat' dir='ltr'><strong>l).</strong></span> <span class='ocrx_word' id='word_1_746' title='bbox 2863 3629 3057 3685; x_wconf 87' lang='lat' dir='ltr'><strong>Saulus</strong></span> <span class='ocrx_word' id='word_1_747' title='bbox 3086 3630 3218 3700; x_wconf 81' lang='grc' dir='ltr'><strong>[Αι.,</strong></span> <span class='ocrx_word' id='word_1_748' title='bbox 3248 3624 3468 3700; x_wconf 77' lang='lat' dir='ltr'><strong>Paulus]</strong></span> <span class='ocrx_word' id='word_1_749' title='bbox 3495 3628 3631 3683; x_wconf 85' lang='lat' dir='ltr'><strong>male</strong></span> <span class='ocrx_word' id='word_1_750' title='bbox 3653 3642 3762 3682; x_wconf 74' lang='lat' dir='ltr'><strong>cm—</strong></span> 
     </span>
    </p>
   </div>
   <div class='ocr_carea' id='block_1_97' title="bbox 2198 3720 3765 3792">
    <p class='ocr_par' dir='ltr' id='par_1_97' title="bbox 2198 3720 3765 3792">
     <span class='ocr_line' id='line_1_97' title="bbox 2198 3720 3765 3792; baseline -0.001 -18"><span class='ocrx_word' id='word_1_751' title='bbox 2198 3722 2299 3792; x_wconf 86' lang='lat' dir='ltr'><strong>pit,</strong></span> <span class='ocrx_word' id='word_1_752' title='bbox 2329 3720 2422 3774; x_wconf 89' lang='lat' dir='ltr'><strong>scd</strong></span> <span class='ocrx_word' id='word_1_753' title='bbox 2445 3720 2580 3773; x_wconf 88' lang='lat' dir='ltr'><strong>bene</strong></span> <span class='ocrx_word' id='word_1_754' title='bbox 2604 3720 2813 3773; x_wconf 84' lang='lat' dir='ltr'><strong>ﬁnivit:</strong></span> <span class='ocrx_word' id='word_1_755' title='bbox 2842 3720 3017 3789; x_wconf 89' lang='lat' dir='ltr'><strong>primo</strong></span> <span class='ocrx_word' id='word_1_756' title='bbox 3059 3726 3391 3790; x_wconf 89' lang='lat' dir='ltr'><strong>persecutor,</strong></span> <span class='ocrx_word' id='word_1_757' title='bbox 3421 3728 3604 3788; x_wconf 88' lang='lat' dir='ltr'><strong>postea</strong></span> <span class='ocrx_word' id='word_1_758' title='bbox 3632 3733 3765 3788; x_wconf 79' lang='lat' dir='ltr'><strong>przc-</strong></span> 
     </span>
    </p>
   </div>
   <div class='ocr_carea' id='block_1_98' title="bbox 2200 3804 3763 3876">
    <p class='ocr_par' dir='ltr' id='par_1_98' title="bbox 2200 3804 3763 3876">
     <span class='ocr_line' id='line_1_98' title="bbox 2200 3804 3763 3876; baseline -0.003 -13"><span class='ocrx_word' id='word_1_759' title='bbox 2200 3810 2425 3863; x_wconf 86' lang='lat' dir='ltr'><strong>dicator.</strong></span> <span class='ocrx_word' id='word_1_760' title='bbox 2460 3804 2645 3861; x_wconf 79' lang='lat' dir='ltr'><strong>Virtus</strong></span> <span class='ocrx_word' id='word_1_761' title='bbox 2689 3805 2813 3861; x_wconf 88' lang='lat' dir='ltr'><strong>boni</strong></span> <span class='ocrx_word' id='word_1_762' title='bbox 2845 3808 3026 3876; x_wconf 84' lang='lat' dir='ltr'><strong>operis</strong></span> <span class='ocrx_word' id='word_1_763' title='bbox 3073 3814 3160 3861; x_wconf 88' lang='lat' dir='ltr'><strong>est</strong></span> <span class='ocrx_word' id='word_1_764' title='bbox 3191 3806 3611 3876; x_wconf 85' lang='lat' dir='ltr'><strong>perseverantia,</strong></span> <span class='ocrx_word' id='word_1_765' title='bbox 3642 3805 3763 3875; x_wconf 89' lang='lat' dir='ltr'><strong>ipso</strong></span> 
     </span>
    </p>
   </div>
   <div class='ocr_carea' id='block_1_99' title="bbox 2199 3896 3762 3970">
    <p class='ocr_par' dir='ltr' id='par_1_99' title="bbox 2199 3896 3762 3970">
     <span class='ocr_line' id='line_1_99' title="bbox 2199 3896 3762 3970; baseline -0.004 -15"><span class='ocrx_word' id='word_1_766' title='bbox 2199 3898 2425 3957; x_wconf 91' lang='lat' dir='ltr'><strong>Domino</strong></span> <span class='ocrx_word' id='word_1_767' title='bbox 2449 3900 2659 3955; x_wconf 84' lang='lat' dir='ltr'><strong>dicente</strong></span> <span class='ocrx_word' id='word_1_768' title='bbox 2683 3917 2697 3952; x_wconf 88' lang='lat'>:</span> <span class='ocrx_word' id='word_1_769' title='bbox 2727 3898 2841 3964; x_wconf 73' lang='lat' dir='ltr'><strong>Qui</strong></span> <span class='ocrx_word' id='word_1_770' title='bbox 2859 3900 3252 3969; x_wconf 69' lang='lat' dir='ltr'><strong>perseveraverit</strong></span> <span class='ocrx_word' id='word_1_771' title='bbox 3290 3911 3456 3970; x_wconf 70' lang='lat' dir='ltr'><strong>usque</strong></span> <span class='ocrx_word' id='word_1_772' title='bbox 3478 3898 3555 3963; x_wconf 57' lang='lat' dir='ltr'><strong>in</strong></span> <span class='ocrx_word' id='word_1_773' title='bbox 3580 3896 3762 3965; x_wconf 76' lang='lat' dir='ltr'><strong>ﬁnem,</strong></span> 
     </span>
    </p>
   </div>
   <div class='ocr_carea' id='block_1_100' title="bbox 2198 3976 3767 4060">
    <p class='ocr_par' dir='ltr' id='par_1_100' title="bbox 2198 3976 3767 4060">
     <span class='ocr_line' id='line_1_100' title="bbox 2198 3976 3767 4060; baseline -0.001 -17"><span class='ocrx_word' id='word_1_774' title='bbox 2198 3992 2281 4044; x_wconf 81' lang='lat' dir='ltr'><strong>hic</strong></span> <span class='ocrx_word' id='word_1_775' title='bbox 2314 3990 2488 4045; x_wconf 74' lang='lat' dir='ltr'><strong>sulcus</strong></span> <span class='ocrx_word' id='word_1_776' title='bbox 2533 3992 2649 4045; x_wconf 80' lang='lat' dir='ltr'><strong>erit.</strong></span> <span class='ocrx_word' id='word_1_777' title='bbox 2686 3989 2898 4060; x_wconf 68' lang='lat' dir='ltr'><strong>(Matth.</strong></span> <span class='ocrx_word' id='word_1_778' title='bbox 2935 3988 3135 4059; x_wconf 68' lang='lat'><strong>1,22).</strong></span> <span class='ocrx_word' id='word_1_779' title='bbox 3180 3986 3296 4043; x_wconf 81' lang='lat' dir='ltr'><strong>Non</strong></span> <span class='ocrx_word' id='word_1_780' title='bbox 3333 3989 3498 4060; x_wconf 79' lang='lat' dir='ltr'><strong>igitur</strong></span> <span class='ocrx_word' id='word_1_781' title='bbox 3544 3976 3767 4059; x_wconf 59' lang='lat' dir='ltr'><strong>qusque-</strong></span> 
     </span>
    </p>
   </div>
   <div class='ocr_carea' id='block_1_101' title="bbox 2197 4072 3771 4161">
    <p class='ocr_par' dir='ltr' id='par_1_101' title="bbox 2197 4072 3771 4161">
     <span class='ocr_line' id='line_1_101' title="bbox 2197 4072 3771 4161; baseline -0.001 -28"><span class='ocrx_word' id='word_1_782' title='bbox 2197 4081 2336 4149; x_wconf 87' lang='lat' dir='ltr'><strong>perit</strong></span> <span class='ocrx_word' id='word_1_783' title='bbox 2355 4079 2573 4141; x_wconf 85' lang='lat' dir='ltr'><strong>bonum,</strong></span> <span class='ocrx_word' id='word_1_784' title='bbox 2629 4080 2723 4134; x_wconf 85' lang='lat' dir='ltr'><strong>sed</strong></span> <span class='ocrx_word' id='word_1_785' title='bbox 2754 4080 2843 4149; x_wconf 90' lang='lat' dir='ltr'><strong>qui</strong></span> <span class='ocrx_word' id='word_1_786' title='bbox 2896 4079 3322 4149; x_wconf 79' lang='lat' dir='ltr'><strong>perseveraverit</strong></span> <span class='ocrx_word' id='word_1_787' title='bbox 3376 4079 3431 4133; x_wconf 88' lang='lat' dir='ltr'><strong>in</strong></span> <span class='ocrx_word' id='word_1_788' title='bbox 3477 4078 3643 4144; x_wconf 82' lang='lat' dir='ltr'><strong>bono,</strong></span> 
     </span>
    </p>
   </div>
   <div class='ocr_carea' id='block_1_102' title="bbox 2196 4162 3791 4239">
    <p class='ocr_par' dir='ltr' id='par_1_102' title="bbox 2196 4162 3791 4239">
     <span class='ocr_line' id='line_1_102' title="bbox 2196 4162 3791 4239; baseline 0 -14"><span class='ocrx_word' id='word_1_789' title='bbox 2196 4170 2376 4225; x_wconf 81' lang='lat' dir='ltr'><strong>salvus</strong></span> <span class='ocrx_word' id='word_1_790' title='bbox 2400 4170 2521 4225; x_wconf 86' lang='lat' dir='ltr'><strong>erit.</strong></span> <span class='ocrx_word' id='word_1_791' title='bbox 2556 4168 2707 4225; x_wconf 90' lang='lat' dir='ltr'><strong>Tunc</strong></span> <span class='ocrx_word' id='word_1_792' title='bbox 2741 4170 2884 4224; x_wconf 87' lang='lat' dir='ltr'><strong>enim</strong></span> <span class='ocrx_word' id='word_1_793' title='bbox 2918 4169 3097 4239; x_wconf 87' lang='lat' dir='ltr'><strong>placet</strong></span> <span class='ocrx_word' id='word_1_794' title='bbox 3133 4169 3450 4225; x_wconf 87' lang='lat' dir='ltr'><strong>Deonostra</strong></span> <span class='ocrx_word' id='word_1_795' title='bbox 3478 4162 3791 4224; x_wconf 62' lang='lat' dir='ltr'><strong>convcrsa3</strong></span> 
     </span>
    </p>
   </div>
   <div class='ocr_carea' id='block_1_103' title="bbox 2197 4230 3849 4330">
    <p class='ocr_par' dir='ltr' id='par_1_103' title="bbox 2197 4230 3849 4330">
     <span class='ocr_line' id='line_1_103' title="bbox 2197 4230 3849 4330; baseline 0.002 -16"><span class='ocrx_word' id='word_1_796' title='bbox 2197 4262 2292 4326; x_wconf 90' lang='lat' dir='ltr'><strong>tio,</strong></span> <span class='ocrx_word' id='word_1_797' title='bbox 2321 4260 2537 4330; x_wconf 85' lang='lat' dir='ltr'><strong>quando</strong></span> <span class='ocrx_word' id='word_1_798' title='bbox 2579 4260 2776 4315; x_wconf 87' lang='lat' dir='ltr'><strong>bonum</strong></span> <span class='ocrx_word' id='word_1_799' title='bbox 2815 4230 2957 4329; x_wconf 73' lang='lat' dir='ltr'><strong>quod</strong></span> <span class='ocrx_word' id='word_1_800' title='bbox 3006 4260 3339 4323; x_wconf 87' lang='lat' dir='ltr'><strong>inchoamus,</strong></span> <span class='ocrx_word' id='word_1_801' title='bbox 3388 4264 3778 4328; x_wconf 83' lang='lat' dir='ltr'><strong>perseveranti</strong></span> <span class='ocrx_word' id='word_1_802' title='bbox 3808 4230 3849 4275; x_wconf 59' lang='lat'><strong><em>\</em></strong></span> 
     </span>
    </p>
   </div>
   <div class='ocr_carea' id='block_1_104' title="bbox 2124 4346 3783 4431">
    <p class='ocr_par' dir='ltr' id='par_1_104' title="bbox 2124 4346 3783 4431">
     <span class='ocr_line' id='line_1_104' title="bbox 2124 4346 3783 4431; baseline -0.002 -24"><span class='ocrx_word' id='word_1_803' title='bbox 2124 4370 2176 4431; x_wconf 72' lang='grc' dir='ltr'>ο</span> <span class='ocrx_word' id='word_1_804' title='bbox 2201 4354 2306 4408; x_wconf 76' lang='lat' dir='ltr'><strong>line</strong></span> <span class='ocrx_word' id='word_1_805' title='bbox 2335 4352 2719 4422; x_wconf 86' lang='lat' dir='ltr'><strong>complebimus</strong></span> <span class='ocrx_word' id='word_1_806' title='bbox 2769 4351 2921 4422; x_wconf 72' lang='lat' dir='ltr'><strong>[Ms.,</strong></span> <span class='ocrx_word' id='word_1_807' title='bbox 2972 4346 3344 4421; x_wconf 82' lang='lat' dir='ltr'><strong>complemus].</strong></span> <span class='ocrx_word' id='word_1_808' title='bbox 3375 4346 3582 4403; x_wconf 87' lang='lat' dir='ltr'><strong>Bonum</strong></span> <span class='ocrx_word' id='word_1_809' title='bbox 3634 4362 3783 4422; x_wconf 76' lang='lat' dir='ltr'><strong>ergo</strong></span> 
     </span>
    </p>
   </div>
   <div class='ocr_carea' id='block_1_105' title="bbox 2199 4434 3785 4513">
    <p class='ocr_par' dir='ltr' id='par_1_105' title="bbox 2199 4434 3785 4513">
     <span class='ocr_line' id='line_1_105' title="bbox 2199 4434 3785 4513; baseline 0.003 -16"><span class='ocrx_word' id='word_1_810' title='bbox 2199 4460 2303 4497; x_wconf 89' lang='lat' dir='ltr'><strong>non</strong></span> <span class='ocrx_word' id='word_1_811' title='bbox 2331 4444 2580 4513; x_wconf 68' lang='lat' dir='ltr'><strong>coepisse,</strong></span> <span class='ocrx_word' id='word_1_812' title='bbox 2607 4442 2700 4496; x_wconf 89' lang='lat' dir='ltr'><strong>sed</strong></span> <span class='ocrx_word' id='word_1_813' title='bbox 2735 4440 3044 4512; x_wconf 86' lang='lat' dir='ltr'><strong>perfecisse,</strong></span> <span class='ocrx_word' id='word_1_814' title='bbox 3082 4440 3253 4496; x_wconf 86' lang='lat' dir='ltr'><strong>virtus</strong></span> <span class='ocrx_word' id='word_1_815' title='bbox 3279 4445 3380 4497; x_wconf 84' lang='lat' dir='ltr'><strong>est.</strong></span> <span class='ocrx_word' id='word_1_816' title='bbox 3411 4434 3527 4497; x_wconf 77' lang='lat' dir='ltr'><strong>Non</strong></span> <span class='ocrx_word' id='word_1_817' title='bbox 3573 4440 3785 4501; x_wconf 89' lang='lat' dir='ltr'><strong>incho—</strong></span> 
     </span>
    </p>
   </div>
   <div class='ocr_carea' id='block_1_106' title="bbox 2198 4530 3783 4601">
    <p class='ocr_par' dir='ltr' id='par_1_106' title="bbox 2198 4530 3783 4601">
     <span class='ocr_line' id='line_1_106' title="bbox 2198 4530 3783 4601; baseline 0.004 -16"><span class='ocrx_word' id='word_1_818' title='bbox 2198 4531 2412 4585; x_wconf 88' lang='lat' dir='ltr'><strong>antibus</strong></span> <span class='ocrx_word' id='word_1_819' title='bbox 2442 4530 2716 4599; x_wconf 69' lang='lat' dir='ltr'><strong>praemium</strong></span> <span class='ocrx_word' id='word_1_820' title='bbox 2752 4530 3102 4600; x_wconf 83' lang='lat' dir='ltr'><strong>promittitur,</strong></span> <span class='ocrx_word' id='word_1_821' title='bbox 3145 4530 3241 4585; x_wconf 90' lang='lat' dir='ltr'><strong>sed</strong></span> <span class='ocrx_word' id='word_1_822' title='bbox 3289 4532 3783 4601; x_wconf 81' lang='lat' dir='ltr'><strong>perseverantibus</strong></span> 
     </span>
    </p>
   </div>
   <div class='ocr_carea' id='block_1_107' title="bbox 2198 4618 3785 4693">
    <p class='ocr_par' dir='ltr' id='par_1_107' title="bbox 2198 4618 3785 4693">
     <span class='ocr_line' id='line_1_107' title="bbox 2198 4618 3785 4693; baseline -0.001 -18"><span class='ocrx_word' id='word_1_823' title='bbox 2198 4620 2371 4675; x_wconf 90' lang='lat' dir='ltr'><strong>datur.</strong></span> <span class='ocrx_word' id='word_1_824' title='bbox 2406 4619 2630 4689; x_wconf 84' lang='lat' dir='ltr'><strong>Semper</strong></span> <span class='ocrx_word' id='word_1_825' title='bbox 2654 4618 2708 4674; x_wconf 90' lang='lat' dir='ltr'><strong>in</strong></span> <span class='ocrx_word' id='word_1_826' title='bbox 2734 4620 2844 4674; x_wconf 86' lang='lat' dir='ltr'><strong>vita</strong></span> <span class='ocrx_word' id='word_1_827' title='bbox 2883 4620 3117 4677; x_wconf 85' lang='lat' dir='ltr'><strong>hominis</strong></span> <span class='ocrx_word' id='word_1_828' title='bbox 3167 4620 3291 4677; x_wconf 83' lang='lat' dir='ltr'><strong>linis</strong></span> <span class='ocrx_word' id='word_1_829' title='bbox 3319 4622 3595 4692; x_wconf 63' lang='lat' dir='ltr'><strong>quaeritur,</strong></span> <span class='ocrx_word' id='word_1_830' title='bbox 3623 4637 3785 4693; x_wconf 68' lang='lat' dir='ltr'><strong>qua.</strong></span> 
     </span>
    </p>
   </div>
   <div class='ocr_carea' id='block_1_108' title="bbox 2194 4709 3785 4781">
    <p class='ocr_par' dir='ltr' id='par_1_108' title="bbox 2194 4709 3785 4781">
     <span class='ocr_line' id='line_1_108' title="bbox 2194 4709 3785 4781; baseline 0 -17"><span class='ocrx_word' id='word_1_831' title='bbox 2194 4710 2262 4764; x_wconf 90' lang='lat' dir='ltr'><strong>iis</strong></span> <span class='ocrx_word' id='word_1_832' title='bbox 2292 4711 2364 4763; x_wconf 89' lang='lat' dir='ltr'><strong>sit</strong></span> <span class='ocrx_word' id='word_1_833' title='bbox 2405 4717 2646 4764; x_wconf 76' lang='lat' dir='ltr'><strong>extremo</strong></span> <span class='ocrx_word' id='word_1_834' title='bbox 2676 4719 2914 4781; x_wconf 89' lang='lat' dir='ltr'><strong>tempore</strong></span> <span class='ocrx_word' id='word_1_835' title='bbox 2938 4712 3061 4766; x_wconf 69' lang='lat' dir='ltr'><strong>vitae</strong></span> <span class='ocrx_word' id='word_1_836' title='bbox 3098 4726 3246 4766; x_wconf 65' lang='lat' dir='ltr'><strong>suae:</strong></span> <span class='ocrx_word' id='word_1_837' title='bbox 3277 4711 3403 4781; x_wconf 85' lang='lat' dir='ltr'><strong>quia</strong></span> <span class='ocrx_word' id='word_1_838' title='bbox 3428 4710 3496 4766; x_wconf 88' lang='lat' dir='ltr'><strong>de</strong></span> <span class='ocrx_word' id='word_1_839' title='bbox 3521 4709 3629 4764; x_wconf 84' lang='lat' dir='ltr'><strong>line</strong></span> <span class='ocrx_word' id='word_1_840' title='bbox 3660 4728 3785 4771; x_wconf 79' lang='lat' dir='ltr'><strong>suo</strong></span> 
     </span>
    </p>
   </div>
   <div class='ocr_carea' id='block_1_109' title="bbox 2196 4798 3781 4870">
    <p class='ocr_par' dir='ltr' id='par_1_109' title="bbox 2196 4798 3781 4870">
     <span class='ocr_line' id='line_1_109' title="bbox 2196 4798 3781 4870; baseline 0 -17"><span class='ocrx_word' id='word_1_841' title='bbox 2196 4800 2563 4869; x_wconf 87' lang='lat' dir='ltr'><strong>unusquisque</strong></span> <span class='ocrx_word' id='word_1_842' title='bbox 2589 4800 3043 4870; x_wconf 77' lang='lat' dir='ltr'><strong>autjustiiicatur,</strong></span> <span class='ocrx_word' id='word_1_843' title='bbox 3066 4807 3160 4853; x_wconf 84' lang='lat' dir='ltr'><strong>aut</strong></span> <span class='ocrx_word' id='word_1_844' title='bbox 3184 4798 3589 4854; x_wconf 80' lang='lat' dir='ltr'><strong>condemnatur.</strong></span> <span class='ocrx_word' id='word_1_845' title='bbox 3627 4798 3781 4859; x_wconf 78' lang='lat' dir='ltr'><strong>ideo</strong></span> 
     </span>
    </p>
   </div>
   <div class='ocr_carea' id='block_1_110' title="bbox 2195 4889 3786 4963">
    <p class='ocr_par' dir='ltr' id='par_1_110' title="bbox 2195 4889 3786 4963">
     <span class='ocr_line' id='line_1_110' title="bbox 2195 4889 3786 4963; baseline 0.003 -18"><span class='ocrx_word' id='word_1_846' title='bbox 2195 4893 2559 4963; x_wconf 87' lang='lat' dir='ltr'><strong>unusquisque</strong></span> <span class='ocrx_word' id='word_1_847' title='bbox 2587 4893 2972 4947; x_wconf 84' lang='lat' dir='ltr'><strong>instantissime</strong></span> <span class='ocrx_word' id='word_1_848' title='bbox 2989 4890 3133 4945; x_wconf 81' lang='lat' dir='ltr'><strong>bona</strong></span> <span class='ocrx_word' id='word_1_849' title='bbox 3152 4902 3270 4961; x_wconf 64' lang='lat' dir='ltr'><strong>qua</strong></span> <span class='ocrx_word' id='word_1_850' title='bbox 3289 4889 3473 4960; x_wconf 65' lang='lat' dir='ltr'><strong>capit,</strong></span> <span class='ocrx_word' id='word_1_851' title='bbox 3495 4889 3786 4960; x_wconf 67' lang='lat' dir='ltr'><strong>perﬁcere</strong></span> 
     </span>
    </p>
   </div>
   <div class='ocr_carea' id='block_1_111' title="bbox 2195 4976 3784 5051">
    <p class='ocr_par' dir='ltr' id='par_1_111' title="bbox 2195 4976 3784 5051">
     <span class='ocr_line' id='line_1_111' title="bbox 2195 4976 3784 5051; baseline -0.005 -17"><span class='ocrx_word' id='word_1_852' title='bbox 2195 4980 2505 5044; x_wconf 88' lang='lat' dir='ltr'><strong>contendat,</strong></span> <span class='ocrx_word' id='word_1_853' title='bbox 2540 4988 2599 5034; x_wconf 86' lang='lat' dir='ltr'><strong>ut</strong></span> <span class='ocrx_word' id='word_1_854' title='bbox 2630 4988 2946 5051; x_wconf 86' lang='lat' dir='ltr'><strong>perpetuam</strong></span> <span class='ocrx_word' id='word_1_855' title='bbox 2978 4993 3009 5031; x_wconf 91' lang='lat' dir='ltr'><strong>a</strong></span> <span class='ocrx_word' id='word_1_856' title='bbox 3040 4976 3268 5033; x_wconf 86' lang='lat' dir='ltr'><strong>Domino</strong></span> <span class='ocrx_word' id='word_1_857' title='bbox 3293 4986 3563 5034; x_wconf 85' lang='lat' dir='ltr'><strong>mereatur</strong></span> <span class='ocrx_word' id='word_1_858' title='bbox 3610 4995 3784 5039; x_wconf 68' lang='lat' dir='ltr'><strong>mer-</strong></span> 
     </span>
    </p>
   </div>
   <div class='ocr_carea' id='block_1_112' title="bbox 2196 5071 2660 5142">
    <p class='ocr_par' dir='ltr' id='par_1_112' title="bbox 2196 5071 2660 5142">
     <span class='ocr_line' id='line_1_112' title="bbox 2196 5071 2660 5142; baseline -0.004 -16"><span class='ocrx_word' id='word_1_859' title='bbox 2196 5071 2375 5126; x_wconf 80' lang='lat' dir='ltr'><strong>cedem</strong></span> <span class='ocrx_word' id='word_1_860' title='bbox 2399 5072 2660 5142; x_wconf 83' lang='lat' dir='ltr'><strong>accipere.</strong></span> 
     </span>
    </p>
   </div>
   <div class='ocr_carea' id='block_1_113' title="bbox 2692 5178 3231 5238">
    <p class='ocr_par' dir='ltr' id='par_1_113' title="bbox 2692 5178 3231 5238">
     <span class='ocr_line' id='line_1_113' title="bbox 2692 5178 3231 5238; baseline 0.009 -6"><span class='ocrx_word' id='word_1_861' title='bbox 2692 5191 2718 5219; x_wconf 77' lang='grc' dir='ltr'>ι</span> <span class='ocrx_word' id='word_1_862' title='bbox 2749 5178 2975 5236; x_wconf 78' lang='lat' dir='ltr'><strong>CAPUT</strong></span> <span class='ocrx_word' id='word_1_863' title='bbox 3022 5179 3231 5238; x_wconf 74' lang='lat' dir='ltr'><strong>XXVII.</strong></span> 
     </span>
    </p>
   </div>
   <div class='ocr_carea' id='block_1_114' title="bbox 2197 5268 3786 5345">
    <p class='ocr_par' dir='ltr' id='par_1_114' title="bbox 2197 5268 3786 5345">
     <span class='ocr_line' id='line_1_114' title="bbox 2197 5268 3786 5345; baseline 0.004 -22"><span class='ocrx_word' id='word_1_864' title='bbox 2197 5268 2273 5324; x_wconf 80' lang='lat' dir='ltr'><strong>De</strong></span> <span class='ocrx_word' id='word_1_865' title='bbox 2315 5280 2431 5325; x_wconf 85' lang='lat' dir='ltr'><strong>octo</strong></span> <span class='ocrx_word' id='word_1_866' title='bbox 2493 5268 2629 5323; x_wconf 77' lang='lat' dir='ltr'><strong>vitiis</strong></span> <span class='ocrx_word' id='word_1_867' title='bbox 2670 5268 3063 5339; x_wconf 73' lang='lat' dir='ltr'><strong>principalibus,</strong></span> <span class='ocrx_word' id='word_1_868' title='bbox 3111 5282 3161 5327; x_wconf 82' lang='lat' dir='ltr'><strong>ct</strong></span> <span class='ocrx_word' id='word_1_869' title='bbox 3203 5270 3466 5345; x_wconf 71' lang='lat' dir='ltr'><strong>primo,dc</strong></span> <span class='ocrx_word' id='word_1_870' title='bbox 3488 5271 3786 5343; x_wconf 73' lang='lat' dir='ltr'><strong>superbia.</strong></span> 
     </span>
    </p>
   </div>
   <div class='ocr_carea' id='block_1_115' title="bbox 2264 5378 3788 5454">
    <p class='ocr_par' dir='ltr' id='par_1_115' title="bbox 2264 5378 3788 5454">
     <span class='ocr_line' id='line_1_115' title="bbox 2264 5378 3788 5454; baseline 0.003 -19"><span class='ocrx_word' id='word_1_871' title='bbox 2264 5379 2397 5435; x_wconf 80' lang='lat' dir='ltr'><strong>Octo</strong></span> <span class='ocrx_word' id='word_1_872' title='bbox 2423 5385 2549 5434; x_wconf 90' lang='lat' dir='ltr'><strong>sunt</strong></span> <span class='ocrx_word' id='word_1_873' title='bbox 2569 5378 2697 5432; x_wconf 86' lang='lat' dir='ltr'><strong>vitia</strong></span> <span class='ocrx_word' id='word_1_874' title='bbox 2732 5378 3044 5452; x_wconf 86' lang='lat' dir='ltr'><strong>principalia</strong></span> <span class='ocrx_word' id='word_1_875' title='bbox 3074 5383 3159 5439; x_wconf 86' lang='lat' dir='ltr'><strong>vel</strong></span> <span class='ocrx_word' id='word_1_876' title='bbox 3186 5380 3470 5454; x_wconf 72' lang='lat' dir='ltr'><strong>originalia</strong></span> <span class='ocrx_word' id='word_1_877' title='bbox 3502 5384 3788 5440; x_wconf 84' lang='lat' dir='ltr'><strong>omnium</strong></span> 
     </span>
    </p>
   </div>
   <div class='ocr_carea' id='block_1_116' title="bbox 2195 5508 3788 5581">
    <p class='ocr_par' dir='ltr' id='par_1_116' title="bbox 2195 5508 3788 5581">
     <span class='ocr_line' id='line_1_116' title="bbox 2195 5508 3788 5581; baseline 0.001 -15"><span class='ocrx_word' id='word_1_878' title='bbox 2195 5508 2692 5581; x_wconf 62' lang='lat' dir='ltr'><strong>matgriaipsorum</strong></span> <span class='ocrx_word' id='word_1_879' title='bbox 2719 5511 3069 5581; x_wconf 88' lang='lat' dir='ltr'><strong>capitulorum</strong></span> <span class='ocrx_word' id='word_1_880' title='bbox 3097 5514 3197 5569; x_wconf 83' lang='lat' dir='ltr'><strong>hoc</strong></span> <span class='ocrx_word' id='word_1_881' title='bbox 3239 5512 3484 5575; x_wconf 82' lang='lat' dir='ltr'><strong>revincit,</strong></span> <span class='ocrx_word' id='word_1_882' title='bbox 3534 5519 3788 5581; x_wconf 48' lang='grc' dir='ltr'><strong>αγρεε.</strong></span> 
     </span>
    </p>
   </div>
   <div class='ocr_carea' id='block_1_117' title="bbox 2196 5578 3803 5640">
    <p class='ocr_par' dir='ltr' id='par_1_117' title="bbox 2196 5578 3803 5640">
     <span class='ocr_line' id='line_1_117' title="bbox 2196 5578 3803 5640; baseline 0 -2"><span class='ocrx_word' id='word_1_883' title='bbox 2196 5579 2349 5638; x_wconf 87' lang='lat' dir='ltr'><strong>codd.</strong></span> <span class='ocrx_word' id='word_1_884' title='bbox 2380 5578 2511 5634; x_wconf 76' lang='lat' dir='ltr'><strong>fides</strong></span> <span class='ocrx_word' id='word_1_885' title='bbox 2556 5593 2662 5633; x_wconf 82' lang='lat' dir='ltr'><strong>uua</strong></span> <span class='ocrx_word' id='word_1_886' title='bbox 2706 5578 2825 5636; x_wconf 81' lang='lat' dir='ltr'><strong>cum</strong></span> <span class='ocrx_word' id='word_1_887' title='bbox 2868 5583 3101 5640; x_wconf 88' lang='lat' dir='ltr'><strong>auctoris</strong></span> <span class='ocrx_word' id='word_1_888' title='bbox 3147 5582 3440 5638; x_wconf 84' lang='lat' dir='ltr'><strong>intentione</strong></span> <span class='ocrx_word' id='word_1_889' title='bbox 3470 5579 3803 5639; x_wconf 55' lang='lat' dir='ltr'><strong>maniYEstu</strong></span> 
     </span>
    </p>
   </div>
   <div class='ocr_carea' id='block_1_118' title="bbox 3872 4310 3917 4353">
    <p class='ocr_par' dir='ltr' id='par_1_118' title="bbox 3872 4310 3917 4353">
     <span class='ocr_line' id='line_1_118' title="bbox 3872 4310 3917 4353; baseline 0 0"><span class='ocrx_word' id='word_1_890' title='bbox 3872 4310 3917 4353; x_wconf 44' lang='grc' dir='ltr'>Κ</span> 
     </span>
    </p>
   </div>
   <div class='ocr_carea' id='block_1_119' title="bbox 3922 4430 4051 4565">
    <p class='ocr_par' dir='ltr' id='par_1_119' title="bbox 3922 4430 4051 4565">
     <span class='ocr_line' id='line_1_119' title="bbox 3922 4430 4051 4565; baseline 0.031 -48"><span class='ocrx_word' id='word_1_891' title='bbox 3922 4430 4051 4565; x_wconf 24' lang='grc' dir='ltr'><strong>κικ-</strong></span> 
     </span>
    </p>
   </div>
   <div class='ocr_carea' id='block_1_120' title="bbox 3916 5023 4248 6197">
    <p class='ocr_par' dir='ltr' id='par_1_120' title="bbox 3921 5023 4244 6197">
     <span class='ocr_line' id='line_1_120' title="bbox 3921 5023 4244 6197; baseline 0 0"><span class='ocrx_word' id='word_1_892' title='bbox 3921 5023 4244 6197; x_wconf 66' lang='lat' dir='ltr'><strong>ti</strong></span> 
     </span>
    </p>
   </div>
  </div>
