4262 6236
1556 58 1781 67 ν--ῄ
1612 64 1615 65 ν
1804 58 1881 65 Mr
1908 58 1977 65 te
1994 58 1997 59 ν
2014 58 2557 73 WwM‘
2590 60 2599 63 τ
2624 60 2647 63 μ
2702 58 3215 77 τέ-υσ--ιέ-ξω-εεπττω

512 325 618 383 εδδ
1285 286 1608 380 autum.
1643 356 1713 367 -
1751 321 1952 379 unm
1984 312 2073 377 bs
2109 318 2525 379 nummus
2561 323 2648 379 er
2691 323 2907 383 vrtus.
3606 328 3716 389 est

511 440 888 505 vitiorum,»
1654 437 1835 513 omnia
1872 431 2376 498 curru-Adonim
2412 433 2737 503 debetcsse,
2767 447 2825 493 et
2867 438 3133 510 imperare
3182 440 3716 507 carni;ettarofa—

511 528 847 601 ptamtis
888 528 977 584 vel
1026 528 1217 584 incasti
1264 528 1509 599 corporis
1558 527 1894 584 diversarum
1931 530 2062 584 vitia
2159 523 2911 590 mula,etobediredomin:e
2941 545 3077 597 sua,
3112 531 3292 597 idest,
3341 532 3717 591 rationaliani—

511 616 774 694 pullulant
786 618 1145 689 iniquitatem.
1173 617 1251 675 De
1273 618 1467 688 quibus
1483 631 1655 689 pauca
1675 618 1858 675 dicere
1882 628 2060 691 ratum
2157 622 2277 670 mae.
2305 615 2436 684 Qui
2485 615 2769 674 fornicatio
2818 618 2879 673 nt
2913 631 3011 690 per
3056 621 3486 678 cumulationem
3538 625 3715 680 carnis

510 710 781 775 duximus,
801 708 888 765 vel
907 723 974 764 ex
1000 708 1193 780 quibus
1240 706 1511 764 radicibus
1541 708 1634 778 qui
1676 708 1813 764 rami
1858 709 2063 764 vitiosa:

513 797 917 870 germinatiouis
938 799 1186 853 crescere
1208 795 1521 860 videantur;
1542 802 1602 850 ut
1621 796 1760 852 sciat
1776 796 2065 864 unusquis-

511 899 619 959 que
638 887 906 942 radicibus
945 885 1273 957 exstirpatis,
1322 883 1531 941 facilius
1560 896 1740 941 ramos
1770 885 2061 956 praeidere

511 989 689 1049 posse.
728 976 965 1033 Primum
1013 977 1202 1032 vitium
1242 984 1327 1032 est
1353 977 1647 1046 spirituale,
1701 977 1968 1048 superbia,
1993 977 2063 1032 de

514 1081 620 1135 qua
644 1065 878 1121 dicitur:
913 1063 1134 1119 Initium
1157 1064 1325 1120 omnis
1369 1066 1566 1136 percuti
1599 1065 1842 1136 superbia
1891 1064 2057 1137 (Eccl.

512 1169 567 1219 ι,
605 1153 714 1226 l5),
747 1170 869 1225 qua
884 1155 1075 1234 regina
1098 1162 1185 1211 est
1203 1142 1443 1211 omnium
1466 1146 1748 1222 malorum,
1774 1171 1873 1226 per
1899 1172 2062 1227 quam

515 1244 689 1314 angeli
740 1244 1055 1301 ceciderunt
1100 1244 1171 1301 de
1214 1245 1374 1312 celo,
1424 1260 1543 1317 qua!
1570 1245 1634 1300 ﬁt
1655 1261 1723 1301 ex
1752 1256 2062 1318 contemptu

512 1332 889 1389 mandatorum
922 1333 1039 1390 Dei.
1069 1333 1158 1403 Fit
1178 1335 1371 1401 etum,
1384 1335 1601 1406 quando
1627 1335 1885 1390 attollitur
1906 1329 2061 1391 mens

511 1423 579 1478 de
613 1423 771 1480 bonis
818 1426 1087 1495 operibus,
1146 1425 1303 1499 ιιι
1334 1434 1471 1483 etse
1518 1426 1794 1483 meliorem
1833 1428 2064 1482 aestimat

511 1512 653 1578 aliis,
681 1512 808 1568 dum
828 1513 883 1569 in
904 1528 971 1569 eo
996 1514 1110 1585 ipse
1128 1515 1279 1586 pejor
1301 1514 1420 1571 aliis
1444 1522 1547 1581 est,
1575 1528 1683 1586 quo
1706 1530 1766 1570 se
1785 1513 2060 1570 meliorem

510 1609 681 1671 putat.
710 1602 795 1658 Fit
820 1604 984 1659 etiam
1008 1619 1106 1674 per
1127 1606 1520 1661 contumaciam
1552 1595 1822 1676 superbia,
1847 1606 2062 1678 quando

512 1690 813 1764 despiciunt
841 1696 1084 1753 homines
1111 1698 1411 1775 senioribus
1430 1694 1647 1754 obedire
1682 1699 1813 1754 suis.
1844 1698 1923 1753 Ex
1945 1696 2061 1767 ipsa

510 1757 640 1837 vero
666 1787 907 1865 nascitur
924 1789 1099 1843 omnis
1125 1770 1504 1851 inobedientia,
1531 1794 1586 1842 et
1613 1788 1787 1859 omnis
1808 1757 2061 1855 pra-stimo
2090 1757 2139 1817 Β

510 1872 643 1941 ptio,
682 1883 738 1930 et
784 1879 960 1934 omnis
1000 1874 1321 1949 pertinacia,
1369 1874 1759 1942 contentiones,
1802 1877 2055 1939 haereses,

511 1966 837 2033 arrogantia.
862 1965 941 2038 [In
963 1968 1173 2039 lnquela
1200 1968 1423 2035 clamor,
1447 1969 1500 2023 in
1533 1968 1898 2024 taciturnitate
1918 1981 2061 2020 ama-

509 2050 706 2118 ritudo,
733 2055 978 2112 excelsus
1004 2066 1059 2112 et
1077 2058 1278 2115 effusus
1300 2060 1354 2113 in
1379 2059 1561 2114 ltetitia
1588 2060 1746 2123 risus,
1778 2058 2061 2113 irrationa-

507 2136 631 2193 bilis
662 2140 717 2195 in
747 2143 1039 2198 serenitate
1058 2146 1299 2213 tristitia,
1332 2147 1387 2201 in
1442 2148 1791 2217 responsione
1842 2161 2055 2210 rancor,

509 2224 718 2285 falsitas
739 2231 792 2286 in
823 2247 1085 2288 sermone.
1118 2234 1294 2289 Verba
1324 2238 1524 2305 passim
1571 2238 1688 2292 sine
1728 2236 1832 2291 ulla
1882 2218 2058 2290 cordis

510 2318 775 2388 gravitate
797 2324 1149 2393 erumpentia,
1174 2326 1395 2380 audacia
1430 2326 1498 2379 ad
1534 2326 1889 2381 contumelias
1922 2324 2059 2379 irro-

507 2394 732 2477 ga‘ndas,
765 2411 831 2464 ad
867 2413 1173 2469 tolerandas
1216 2414 1667 2485 pusillanimitas.]
1700 2414 1827 2481 Quae
1876 2413 2057 2468 omnia

509 2499 648 2554 mala
697 2515 825 2556 vera
870 2502 1143 2559 humilitas
1190 2504 1370 2560 famuli
1422 2506 1514 2561 Dei
1547 2505 1800 2576 perfacile
1843 2506 2057 2559 vincere

510 2587 661 2657 illa,
687 2591 902 2665 curare]
933 2596 1146 2663 poterit.
1181 2594 1490 2666 [Humilitas
1540 2611 1667 2650 vera
1710 2603 1813 2660 est,
1840 2603 1900 2649 ut
1924 2595 2059 2649 dixi-

510 2695 649 2746 mus,
673 2684 911 2739 veritatis
933 2699 1237 2742 sermonem
1264 2688 1536 2742 humiliter
1578 2687 1783 2753 audire,
1807 2687 2063 2741 memori-1

480 2769 494 2780 ’
510 2779 592 2825 ter
617 2774 873 2842 retinere,
901 2776 1199 2833 voluntarie
1223 2776 1530 2850 perficere]

1041 2909 1266 2966 CAPUT
1302 2886 1553 2966 xxvan

1173 3000 1261 3057 De
1285 3002 1429 3073 gula.

2157 720 2281 761 cum
2314 704 2513 761 femina
2539 707 2795 778 qualibet,
2822 709 2907 764 vel
2947 711 3113 764 etiam
3144 710 3255 765 alia
3279 725 3598 782 quacunque
3618 714 3718 768 im-

2157 796 2419 852 munditia
2459 797 2531 852 ad
2573 798 2894 869 explendum
2941 800 3174 855 libidinis
3200 801 3464 857 ardorem.
3508 803 3584 859 De
3607 819 3713 874 qua

2158 884 2559 959 [fornicatione]
2588 889 2833 945 nascitur
2855 890 3070 946 cacitas
3108 892 3327 957 mentis,
3354 892 3715 949 incunstantia

2156 975 2432 1031 oculorum
2480 978 2563 1031 vel
2616 979 2781 1033 totius
2832 981 3071 1050 corporis
3117 992 3272 1055 amor
3298 982 3713 1047 immoderatus;

2156 1078 2299 1133 sape
2333 1060 2626 1139 periculum
2674 1066 2817 1127 vitae,
2862 1067 3103 1134 lascivia,
3135 1066 3287 1138 joca,
3324 1070 3638 1139 petulantia,
3662 1080 3718 1125 et

2157 1154 2332 1209 omnis
2355 1154 2742 1210 incontinentia
2768 1170 2784 1221 ;
2822 1156 3003 1212 odium
3030 1159 3404 1215 mandatorum
3430 1160 3545 1225 Dei,
3568 1173 3719 1215 men-

2158 1243 2229 1298 tis
2251 1243 2547 1308 enervatio,
2570 1252 2626 1298 et
2646 1244 2855 1315 injustas
2872 1238 3193 1316 cupiditates
3212 1264 3229 1314 ;
3255 1249 3577 1320 negligentia
3590 1250 3712 1304 vita:

2158 1332 2370 1400 futurae,
2403 1340 2460 1388 et
2478 1335 2763 1404 praesentis
2803 1335 3088 1393 delectatio
3115 1336 3269 1410 [ΠΜ
3296 1337 3553 1411 dilectio].
3586 1340 3715 1405 Qum

2159 1422 2389 1478 vincitur
2408 1438 2505 1493 per
2528 1424 2832 1480 castitatem
2874 1433 2931 1480 et
2960 1426 3347 1483 continentiam
3377 1438 3711 1493 consuetam,

2158 1516 2213 1565 et
2240 1511 2662 1567 recordationem
2708 1512 2846 1582 ignis
2873 1514 3082 1581 etin-ni,
3107 1523 3166 1570 et
3204 1517 3450 1572 timorem
3476 1530 3713 1586 prmscn-
3786 1586 3791 1589 κ

2159 1602 2246 1657 tiae
2272 1602 2580 1681 sempiterni
2607 1603 2702 1659 Dei
2732 1603 2853 1677 [nos
2876 1605 3069 1677 ubique
3087 1612 3143 1663 et
3161 1621 3323 1677 opera
3344 1614 3529 1664 nostra
3548 1607 3714 1677 inspi-

2159 1691 2350 1747 cientis

2351 1690 2373 1764 1
2732 1764 2957 1822 CAPUT
2984 1765 3149 1820 XXX.

2771 1856 2848 1911 De
2882 1857 3127 1910 avaritia.

2226 1945 2463 2001 Avaritia
2484 1956 2568 2003 est
2590 1948 2750 2002 nimia
2772 1947 3079 2002 divitiarum
3105 1947 3436 2018 acquirendi,
3460 1944 3711 2015 habendi,

2156 2035 2241 2090 vel
2285 2036 2500 2090 tenendi
2544 2037 2825 2105 cupiditas,
2874 2051 2993 2107 qua:
3029 2038 3198 2106 pestis
3240 2038 3573 2109 inexplebilis
3604 2047 3709 2094 est.

2160 2124 2312 2180 Sicut
2337 2126 2675 2195 hydropicus,
2724 2127 2815 2195 qui
2840 2134 3043 2197 quanto
3080 2126 3199 2197 plus
3235 2127 3386 2192 bibit,
3414 2138 3565 2184 tanto
3587 2129 3707 2199 plus

2154 2216 2232 2272 illi
2269 2216 2387 2271 sitis
2408 2217 2669 2272 accrescit
2696 2216 2847 2289 μὴ,
2886 2218 3065 2272 addita
3093 2217 3346 2288 crescit]:
3379 2219 3459 2274 sic
3486 2220 3710 2276 avaritia

2154 2312 2357 2376 quanto
2397 2305 2567 2373 magis
2595 2305 2776 2370 habet,
2809 2314 2957 2361 tanto
2981 2305 3101 2375 plus
3132 2304 3377 2379 [habere]
3422 2308 3704 2367 desiderat.

2157 2393 2224 2447 Et
2248 2394 2371 2447 dum
2421 2395 2609 2449 modus
2639 2410 2745 2450 non
2803 2404 2888 2450 est
2913 2396 2987 2451 illi
3027 2397 3081 2451 in
3126 2397 3388 2464 habendo,
3420 2400 3607 2454 modus
3629 2397 3710 2454 illi

2155 2497 2263 2539 non
2283 2483 2387 2537 erit
2411 2483 2463 2537 in
2476 2483 2844 2539 desiderando.
2867 2483 3029 2554 Cujus
3049 2500 3245 2553 genera
3269 2484 3418 2555 μίση
3446 2485 3709 2561 germina]

2156 2581 2281 2627 sunt
2314 2573 2531 2638 invidia,
2560 2573 2720 2639 furta,
2751 2573 3053 2638 latrocinia,
3080 2574 3387 2639 homicidia,
3413 2575 3709 2637 mendacia,

2154 2657 2421 2733 periuria,
2453 2663 2671 2733 rapinae,
2702 2663 2987 2727 violentiae,
3020 2664 3349 2734 inquietudo,
3409 2661 3604 2729 injusta
3626 2663 3709 2732 ju-

2154 2752 2312 2815 dicia,
2338 2757 2673 2820 contemptus
2700 2752 2962 2816 veritatis,
2992 2750 3186 2805 futurae
3214 2750 3560 2805 beatitudinis
3582 2749 3711 2803 obli-

2154 2840 2259 2902 vio,
2291 2839 2570 2894 obduratio
2623 2840 2819 2894 cordis.
2864 2839 2989 2905 Quae
3028 2839 3087 2893 iit
3130 2838 3283 2909 [31³.ν
3308 2854 3426 2908 qua:
3452 2839 3557 2910 est]
3589 2855 3711 2895 con-

2154 2928 2318 2983 traria
2343 2929 2738 2993 misericordiae,
2768 2926 3121 2999 eleemosynis
3142 2929 3195 2982 iu
3225 2944 3507 3000 pauperes,
3530 2940 3585 2985 et
3610 2931 3706 2986 tot;

2152 3015 2337 3089 pietati
2363 3019 2415 3072 in
2442 3019 2686 3075 miseros.
2718 3018 2846 3086 Quae
2868 3019 3101 3073 vincitur
3128 3033 3225 3089 per
3246 3018 3493 3075 timorem
3516 3016 3631 3082 Dei,
3655 3023 3711 3073 et

578 3102 812 3165 Primum
838 3120 923 3166 est
945 3111 1219 3181 corporale
1273 3120 1549 3182 peccatum
1595 3111 1736 3183 gula,
1770 3110 1823 3165 id
1848 3113 1951 3175 est,
1980 3111 2055 3165 in-
2078 3092 2123 3154 c
2155 3125 2249 3180 per
2269 3109 2559 3163 fraternam
2580 3110 2916 3174 charitatem,
2940 3117 2995 3164 et
3011 3122 3106 3177 per
3124 3121 3285 3177 opera
3307 3105 3708 3167 misericordia'.

424 3236 435 3250 .
473 3207 481 3214 ‘
511 3208 816 3270 temperans
839 3202 945 3257 cibi
970 3201 1053 3257 vel
1075 3210 1231 3272 potus
1265 3203 1530 3272 voluptas,
1574 3218 1669 3273 per
1695 3218 1854 3272 quam
1896 3202 2053 3272 primi

509 3300 762 3356 parentes
790 3293 1005 3347 humani
1025 3294 1237 3363 generis
1263 3295 1497 3363 paradisi
1530 3294 1840 3349 felicitatem
1884 3293 2057 3363 perdi-

509 3382 720 3448 derunt,
775 3392 831 3437 et
855 3384 910 3437 in
959 3384 1098 3439 hanc
1130 3401 1486 3441 aerumnosam
1524 3387 1682 3457 hujus
1722 3387 1845 3439 vitae
1874 3384 2056 3455 [mise-

511 3470 666 3543 riam]
698 3472 889 3542 deiecti
911 3483 1071 3537 sunt;
1103 3476 1191 3529 ubi
1218 3477 1394 3529 omnis
1440 3476 1600 3529 homo
1640 3488 1738 3543 per
1774 3481 2053 3543 peceatum

510 3562 767 3625 nascitur,
797 3578 894 3632 per
938 3562 1172 3618 laborem
1200 3564 1351 3629 vivit,
1387 3579 1483 3633 per
1527 3564 1763 3620 dolorem
1808 3563 2051 3617 moritur.

510 3653 638 3721 Quae
672 3654 840 3708 tribus
868 3654 1037 3708 modis
1092 3669 1317 3724 regnare
1361 3654 1575 3708 videtur
1618 3654 1671 3707 in
1718 3653 1969 3732 homine;
2003 3652 2056 3707 id

509 3755 612 3801 est.
642 3744 767 3799 dum
800 3745 960 3801 homo
981 3745 1167 3799 horam
1222 3745 1543 3809 canonicam,
1559 3752 1616 3798 et
1641 3751 1894 3799 statutam
1923 3744 2057 3815 gulre

509 3849 670 3901 causa
701 3837 994 3908 anticipare
1027 3837 1191 3907 cupit,
1221 3844 1315 3891 aut
1356 3835 1732 3906 exquisitiores
1778 3836 1924 3891 cibos
1952 3832 2055 3888 sibi

509 3939 811 3992 praeparare
830 3925 998 3993 jubet,
1028 3942 1190 3998 quam
1214 3926 1510 3982 necessitas
1546 3925 1805 3996 corporis,
1834 3923 1918 3977 vel
1947 3937 2057 3978 sum

506 4014 737 4083 qualitas
790 4029 1033 4082 personae
1085 4018 1286 4085 exigat,
1328 4016 1426 4070 vel
1477 4017 1525 4070 si
1563 4016 1683 4085 plus
1729 4015 1955 4086 accipiet
2000 4015 2053 4070 in

507 4107 712 4162 edendo
729 4105 814 4161 vel
840 4106 1068 4162 bibendo
1104 4116 1322 4177 propter
1343 4107 1666 4163 desiderium
1701 4106 2059 4176 intemperan-

512 4201 596 4255 tite
611 4212 738 4264 suae,
769 4212 927 4268 quam
947 4213 1057 4253 sure
1080 4198 1323 4270 proﬁciat
1356 4200 1532 4255 saluti.
1584 4199 1659 4255 De
1683 4214 1788 4269 qua
1817 4199 1937 4271 gula
1965 4214 2061 4253 ua-

510 4293 678 4347 scitur
698 4291 875 4362 inepta
888 4290 1089 4358 ltetitie,
1104 4291 1419 4357 scurrilitas,
1444 4290 1655 4355 levitas,
1670 4290 2054 4359 vaniloquium,

508 4381 843 4437 immunditia
897 4381 1154 4452 corporis,
1203 4378 1522 4442 instabilitas
1548 4377 1761 4443 mentis,
1799 4377 2052 4439 ebrietas,

508 4467 713 4523 libido:
760 4471 885 4539 quia
927 4484 995 4525 ex
1039 4469 1318 4525 saturitate
1364 4467 1565 4523 ventris
1612 4466 1776 4521 libido
1812 4464 2056 4535 corporis

384 4582 393 4595 -
507 4557 830 4627 congeritur,
856 4574 974 4628 qum
992 4575 1089 4629 per
1105 4559 1310 4630 jejunia
1334 4566 1392 4617 et
1430 4558 1830 4623 abstinentiam,
1857 4564 1913 4611 et
1931 4569 2056 4625 ope-

509 4650 585 4705 ris
618 4646 897 4722 cujuslibet
939 4649 1309 4719 assiduitatem
1359 4650 1559 4720 optimc
1599 4648 1848 4704 vincitur.
1886 4646 2059 4721 [Com—

509 4739 687 4796 munis
714 4737 857 4801 enim
886 4744 971 4791 est
998 4736 1179 4807 regula
1219 4724 1471 4805 bmnibus
1524 4736 1786 4807 religiosis
1824 4739 1970 4793 sanis
2004 4743 2059 4792 et

508 4833 758 4911 inﬁrmis,
790 4831 931 4887 utde
968 4812 1328 4900 qualicunque
1353 4827 1474 4883 cibo
1501 4840 1775 4897 nunquam
1804 4828 2060 4898 impleant

514 4923 799 4996 mtrem]

1083 5008 1307 5068 CAPUT
1337 5009 1523 5065 XXIX.

1070 5100 1148 5156 Ds
1179 5099 1541 5170 fornicatione.

580 5207 884 5265 Fornicatio
910 5217 995 5263 est
1013 5209 1189 5281 omnis
1230 5207 1520 5280 corporalis
1550 5204 1908 5273 immunditla,
1939 5222 2057 5279 quae

511 5298 646 5355 solet
673 5297 783 5353 fieri
806 5308 873 5351 ex
900 5296 1293 5353 incontinentis
1320 5297 1575 5361 libidinis,
1610 5301 1664 5350 et
1703 5293 1924 5349 mollitia
1945 5298 2060 5363 ani-

481 5450 484 5454 ,
511 5396 634 5457 ωω,
661 5404 781 5460 qua:
805 5386 1075 5445 consentit
1101 5401 1212 5442 sua
1252 5389 1403 5444 carni
1443 5401 1689 5461 peccare.
1722 5383 1855 5440 Nam
1880 5388 2059 5443 anima

514 5525 781 5590 reclamat.
814 5494 1217 5590 Quaen-rasos.
1262 5550 1330 5562 —-
1358 5519 1417 5576 in
1449 5520 1631 5578 codice
1671 5518 1930 5575 Vaticano
1948 5521 2059 5577 .650

516 5588 649 5651 i‘u-l'
676 5605 799 5647 saec.
826 5588 879 5646 it
907 5591 1184 5662 sequentia
1212 5590 1384 5662 capita
1410 5592 1465 5662 in
1490 5591 1623 5662 duos
1645 5597 1903 5662 tractatus
1926 5590 2057 5662 divi-

516 5665 732 5728 duntur,
771 5657 1000 5733 quorum
1042 5661 1243 5732 primus
1276 5657 1595 5717 inscribitur
1629 5698 1642 5715 .
1694 5657 1923 5714 Dictatus
1959 5659 2047 5713 Ai-

2154 3212 2208 3257 et
2226 3217 2324 3270 per
2350 3202 2713 3270 eleemosynas
2740 3201 2792 3253 in
2838 3214 3121 3268 pauperes,
3146 3204 3201 3251 et
3220 3212 3316 3267 per
3342 3212 3491 3265 spem
3522 3196 3713 3251 futura:

2154 3290 2513 3352 beatitudinis,
2554 3289 2679 3343 dum
2704 3286 2852 3341 falsa:
2876 3284 3034 3354 hujus
3079 3285 3260 3341 saeculi
3291 3285 3486 3341 divitia:
3520 3282 3712 3339 futurae

2150 3379 2495 3435 beatitudinis
2520 3367 2662 3433 veris
2688 3377 2888 3433 divitiis
2914 3379 3217 3433 vincuntur.

2604 3489 2759 3562 ιω
2800 3485 3027 3546 CAPUT
3075 3488 3261 3543 xxxx.

2830 3576 2907 3637 De
2940 3577 3040 3635 ira.

2224 3681 2304 3734 Ira
2330 3694 2433 3733 una
2464 3686 2546 3732 est
2571 3676 2637 3733 de
2657 3685 2783 3731 octo
2802 3673 2947 3728 vitiis
2968 3665 3353 3740 principalibus
3369 3709 3384 3735 ,
3411 3685 3529 3739 quae
3554 3666 3596 3725 si
3628 3687 3709 3725 ra—

2153 3771 2297 3824 tione
2324 3784 2427 3822 non
2450 3767 2673 3837 regitur,
2699 3767 2753 3820 in
2780 3765 3015 3819 furorem
3048 3762 3277 3818 vertitur
3303 3776 3317 3814 :
3343 3762 3415 3817 ita
3446 3771 3504 3817 ut
3542 3764 3711 3818 homo

2154 3858 2235 3912 sui
2266 3856 2430 3911 animi
2454 3857 2713 3926 impotens
2733 3855 2837 3909 erit
2858 3852 3008 3926 [lis.,
3037 3850 3173 3923 ﬁat],
3198 3851 3401 3908 faciens
3437 3868 3555 3922 quae
3604 3870 3709 3908 non

2153 3948 2419 4005 convenit.
2448 3947 2572 4002 llaec
2608 3948 2750 4003 enim
2789 3946 2833 4002 si
2872 3945 3019 4000 cordi
3050 3944 3233 4000 insidit
3264 3942 3416 4016 μη,
3469 3943 3709 4015 insidet],
3824 4024 3827 4027 Ἴ

2154 4057 2368 4099 omnem
2398 4041 2585 4097 eximit
2608 4042 2675 4095 ab
2704 4054 2769 4095 eo
2804 4038 3193 4110 providentiam
3235 4036 3387 4100 facti,
3440 4051 3539 4091 nec
3566 4034 3713 4104 judi-

2156 4137 2299 4192 cium
2325 4142 2486 4189 rectae
2514 4131 2825 4187 directionis
2849 4129 3001 4202 [Ms.,
3042 4125 3403 4196 discretionis]
3416 4126 3709 4195 inquirere,

2155 4238 2256 4279 nec
2289 4224 2529 4277 honesta:
2553 4218 3009 4286 contemplationis
3031 4216 3307 4277 virtutem,
3344 4228 3446 4268 nec
3480 4212 3708 4267 maturi-

2155 4318 2320 4364 tatem
2348 4307 2554 4364 consilii
2582 4307 2779 4359 habere
2808 4303 3025 4375 poterit,
3072 4302 3167 4357 sed
3193 4300 3375 4356 omnia
3427 4317 3528 4372 per
3574 4294 3713 4371 prro-

2154 4397 2395 4469 cipitium
2430 4394 2698 4466 quoddam
2736 4391 2913 4448 facere
2936 4392 3162 4447 videtur.
3187 4390 3262 4447 De
3283 4405 3406 4461 qua,
3425 4391 3477 4446 id
3500 4402 3580 4447 est
3606 4393 3710 4456 ira,

2157 4486 2381 4560 pullulat
2401 4493 2579 4540 tumor
2607 4482 2827 4548 mentis,
2849 4482 2980 4537 rixze
3015 4490 3072 4537 et
3092 4480 3449 4547 contumeliae,
3472 4480 3675 4536 clamor
3696 4523 3710 4545 ,

2158 4572 2470 4648 indignatio,
2499 4573 2862 4645 pnesumptio,
2888 4571 3251 4642 blasphemim,
3278 4570 3554 4641 sanguinis
3569 4569 3703 4624 effu-

2159 4669 2260 4733 sio,
2296 4666 2604 4729 bomicidia,
2627 4664 2915 4719 ulciscendi
2942 4660 3230 4732 cupiditas,
3250 4656 3565 4729 iniuriarum
3595 4676 3707 4714 tne-

2159 4759 2345 4815 moria.
2383 4756 2511 4823 Quae
2536 4755 2770 4825 vincitur
2799 4765 2900 4822 per
2921 4751 3236 4822 patientiam
3263 4760 3320 4806 et
3341 4751 3714 4822 longanimita-

2159 4859 2290 4917 tem,
2317 4857 2374 4905 et
2411 4862 2507 4917 per
2548 4845 2814 4899 rationem
2858 4838 3291 4917 intellectualem,
3339 4854 3501 4911 quam
3549 4834 3712 4906 Deus,

2161 4910 2351 4997 inserit
2393 4910 2663 4993 mentibus
2717 4930 2991 4997 humanis,
3024 4910 3095 4986 et‘
3134 4946 3231 5001 per
3284 4910 3712 5003 recordationmn

2161 5029 2497 5103 [injuriarum
2518 5033 2573 5080 et
2588 5024 2915 5094 passionum,
2943 5037 3078 5091 quas
3098 5036 3197 5091 pro
3220 5022 3373 5076 nobis
3388 5018 3580 5090 injuste
3594 5037 3627 5090 p
3648 5038 3714 5073 »νο

2162 5124 2279 5179 tulit
2342 5118 2619 5182 Christus;
2678 5122 2741 5171 et
2774 5129 2871 5185 per
2911 5113 3247 5186 memoriam]
3296 5113 3569 5169 Orationis
3613 5113 3713 5165 Do-

2159 5213 2387 5277 minicaa,
2418 5209 2509 5263 ubi
2540 5206 2650 5264 Deo
2675 5207 2873 5263 dicitur
2905 5224 2920 5260 :
2952 5205 3167 5261 Dimitte
3205 5206 3350 5260 nobis
3395 5203 3566 5257 debita
3621 5221 3712 5255 no-

2162 5314 2295 5369 atra,
2308 5302 2441 5357 sicut
2457 5309 2504 5355 et
2527 5317 2618 5355 nos
2642 5299 2949 5354 dimittimus
2964 5297 3277 5353 debitoribus
3295 5295 3483 5350 nostris
3497 5293 3709 5351 (Matth.

2163 5411 2240 5461 vt,
2275 5392 2381 5465 ιε).

2162 5526 2386 5649 arrisit}?
2412 5538 2523 5582 octo
2560 5529 2691 5585 vitiis
2716 5523 3084 5598 principalibus
3107 5540 3125 5590 ;
3154 5522 3288 5579 alter
3379 5520 3452 5577 De
3488 5532 3709 5594 quatuor

2162 5608 2327 5649 t'tt'lttl
2366 5612 2444 5649 us.
2530 5646 2540 5649 _

2161 5607 2444 5652 virtutibus.
2530 5646 2541 5657 ,
