4262 6212
499 333 602 392 655

1046 440 1270 499 CAPUT
1300 438 1510 494 XXXII.

1125 534 1203 587 De
1236 532 1441 587 acedia.
1500 532 1505 537 ⁷

569 649 767 705 Acedia
791 651 875 702 est
898 646 1089 717 pestis,
1114 647 1235 712 quae
1259 642 1371 697 Deo
1416 636 1804 694 famulantibus
1841 634 2065 689 multum
2100 665 2120 680 ς

498 756 695 796 nocere
720 739 998 808 probatur,
1035 735 1163 789 dum
1183 734 1391 787 otiosus
1426 730 1587 784 homo
1622 726 1879 796 torpescit
1903 725 1957 777 in
1976 723 2069 776 deo

500 832 714 887 sideriis
734 827 1060 890 carnalibus,
1096 839 1196 880 nec
1231 824 1285 878 in
1317 836 1479 890 opere
1526 817 1724 889 gaudet
1780 812 2068 884 spirituali,

501 939 601 979 nec
634 924 688 978 in
710 920 978 976 desiderio
1000 916 1152 990 [Ms.,
1178 918 1237 993 in
1257 913 1452 986 salute]
1487 913 1679 967 anima:
1704 926 1814 965 suae
1830 908 2069 970 laetatur,

501 1028 601 1069 nec
648 1013 704 1067 in
756 1010 1025 1081 adjutorio
1082 1006 1301 1062 fraterni
1344 1003 1547 1059 laboris
1594 998 1871 1055 hilarescit
1923 1014 1935 1047 :
1978 994 2073 1050 sed

504 1112 711 1159 tantum
737 1099 1072 1169 concupiscit
1093 1106 1148 1152 et
1180 1095 1471 1169 desiderat,
1508 1099 1565 1147 et
1598 1091 1773 1145 otiosa
1800 1102 1956 1142 mens
1974 1102 2075 1156 per

502 1194 681 1249 omnia
714 1192 985 1247 discurrit.
1018 1188 1141 1242 Haec
1165 1195 1247 1242 est
1268 1199 1386 1255 qua:
1410 1182 1640 1237 maxime
1654 1178 1946 1234 monachos
1977 1192 2073 1230 ex-

501 1284 643 1339 cutit
668 1281 733 1338 de
767 1279 902 1336 cella
934 1281 987 1333 in
1013 1277 1288 1339 saeculum,
1326 1283 1381 1327 et
1414 1274 1481 1328 de
1508 1257 1739 1342 regulari
1784 1282 2109 1325 conversa-.

505 1379 651 1431 tione
675 1374 820 1443 ejieit
840 1387 934 1428 eos
959 1372 1013 1425 in
1028 1369 1269 1436 abrupta
1291 1366 1562 1420 vitiorum.
1589 1362 1719 1428 Quae
1745 1375 1870 1414 cum
1918 1356 2079 1411 mise—

506 1464 729 1521 rabilem
753 1463 966 1517 obsidet
994 1458 1248 1518 mentem,
1284 1455 1466 1510 multis
1492 1468 1610 1508 eam
1640 1446 2076 1507 inficitmiseriis,

504 1569 625 1624 qua:
653 1555 819 1610 multa
850 1554 1006 1609 docet
1033 1551 1193 1607 mala.
1227 1551 1300 1605 De
1322 1563 1427 1617 qua
1488 1545 1729 1600 nascitur
1775 1540 2080 1597 somnolen-

506 1648 603 1708 tia,
634 1646 849 1718 pigritia
882 1645 1066 1713 operis
1091 1642 1242 1704 boni,
1296 1637 1619 1693 instabilitas
1656 1634 1776 1697 loci,
1824 1647 2085 1703 pervaga~

508 1740 585 1794 tio
603 1740 669 1794 de
691 1738 810 1791 loco
832 1737 885 1791 in
902 1736 1099 1799 locum,
1132 1731 1383 1802 tepiditas
1404 1726 1699 1789 laborandi,
1721 1724 1936 1780 aedium
1966 1738 2085 1778 cor-

509 1834 610 1897 dis,
642 1830 998 1887 murmuratio
1021 1836 1077 1882 et
1104 1824 1430 1894 inaniloquia
1478 1820 1614 1894 [ΑΙ.,
1670 1813 2076 1891 magniloquia].

508 1919 639 1987 Qum
673 1912 906 1974 vincitur
931 1932 1025 1988 per
1058 1915 1294 1971 studium
1325 1911 1595 1975 lectionis,
1648 1923 1744 1979 per
1792 1905 2079 1960 assiduita-

511 2022 619 2065 tem
647 2010 828 2081 eperis
846 2008 1002 2079 boni,
1027 2022 1124 2077 per
1149 2004 1473 2060 desiderium
1518 1999 1713 2055 futurae
1738 1997 2081 2069 pragmiorum

510 2096 875 2163 beatitudinis,
907 2111 1005 2167 per
1024 2093 1414 2150 confessionem
1436 2089 1773 2153 tentationis,
1826 2100 1987 2155 quam
2030 2084 2085 2137 in

513 2198 691 2243 mente
714 2188 899 2252 habet,
936 2201 1031 2257 per
1058 2184 1405 2239 stabilitatem
1427 2181 1528 2235 loci
1558 2187 1614 2234 et
1663 2176 1925 2249 propositi
1978 2172 2082 2237 sui,

514 2287 677 2350 atque
700 2278 1014 2333 exercitium
1040 2274 1331 2343 cujuslibet
1349 2273 1481 2326 artis
1506 2280 1562 2324 et
1604 2262 1829 2331 laboris,
1852 2266 1935 2321 vel
1962 2279 2085 2318 ora-

516 2369 723 2423 tionum
758 2376 813 2423 et
846 2368 1161 2439 vigiliarum
1187 2364 1520 2427 instantiam,
1562 2369 1623 2417 ut
1654 2373 1927 2429 nunquam
1952 2357 2093 2411 olio-

516 2477 610 2516 sus
635 2461 941 2515 inveniatur
968 2470 1155 2515 servus
1178 2458 1297 2513 Dei.
1324 2454 1601 2511 Difficilius
1629 2451 1833 2507 invenit
1849 2447 2093 2503 diabolus

518 2551 761 2606 tentandi
785 2550 962 2608 locum
984 2550 1038 2604 in
1066 2548 1280 2602 homine
1293 2559 1451 2615 quem
1472 2544 1526 2595 in
1541 2554 1701 2610 opere
1716 2537 1919 2593 invenit
1930 2536 2089 2597 bono,

518 2658 682 2712 quam
704 2643 757 2697 in
786 2657 852 2697 eo
878 2656 1038 2711 quem
1068 2639 1300 2695 otiosum
1329 2634 1530 2705 reperit
1550 2641 1613 2699 et
1631 2630 1764 2685 nihil
1780 2628 1903 2684 boni
1930 2638 2096 2695 agen-

522 2744 647 2788 tem.
1088 2718 1097 2721 ’
1154 2740 1160 2746 ·

1061 2816 1295 2874 CAPUT
1325 2806 1556 2868 XXXIII.

1130 2932 1210 2988 De
1253 2930 1492 2985 tristitia.

594 3049 850 3104 Tristitia:
874 3048 979 3103 duo
1014 3053 1139 3101 sunt
1164 3060 1359 3115 genera
1385 3059 1399 3094 :
1428 3052 1593 3096 unum
1618 3032 1974 3099 salutiferam,
2016 3032 2095 3087 al—

523 3152 701 3198 terum
735 3137 1067 3209 pestiferum.
1103 3106 1344 3191 Tristitia
1366 3124 1617 3188 salutaris
1644 3141 1747 3193 est,
1792 3126 2007 3197 quando
2031 3124 2098 3178 de
2125 3106 2171 3169 ε

523 3241 760 3303 peccatis
788 3229 899 3284 suis
932 3227 1143 3282 animus
1169 3223 1519 3279 contristatur
1559 3216 1879 3289 peccatoris,
1922 3222 1977 3269 et
2024 3214 2100 3267 ita

525 3323 899 3385 contristatur,
931 3327 993 3374 ut
1018 3316 1413 3374 confessionem
1445 3321 1499 3369 et
1532 3310 1907 3382 paenitentiam
1941 3322 2101 3379 agere

525 3422 753 3485 quaerat,
778 3421 834 3467 et
862 3412 1103 3467 converti
1126 3425 1185 3464 se
1210 3409 1279 3462 ad
1314 3407 1482 3465 Deum
1516 3404 1804 3459 desideret.
1855 3398 1973 3454 Alia
2020 3404 2104 3452 es‘t

528 3504 749 3561 tristitia
776 3499 935 3569 hujus
962 3498 1163 3561 seaculi,
1190 3511 1309 3566 qua:
1331 3502 1561 3549 mortem
1590 3498 1847 3562 operatur
1885 3488 2098 3549 animae,

528 3608 648 3665 qua:
674 3591 806 3647 nihil
834 3592 885 3644 in
910 3590 1053 3645 bono
1077 3601 1241 3656 opere
1254 3583 1516 3660 proficere
1532 3581 1695 3642 valet,
1714 3594 1833 3648 qum
1861 3575 2102 3630 animum

528 3686 829 3755 perturbat,
854 3690 907 3735 et
924 3694 1074 3749 saspe
1103 3679 1156 3731 in
1178 3673 1605 3744 desperationem
1644 3670 1832 3732 mittit,
1873 3676 1931 3721 ut
1960 3665 2106 3720 futu-

532 3753 715 3829 rorum
740 3787 892 3841 spem
927 3767 1179 3825 abstollat
1208 3763 1359 3836 [Ms.,
1412 3759 1644 3830 auferat]
1696 3760 1984 3813 bonorum.
2023 3753 2105 3809 Ex

506 3865 645 3932 ipsa
684 3861 923 3914 nascitur
948 3857 1176 3920 malitia,
1213 3869 1423 3917 rancor,
1475 3851 1637 3905 animi
1674 3844 2103 3917 pusillanimitas,

532 3949 859 4011 amaritudo,
885 3944 1213 4015 desperatio.
1245 3942 1399 4012 Saepe
1419 3940 1581 3995 etiam
1607 3946 1663 3993 et
1683 3936 1965 4007 praesentis
1980 3934 2107 3987 vita:

479 4099 483 4104 ,
536 4040 682 4095 nulla
705 4035 1013 4093 delectatio.
1050 4032 1181 4100 Quae
1204 4030 1436 4084 vincitur
1459 4044 1557 4097 per
1580 4028 1823 4079 laetitiam
1853 4024 2108 4093 spiritua—

534 4134 661 4191 lem.
684 4135 738 4182 et
760 4142 910 4198 spem
935 4123 1259 4183 futurorum,
1306 4126 1362 4172 et
1401 4116 1825 4173 consolationem
1871 4112 2113 4179 Scriptu-

532 4238 737 4288 rarum,
760 4229 816 4277 et
845 4218 1143 4273 fraternum
1169 4213 1245 4285 [in
1273 4210 1535 4283 Spirituali
1570 4198 2111 4279 jucunditatelcolio-

534 4314 739 4381 quium.

1076 4396 1301 4453 CAPUT
1330 4392 1562 4449 XXXIV.

607 4602 759 4659 Vana
788 4598 957 4671 gloria
991 4604 1095 4661 est,
1119 4597 1245 4648 dum
1277 4596 1438 4647 homo
1482 4590 1685 4658 appetit
1712 4590 1764 4640 in
1795 4588 1955 4640 bonis
1996 4582 2113 4638 suis

536 4691 767 4756 laudari,
796 4668 981 4745 etnon
1008 4688 1099 4753 dat
1142 4685 1251 4739 Deo
1283 4685 1545 4745 honorem
1578 4676 1717 4748 ,[sed
1764 4675 1863 4729 sibi
1918 4690 1930 4724 :
1986 4668 2108 4745 nec]

537 4786 731 4840 divinae
750 4783 979 4853 imputat
999 4777 1185 4850 gratiae
1205 4772 1462 4845 quidquid
1486 4770 1612 4825 boni
1641 4766 1789 4831 facit,
1804 4763 2107 4836 sed[quasi]

537 4892 603 4928 ex
633 4890 690 4930 se
714 4875 909 4928 habeat
934 4870 1016 4925 vel
1069 4867 1345 4924 secularis
1373 4863 1688 4935 dignitatem
1726 4855 1971 4920 honoris,
2026 4853 2110 4908 vel

540 4962 833 5033 spiritualis
870 4963 1119 5016 decorem
1147 4956 1444 5026 sapientiae,
1468 4951 1596 5006 dum
1624 4950 1786 5005 homo
1817 4944 1949 5001 nihil
1996 4943 2116 4998 abs-

540 5031 645 5123 que
666 5051 759 5107 Dei
786 5052 958 5121 gratia
988 5050 1072 5103 vel
1101 5046 1367 5115 adjutorio
1394 5042 1594 5098 habere
1620 5040 1791 5113 possit
1822 5036 1970 5102 boni,
2000 5031 2112 5093 Bic-

541 5154 602 5196 ut
663 5142 775 5213 ipsa
820 5138 1037 5193 Veritas
1082 5140 1133 5191 in
1177 5134 1466 5205 Evangelio
1514 5132 1793 5202 discipulis
1842 5130 1955 5185 suis
1991 5128 2109 5183 ait:

545 5232 673 5287 Sine
702 5249 781 5287 me
805 5227 937 5283 nihil
960 5228 1175 5299 potestis
1196 5224 1368 5293 facere
1397 5221 1451 5293 (1
1457 5240 1576 5276 oon.
1606 5238 1695 5286 xv,
1725 5220 1805 5292 5).
1834 5220 2112 5290 Quaprop-

544 5332 628 5377 ter
667 5321 758 5391 qui
801 5318 1081 5391 gloriatur,
1116 5314 1168 5367 in
1204 5311 1430 5366 Domino
1473 5309 1776 5380 glorietur:
1817 5309 1939 5377 quia
1978 5303 2111 5361 nihil

545 5412 661 5466 sine
684 5412 792 5465 Deo
827 5408 1061 5462 donante
1087 5398 1248 5474 144
1274 5400 1399 5455 boni
1428 5398 1624 5454 habere
1654 5398 1871 5468 poterit.
1896 5396 1975 5451 Ex
2020 5411 2115 5450 cu-

539 5503 628 5571 jus
654 5504 767 5557 vitii
805 5501 987 5555 radice
1037 5495 1190 5552 multi
1227 5492 1445 5548 malitia:
1501 5489 1808 5561 germinare
1864 5487 2115 5541 videntur

548 5581 882 5647 ramuscidi:
918 5589 1043 5648 inde
1078 5587 1364 5657 iactantia,
1417 5582 1747 5656 arrogantia,
1799 5580 2113 5650 indignatio,

1301 326 1360 380 B.
1400 326 1460 381 F.
1500 322 1724 378 ALBlNl
1762 322 1891 378 SEU
1929 318 2203 375 ALCUINI
2240 316 2523 373 OPERUM
2561 312 2737 369 PARS
2775 313 2862 369 IV.

3577 332 3583 337 -
3623 300 3731 361 650

2092 436 2141 492 Α
2170 430 2461 496 discordia,
2510 428 2686 483 inanis
2735 427 2920 498 gloria:
2960 395 3175 493 cupido,
3219 429 3273 477 et
3320 421 3381 482 by
3395 419 3645 490 pocrisis,
3679 418 3735 476 id

2164 531 2267 586 est,
2300 520 2574 578 simulatio
2612 516 2744 573 boui
2783 515 2986 587 operis,
3033 522 3154 569 cum
3207 512 3275 568 de
3296 527 3357 567 se
3410 513 3573 573 homo
3618 510 3738 568 vnit

2166 600 2398 679 laudari,
2419 610 2564 683 quod
2587 624 2647 681 se
2674 608 2835 679 agere
2859 606 3048 663 nescit.
3071 604 3185 662 lmo
3205 620 3344 674 pene
3387 604 3569 659 omnia
3614 618 3734 671 qua:

2164 702 2330 769 facit,
2355 716 2421 757 eo
2446 710 2634 780 tenore
2658 700 2785 769 agit,
2808 706 2870 754 ut
2905 699 2972 753 ab
3000 696 3308 753 hominibus
3337 694 3613 759 laudetur,
3668 694 3736 751 de

2168 792 2364 865 quibus
2415 792 2531 863 ipse
2561 790 2822 845 Dominus
2846 788 2960 842 ait:
2988 786 3153 849 Amen
3181 784 3297 839 dico
3330 784 3498 849 vobis,
3532 799 3738 852 recepe-

2168 894 2293 940 runt
2319 883 2606 939 mercedem
2632 897 2783 936 suam
2807 877 3021 953 (Matth.
3044 895 3121 946 vr,
3167 878 3246 949 2).
3302 876 3351 949 [ι
3380 877 3495 932 ista.
3548 876 3739 946 pestis,

2172 975 2350 1039 idest,
2377 988 2516 1027 vana
2541 972 2729 1042 gloria,
2754 969 3099 1025 multiformis
3124 967 3354 1023 avaritia
3366 975 3473 1030 est,
3503 973 3560 1020 et
3588 966 3743 1020 undi—

2174 1080 2281 1133 que
2300 1062 2549 1119 bellatori
2572 1069 2761 1117 contra
2798 1060 2931 1115 vitia
2958 1058 3241 1129 pugnanti,
3279 1066 3336 1112 et
3353 1072 3420 1109 ex
3443 1056 3590 1109 omni
3617 1068 3745 1122 pan-
3826 1096 3835 1097 κ

2177 1163 2231 1209 te
2268 1153 2461 1208 victori
2488 1152 2653 1206 etiam
2678 1151 2933 1205 vitiorum
2960 1147 3219 1204 occurrit.
3253 1145 3387 1200 Nam
3412 1145 3535 1199 etin
3557 1145 3748 1199 habitu

2176 1246 2310 1308 etin
2366 1244 2541 1298 forma
2553 1216 2817 1313 corporii,
2846 1241 2903 1295 in
2925 1240 3162 1303 incessu,
3193 1238 3246 1292 in
3270 1250 3421 1301 voce,
3451 1244 3508 1289 et
3538 1236 3591 1289 in
3619 1249 3751 1304 epe-

2179 1350 2261 1401 re,
2304 1334 2358 1388 in
2379 1333 2601 1404 vigiliis,
2627 1332 2679 1385 in
2696 1329 2947 1400 jejuniis,
2964 1329 3022 1382 in
3047 1328 3317 1391 oratione,
3340 1326 3395 1380 in
3426 1324 3749 1389 remotione,

2179 1423 2233 1477 in
2269 1421 2521 1483 lectione,
2549 1421 2605 1473 in
2632 1419 2880 1482 scientia,
2904 1421 2959 1471 in
2996 1416 3389 1478 taciturnitate,
3420 1414 3473 1468 in
3504 1413 3754 1469 obedien-

2180 1513 2278 1577 tia,
2303 1513 2358 1565 in
2382 1510 2725 1574 humilitate,
2747 1508 2800 1562 in
2821 1506 3096 1578 patientire
3110 1505 3516 1576 longanimitate
3527 1502 3753 1558 militem

2179 1598 2378 1657 Christi
2408 1600 2693 1653 vulnerare
2718 1606 2962 1660 conatur,
3003 1601 3059 1650 et
3085 1595 3231 1649 velut
3256 1592 3749 1665 perniciosissimus

2184 1690 2434 1761 scopulus
2463 1689 2795 1744 tumentibus
2817 1687 2971 1742 undis
2991 1687 3238 1742 obtectus
3287 1684 3639 1754 improvisum
3693 1696 3757 1737 ac

2116 1767 2162 1825 Β
2188 1778 2494 1835 miserabile
2515 1775 2855 1847 naufragium
2882 1788 3140 1847 prospere
3170 1774 3568 1845 navigantibus,
3623 1773 3751 1827 dum

2186 1883 2293 1923 non
2330 1875 2571 1929 cavetur.
2596 1867 2868 1937 importat.
2893 1865 3030 1920 Nam
3053 1866 3139 1921 cui
3172 1869 3272 1921 sub
3308 1865 3487 1935 specie
3515 1863 3760 1933 pulchra

2184 1961 2352 2016 vestis
2375 1975 2441 2015 ac
2467 1958 2652 2014 nitida:
2678 1958 3033 2013 cenodoxiam
3094 1970 3202 2013 non
3253 1956 3427 2025 potuit
3476 1970 3758 2027 generare,

2184 2065 2284 2124 pro
2307 2049 2550 2120 squalida
2586 2057 2642 2104 et
2694 2048 2893 2104 incutta
2919 2062 2983 2102 ac
3002 2046 3180 2102 viliori
3219 2055 3447 2103 conatur
3474 2046 3757 2107 inserere;

2153 2146 2155 2149 ’
2188 2139 2348 2211 (ιὶιεω
2387 2156 2495 2195 non
2520 2139 2694 2209 potuit
2716 2152 2811 2206 per
2838 2138 3100 2192 honorem
3120 2137 3392 2207 dejicere,
3454 2133 3760 2190 humilitate

2189 2231 2530 2302 supplantat;
2557 2243 2719 2298 quem
2748 2228 2985 2283 scientia:
3014 2234 3071 2282 et
3096 2225 3419 2292 elocutionis
3434 2231 3629 2279 ornatu
3661 2239 3759 2280 ne-

2190 2322 2367 2392 quivit
2409 2319 2688 2386 extollere,
2737 2315 3001 2389 gravitate
3051 2316 3439 2373 taciturnitatis
3491 2314 3659 2372 elidit.
3687 2310 3766 2370 'Si

2186 2413 2399 2485 jejunat
2428 2411 2625 2484 palam,
2680 2412 2851 2482 gloria
2906 2410 3166 2466 vanitatis
3203 2408 3480 2479 pulsatur;
3539 2407 3587 2464 si
3636 2407 3766 2463 illud

2193 2503 2598 2561 contemnendae
2626 2502 2811 2573 gloriae
2840 2515 3004 2556 causa
3030 2500 3352 2566 contexerit,
3395 2499 3586 2557 eodem
3636 2497 3768 2553 vitio

2194 2593 2443 2650 elationis
2481 2593 2626 2647 intus
2663 2592 2717 2647 in
2745 2591 2922 2660 seipse
2949 2591 3111 2645 homo
3161 2590 3526 2645 subtunditur.
3563 2587 3642 2644 Ne
3673 2604 3771 2643 va—

2195 2702 2278 2739 nzn
2298 2683 2482 2755 glorias
2507 2682 2828 2753 contagione
2850 2680 3171 2746 maculetur,
3195 2680 3470 2735 orationes
3501 2677 3793 2747 prolixius‘

2198 2775 2299 2832 sub
2328 2774 2557 2827 fratrum
2583 2773 2716 2825 vitat
2742 2771 3019 2826 celebrare
3056 2770 3369 2841 conspectu
3407 2776 3463 2824 et
3485 2767 3629 2838 quod
3676 2783 3772 2822 eas

2199 2864 2428 2921 latenter
2447 2871 2718 2928 exerceat,
2742 2878 2848 2917 non
2870 2861 3055 2932 effugit
3069 2861 3284 2917 aculeos
3300 2852 3577 2915 vanitatis.
3591 2858 3769 2914 Alium

2199 2957 2339 3026 quod
2367 2955 2793 3025 patientissimus
2830 2954 2901 3009 sit
2947 2964 3171 3023 operum
3200 2968 3266 3007 ac
3328 2951 3550 3014 laboris,
3609 2949 3773 3003 alium

2199 3047 2343 3115 quod
2382 3046 2450 3101 ad
2500 3038 2857 3099 obediendum
2910 3042 3367 3112 promptissimus,
3420 3039 3587 3094 alium
3631 3034 3775 3106 quod

2202 3134 2507 3190 humilitate
2533 3142 2761 3187 ceteros
2785 3130 3065 3201 praecellit,
3090 3127 3610 3185 conaturextollere.
3626 3124 3776 3182 Alius
3846 3150 3856 3161 ο

2201 3226 2461 3289 scientiae,
2482 3222 2619 3277 alius
2640 3221 2893 3277 lectionis
2909 3219 3107 3282 studio,
3139 3218 3278 3272 alius
3294 3216 3600 3287 vigiliarum
3650 3230 3778 3285 pro-

2200 3316 2410 3370 lixitate
2438 3320 2695 3368 tentatur.
2736 3311 2852 3365 Non
2880 3310 3051 3365 solum
3082 3325 3210 3383 ergo
3257 3309 3606 3365 mulsi-ibus
3649 3323 3779 3381 ope-

2201 3407 2373 3469 ribus,
2404 3404 2500 3459 sed
2523 3404 2688 3457 etiam
2713 3403 2824 3457 suis
2844 3396 3132 3456 virtutibus
3170 3398 3447 3456 hominem
3498 3401 3587 3472 hic
3639 3415 3779 3454 mor-

2202 3498 2305 3552 bus
2330 3496 2521 3550 nititur
2550 3491 2840 3564 sauciare].
2866 3490 3033 3559 Cujus
3052 3491 3225 3546 morbi
3259 3490 3527 3546 medicina
3557 3498 3640 3545 est
3677 3503 3769 3544 re—

2204 3587 2447 3644 cordatio
2471 3588 2664 3643 divince
2684 3586 2964 3648 bonitatis,
2984 3598 3081 3655 per
3092 3599 3254 3654 quam
3267 3584 3447 3639 omnia
3467 3585 3608 3639 bona
3627 3580 3781 3635 nobis

2204 3679 2395 3736 collata
2424 3686 2567 3742 sunt,
2600 3690 2719 3746 quae
2763 3676 2962 3731 habere
2990 3676 3270 3738 videmur;
3298 3673 3462 3727 etiam
3491 3679 3547 3724 et
3592 3683 3781 3739 perpe-

2204 3783 2295 3826 tua
2320 3772 2487 3839 ipsius
2512 3769 2607 3823 Dei
2637 3768 2897 3830 charitas,
2935 3767 2986 3820 in
3027 3763 3180 3832 cujus
3215 3764 3372 3817 laude
3391 3760 3573 3815 omnia
3614 3771 3775 3829 agere

2206 3862 2485 3925 debemus,
2512 3856 2769 3927 quidquid
2798 3855 2923 3909 boni
2973 3854 3040 3914 in,
3068 3854 3173 3907 hoc
3225 3850 3422 3905 saeculo
3461 3861 3773 3917 operemur,

2206 3961 2260 4008 et
2289 3950 2463 4017 magis
2491 3946 2848 4003 desiderares
2879 3943 2991 3998 Deo
3013 3942 3221 3997 laudari
3271 3942 3323 3995 in
3354 3940 3441 3996 die
3474 3936 3784 3993 retributio-

2208 4040 2292 4098 nis
2318 4038 2550 4100 aeternae,
2581 4050 2743 4107 quam
2769 4036 2837 4089 ab
2862 4033 3078 4089 homine
3103 4032 3345 4102 quolibet
3365 4032 3418 4086 in
3446 4029 3603 4100 hujus
3632 4037 3781 4084 tran-

2210 4132 2408 4186 sitoria:
2436 4130 2560 4183 vitae
2580 4126 3006 4183 conversatione.
3046 4123 3145 4197 [Ita
3174 4124 3338 4179 etiam
3384 4124 3524 4179 hanc
3554 4121 3783 4175 bestiam

2208 4222 2505 4294 poterimus
2532 4221 2779 4283 evadere,
2829 4225 2889 4271 ut
2938 4217 3237 4284 cogitantes
3274 4210 3433 4269 illum
3472 4210 3785 4266 Davidicum

2212 4332 2425 4370 versum
2463 4312 2753 4368 :Domimu
2777 4308 3053 4379 dissipabit
3077 4324 3196 4361 ossa
3219 4321 3419 4366 eorum,
3454 4302 3542 4371 qui
3562 4298 3787 4353 homini»

1076 4396 1301 4453 ΟΑΡΙῘΤ
1330 4392 1562 4449 ΧΧΧΝ·
2142 4446 2151 4453 .
2214 4408 2304 4462 bus
2331 4404 2533 4477 placent
2558 4402 2729 4473 (Paul.
2756 4398 2944 4468 ut,6).
2964 4396 3219 4450 Primitus
3244 4392 3379 4446 nihil
3404 4390 3581 4444 inanis
3601 4387 3783 4459 gloria

814 4488 890 4545 De
910 4490 1215 4551 εοηοάοέτὶα,
1249 4487 1304 4539 δά
1334 4496 1429 4547 εδει
1460 4501 1596 4537 MM
1633 4480 1825 4551 θῐοτία·
2132 4457 2186 4518 D
2216 4499 2385 4551 aratis
2407 4495 2692 4551 faciamus.
2713 4491 2907 4546 deinde
2951 4500 3072 4551 qua:
3116 4485 3257 4539 bono
3284 4481 3437 4537 initio
3474 4480 3783 4545 fecerimus,

2216 4499 2385 4568 gratia
2407 4491 2907 4557 faciamus,deinde
2951 4500 3072 4557 qua:
3116 4485 3257 4539 bono
3284 4481 3437 4537 initio
3474 4480 3786 4545 fecerimus,

2215 4584 2592 4641 observatione
2620 4580 2783 4635 simili
2810 4577 3194 4633 custodiamus.
3237 4574 3311 4629 Ne
3336 4573 3512 4629 omnis
3540 4573 3785 4627 laborum

2218 4682 2526 4729 nostrorum
2582 4662 2792 4725 fructus
2816 4675 2937 4737 post
2969 4667 3214 4736 irrepens
3240 4681 3389 4720 vanze
3416 4664 3602 4735 gloria:
3640 4676 3788 4716 mor-

2216 4766 2318 4821 bus
2342 4767 2586 4818 evacuet.
2599 4758 2867 4829 Quidquid
2880 4760 3042 4814 etiam
3056 4759 3108 4812 in
3126 4757 3535 4813 conversatione
3556 4752 3787 4807 fratrum

2218 4857 2439 4915 minime
2465 4854 2765 4910 communis
2802 4866 2929 4907 usus
2985 4851 3197 4919 recipit,
3254 4858 3596 4903 exsecremus
3639 4839 3789 4895 omni

2212 4949 2409 5013 studio,
2432 4955 2486 5001 et
2512 4946 2673 5000 veluti
2690 4944 2967 5012 jactantiaa
2992 4940 3229 4993 deditum
3260 4936 3605 4997 declinemus,
3644 4938 3699 4985 et
3720 4945 3787 4985 ea

2214 5054 2335 5108 qua:
2365 5024 2466 5091 nos
2510 5041 2732 5105 possunt
2768 5034 2907 5085 inter
2952 5036 3178 5083 crtems
3228 5023 3491 5079 nctabiles
3538 5022 3789 5086 reddere,

2214 5143 2278 5182 ac
2306 5125 2469 5179 veluti
2492 5125 2619 5179 solis
2644 5120 2965 5176 facientibus
2984 5117 3101 5172 laus
3120 5113 3260 5184 apud
3284 5114 3529 5169 homines
3553 5113 3621 5167 sit
3652 5125 3783 5166 con—

2212 5216 2493 5287 quirenda,
2519 5209 2798 5281 vitemus]

2282 5305 2349 5363 lii
2370 5313 2495 5361 sunt
2522 5311 2644 5358 octo
2672 5300 2833 5353 totius
2854 5294 3143 5365 impietatis
3164 5295 3328 5351 duces
3358 5309 3479 5350 cum
3518 5286 3775 5344 exerciti-

2214 5396 2315 5450 bus
2336 5396 2467 5457 suis,
2491 5400 2545 5448 et
2567 5386 3064 5443 fortissimieontra
3082 5385 3374 5440 humanum
3407 5396 3574 5453 genus
3600 5362 3813 5435 diabo-'

2220 5487 2338 5541 liene
2367 5482 2569 5540 fraudis
2593 5477 2899 5534 bellatores.
2932 5474 3055 5547 [Qui
3103 5489 3233 5545 ergo
3278 5482 3440 5527 unum
3487 5471 3674 5525 vitium
3722 5468 3791 5522 de

2222 5576 2340 5630 istis
2369 5573 2570 5629 habens
2598 5569 2714 5624 sine
2734 5563 3071 5621 confessione
3099 5573 3151 5619 et
3188 5562 3501 5635 panitentia
3532 5562 3787 5625 moritur,

618 5722 640 5747 ι
676 5708 804 5773 Qua:
832 5704 1039 5758 uncinis
1071 5702 1275 5757 inclusa
1315 5706 1459 5762 sunt,
1486 5699 1538 5752 in
1571 5696 1680 5752 solo
1724 5693 1843 5750 cod.
1898 5707 1998 5747 ms.
2054 5690 2110 5745 S.
2151 5684 2646 5744 Jacobi-habentur.
2722 5728 2725 5731 .
