4262 6236
501 416 599 471 531
1666 426 1746 447 -ί
1774 403 1974 460 LIBER
2010 404 2099 459 DE
2138 403 2552 463 VIRTUTIBUS
2584 406 2672 462 ΕΤ
2710 406 2931 464 VlTllS.
3615 406 3715 465 639

498 542 698 589 eterna
721 545 878 600 pinna
908 527 1217 590 damnatur.
1250 531 1402 589 Unde
1443 533 1573 589 dicit
1595 531 1833 590 Joannes
1858 534 1910 588 in
1937 533 2015 603 Ep

498 621 635 677 stola
663 635 803 676 sua:
842 620 942 678 Est
977 632 1242 694 peccatum
1276 623 1617 689 ad.mortem,
1664 641 1768 679 non
1799 641 1892 695 pro
1943 623 2060 688 illo,

500 712 637 776 dico,
664 721 722 765 ut
748 712 864 781 quis
897 723 1042 783 roget
1073 712 1252 784 (Joan.
1275 728 1327 780 v,
1350 713 1458 785 t5).
1488 712 1736 785 lstivero
1749 711 2060 785 bellatores]

498 802 609 859 Deo
655 803 954 860 auxiliante
996 802 1248 860 facillime
1299 806 1584 860 vincuntur
1632 820 1664 858 a
1712 804 2061 859 bellatoribus

498 894 699 950 Christi
736 908 837 964 per
857 898 1085 952 virtutes
1102 905 1334 952 unctas.
1366 896 1543 951 Prima
1588 896 1836 964 superbia
1849 895 2060 965 perhu-

478 985 806 1053 ‘militatem,
824 986 945 1057 gula
969 1001 1067 1056 per
1079 985 1479 1050 abstinentiam,
1496 983 1780 1040 fornicatio
1794 998 1890 1054 per
1907 984 2063 1039 casti-

500 1086 689 1144 tatem,
718 1078 941 1132 avaritia
965 1091 1063 1147 per
1100 1074 1478 1131 abstinentiam
1509 1073 1641 1155 [513.
1679 1072 1736 1128 S.
1768 1072 1910 1139 Iac.,
1959 1074 2061 1127 lar-

496 1171 722 1244 gitatem
748 1180 802 1227 et
820 1176 1181 1239 contemptum
1211 1167 1440 1240 mundi],
1480 1168 1569 1223 ira.
1586 1182 1684 1239 per
1724 1168 2058 1238 patientiam,

500 1264 681 1318 acedia
711 1275 807 1331 per
833 1260 1142 1316 instantiam
1167 1259 1293 1315 beni
1316 1259 1515 1328 cperis,
1544 1251 1764 1311 tristitia
1793 1257 1932 1311 mala
1966 1272 2063 1327 per

500 1345 744 1408 laztitiam
766 1351 1122 1422 spiritualem,
1144 1366 1281 1421 vana
1309 1342 1474 1421 gloria
1497 1365 1595 1419 per
1627 1339 1946 1405 charitate'm
1967 1349 2060 1404 Dei

502 1444 633 1516 [Αι.,
669 1459 767 1513 per
785 1443 1128 1515 sapientiam]
1150 1430 1453 1515 [vincitur].
1508 1442 1669 1512 Igitur
1701 1458 1765 1495 ex
1796 1441 1881 1495 his
1910 1440 2061 1496 Chri-

500 1539 688 1593 stiana:
716 1536 1338 1607 religionisductoribus,
1365 1542 1500 1605 quos
1516 1535 1860 1603 opposuimus
1878 1528 2062 1587 diabo-

498 1628 615 1683 licae
644 1627 936 1699 impietatis
963 1626 1335 1690 bellatoribus,
1365 1632 1596 1695 quatuor
1640 1633 1878 1693 praesunt
1898 1625 2060 1678 duces

500 1718 896 1789 gloriosissimi,
928 1717 1179 1791 [quorum
1202 1718 1418 1789 nomina
1443 1715 1559 1771 haec
1584 1714 1729 1787 sunt]
1764 1733 1777 1769 :
1825 1717 2059 1787 prudens

499 1810 593 1875 tia,
610 1808 840 1879 iustitia,
878 1806 1159 1871 fortitudo,
1184 1806 1555 1877 temperantia.
1681 1803 1684 1806 ’

807 1892 811 1896 ’
1028 1889 1277 1975 caput,
1294 1899 1508 1954 xxxv.

943 1990 1020 2047 De
1056 1980 1331 2048 virtutibus
1361 2002 1613 2064 quatuor,

556 2079 752 2135 ‘Primo
786 2080 1066 2137 sciendum
1095 2071 1187 2137 est
1223 2080 1372 2151 quid
1394 2082 1467 2137 sit
1510 2081 1702 2136 virtus.
1749 2080 1932 2137 Virtus
1972 2088 2055 2135 est

497 2171 661 2226 animi
691 2172 927 2239 habitus,
960 2172 1167 2229 natura
1215 2172 1399 2239 decus,
1448 2173 1574 2229 vitae
1628 2173 1787 2238 ratio,
1844 2183 2053 2228 morum

495 2264 690 2334 pietas,
750 2262 929 2320 cultus
972 2255 1288 2328 divinitatis,
1336 2266 1509 2320 hunor
1543 2265 1797 2328 hominis,
1840 2272 2055 2319 (eterna:

494 2350 843 2409 beatitudinis
865 2354 1136 2417 meritum.
1176 2352 1338 2425 Cujus
1356 2362 1538 2424 partes
1558 2362 1704 2419 sunt,
1726 2360 1787 2411 ut
1801 2353 2051 2417 dixim‘us,

495 2452 726 2513 quatuor
746 2442 1107 2514 principales:
1138 2442 1443 2513 prudentia,
1491 2441 1725 2511 justltia,
1771 2441 2050 2507 fortitudo,

493 2534 865 2604 temperantia.
887 2534 1180 2591 Prudentia
1208 2544 1291 2590 est
1321 2550 1502 2589 rerum
1528 2535 1828 2589 divinarum
1866 2534 2053 2589 huma-

493 2638 815 2695 narumque,
862 2629 1023 2695 prout
1070 2626 1276 2680 homini
1329 2627 1509 2682 datum
1554 2635 1660 2692 est,
1696 2619 1946 2690 scientia;
1999 2625 2052 2678 in

491 2729 599 2785 qua
628 2714 1029 2785 intelligendum
1053 2722 1155 2780 est,
1188 2714 1317 2785 Quid
1364 2714 1658 2771 cavendum
1709 2715 1781 2769 sit
1828 2714 2050 2777 homini,

492 2802 575 2857 vel
601 2804 731 2873 quid
754 2802 1055 2860 faciendum
1081 2823 1095 2858 :
1125 2813 1181 2861 et
1210 2801 1313 2861 hoc
1348 2814 1450 2870 est,
1488 2805 1632 2876 quod
1671 2806 1725 2860 in
1749 2802 1959 2861 Psalmo
1980 2805 2053 2860 le-

492 2894 675 2964 gitur:
721 2892 877 2965 155
901 2893 1107 2949 Diverte
1135 2911 1167 2948 a
1204 2894 1363 2959 mulo,
1414 2904 1462 2950 et
1505 2896 1591 2965 [ac
1636 2896 1825 2950 bonum
1876 2891 2047 2966 (Psal.

492 2987 685 3049 inut,
726 2975 835 3055 15);
870 2983 1085 3041 Justitia
1124 2992 1207 3039 est
1228 2986 1389 3039 animi
1435 2986 1708 3050 nobilitas,
1762 2986 2050 3054 unicuique

393 3118 399 3124 .
493 3072 569 3127 rei
590 3073 862 3142 propriam
884 3073 1124 3132 tribuens
1149 3075 1481 3146 dignitatem.
1513 3076 1571 3130 ln
1607 3077 1710 3133 hac
1756 3076 2052 3131 divinitatis

492 3154 687 3229 cultus,
711 3171 767 3217 et
798 3165 1147 3221 humanitatis
1173 3157 1385 3238 jura,et
1400 3157 1779 3237 justajudicia,
1812 3173 1866 3221 et
1886 3165 2050 3235 usqui-

480 3263 577 3311 ‘tas
624 3256 787 3312 totius
825 3257 949 3312 vita:
997 3267 1361 3314 conservatur.
1414 3259 1693 3314 Fortitudo
1728 3267 1813 3314 est
1842 3264 2049 3327 'magna

493 3346 656 3401 nimi
679 3347 939 3417 patientia
974 3354 1029 3403 et
1053 3338 1518 3417 longanimitas,et
1544 3348 1944 3420 perseverantia
1994 3348 2049 3400 in

491 3432 647 3493 bonis
667 3441 938 3509 operibus,
958 3449 1017 3494 et
1050 3441 1273 3495 victoria
1311 3450 1495 3495 contra
1516 3441 1752 3495 omnium
1769 3437 1918 3510 [Ms.,
1935 3454 2052 3493 om-

495 3524 606 3597 nia]
632 3527 885 3581 vitiorum
914 3544 1131 3600 genera.
1172 3520 1547 3607 Temperantia
1580 3539 1663 3585 est
1712 3530 1875 3583 totius
1928 3529 2051 3584 vita:

494 3616 703 3683 modus,
731 3634 797 3673 ne
841 3619 969 3688 quid
998 3620 1158 3674 nimis
1186 3621 1346 3676 homo
1369 3618 1451 3675 vel
1476 3615 1641 3686 amet,
1668 3622 1752 3677 vel
1786 3621 1909 3677 odio
1956 3622 2052 3675 ha—

492 3705 646 3774 beat;
686 3710 778 3765 sed
808 3727 994 3766 omnes
1014 3712 1137 3765 vitm
1167 3702 1323 3781 huius
1372 3714 1660 3769 varietates
1706 3715 2049 3770 considerata

494 3805 757 3868 temperet
780 3799 1073 3869 diligentia.
1101 3792 1225 3855 Haec
1267 3816 1395 3857 vero
1441 3800 1495 3855 in
1536 3801 1641 3858 ﬁde
1684 3809 1740 3857 et
1786 3804 2051 3859 charitate

490 3892 901 3953 observantibus
926 3890 1137 3948 aeterna:
1157 3894 1338 3965 gloria:
1374 3896 1440 3950 ab
1477 3896 1587 3965 ipsa
1630 3883 1870 3951 veritate
1895 3895 2052 3951 Chris

434 4011 442 4022 -
484 3975 578 4047 *p'to
596 3980 960 4055 lesupmmia
986 3984 1319 4054 pollicentur.
1351 3985 1503 4043 Nulla
1527 3988 1718 4043 melior
1739 3994 1822 4042 est
1837 3987 2048 4055 sapien-

492 4073 588 4137 tia,
616 4088 776 4141 quam
799 4088 860 4127 ea
883 4090 985 4144 qua
1010 4075 1148 4133 Deus
1177 4079 1467 4135 secundum
1503 4076 1772 4132 modulum
1800 4077 2048 4134 humana:

492 4162 687 4217 mentis
706 4163 1017 4234 intelligitur
1035 4173 1089 4218 et
1126 4164 1341 4221 timetur
1393 4163 1545 4239 [Ms.,
1597 4176 1649 4223 et
1694 4168 1948 4240 amatur],
1995 4178 2051 4225 et

493 4250 729 4310 futurum
755 4255 871 4326 ejus
892 4257 1423 4327 croditurjudicium.
1478 4259 1611 4315 Nam
1642 4261 1771 4333 quid
1796 4272 1880 4316 est
1927 4261 2048 4331 jus-

494 4346 599 4399 tius
625 4359 787 4415 quam
814 4334 1002 4399 Deum
1054 4345 1272 4415 diligere
1317 4345 1536 4417 ejusque
1579 4351 1831 4405 mandata
1870 4361 2052 4408 custo-

491 4436 630 4503 dire,
665 4450 762 4506 per
812 4446 993 4506 quem,
1048 4434 1176 4495 dum
1219 4452 1326 4491 non
1373 4436 1591 4502 fuimus,
1652 4436 1820 4495 creati
1865 4457 2049 4497 sumus

493 4521 641 4615 [dum
664 4527 868 4617 perditi
890 4525 1108 4593 fuimus,
1149 4528 1374 4583 reoreati
1403 4528 1634 4600 sumus],
1658 4536 1713 4584 et
1739 4546 1769 4583 a
1815 4533 2046 4615 Sc.r\'itu-
2076 4560 2123 4617 υ

486 4608 544 4667 te
568 4612 830 4669 diabolica
856 4610 1088 4689 liberati,
1117 4619 1207 4687 qui
1230 4618 1381 4677 nobis
1408 4620 1597 4699 omnia
1612 4619 1751 4675 bona
1771 4608 1890 4689 qua:
1949 4620 2046 4678 ha—

489 4703 695 4769 bemus,
720 4706 1067 4774 perdonavit?
1090 4709 1156 4762 Et
1185 4710 1315 4783 quid
1340 4712 1442 4768 hac
1492 4706 1803 4768 fortitudine
1855 4714 2047 4769 melius

489 4804 573 4851 est
598 4809 759 4866 quam
804 4792 1070 4850 diabolum
1098 4784 1331 4873 vincere,
1356 4808 1409 4857 et
1444 4799 1560 4866 ejus
1583 4816 1770 4858 omnes
1794 4818 2047 4873 superare

489 4886 857 4960 suggestiones
906 4894 963 4941 et
1004 4885 1180 4941 omnia
1207 4888 1432 4943 adversa
1474 4889 1659 4945 mundi
1705 4906 1805 4960 pro
1835 4894 1926 4953 Dei
1955 4909 2049 4948 no—

489 4976 636 5035 mine
655 4976 868 5036 fortiter
889 4976 1147 5045 tolerare?
1168 4975 1366 5033 Nobilis
1389 4978 1559 5033 virtus
1573 4988 1655 5036 est
1676 4981 1828 5036 valde
1849 4992 2047 5053 tempe-

489 5064 683 5130 rantia,
708 5082 807 5139 per
828 5074 987 5136 quam
1018 5070 1192 5125 omnis
1211 5070 1379 5127 honor
1409 5070 1532 5124 vitzc
1564 5068 1725 5138 hujus
1767 5071 1909 5127 inter
1950 5076 2047 5130 ho-

489 5156 661 5210 mines
680 5152 927 5225 constat;
951 5155 1007 5223 ut
1027 5162 1205 5221 omnia
1232 5161 1285 5217 in
1308 5176 1623 5232 quacunque
1675 5178 1838 5219 causa
1884 5166 2044 5221 homo

489 5250 851 5314 temperanter
876 5247 1096 5315 cegitet,
1126 5248 1393 5321 loquatur,
1418 5260 1471 5306 et
1500 5259 1624 5322 agat
1652 5268 1772 5307 cum
1817 5254 2041 5310 oonsilio

490 5333 680 5391 salutis
709 5333 989 5413 suailzec
1012 5338 1310 5407 enimsunt
1357 5341 1493 5403 levia
1542 5352 1597 5398 et
1641 5342 1827 5399 suavia
1878 5342 2046 5401 Deum

491 5418 749 5490 diligenti,
779 5421 870 5493 qui
901 5422 1015 5476 ait:
1049 5412 1240 5490 Discite
1267 5445 1299 5485 α
1324 5444 1427 5496 me,
1458 5432 1579 5501 quia
1638 5431 1776 5485 mitis
1826 5432 1941 5485 sum
1998 5444 2046 5488 et

489 5507 700 5564 humilis
720 5510 875 5566 corde
896 5526 915 5563 :
937 5522 984 5567 et
1020 5504 1285 5571 invenietis
1302 5521 1527 5590 requiem
1541 5523 1813 5578 animabus
1838 5527 2037 5579 vestris.

491 5600 683 5671 Iugum
710 5603 847 5656 enim
876 5619 1045 5658 meum
1105 5620 1261 5659 suave
1294 5619 1391 5675 est,
1448 5621 1496 5665 et
1550 5629 1680 5667 onus
1722 5630 1891 5667 meum
1943 5614 2045 5670 lere

560 5750 584 5778 ι
624 5736 680 5791 1η
711 5751 813 5791 ms.
840 5735 897 5790 S.
944 5734 1079 5815 Galli
1128 5734 1351 5805 legitur:
1396 5740 1791 5815 Superscriptio.
1833 5743 1890 5799 ln
1929 5745 2047 5800 aliis

490 5806 675 5876 deest;
702 5822 799 5864 nec
828 5814 986 5879 caput
1013 5816 1339 5871 numeratur.

2081 1886 2131 1945 B

2020 533 2062 587 ί,
2088 518 2134 577 Α
2167 513 2387 585 (Matth.
2412 531 2489 579 χι,
2516 515 2628 585 29).
2660 515 2848 572 Nonne
2870 516 3062 572 melius
3076 526 3159 573 est
3201 526 3257 574 et
3294 517 3503 574 beatius
3550 518 3716 574 Dcitzn

2162 604 2404 675 diligere,
2427 607 2518 675 qui
2547 616 2630 662 est
2649 616 2848 662 aeterna
2874 609 3237 677 pulchritudo,
3255 619 3456 666 aaterna
3475 616 3720 681 fragran-

2162 695 2263 761 tia,
2282 703 2483 753 aeterna
2504 696 2831 766 iucunditas,
2859 707 3057 753 aeterna
3087 698 3331 764 dulcedo,
3360 709 3559 755 aeterna
3589 716 3716 757 sua-
3745 727 3759 742 ν

2158 783 2317 847 vitas,
2349 792 2636 854 perpetuus
2662 786 2851 850 honor,
2898 786 3211 843 indeﬁciens
3250 787 3509 854 felicitas;
3558 805 3720 857 quam

2158 874 2319 951 huius
2347 875 2527 930 saeculi
2551 890 2733 931 amare
2756 877 3007 933 vanitates
3026 886 3074 931 et
3099 878 3335 933 insanias
3354 880 3518 947 falsas
3546 879 3717 951 (Psal.

2157 978 2344 1030 xxxix,
2373 964 2451 1036 5),
2482 966 2687 1035 species
2707 966 2963 1035 pulchras
2988 967 3120 1039 [ΑΛ.
3144 969 3596 1039 pulchritudinem
3631 984 3722 1026 sua

2159 1054 2524 1126 pervacuam],
2557 1056 2741 1113 dulces
2773 1068 3014 1125 sapores,
3067 1073 3230 1114 sonos
3271 1074 3484 1125 suaves,
3523 1060 3721 1116 odores

2161 1144 2479 1216 fragrantes,
2532 1154 2707 1202 tactus
2745 1148 3031 1218 iucundos,
3058 1150 3293 1205 honores
3339 1158 3396 1205 et
3435 1149 3723 1204 felicitates

2160 1236 2338 1291 saeculi
2369 1238 2731 1304 transitorias,
2754 1254 2874 1309 qua:
2897 1240 3078 1295 omnia
3098 1236 3244 1294 velut
3281 1239 3514 1297 volatilis
3534 1241 3727 1296 umbra

2160 1327 2420 1381 recedunt
2437 1334 2493 1381 et
2517 1335 2823 1393 transeunt,
2848 1336 2905 1383 et
2930 1329 3203 1399 decipiunt
3239 1337 3508 1385 amantem
3540 1344 3618 1393 se,
3671 1338 3727 1383 et

2161 1421 2212 1473 in
2238 1428 2493 1473 aeternam
2516 1420 2735 1483 mittunt
2753 1434 2877 1474 eum
2901 1420 3210 1475 miseriam?
3237 1419 3341 1487 Qui
3379 1434 3511 1475 vero
3551 1420 3720 1475 Deum

2159 1518 2212 1560 ct
2242 1506 2529 1562 Dominum
2564 1508 2794 1564 fideliter
2813 1517 2977 1574 amat,
3015 1518 3071 1566 et
3092 1510 3457 1565 indesinenter
3499 1509 3646 1575 colit,
3668 1518 3754 1565 et.

2160 1596 2273 1664 ejus
2288 1597 2551 1671 mandata
2583 1609 2999 1667 perseveranter
3048 1602 3252 1671 implet,
3300 1608 3557 1656 aeternam
3601 1614 3724 1656 cum

2160 1687 2363 1755 angelis
2389 1687 2483 1742 Dei
2502 1689 2727 1760 gloriam
2781 1691 3169 1760 perpetualiter
3203 1693 3484 1763 possidere
3532 1693 3726 1763 dignus

2158 1773 2434 1833 eﬁicietur.

2698 1867 2924 1925 CAPUT
2962 1866 3198 1925 XXXVI.

2662 1972 2689 2001 ι
2718 1959 2991 2017 Peroratio
3020 1965 3221 2033 operis.

2223 2060 2347 2125 Hazc
2388 2069 2509 2137 tibi,
2547 2070 2859 2130 dulcissime
2885 2075 2959 2130 fili
3007 2074 3233 2150 [Wido],
3262 2078 3410 2134 brevi
3455 2096 3727 2147 sermone,

2153 2159 2293 2217 sicut
2336 2161 2539 2229 petisti,
2580 2162 2817 2227 dictavi;
2865 2171 2924 2218 ut
2970 2164 3171 2221 habeas
3199 2182 3262 2223 ea
3306 2170 3546 2238 quotidie
3573 2166 3728 2240 quasi

2153 2249 2457 2305 manualem
2476 2247 2531 2305 i'n
2557 2262 2853 2323 conspectu
2881 2259 2972 2312 tuo
2993 2249 3254 2325 libellum,
3276 2268 3333 2315 et
3349 2261 3404 2316 in
3426 2277 3533 2333 quo
3550 2265 3727 2334 possis

2156 2342 2383 2411 teipsum
2407 2343 2776 2411 considerare,
2804 2347 2933 2417 quid
2959 2364 3173 2416 cavere,
3200 2352 3284 2408 vel
3304 2354 3431 2423 quid
3456 2370 3616 2426 agere
3644 2357 3731 2414 de-

2151 2432 2301 2497 beas,
2346 2442 2506 2516 atque
2553 2450 2652 2504 per
2688 2437 2927 2506 singulas
2973 2441 3096 2494 vita:
3132 2441 3294 2511 hujus
3343 2447 3728 2515 prosperitates

2150 2522 2235 2577 vel
2255 2523 2611 2580 adversitates
2636 2521 2936 2595 exhortari,
2959 2533 3227 2599 quomodo
3251 2533 3318 2586 ad
3356 2534 3567 2589 culmen
3607 2551 3730 2606 per-

2152 2614 2398 2671 fectionis
2421 2617 2713 2673 ascendere
2737 2620 2952 2677 debeas.
2994 2622 3104 2679 Nec
3150 2631 3205 2681 te
3245 2625 3364 2680 laici
3394 2626 3607 2682 habitus
3648 2627 3730 2683 vel

2151 2708 2581 2762 conversationis
2603 2710 2879 2767 stccuiaris
2904 2720 3104 2769 terreat
3124 2716 3376 2787 qualitas,
3402 2719 3555 2787 quasi
3585 2719 3638 2772 in
3667 2734 3733 2775 eo

2151 2796 2336 2850 habitu
2363 2797 2753 2879 vitazacaalestis
2789 2798 2984 2868 januas
3022 2805 3226 2861 intrare
3259 2823 3365 2861 non
3400 2807 3598 2862 valeas.
3630 2809 3753 2879 lgi-.
3830 2803 3834 2807 “

2152 2892 2239 2939 tur
2266 2885 2406 2940 sicut
2430 2887 2679 2943 omnibus
2705 2889 2983 2958 inqualiter
3010 2895 3160 2963 regni
3200 2893 3297 2950 Dei
3334 2896 3618 2965 pmdicata
3648 2902 3732 2953 est

2150 2975 2443 3058 beatitudo,
2475 2977 2550 3031 ita
2590 2979 2739 3033 omni
2777 2982 2951 3046 sexui,
2990 2984 3159 3049 aetati,
3188 2994 3242 3040 et
3277 2998 3522 3055 persona:
3558 3004 3732 3058 acqua-

2150 3067 2275 3122 liter
2298 3069 2591 3123 secundum
2633 3071 2951 3128 meritorum
2980 3073 3296 3144 dignitatem
3325 3078 3477 3148 regni
3503 3076 3600 3134 Dei
3642 3094 3735 3148 ρει-

2152 3165 2231 3213 tet
2262 3150 2532 3214 introitus.
2587 3150 2691 3215 Ubi
2732 3176 2841 3217 non
2884 3166 2970 3217 est
2996 3163 3288 3230 distinctio,
3334 3167 3455 3234 quis
3493 3175 3638 3222 esset
3674 3168 3729 3221 in

2152 3250 2348 3305 saeculo
2372 3250 2539 3303 laicus
2576 3251 2659 3304 vel
2697 3250 2947 3318 clericus,
2990 3253 3143 3308 dives
3182 3254 3265 3308 vel
3293 3268 3513 3323 pauper,
3547 3252 3731 3321 junior

2152 3340 2235 3391 vel
2264 3341 2464 3405 senior,
2497 3354 2684 3394 servus
2709 3341 2801 3394 vel
2818 3341 3067 3397 dominus
3091 3354 3103 3395 :
3132 3344 3225 3398 sed
3255 3347 3623 3415 unusquisque
3651 3362 3733 3401 se»

2152 3430 2385 3483 cundum
2423 3429 2677 3482 meritum
2717 3424 2844 3484 boni
2880 3432 3060 3500 operis
3098 3442 3354 3504 perpetua
3382 3437 3732 3491 coronabitur

2152 3516 2336 3586 gloria.
2368 3516 2560 3573 Amen.
2941 3574 2944 3578 Α
3460 3578 3463 3581 _

2223 3611 2251 3651 ιι
2281 3608 2536 3666 Salomon
2558 3612 2697 3667 dixit
2720 3631 2733 3665 ε
2764 3632 2782 3663 ι
2821 3612 3053 3675 Verbum
3081 3613 3237 3670 dulce
3258 3617 3575 3686 multiplicat
3600 3618 3729 3671 ami—

2150 3718 2263 3767 cos,
2290 3711 2344 3757 et
2367 3703 2579 3773 mitigat
2610 3704 2856 3771 inimicos
2882 3723 2895 3759 :
2923 3714 2979 3760 et
3000 3706 3183 3776 lingua
3211 3708 3459 3761 eucharis
3486 3709 3539 3761 in
3582 3708 3724 3762 bono

2150 3794 2369 3849 homine
2399 3796 2710 3877 abundabit.
2753 3795 2901 3851 Multi
2940 3796 3150 3866 pacifici
3178 3797 3287 3853 sint
3322 3799 3439 3863 tibi,
3470 3808 3526 3854 et
3558 3800 3729 3855 consié

2151 3886 2288 3940 liarii
2321 3884 2412 3939 tibi
2440 3885 2544 3939 sint
2571 3902 2710 3941 unus
2746 3887 2811 3942 de
2836 3887 3001 3942 mille.
3035 3886 3095 3943 Si
3118 3888 3358 3959 possides
3395 3891 3647 3965 amicum,
3672 3891 3728 3943 in

2152 3975 2447 4030 tentatione
2472 3976 2685 4047 posside
2712 3980 2854 4043 eum,
2886 3986 2941 4035 et
2970 3996 3077 4035 non
3109 3980 3264 4035 facile
3286 3981 3474 4037 credas
3497 3982 3589 4036 illi.
3633 3981 3729 4044 Est

2148 4071 2293 4121 enim
2314 4069 2519 4121 amicus
2545 4069 2839 4125 secundum
2871 4054 3077 4140 tempus
3102 4087 3277 4134 suum,
3301 4079 3356 4125 et
3381 4086 3486 4124 non
3513 4086 3725 4139 perma-

2151 4159 2299 4212 nebit
2326 4159 2378 4211 in
2409 4158 2495 4212 die
2536 4159 2915 4215 tribulationis.
2943 4161 3041 4214 Est
3067 4161 3291 4225 amicus,
3323 4162 3415 4233 qui
3456 4162 3729 4233 egreditur

2151 4250 2215 4304 ad
2239 4252 2529 4305 amicitiam
2559 4249 2762 4323 [Vulg.,
2789 4252 2880 4322 qui
2906 4255 3237 4309 convertitur
3264 4255 3331 4309 ad
3357 4256 3723 4330 imicitiam..]t

2151 4338 2246 4392 Est
2275 4348 2453 4393 autem
2502 4340 2706 4395 amicus
2753 4342 2933 4397 socius
2976 4357 3200 4410 mensae,
3231 4353 3287 4399 ct
3312 4360 3419 4400 non
3446 4354 3727 4416 permanet
3804 4368 3805 4371 η

2151 4430 2204 4483 ἱη
2232 4431 2317 4483 die
2348 4432 2703 4485 necessitatis.
2734 4433 2953 4488 Amicus
2981 4437 3026 4489 si
3054 4439 3411 4504 permanserit
3438 4438 3594 4503 fixus,
3622 4440 3729 4496 crit

2152 4520 2244 4573 tibi
2273 4519 2578 4588 comqualis,
2609 4528 2663 4573 et
2700 4522 2755 4574 in
2800 4522 3110 4578 domesticis
3137 4528 3243 4580 tuis
3268 4527 3487 4582 attende
3510 4527 3529 4599 [
3545 4528 3721 4599 ναις..

2149 4609 2467 4665 ϐκῐυεὶίιὶὶιθτ
2494 4610 2729 4683 aget...].
2759 4612 2979 4669 Amicus
3004 4612 3201 4680 ﬁdelis,
3233 4619 3497 4685 protectio
3524 4618 3679 4676 fortis
3705 4632 3719 4675 ξ

2148 4702 2237 4771 qui
2264 4711 2441 4758 autem
2469 4705 2675 4758 invenit
2702 4704 2870 4771 illum,
2917 4705 3124 4761 invenit
3162 4702 3492 4764 thesaurum.
3534 4710 3723 4767 Amico
3770 4705 3777 4712 ’

2148 4777 2289 4852 ﬁdeli
2332 4795 2473 4849 nulla
2514 4805 2598 4850 est
2619 4798 2968 4865 comparatio,
2990 4808 3045 4852 et
3075 4815 3179 4854 non
3219 4811 3301 4854 est
3326 4802 3482 4871 digna
3520 4802 3722 4869 ponde.

2148 4884 2284 4939 ratio
2327 4885 2442 4938 auri
2472 4891 2526 4939 et
2570 4886 2779 4956 argenti
2818 4895 3006 4940 contra
3054 4888 3347 4953 bonitatem
3388 4888 3509 4943 fidei
3555 4889 3715 4944 illius.

2145 4973 2363 5031 Amicus
2406 4973 2578 5031 fidelis
2625 4974 3074 5030 medicamentum
3118 4978 3241 5030 vitm
3264 4988 3318 5031 et
3346 4979 3721 5036 immortalita-

2148 5066 2250 5130 tis;
2292 5074 2343 5121 et
2374 5066 2468 5139 qui
2491 5071 2739 5121 metuunt
2764 5062 3070 5129 Dominum,
3111 5066 3388 5121 inveniunt
3414 5068 3579 5125 illum.
3618 5067 3720 5138 Qui

2149 5156 2298 5210 timct
2344 5153 2647 5217 Dominum,
2695 5166 2847 5221 atque
2894 5152 3113 5208 habebit
3162 5156 3453 5211 amicitiam
3498 5159 3718 5223 bonam,

2146 5248 2398 5317 quoniam
2438 5245 2734 5301 secundum
2780 5244 2930 5303 illum
2959 5248 3061 5302 erit
3106 5251 3312 5306 amicus
3351 5251 3510 5307 illius.
3537 5252 3657 5317 Fili,
3686 5267 3717 5306 a

2139 5336 2417 5405 iuventute
2450 5341 2541 5389 tua
2566 5335 2757 5407 excipe
2793 5336 3115 5405 doctrinam,
3156 5349 3211 5398 et
3250 5358 3419 5412 usque
3451 5343 3517 5397 ad
3551 5358 3716 5399 canos

2146 5426 2387 5483 invenies
2418 5427 2779 5496 sapientius:
2824 5437 2880 5485 et
2911 5432 3065 5501 quasi
3104 5432 3166 5497 is,
3195 5433 3283 5504 qui
3312 5440 3426 5486 arat
3458 5441 3513 5487 et
3552 5436 3717 5488 semio

2147 5526 2258 5583 nat,
2286 5517 2480 5573 accede
2514 5518 2580 5572 ad
2619 5518 2784 5585 illam.
2815 5529 2870 5577 et
2898 5524 3103 5583 sustine
3124 5522 3291 5578 bonos
3314 5520 3514 5581 fructus
3538 5523 3714 5592 illius;

2147 5611 2197 5665 in
2231 5624 2390 5677 opere
2421 5610 2563 5665 enim
2595 5596 2763 5681 ipsius
2800 5613 3049 5683 exiguum
3078 5611 3361 5668 laborabis.
3395 5633 3411 5666 ›

2218 5745 2243 5782 ιι
2273 5743 2394 5798 llaec
2429 5744 2888 5818 desunthin‘codd.
2926 5760 3065 5818 _mss.
3097 5745 3285 5818 Addita
3315 5756 3437 5803 sunt
3472 5765 3500 5804 a
3540 5748 3712 5818 Quor-

2149 5822 2336 5869 cctano
2363 5830 2423 5869 ex
2458 5822 2583 5869 tum.
2620 5813 2683 5867 Vl
2711 5809 2889 5882 Antiq.
2924 5814 3070 5870 Lcct.
3102 5817 3320 5872 Canisii.
