  <div class='ocr_page' id='page_1' title='image "/cluster/home/n/w/nwhite01/storage/ocr_20150623/101/uva.x000834944/327.png"; bbox 0 0 4262 6198; ppageno 0'>
   <div class='ocr_carea' id='block_1_1' title="bbox 1365 263 2927 363">
    <p class='ocr_par' dir='ltr' id='par_1_1' title="bbox 1365 263 2927 363">
     <span class='ocr_line' id='line_1_1' title="bbox 1365 263 2927 363; baseline 0.002 -44"><span class='ocrx_word' id='word_1_1' title='bbox 1365 263 1424 320; x_wconf 74' lang='grc' dir='ltr'><strong>Β.</strong></span> <span class='ocrx_word' id='word_1_2' title='bbox 1465 263 1526 320; x_wconf 76' lang='lat' dir='ltr'><strong>F.</strong></span> <span class='ocrx_word' id='word_1_3' title='bbox 1565 265 1790 323; x_wconf 74' lang='lat' dir='ltr'><strong>ALBlNl</strong></span> <span class='ocrx_word' id='word_1_4' title='bbox 1829 267 1960 325; x_wconf 75' lang='lat' dir='ltr'><strong>SEU</strong></span> <span class='ocrx_word' id='word_1_5' title='bbox 1996 266 2269 325; x_wconf 76' lang='lat' dir='ltr'><strong>ALCUN</strong></span> <span class='ocrx_word' id='word_1_6' title='bbox 2308 267 2590 328; x_wconf 69' lang='grc' dir='ltr'><em>ορειιωι</em></span> <span class='ocrx_word' id='word_1_7' title='bbox 2627 265 2927 363; x_wconf 48' lang='grc' dir='ltr'><strong>ωηιξη.</strong></span> 
     </span>
    </p>
   </div>
   <div class='ocr_carea' id='block_1_2' title="bbox 520 403 3728 434">
    <p class='ocr_par' dir='ltr' id='par_1_2' title="bbox 520 403 3728 434">
     <span class='ocr_line' id='line_1_2' title="bbox 520 403 3728 434; baseline -0.002 -8"><span class='ocrx_word' id='word_1_8' title='bbox 520 403 3728 434; x_wconf 59' lang='lat' dir='ltr'><em>W</em></span> 
     </span>
    </p>
   </div>
   <div class='ocr_carea' id='block_1_3' title="bbox 1366 539 2899 686">
    <p class='ocr_par' dir='ltr' id='par_1_3' title="bbox 1366 539 2899 686">
     <span class='ocr_line' id='line_1_3' title="bbox 1366 539 2899 686; baseline 0.005 -34"><span class='ocrx_word' id='word_1_9' title='bbox 1366 540 2204 686; x_wconf 87' lang='lat' dir='ltr'><strong>OPUSCULUM</strong></span> <span class='ocrx_word' id='word_1_10' title='bbox 2291 539 2899 660; x_wconf 84' lang='lat' dir='ltr'><strong>SEXTUM.</strong></span> 
     </span>
    </p>
   </div>
   <div class='ocr_carea' id='block_1_4' title="bbox 673 774 2356 935">
    <p class='ocr_par' dir='ltr' id='par_1_4' title="bbox 673 774 2356 935">
     <span class='ocr_line' id='line_1_4' title="bbox 673 774 2356 935; baseline -0.003 -32"><span class='ocrx_word' id='word_1_11' title='bbox 673 776 866 903; x_wconf 70' lang='grc' dir='ltr'><strong>’ΒΕ</strong></span> <span class='ocrx_word' id='word_1_12' title='bbox 943 775 1290 935; x_wconf 60' lang='lat' dir='ltr'><strong>ANIMI</strong></span> <span class='ocrx_word' id='word_1_13' title='bbox 1358 775 1807 902; x_wconf 77' lang='lat' dir='ltr'><strong>RATIONE</strong></span> <span class='ocrx_word' id='word_1_14' title='bbox 1887 774 2190 900; x_wconf 78' lang='lat' dir='ltr'><strong>LIBER</strong></span> <span class='ocrx_word' id='word_1_15' title='bbox 2268 774 2356 900; x_wconf 83' lang='grc' dir='ltr'><strong>ΔΙ</strong></span> 
     </span>
    </p>
   </div>
   <div class='ocr_carea' id='block_1_5' title="bbox 1913 774 3596 935">
    <p class='ocr_par' dir='ltr' id='par_1_5' title="bbox 1913 774 3596 907">
     <span class='ocr_line' id='line_1_5' title="bbox 1913 774 3596 907; baseline 0.005 -9"><span class='ocrx_word' id='word_1_16' title='bbox 1913 774 2190 900; x_wconf 75' lang='lat' dir='ltr'><strong>LIBER</strong></span> <span class='ocrx_word' id='word_1_17' title='bbox 2268 774 2404 900; x_wconf 80' lang='lat' dir='ltr'><strong>All</strong></span> <span class='ocrx_word' id='word_1_18' title='bbox 2488 774 2994 902; x_wconf 73' lang='lat' dir='ltr'><strong>EIMLIAM</strong></span> <span class='ocrx_word' id='word_1_19' title='bbox 3057 775 3596 907; x_wconf 76' lang='lat' dir='ltr'><strong>VIRGINEM.</strong></span> 
     </span>
    </p>
   </div>
   <div class='ocr_carea' id='block_1_6' title="bbox 585 1073 3732 1154">
    <p class='ocr_par' dir='ltr' id='par_1_6' title="bbox 585 1073 3732 1154">
     <span class='ocr_line' id='line_1_6' title="bbox 585 1073 3732 1154; baseline 0.001 -19"><span class='ocrx_word' id='word_1_20' title='bbox 585 1081 744 1154; x_wconf 63' lang='grc' dir='ltr'><em>ιω</em></span> <span class='ocrx_word' id='word_1_21' title='bbox 761 1080 1102 1136; x_wconf 65' lang='lat' dir='ltr'><strong>Charissimm</strong></span> <span class='ocrx_word' id='word_1_22' title='bbox 1125 1080 1178 1134; x_wconf 92' lang='lat' dir='ltr'><strong>in</strong></span> <span class='ocrx_word' id='word_1_23' title='bbox 1202 1077 1406 1133; x_wconf 85' lang='lat' dir='ltr'><strong>Christi</strong></span> <span class='ocrx_word' id='word_1_24' title='bbox 1429 1073 1696 1132; x_wconf 83' lang='lat' dir='ltr'><strong>charitatc</strong></span> <span class='ocrx_word' id='word_1_25' title='bbox 1728 1076 1900 1130; x_wconf 81' lang='lat' dir='ltr'><strong>sorori</strong></span> <span class='ocrx_word' id='word_1_26' title='bbox 1925 1075 1951 1114; x_wconf 71' lang='grc' dir='ltr'><strong>ιι</strong></span> <span class='ocrx_word' id='word_1_27' title='bbox 1979 1074 2077 1128; x_wconf 79' lang='lat' dir='ltr'><strong>Eu-</strong></span> <span class='ocrx_word' id='word_1_28' title='bbox 2105 1081 2152 1134; x_wconf 74' lang='grc' dir='ltr'><strong>Α</strong></span> <span class='ocrx_word' id='word_1_29' title='bbox 2180 1073 2340 1128; x_wconf 89' lang='lat' dir='ltr'><strong>malia</strong></span> <span class='ocrx_word' id='word_1_30' title='bbox 2373 1089 2710 1142; x_wconf 88' lang='lat' dir='ltr'><strong>communes,</strong></span> <span class='ocrx_word' id='word_1_31' title='bbox 2745 1076 2799 1132; x_wconf 87' lang='lat' dir='ltr'><strong>id</strong></span> <span class='ocrx_word' id='word_1_32' title='bbox 2833 1083 2934 1142; x_wconf 80' lang='lat' dir='ltr'><strong>est,</strong></span> <span class='ocrx_word' id='word_1_33' title='bbox 2960 1078 3471 1149; x_wconf 68' lang='lat' dir='ltr'><strong>concupiscentiam,</strong></span> <span class='ocrx_word' id='word_1_34' title='bbox 3498 1087 3554 1137; x_wconf 86' lang='lat' dir='ltr'><strong>et</strong></span> <span class='ocrx_word' id='word_1_35' title='bbox 3577 1081 3732 1138; x_wconf 84' lang='lat' dir='ltr'><strong>iram.</strong></span> 
     </span>
    </p>
   </div>
   <div class='ocr_carea' id='block_1_7' title="bbox 509 1168 1732 1244">
    <p class='ocr_par' dir='ltr' id='par_1_7' title="bbox 509 1168 1732 1244">
     <span class='ocr_line' id='line_1_7' title="bbox 509 1168 1732 1244; baseline -0.007 -14"><span class='ocrx_word' id='word_1_36' title='bbox 509 1175 646 1230; x_wconf 69' lang='lat' dir='ltr'><strong>laiire</strong></span> <span class='ocrx_word' id='word_1_37' title='bbox 672 1174 864 1244; x_wconf 88' lang='lat' dir='ltr'><strong>virgini</strong></span> <span class='ocrx_word' id='word_1_38' title='bbox 895 1171 1118 1227; x_wconf 78' lang='lat' dir='ltr'><strong>Albinus</strong></span> <span class='ocrx_word' id='word_1_39' title='bbox 1145 1173 1198 1226; x_wconf 92' lang='lat' dir='ltr'><strong>in</strong></span> <span class='ocrx_word' id='word_1_40' title='bbox 1226 1170 1454 1226; x_wconf 90' lang='lat' dir='ltr'><strong>Domino</strong></span> <span class='ocrx_word' id='word_1_41' title='bbox 1487 1168 1732 1223; x_wconf 81' lang='lat' dir='ltr'><strong>salutem.</strong></span> 
     </span>
    </p>
   </div>
   <div class='ocr_carea' id='block_1_8' title="bbox 580 1248 2105 1319">
    <p class='ocr_par' dir='ltr' id='par_1_8' title="bbox 580 1248 2105 1319">
     <span class='ocr_line' id='line_1_8' title="bbox 580 1248 2105 1319; baseline -0.006 -1"><span class='ocrx_word' id='word_1_42' title='bbox 580 1265 617 1318; x_wconf 89' lang='grc' dir='ltr'><strong>Ι.</strong></span> <span class='ocrx_word' id='word_1_43' title='bbox 653 1263 864 1319; x_wconf 65' lang='lat' dir='ltr'><strong>Sancte</strong></span> <span class='ocrx_word' id='word_1_44' title='bbox 903 1260 1250 1316; x_wconf 71' lang='lat' dir='ltr'><strong>sollicitudini</strong></span> <span class='ocrx_word' id='word_1_45' title='bbox 1282 1267 1476 1315; x_wconf 67' lang='lat' dir='ltr'><strong>vestrae</strong></span> <span class='ocrx_word' id='word_1_46' title='bbox 1505 1266 1556 1314; x_wconf 87' lang='lat' dir='ltr'><strong>et</strong></span> <span class='ocrx_word' id='word_1_47' title='bbox 1588 1256 1835 1311; x_wconf 83' lang='lat' dir='ltr'><strong>laudabili</strong></span> <span class='ocrx_word' id='word_1_48' title='bbox 1877 1258 1930 1310; x_wconf 91' lang='lat' dir='ltr'><strong>in</strong></span> <span class='ocrx_word' id='word_1_49' title='bbox 1963 1256 2074 1309; x_wconf 87' lang='lat' dir='ltr'><strong>Deo</strong></span> <span class='ocrx_word' id='word_1_50' title='bbox 2100 1248 2105 1253; x_wconf 77' lang='grc'><em>’</em></span> 
     </span>
    </p>
   </div>
   <div class='ocr_carea' id='block_1_9' title="bbox 508 1349 2074 1424">
    <p class='ocr_par' dir='ltr' id='par_1_9' title="bbox 508 1349 2074 1424">
     <span class='ocr_line' id='line_1_9' title="bbox 508 1349 2074 1424; baseline -0.006 -13"><span class='ocrx_word' id='word_1_51' title='bbox 508 1357 687 1411; x_wconf 68' lang='lat' dir='ltr'><strong>studio</strong></span> <span class='ocrx_word' id='word_1_52' title='bbox 733 1355 929 1424; x_wconf 89' lang='lat' dir='ltr'><strong>placuit</strong></span> <span class='ocrx_word' id='word_1_53' title='bbox 960 1352 1256 1423; x_wconf 73' lang='lat' dir='ltr'><strong>deprecari,</strong></span> <span class='ocrx_word' id='word_1_54' title='bbox 1293 1351 1359 1407; x_wconf 88' lang='lat' dir='ltr'><strong>de</strong></span> <span class='ocrx_word' id='word_1_55' title='bbox 1403 1350 1613 1405; x_wconf 84' lang='lat' dir='ltr'><strong>ratione</strong></span> <span class='ocrx_word' id='word_1_56' title='bbox 1647 1350 1838 1404; x_wconf 72' lang='lat' dir='ltr'><strong>anima:</strong></span> <span class='ocrx_word' id='word_1_57' title='bbox 1876 1349 2074 1418; x_wconf 88' lang='lat' dir='ltr'><strong>aliquid</strong></span> 
     </span>
    </p>
   </div>
   <div class='ocr_carea' id='block_1_10' title="bbox 509 1437 2076 1508">
    <p class='ocr_par' dir='ltr' id='par_1_10' title="bbox 509 1437 2076 1508">
     <span class='ocr_line' id='line_1_10' title="bbox 509 1437 2076 1508; baseline -0.004 -12"><span class='ocrx_word' id='word_1_58' title='bbox 509 1453 746 1499; x_wconf 84' lang='lat' dir='ltr'><strong>nostram</strong></span> <span class='ocrx_word' id='word_1_59' title='bbox 772 1443 1008 1498; x_wconf 84' lang='lat' dir='ltr'><strong>scribere</strong></span> <span class='ocrx_word' id='word_1_60' title='bbox 1048 1441 1410 1504; x_wconf 89' lang='lat' dir='ltr'><strong>devotionem,</strong></span> <span class='ocrx_word' id='word_1_61' title='bbox 1456 1445 1675 1508; x_wconf 84' lang='lat' dir='ltr'><strong>propter</strong></span> <span class='ocrx_word' id='word_1_62' title='bbox 1703 1437 1962 1506; x_wconf 89' lang='lat' dir='ltr'><strong>quasdam</strong></span> <span class='ocrx_word' id='word_1_63' title='bbox 1993 1437 2076 1489; x_wconf 82' lang='lat' dir='ltr'><strong>in-</strong></span> 
     </span>
    </p>
   </div>
   <div class='ocr_carea' id='block_1_11' title="bbox 505 1525 2074 1602">
    <p class='ocr_par' dir='ltr' id='par_1_11' title="bbox 505 1525 2074 1602">
     <span class='ocr_line' id='line_1_11' title="bbox 505 1525 2074 1602; baseline -0.005 -16"><span class='ocrx_word' id='word_1_64' title='bbox 505 1533 844 1602; x_wconf 88' lang='lat' dir='ltr'><strong>quisitiones,</strong></span> <span class='ocrx_word' id='word_1_65' title='bbox 885 1539 944 1584; x_wconf 91' lang='lat' dir='ltr'><strong>ut</strong></span> <span class='ocrx_word' id='word_1_66' title='bbox 969 1531 1068 1594; x_wconf 91' lang='lat' dir='ltr'><strong>ais,</strong></span> <span class='ocrx_word' id='word_1_67' title='bbox 1101 1544 1244 1583; x_wconf 92' lang='lat' dir='ltr'><strong>anno</strong></span> <span class='ocrx_word' id='word_1_68' title='bbox 1289 1535 1564 1582; x_wconf 88' lang='lat' dir='ltr'><strong>transacto</strong></span> <span class='ocrx_word' id='word_1_69' title='bbox 1593 1527 1737 1581; x_wconf 89' lang='lat' dir='ltr'><strong>inter</strong></span> <span class='ocrx_word' id='word_1_70' title='bbox 1769 1541 1864 1581; x_wconf 85' lang='lat' dir='ltr'><strong>vos</strong></span> <span class='ocrx_word' id='word_1_71' title='bbox 1899 1525 2074 1580; x_wconf 84' lang='lat' dir='ltr'><strong>venti-</strong></span> 
     </span>
    </p>
   </div>
   <div class='ocr_carea' id='block_1_12' title="bbox 507 1615 2070 1690">
    <p class='ocr_par' dir='ltr' id='par_1_12' title="bbox 507 1615 2070 1690">
     <span class='ocr_line' id='line_1_12' title="bbox 507 1615 2070 1690; baseline -0.006 -12"><span class='ocrx_word' id='word_1_72' title='bbox 507 1625 661 1678; x_wconf 84' lang='lat' dir='ltr'><strong>latas.</strong></span> <span class='ocrx_word' id='word_1_73' title='bbox 710 1623 860 1690; x_wconf 83' lang='lat' dir='ltr'><strong>Quod</strong></span> <span class='ocrx_word' id='word_1_74' title='bbox 887 1621 1114 1680; x_wconf 80' lang='lat' dir='ltr'><strong>libenter</strong></span> <span class='ocrx_word' id='word_1_75' title='bbox 1146 1619 1422 1681; x_wconf 76' lang='lat' dir='ltr'><strong>fecissem,</strong></span> <span class='ocrx_word' id='word_1_76' title='bbox 1462 1619 1508 1672; x_wconf 88' lang='lat' dir='ltr'><strong>si</strong></span> <span class='ocrx_word' id='word_1_77' title='bbox 1549 1633 1634 1673; x_wconf 91' lang='lat' dir='ltr'><strong>me</strong></span> <span class='ocrx_word' id='word_1_78' title='bbox 1675 1623 1825 1672; x_wconf 88' lang='lat' dir='ltr'><strong>tanto</strong></span> <span class='ocrx_word' id='word_1_79' title='bbox 1861 1615 2070 1687; x_wconf 83' lang='lat' dir='ltr'><strong>llagrari</strong></span> 
     </span>
    </p>
   </div>
   <div class='ocr_carea' id='block_1_13' title="bbox 507 1707 2072 1785">
    <p class='ocr_par' dir='ltr' id='par_1_13' title="bbox 507 1707 2072 1785">
     <span class='ocr_line' id='line_1_13' title="bbox 507 1707 2072 1785; baseline -0.004 -18"><span class='ocrx_word' id='word_1_80' title='bbox 507 1713 639 1785; x_wconf 65' lang='lat' dir='ltr'><strong>HL,</strong></span> <span class='ocrx_word' id='word_1_81' title='bbox 672 1723 876 1768; x_wconf 88' lang='lat' dir='ltr'><strong>tantum</strong></span> <span class='ocrx_word' id='word_1_82' title='bbox 899 1709 1146 1783; x_wconf 80' lang='lat' dir='ltr'><strong>ﬂagrare]</strong></span> <span class='ocrx_word' id='word_1_83' title='bbox 1170 1710 1382 1780; x_wconf 84' lang='lat' dir='ltr'><strong>ingenio</strong></span> <span class='ocrx_word' id='word_1_84' title='bbox 1404 1723 1639 1772; x_wconf 84' lang='lat' dir='ltr'><strong>nossem,</strong></span> <span class='ocrx_word' id='word_1_85' title='bbox 1663 1715 1721 1760; x_wconf 91' lang='lat' dir='ltr'><strong>ut</strong></span> <span class='ocrx_word' id='word_1_86' title='bbox 1747 1715 1857 1760; x_wconf 89' lang='lat' dir='ltr'><strong>tam</strong></span> <span class='ocrx_word' id='word_1_87' title='bbox 1877 1707 2072 1762; x_wconf 79' lang='lat' dir='ltr'><strong>arduas</strong></span> 
     </span>
    </p>
   </div>
   <div class='ocr_carea' id='block_1_14' title="bbox 506 1792 2074 1875">
    <p class='ocr_par' dir='ltr' id='par_1_14' title="bbox 506 1792 2074 1875">
     <span class='ocr_line' id='line_1_14' title="bbox 506 1792 2074 1875; baseline -0.003 -19"><span class='ocrx_word' id='word_1_88' title='bbox 506 1804 744 1858; x_wconf 85' lang='lat' dir='ltr'><strong>rationes</strong></span> <span class='ocrx_word' id='word_1_89' title='bbox 779 1802 913 1875; x_wconf 82' lang='lat' dir='ltr'><strong>[Al.,</strong></span> <span class='ocrx_word' id='word_1_90' title='bbox 946 1800 1256 1872; x_wconf 84' lang='lat' dir='ltr'><strong>relationes]</strong></span> <span class='ocrx_word' id='word_1_91' title='bbox 1283 1792 1735 1870; x_wconf 69' lang='lat' dir='ltr'><strong>digne‘exponere</strong></span> <span class='ocrx_word' id='word_1_92' title='bbox 1764 1812 1922 1867; x_wconf 85' lang='lat' dir='ltr'><strong>posse</strong></span> <span class='ocrx_word' id='word_1_93' title='bbox 1952 1813 2074 1853; x_wconf 84' lang='lat' dir='ltr'><strong>con-</strong></span> 
     </span>
    </p>
   </div>
   <div class='ocr_carea' id='block_1_15' title="bbox 507 1888 2068 1961">
    <p class='ocr_par' dir='ltr' id='par_1_15' title="bbox 507 1888 2068 1961">
     <span class='ocr_line' id='line_1_15' title="bbox 507 1888 2068 1961; baseline -0.002 -15"><span class='ocrx_word' id='word_1_94' title='bbox 507 1894 748 1948; x_wconf 89' lang='lat' dir='ltr'><strong>tidercm.</strong></span> <span class='ocrx_word' id='word_1_95' title='bbox 784 1893 891 1947; x_wconf 89' lang='lat' dir='ltr'><strong>Sed</strong></span> <span class='ocrx_word' id='word_1_96' title='bbox 918 1908 982 1947; x_wconf 88' lang='lat' dir='ltr'><strong>ex</strong></span> <span class='ocrx_word' id='word_1_97' title='bbox 1013 1899 1164 1961; x_wconf 89' lang='lat' dir='ltr'><strong>parte</strong></span> <span class='ocrx_word' id='word_1_98' title='bbox 1189 1891 1464 1961; x_wconf 87' lang='lat' dir='ltr'><strong>indignum</strong></span> <span class='ocrx_word' id='word_1_99' title='bbox 1499 1904 1623 1943; x_wconf 86' lang='lat' dir='ltr'><strong>esse</strong></span> <span class='ocrx_word' id='word_1_100' title='bbox 1647 1888 1860 1943; x_wconf 90' lang='lat' dir='ltr'><strong>videtur</strong></span> <span class='ocrx_word' id='word_1_101' title='bbox 1888 1888 2068 1943; x_wconf 89' lang='lat' dir='ltr'><strong>dicere</strong></span> 
     </span>
    </p>
   </div>
   <div class='ocr_carea' id='block_1_16' title="bbox 505 1980 2074 2055">
    <p class='ocr_par' dir='ltr' id='par_1_16' title="bbox 505 1980 2074 2055">
     <span class='ocr_line' id='line_1_16' title="bbox 505 1980 2074 2055; baseline -0.003 -18"><span class='ocrx_word' id='word_1_102' title='bbox 505 1986 764 2055; x_wconf 86' lang='lat' dir='ltr'><strong>meipsum</strong></span> <span class='ocrx_word' id='word_1_103' title='bbox 789 2001 876 2040; x_wconf 88' lang='lat' dir='ltr'><strong>me</strong></span> <span class='ocrx_word' id='word_1_104' title='bbox 913 1983 1142 2038; x_wconf 88' lang='lat' dir='ltr'><strong>nescire.</strong></span> <span class='ocrx_word' id='word_1_105' title='bbox 1177 1982 1315 2048; x_wconf 85' lang='lat' dir='ltr'><strong>Quid</strong></span> <span class='ocrx_word' id='word_1_106' title='bbox 1351 1996 1469 2036; x_wconf 91' lang='lat' dir='ltr'><strong>sum</strong></span> <span class='ocrx_word' id='word_1_107' title='bbox 1507 1996 1627 2052; x_wconf 93' lang='lat' dir='ltr'><strong>ego,</strong></span> <span class='ocrx_word' id='word_1_108' title='bbox 1659 1980 1764 2035; x_wconf 88' lang='lat' dir='ltr'><strong>nisi</strong></span> <span class='ocrx_word' id='word_1_109' title='bbox 1807 1981 1985 2034; x_wconf 89' lang='lat' dir='ltr'><strong>anima</strong></span> <span class='ocrx_word' id='word_1_110' title='bbox 2018 1987 2074 2034; x_wconf 91' lang='lat' dir='ltr'><strong>et</strong></span> 
     </span>
    </p>
   </div>
   <div class='ocr_carea' id='block_1_17' title="bbox 504 2071 2096 2143">
    <p class='ocr_par' dir='ltr' id='par_1_17' title="bbox 504 2071 2096 2143">
     <span class='ocr_line' id='line_1_17' title="bbox 504 2071 2096 2143; baseline -0.002 -17"><span class='ocrx_word' id='word_1_111' title='bbox 504 2074 674 2127; x_wconf 84' lang='lat' dir='ltr'><strong>caro?</strong></span> <span class='ocrx_word' id='word_1_112' title='bbox 722 2074 861 2129; x_wconf 87' lang='lat' dir='ltr'><strong>Caro</strong></span> <span class='ocrx_word' id='word_1_113' title='bbox 905 2074 1033 2143; x_wconf 91' lang='lat' dir='ltr'><strong>quid</strong></span> <span class='ocrx_word' id='word_1_114' title='bbox 1079 2073 1167 2137; x_wconf 89' lang='lat' dir='ltr'><strong>sit,</strong></span> <span class='ocrx_word' id='word_1_115' title='bbox 1214 2072 1462 2126; x_wconf 91' lang='lat' dir='ltr'><strong>omnibus</strong></span> <span class='ocrx_word' id='word_1_116' title='bbox 1510 2079 1694 2125; x_wconf 89' lang='lat' dir='ltr'><strong>notum</strong></span> <span class='ocrx_word' id='word_1_117' title='bbox 1737 2078 1843 2134; x_wconf 88' lang='lat' dir='ltr'><strong>est,</strong></span> <span class='ocrx_word' id='word_1_118' title='bbox 1881 2071 1974 2139; x_wconf 88' lang='lat' dir='ltr'><strong>qui</strong></span> <span class='ocrx_word' id='word_1_119' title='bbox 2013 2085 2096 2124; x_wconf 64' lang='lat' dir='ltr'><strong>se“</strong></span> 
     </span>
    </p>
   </div>
   <div class='ocr_carea' id='block_1_18' title="bbox 503 2160 2074 2229">
    <p class='ocr_par' dir='ltr' id='par_1_18' title="bbox 503 2160 2074 2229">
     <span class='ocr_line' id='line_1_18' title="bbox 503 2160 2074 2229; baseline -0.002 -13"><span class='ocrx_word' id='word_1_120' title='bbox 503 2165 681 2217; x_wconf 92' lang='lat' dir='ltr'><strong>sciunt</strong></span> <span class='ocrx_word' id='word_1_121' title='bbox 705 2164 948 2219; x_wconf 88' lang='lat' dir='ltr'><strong>homines</strong></span> <span class='ocrx_word' id='word_1_122' title='bbox 980 2177 1102 2218; x_wconf 90' lang='lat' dir='ltr'><strong>esse</strong></span> <span class='ocrx_word' id='word_1_123' title='bbox 1127 2180 1140 2215; x_wconf 92' lang='lat'><strong>:</strong></span> <span class='ocrx_word' id='word_1_124' title='bbox 1174 2163 1366 2215; x_wconf 78' lang='lat' dir='ltr'><strong>anim-.c</strong></span> <span class='ocrx_word' id='word_1_125' title='bbox 1387 2175 1515 2214; x_wconf 88' lang='lat' dir='ltr'><strong>vero</strong></span> <span class='ocrx_word' id='word_1_126' title='bbox 1540 2161 1806 2214; x_wconf 89' lang='lat' dir='ltr'><strong>rationem</strong></span> <span class='ocrx_word' id='word_1_127' title='bbox 1831 2160 1919 2214; x_wconf 89' lang='lat' dir='ltr'><strong>vix</strong></span> <span class='ocrx_word' id='word_1_128' title='bbox 1945 2175 2074 2229; x_wconf 91' lang='lat' dir='ltr'><strong>pau-</strong></span> 
     </span>
    </p>
   </div>
   <div class='ocr_carea' id='block_1_19' title="bbox 499 2247 2074 2322">
    <p class='ocr_par' dir='ltr' id='par_1_19' title="bbox 499 2247 2074 2322">
     <span class='ocr_line' id='line_1_19' title="bbox 499 2247 2074 2322; baseline -0.003 -14"><span class='ocrx_word' id='word_1_129' title='bbox 499 2269 686 2308; x_wconf 89' lang='lat' dir='ltr'><strong>corum</strong></span> <span class='ocrx_word' id='word_1_130' title='bbox 720 2261 805 2309; x_wconf 91' lang='lat' dir='ltr'><strong>est</strong></span> <span class='ocrx_word' id='word_1_131' title='bbox 827 2253 1058 2322; x_wconf 89' lang='lat' dir='ltr'><strong>pleniter</strong></span> <span class='ocrx_word' id='word_1_132' title='bbox 1103 2265 1281 2305; x_wconf 88' lang='lat' dir='ltr'><strong>nosse.</strong></span> <span class='ocrx_word' id='word_1_133' title='bbox 1315 2248 1424 2303; x_wconf 89' lang='lat' dir='ltr'><strong>Nec</strong></span> <span class='ocrx_word' id='word_1_134' title='bbox 1467 2247 1666 2318; x_wconf 85' lang='lat' dir='ltr'><strong>aliquid</strong></span> <span class='ocrx_word' id='word_1_135' title='bbox 1703 2249 1872 2319; x_wconf 90' lang='lat' dir='ltr'><strong>magis</strong></span> <span class='ocrx_word' id='word_1_136' title='bbox 1906 2247 2074 2304; x_wconf 86' lang='lat' dir='ltr'><strong>homi-</strong></span> 
     </span>
    </p>
   </div>
   <div class='ocr_carea' id='block_1_20' title="bbox 502 2339 2068 2404">
    <p class='ocr_par' dir='ltr' id='par_1_20' title="bbox 502 2339 2068 2404">
     <span class='ocr_line' id='line_1_20' title="bbox 502 2339 2068 2404; baseline -0.002 -7"><span class='ocrx_word' id='word_1_137' title='bbox 502 2344 558 2397; x_wconf 91' lang='lat' dir='ltr'><strong>ni</strong></span> <span class='ocrx_word' id='word_1_138' title='bbox 582 2345 636 2397; x_wconf 92' lang='lat' dir='ltr'><strong>in</strong></span> <span class='ocrx_word' id='word_1_139' title='bbox 661 2345 763 2399; x_wconf 90' lang='lat' dir='ltr'><strong>hac</strong></span> <span class='ocrx_word' id='word_1_140' title='bbox 792 2344 1118 2398; x_wconf 76' lang='lat' dir='ltr'><strong>mortalitate</strong></span> <span class='ocrx_word' id='word_1_141' title='bbox 1149 2341 1350 2396; x_wconf 85' lang='lat' dir='ltr'><strong>viventi</strong></span> <span class='ocrx_word' id='word_1_142' title='bbox 1380 2339 1743 2394; x_wconf 85' lang='lat' dir='ltr'><strong>necessarium</strong></span> <span class='ocrx_word' id='word_1_143' title='bbox 1775 2346 1858 2394; x_wconf 88' lang='lat' dir='ltr'><strong>est</strong></span> <span class='ocrx_word' id='word_1_144' title='bbox 1887 2355 2068 2404; x_wconf 87' lang='lat' dir='ltr'><strong>nosse,</strong></span> 
     </span>
    </p>
   </div>
   <div class='ocr_carea' id='block_1_21' title="bbox 2172 1162 3740 1239">
    <p class='ocr_par' dir='ltr' id='par_1_21' title="bbox 2172 1162 3740 1239">
     <span class='ocr_line' id='line_1_21' title="bbox 2172 1162 3740 1239; baseline 0.008 -23"><span class='ocrx_word' id='word_1_145' title='bbox 2172 1162 2340 1216; x_wconf 78' lang='lat' dir='ltr'><strong>Homo</strong></span> <span class='ocrx_word' id='word_1_146' title='bbox 2359 1163 2506 1218; x_wconf 91' lang='lat' dir='ltr'><strong>solus</strong></span> <span class='ocrx_word' id='word_1_147' title='bbox 2532 1164 2678 1219; x_wconf 90' lang='lat' dir='ltr'><strong>inter</strong></span> <span class='ocrx_word' id='word_1_148' title='bbox 2697 1167 2952 1237; x_wconf 71' lang='lat' dir='ltr'><strong>mortales</strong></span> <span class='ocrx_word' id='word_1_149' title='bbox 2978 1168 3186 1223; x_wconf 86' lang='lat' dir='ltr'><strong>ratione</strong></span> <span class='ocrx_word' id='word_1_150' title='bbox 3209 1169 3369 1239; x_wconf 84' lang='lat' dir='ltr'><strong>viget,</strong></span> <span class='ocrx_word' id='word_1_151' title='bbox 3393 1173 3618 1227; x_wconf 91' lang='lat' dir='ltr'><strong>consilio</strong></span> <span class='ocrx_word' id='word_1_152' title='bbox 3645 1189 3740 1228; x_wconf 77' lang='lat' dir='ltr'><strong>va-</strong></span> 
     </span>
    </p>
   </div>
   <div class='ocr_carea' id='block_1_22' title="bbox 2169 1249 3737 1325">
    <p class='ocr_par' dir='ltr' id='par_1_22' title="bbox 2169 1249 3737 1325">
     <span class='ocr_line' id='line_1_22' title="bbox 2169 1249 3737 1325; baseline 0.009 -22"><span class='ocrx_word' id='word_1_153' title='bbox 2169 1249 2265 1314; x_wconf 88' lang='lat' dir='ltr'><strong>let,</strong></span> <span class='ocrx_word' id='word_1_154' title='bbox 2301 1250 2648 1322; x_wconf 76' lang='lat' dir='ltr'><strong>intelligentia</strong></span> <span class='ocrx_word' id='word_1_155' title='bbox 2678 1253 2966 1309; x_wconf 83' lang='lat' dir='ltr'><strong>antecellit.</strong></span> <span class='ocrx_word' id='word_1_156' title='bbox 3012 1253 3118 1310; x_wconf 89' lang='lat' dir='ltr'><strong>Sed</strong></span> <span class='ocrx_word' id='word_1_157' title='bbox 3161 1256 3246 1312; x_wconf 86' lang='lat' dir='ltr'><strong>his</strong></span> <span class='ocrx_word' id='word_1_158' title='bbox 3288 1257 3518 1323; x_wconf 90' lang='lat' dir='ltr'><strong>duobus,</strong></span> <span class='ocrx_word' id='word_1_159' title='bbox 3547 1260 3600 1315; x_wconf 89' lang='lat' dir='ltr'><strong>id</strong></span> <span class='ocrx_word' id='word_1_160' title='bbox 3629 1270 3737 1325; x_wconf 74' lang='lat' dir='ltr'><strong>est,</strong></span> 
     </span>
    </p>
   </div>
   <div class='ocr_carea' id='block_1_23' title="bbox 2170 1341 3737 1422">
    <p class='ocr_par' dir='ltr' id='par_1_23' title="bbox 2170 1341 3737 1422">
     <span class='ocr_line' id='line_1_23' title="bbox 2170 1341 3737 1422; baseline 0.009 -28"><span class='ocrx_word' id='word_1_161' title='bbox 2170 1341 2617 1410; x_wconf 70' lang='lat' dir='ltr'><strong>concupiscentiae</strong></span> <span class='ocrx_word' id='word_1_162' title='bbox 2665 1350 2720 1397; x_wconf 91' lang='lat' dir='ltr'><strong>et</strong></span> <span class='ocrx_word' id='word_1_163' title='bbox 2766 1344 2881 1410; x_wconf 64' lang='lat' dir='ltr'><strong>ira,</strong></span> <span class='ocrx_word' id='word_1_164' title='bbox 2926 1345 3085 1412; x_wconf 87' lang='lat' dir='ltr'><strong>ratio,</strong></span> <span class='ocrx_word' id='word_1_165' title='bbox 3126 1362 3245 1417; x_wconf 73' lang='lat' dir='ltr'><strong>qua:</strong></span> <span class='ocrx_word' id='word_1_166' title='bbox 3280 1351 3477 1404; x_wconf 89' lang='lat' dir='ltr'><strong>mentis</strong></span> <span class='ocrx_word' id='word_1_167' title='bbox 3510 1353 3737 1422; x_wconf 84' lang='lat' dir='ltr'><strong>propria</strong></span> 
     </span>
    </p>
   </div>
   <div class='ocr_carea' id='block_1_24' title="bbox 2171 1431 3734 1508">
    <p class='ocr_par' dir='ltr' id='par_1_24' title="bbox 2171 1431 3734 1508">
     <span class='ocr_line' id='line_1_24' title="bbox 2171 1431 3734 1508; baseline 0.007 -22"><span class='ocrx_word' id='word_1_168' title='bbox 2171 1438 2278 1496; x_wconf 89' lang='lat' dir='ltr'><strong>est,</strong></span> <span class='ocrx_word' id='word_1_169' title='bbox 2313 1431 2575 1502; x_wconf 83' lang='lat' dir='ltr'><strong>imperare</strong></span> <span class='ocrx_word' id='word_1_170' title='bbox 2609 1432 2785 1488; x_wconf 88' lang='lat' dir='ltr'><strong>debet.</strong></span> <span class='ocrx_word' id='word_1_171' title='bbox 2832 1432 2993 1503; x_wconf 86' lang='lat' dir='ltr'><strong>Cujus</strong></span> <span class='ocrx_word' id='word_1_172' title='bbox 3033 1437 3442 1494; x_wconf 87' lang='lat' dir='ltr'><strong>exeellcntiores</strong></span> <span class='ocrx_word' id='word_1_173' title='bbox 3491 1441 3734 1508; x_wconf 83' lang='lat' dir='ltr'><strong>virtutes,</strong></span> 
     </span>
    </p>
   </div>
   <div class='ocr_carea' id='block_1_25' title="bbox 2170 1525 3736 1606">
    <p class='ocr_par' dir='ltr' id='par_1_25' title="bbox 2170 1525 3736 1606">
     <span class='ocr_line' id='line_1_25' title="bbox 2170 1525 3736 1606; baseline 0.011 -34"><span class='ocrx_word' id='word_1_174' title='bbox 2170 1532 2398 1590; x_wconf 84' lang='lat' dir='ltr'><strong>quatuor</strong></span> <span class='ocrx_word' id='word_1_175' title='bbox 2431 1535 2552 1580; x_wconf 87' lang='lat' dir='ltr'><strong>esse</strong></span> <span class='ocrx_word' id='word_1_176' title='bbox 2580 1525 2922 1582; x_wconf 80' lang='lat' dir='ltr'><strong>manifestum</strong></span> <span class='ocrx_word' id='word_1_177' title='bbox 2955 1534 3058 1593; x_wconf 89' lang='lat' dir='ltr'><strong>est,</strong></span> <span class='ocrx_word' id='word_1_178' title='bbox 3083 1529 3135 1583; x_wconf 88' lang='lat' dir='ltr'><strong>id</strong></span> <span class='ocrx_word' id='word_1_179' title='bbox 3173 1538 3278 1595; x_wconf 91' lang='lat' dir='ltr'><strong>est,</strong></span> <span class='ocrx_word' id='word_1_180' title='bbox 3309 1531 3609 1601; x_wconf 88' lang='lat' dir='ltr'><strong>prudentia,</strong></span> <span class='ocrx_word' id='word_1_181' title='bbox 3632 1549 3736 1606; x_wconf 88' lang='lat' dir='ltr'><strong>qua</strong></span> 
     </span>
    </p>
   </div>
   <div class='ocr_carea' id='block_1_26' title="bbox 2147 1611 3740 1699">
    <p class='ocr_par' dir='ltr' id='par_1_26' title="bbox 2147 1611 3740 1699">
     <span class='ocr_line' id='line_1_26' title="bbox 2147 1611 3740 1699; baseline 0.012 -36"><span class='ocrx_word' id='word_1_182' title='bbox 2147 1611 2302 1699; x_wconf 41' lang='lat' dir='ltr'><strong>&#39;[Al.,</strong></span> <span class='ocrx_word' id='word_1_183' title='bbox 2337 1611 2478 1686; x_wconf 69' lang='lat' dir='ltr'><strong>quae]</strong></span> <span class='ocrx_word' id='word_1_184' title='bbox 2528 1616 2732 1686; x_wconf 89' lang='lat' dir='ltr'><strong>agenda</strong></span> <span class='ocrx_word' id='word_1_185' title='bbox 2783 1613 2870 1672; x_wconf 91' lang='lat' dir='ltr'><strong>vel</strong></span> <span class='ocrx_word' id='word_1_186' title='bbox 2918 1619 3027 1673; x_wconf 88' lang='lat' dir='ltr'><strong>non</strong></span> <span class='ocrx_word' id='word_1_187' title='bbox 3075 1621 3278 1692; x_wconf 87' lang='lat' dir='ltr'><strong>agenda</strong></span> <span class='ocrx_word' id='word_1_188' title='bbox 3329 1618 3630 1691; x_wconf 87' lang='lat' dir='ltr'><strong>discernit;</strong></span> <span class='ocrx_word' id='word_1_189' title='bbox 3682 1635 3740 1682; x_wconf 86' lang='lat' dir='ltr'><strong>et</strong></span> 
     </span>
    </p>
   </div>
   <div class='ocr_carea' id='block_1_27' title="bbox 2164 1703 3734 1779">
    <p class='ocr_par' dir='ltr' id='par_1_27' title="bbox 2164 1703 3734 1779">
     <span class='ocr_line' id='line_1_27' title="bbox 2164 1703 3734 1779; baseline 0.011 -25"><span class='ocrx_word' id='word_1_190' title='bbox 2164 1703 2392 1771; x_wconf 81' lang='lat' dir='ltr'><strong>justitia,</strong></span> <span class='ocrx_word' id='word_1_191' title='bbox 2420 1719 2524 1774; x_wconf 90' lang='lat' dir='ltr'><strong>qua</strong></span> <span class='ocrx_word' id='word_1_192' title='bbox 2554 1704 2695 1760; x_wconf 87' lang='lat' dir='ltr'><strong>Deus</strong></span> <span class='ocrx_word' id='word_1_193' title='bbox 2729 1706 2938 1773; x_wconf 89' lang='lat' dir='ltr'><strong>colitur,</strong></span> <span class='ocrx_word' id='word_1_194' title='bbox 2985 1715 3040 1763; x_wconf 83' lang='lat' dir='ltr'><strong>et</strong></span> <span class='ocrx_word' id='word_1_195' title='bbox 3066 1717 3294 1776; x_wconf 86' lang='lat' dir='ltr'><strong>amatur,</strong></span> <span class='ocrx_word' id='word_1_196' title='bbox 3328 1723 3385 1768; x_wconf 88' lang='lat' dir='ltr'><strong>et</strong></span> <span class='ocrx_word' id='word_1_197' title='bbox 3427 1723 3575 1779; x_wconf 68' lang='lat' dir='ltr'><strong>recte</strong></span> <span class='ocrx_word' id='word_1_198' title='bbox 3599 1716 3734 1771; x_wconf 83' lang='lat' dir='ltr'><strong>vivi—</strong></span> 
     </span>
    </p>
   </div>
   <div class='ocr_carea' id='block_1_28' title="bbox 2171 1795 3737 1874">
    <p class='ocr_par' dir='ltr' id='par_1_28' title="bbox 2171 1795 3737 1874">
     <span class='ocr_line' id='line_1_28' title="bbox 2171 1795 3737 1874; baseline 0.01 -27"><span class='ocrx_word' id='word_1_199' title='bbox 2171 1803 2257 1848; x_wconf 91' lang='lat' dir='ltr'><strong>tur</strong></span> <span class='ocrx_word' id='word_1_200' title='bbox 2288 1795 2431 1851; x_wconf 90' lang='lat' dir='ltr'><strong>inter</strong></span> <span class='ocrx_word' id='word_1_201' title='bbox 2454 1797 2734 1854; x_wconf 87' lang='lat' dir='ltr'><strong>consocias</strong></span> <span class='ocrx_word' id='word_1_202' title='bbox 2763 1797 3008 1865; x_wconf 84' lang='lat' dir='ltr'><strong>animas;</strong></span> <span class='ocrx_word' id='word_1_203' title='bbox 3040 1805 3413 1872; x_wconf 88' lang='lat' dir='ltr'><strong>temperantia,</strong></span> <span class='ocrx_word' id='word_1_204' title='bbox 3451 1821 3570 1874; x_wconf 68' lang='lat' dir='ltr'><strong>qua:</strong></span> <span class='ocrx_word' id='word_1_205' title='bbox 3609 1821 3737 1862; x_wconf 84' lang='lat' dir='ltr'><strong>con—</strong></span> 
     </span>
    </p>
   </div>
   <div class='ocr_carea' id='block_1_29' title="bbox 2170 1884 3740 1962">
    <p class='ocr_par' dir='ltr' id='par_1_29' title="bbox 2170 1884 3740 1962">
     <span class='ocr_line' id='line_1_29' title="bbox 2170 1884 3740 1962; baseline 0.011 -26"><span class='ocrx_word' id='word_1_206' title='bbox 2170 1884 2558 1953; x_wconf 89' lang='lat' dir='ltr'><strong>cupiscentiam</strong></span> <span class='ocrx_word' id='word_1_207' title='bbox 2595 1889 2685 1944; x_wconf 66' lang='grc' dir='ltr'><strong>νει</strong></span> <span class='ocrx_word' id='word_1_208' title='bbox 2711 1891 2845 1946; x_wconf 91' lang='lat' dir='ltr'><strong>iram</strong></span> <span class='ocrx_word' id='word_1_209' title='bbox 2882 1893 3165 1962; x_wconf 75' lang='lat' dir='ltr'><strong>gubernat,</strong></span> <span class='ocrx_word' id='word_1_210' title='bbox 3200 1910 3268 1950; x_wconf 91' lang='lat' dir='ltr'><strong>ne</strong></span> <span class='ocrx_word' id='word_1_211' title='bbox 3303 1896 3551 1952; x_wconf 83' lang='lat' dir='ltr'><strong>delinitos</strong></span> <span class='ocrx_word' id='word_1_212' title='bbox 3577 1898 3740 1954; x_wconf 84' lang='lat' dir='ltr'><strong>hone-</strong></span> 
     </span>
    </p>
   </div>
   <div class='ocr_carea' id='block_1_30' title="bbox 2171 1974 3739 2058">
    <p class='ocr_par' dir='ltr' id='par_1_30' title="bbox 2171 1974 3739 2058">
     <span class='ocr_line' id='line_1_30' title="bbox 2171 1974 3739 2058; baseline 0.011 -31"><span class='ocrx_word' id='word_1_213' title='bbox 2171 1974 2331 2028; x_wconf 82' lang='lat' dir='ltr'><strong>statis</strong></span> <span class='ocrx_word' id='word_1_214' title='bbox 2357 1976 2614 2032; x_wconf 87' lang='lat' dir='ltr'><strong>terminos</strong></span> <span class='ocrx_word' id='word_1_215' title='bbox 2642 1980 3142 2051; x_wconf 88' lang='lat' dir='ltr'><strong>transgrediantur;</strong></span> <span class='ocrx_word' id='word_1_216' title='bbox 3194 1982 3471 2052; x_wconf 79' lang='lat' dir='ltr'><strong>fortitudo,</strong></span> <span class='ocrx_word' id='word_1_217' title='bbox 3509 2004 3611 2058; x_wconf 90' lang='lat' dir='ltr'><strong>qua</strong></span> <span class='ocrx_word' id='word_1_218' title='bbox 3651 1989 3739 2043; x_wconf 54' lang='lat' dir='ltr'><strong>ad.</strong></span> 
     </span>
    </p>
   </div>
   <div class='ocr_carea' id='block_1_31' title="bbox 2170 2068 3736 2150">
    <p class='ocr_par' dir='ltr' id='par_1_31' title="bbox 2170 2068 3736 2150">
     <span class='ocr_line' id='line_1_31' title="bbox 2170 2068 3736 2150; baseline 0.01 -30"><span class='ocrx_word' id='word_1_219' title='bbox 2170 2082 2326 2123; x_wconf 89' lang='lat' dir='ltr'><strong>versa</strong></span> <span class='ocrx_word' id='word_1_220' title='bbox 2355 2068 2513 2138; x_wconf 88' lang='lat' dir='ltr'><strong>hujus</strong></span> <span class='ocrx_word' id='word_1_221' title='bbox 2553 2071 2675 2126; x_wconf 73' lang='lat' dir='ltr'><strong>vita:</strong></span> <span class='ocrx_word' id='word_1_222' title='bbox 2715 2087 3046 2145; x_wconf 60' lang='lat' dir='ltr'><strong>quacunque</strong></span> <span class='ocrx_word' id='word_1_223' title='bbox 3087 2077 3418 2150; x_wconf 80' lang='lat' dir='ltr'><strong>contingant,</strong></span> <span class='ocrx_word' id='word_1_224' title='bbox 3464 2081 3736 2136; x_wconf 87' lang='lat' dir='ltr'><strong>constanti</strong></span> 
     </span>
    </p>
   </div>
   <div class='ocr_carea' id='block_1_32' title="bbox 2171 2157 2586 2215">
    <p class='ocr_par' dir='ltr' id='par_1_32' title="bbox 2171 2157 2586 2215">
     <span class='ocr_line' id='line_1_32' title="bbox 2171 2157 2586 2215; baseline 0.014 -6"><span class='ocrx_word' id='word_1_225' title='bbox 2171 2157 2352 2213; x_wconf 90' lang='lat' dir='ltr'><strong>animo</strong></span> <span class='ocrx_word' id='word_1_226' title='bbox 2375 2159 2586 2215; x_wconf 85' lang='lat' dir='ltr'><strong>tolerat.</strong></span> 
     </span>
    </p>
   </div>
   <div class='ocr_carea' id='block_1_33' title="bbox 2241 2247 3736 2328">
    <p class='ocr_par' dir='ltr' id='par_1_33' title="bbox 2241 2247 3736 2328">
     <span class='ocr_line' id='line_1_33' title="bbox 2241 2247 3736 2328; baseline 0.01 -26"><span class='ocrx_word' id='word_1_227' title='bbox 2241 2247 2325 2304; x_wconf 76' lang='grc' dir='ltr'><strong>ιν.</strong></span> <span class='ocrx_word' id='word_1_228' title='bbox 2354 2251 2422 2306; x_wconf 83' lang='grc' dir='ltr'><em>Ει</em></span> <span class='ocrx_word' id='word_1_229' title='bbox 2447 2252 2560 2309; x_wconf 62' lang='lat' dir='ltr'><strong>huic</strong></span> <span class='ocrx_word' id='word_1_230' title='bbox 2584 2264 2836 2324; x_wconf 85' lang='lat' dir='ltr'><strong>quatuor,</strong></span> <span class='ocrx_word' id='word_1_231' title='bbox 2862 2257 2908 2312; x_wconf 85' lang='lat' dir='ltr'><strong>si</strong></span> <span class='ocrx_word' id='word_1_232' title='bbox 2933 2257 3197 2314; x_wconf 85' lang='lat' dir='ltr'><strong>charitate</strong></span> <span class='ocrx_word' id='word_1_233' title='bbox 3215 2258 3452 2328; x_wconf 79' lang='lat' dir='ltr'><strong>perfecta</strong></span> <span class='ocrx_word' id='word_1_234' title='bbox 3486 2259 3536 2315; x_wconf 93' lang='lat' dir='ltr'><strong>in</strong></span> <span class='ocrx_word' id='word_1_235' title='bbox 3561 2263 3736 2317; x_wconf 89' lang='lat' dir='ltr'><strong>anima</strong></span> 
     </span>
    </p>
   </div>
   <div class='ocr_carea' id='block_1_34' title="bbox 2173 2341 3736 2425">
    <p class='ocr_par' dir='ltr' id='par_1_34' title="bbox 2173 2341 3736 2425">
     <span class='ocr_line' id='line_1_34' title="bbox 2173 2341 3736 2425; baseline 0.006 -27"><span class='ocrx_word' id='word_1_236' title='bbox 2173 2343 2325 2406; x_wconf 81' lang='lat' dir='ltr'><strong>ﬁunt,</strong></span> <span class='ocrx_word' id='word_1_237' title='bbox 2350 2341 2585 2399; x_wconf 87' lang='lat' dir='ltr'><strong>elliciunt</strong></span> <span class='ocrx_word' id='word_1_238' title='bbox 2605 2360 2723 2409; x_wconf 81' lang='lat' dir='ltr'><strong>eam</strong></span> <span class='ocrx_word' id='word_1_239' title='bbox 2748 2345 2858 2400; x_wconf 91' lang='lat' dir='ltr'><strong>Deo</strong></span> <span class='ocrx_word' id='word_1_240' title='bbox 2882 2348 3201 2415; x_wconf 79' lang='lat' dir='ltr'><strong>proximam.</strong></span> <span class='ocrx_word' id='word_1_241' title='bbox 3229 2347 3362 2415; x_wconf 85' lang='lat' dir='ltr'><strong>Quia</strong></span> <span class='ocrx_word' id='word_1_242' title='bbox 3391 2350 3523 2404; x_wconf 90' lang='lat' dir='ltr'><strong>nihil</strong></span> <span class='ocrx_word' id='word_1_243' title='bbox 3547 2349 3736 2425; x_wconf 87' lang='lat' dir='ltr'><strong>[aliud]</strong></span> 
     </span>
    </p>
   </div>
   <div class='ocr_carea' id='block_1_35' title="bbox 509 2416 3736 2510">
    <p class='ocr_par' dir='ltr' id='par_1_35' title="bbox 509 2416 3736 2510">
     <span class='ocr_line' id='line_1_35' title="bbox 509 2416 3736 2510; baseline 0.004 -23"><span class='ocrx_word' id='word_1_244' title='bbox 509 2448 671 2504; x_wconf 78' lang='lat' dir='ltr'><strong>quam</strong></span> <span class='ocrx_word' id='word_1_245' title='bbox 725 2435 888 2490; x_wconf 87' lang='lat' dir='ltr'><strong>Deum</strong></span> <span class='ocrx_word' id='word_1_246' title='bbox 923 2443 979 2489; x_wconf 91' lang='lat' dir='ltr'><strong>et</strong></span> <span class='ocrx_word' id='word_1_247' title='bbox 1027 2434 1284 2488; x_wconf 88' lang='lat' dir='ltr'><strong>animam.</strong></span> <span class='ocrx_word' id='word_1_248' title='bbox 1338 2432 1608 2497; x_wconf 89' lang='lat' dir='ltr'><strong>Quantum</strong></span> <span class='ocrx_word' id='word_1_249' title='bbox 1659 2431 1803 2484; x_wconf 87' lang='lat' dir='ltr'><strong>enim</strong></span> <span class='ocrx_word' id='word_1_250' title='bbox 1847 2431 2070 2499; x_wconf 90' lang='lat' dir='ltr'><strong>quisque</strong></span> <span class='ocrx_word' id='word_1_251' title='bbox 2102 2416 2144 2474; x_wconf 74' lang='grc' dir='ltr'><strong>Β</strong></span> <span class='ocrx_word' id='word_1_252' title='bbox 2171 2443 2255 2489; x_wconf 89' lang='lat' dir='ltr'><strong>est</strong></span> <span class='ocrx_word' id='word_1_253' title='bbox 2285 2435 2545 2504; x_wconf 89' lang='lat' dir='ltr'><strong>optimum</strong></span> <span class='ocrx_word' id='word_1_254' title='bbox 2593 2436 2845 2503; x_wconf 88' lang='lat' dir='ltr'><strong>hominis,</strong></span> <span class='ocrx_word' id='word_1_255' title='bbox 2890 2440 2974 2494; x_wconf 91' lang='lat' dir='ltr'><strong>cui</strong></span> <span class='ocrx_word' id='word_1_256' title='bbox 3003 2439 3208 2495; x_wconf 81' lang='lat' dir='ltr'><strong>h:erere</strong></span> <span class='ocrx_word' id='word_1_257' title='bbox 3248 2416 3613 2499; x_wconf 73' lang='lat' dir='ltr'><strong>beatissimum</strong></span> <span class='ocrx_word' id='word_1_258' title='bbox 3645 2416 3736 2510; x_wconf 67' lang='lat' dir='ltr'><strong>sit,</strong></span> 
     </span>
    </p>
   </div>
   <div class='ocr_carea' id='block_1_36' title="bbox 503 2519 2068 2594">
    <p class='ocr_par' dir='ltr' id='par_1_36' title="bbox 503 2519 2068 2594">
     <span class='ocr_line' id='line_1_36' title="bbox 503 2519 2068 2594; baseline -0.004 -16"><span class='ocrx_word' id='word_1_259' title='bbox 503 2523 667 2579; x_wconf 86' lang='lat' dir='ltr'><strong>Deum</strong></span> <span class='ocrx_word' id='word_1_260' title='bbox 689 2524 950 2594; x_wconf 79' lang='lat' dir='ltr'><strong>agnoscit,</strong></span> <span class='ocrx_word' id='word_1_261' title='bbox 974 2524 1027 2575; x_wconf 88' lang='lat' dir='ltr'><strong>in</strong></span> <span class='ocrx_word' id='word_1_262' title='bbox 1048 2530 1253 2575; x_wconf 86' lang='lat' dir='ltr'><strong>tantum</strong></span> <span class='ocrx_word' id='word_1_263' title='bbox 1277 2521 1464 2589; x_wconf 83' lang='lat' dir='ltr'><strong>diligit,</strong></span> <span class='ocrx_word' id='word_1_264' title='bbox 1488 2520 1578 2587; x_wconf 85' lang='lat' dir='ltr'><strong>qui</strong></span> <span class='ocrx_word' id='word_1_265' title='bbox 1607 2519 1783 2572; x_wconf 89' lang='lat' dir='ltr'><strong>minus</strong></span> <span class='ocrx_word' id='word_1_266' title='bbox 1810 2520 2068 2588; x_wconf 86' lang='lat' dir='ltr'><strong>agnoscit,</strong></span> 
     </span>
    </p>
   </div>
   <div class='ocr_carea' id='block_1_37' title="bbox 501 2613 2072 2690">
    <p class='ocr_par' dir='ltr' id='par_1_37' title="bbox 501 2613 2072 2690">
     <span class='ocr_line' id='line_1_37' title="bbox 501 2613 2072 2690; baseline -0.006 -16"><span class='ocrx_word' id='word_1_267' title='bbox 501 2621 676 2674; x_wconf 90' lang='lat' dir='ltr'><strong>minus</strong></span> <span class='ocrx_word' id='word_1_268' title='bbox 700 2619 905 2690; x_wconf 84' lang='lat' dir='ltr'><strong>diligit:</strong></span> <span class='ocrx_word' id='word_1_269' title='bbox 939 2633 1066 2688; x_wconf 80' lang='lat' dir='ltr'><strong>ergo</strong></span> <span class='ocrx_word' id='word_1_270' title='bbox 1093 2616 1334 2686; x_wconf 79' lang='lat' dir='ltr'><strong>naturale</strong></span> <span class='ocrx_word' id='word_1_271' title='bbox 1356 2623 1440 2670; x_wconf 89' lang='lat' dir='ltr'><strong>est</strong></span> <span class='ocrx_word' id='word_1_272' title='bbox 1481 2617 1626 2669; x_wconf 89' lang='lat' dir='ltr'><strong>omni</strong></span> <span class='ocrx_word' id='word_1_273' title='bbox 1665 2615 1868 2668; x_wconf 89' lang='lat' dir='ltr'><strong>homini</strong></span> <span class='ocrx_word' id='word_1_274' title='bbox 1903 2613 2072 2666; x_wconf 85' lang='lat' dir='ltr'><strong>Deum</strong></span> 
     </span>
    </p>
   </div>
   <div class='ocr_carea' id='block_1_38' title="bbox 503 2703 2068 2768">
    <p class='ocr_par' dir='ltr' id='par_1_38' title="bbox 503 2703 2068 2768">
     <span class='ocr_line' id='line_1_38' title="bbox 503 2703 2068 2768; baseline -0.004 -8"><span class='ocrx_word' id='word_1_275' title='bbox 503 2725 702 2763; x_wconf 85' lang='lat' dir='ltr'><strong>amare.</strong></span> <span class='ocrx_word' id='word_1_276' title='bbox 733 2707 788 2763; x_wconf 91' lang='lat' dir='ltr'><strong>Si</strong></span> <span class='ocrx_word' id='word_1_277' title='bbox 817 2707 1058 2761; x_wconf 89' lang='lat' dir='ltr'><strong>naturale</strong></span> <span class='ocrx_word' id='word_1_278' title='bbox 1081 2714 1166 2760; x_wconf 87' lang='lat' dir='ltr'><strong>est</strong></span> <span class='ocrx_word' id='word_1_279' title='bbox 1203 2704 1348 2760; x_wconf 88' lang='lat' dir='ltr'><strong>omni</strong></span> <span class='ocrx_word' id='word_1_280' title='bbox 1393 2704 1595 2759; x_wconf 92' lang='lat' dir='ltr'><strong>homini</strong></span> <span class='ocrx_word' id='word_1_281' title='bbox 1635 2703 1833 2757; x_wconf 90' lang='lat' dir='ltr'><strong>bonum</strong></span> <span class='ocrx_word' id='word_1_282' title='bbox 1867 2716 2068 2768; x_wconf 88' lang='lat' dir='ltr'><strong>amare,</strong></span> 
     </span>
    </p>
   </div>
   <div class='ocr_carea' id='block_1_39' title="bbox 507 2792 2069 2863">
    <p class='ocr_par' dir='ltr' id='par_1_39' title="bbox 507 2792 2069 2863">
     <span class='ocr_line' id='line_1_39' title="bbox 507 2792 2069 2863; baseline -0.003 -14"><span class='ocrx_word' id='word_1_283' title='bbox 507 2799 745 2852; x_wconf 83' lang='lat' dir='ltr'><strong>naturale</strong></span> <span class='ocrx_word' id='word_1_284' title='bbox 773 2807 856 2852; x_wconf 90' lang='lat' dir='ltr'><strong>est</strong></span> <span class='ocrx_word' id='word_1_285' title='bbox 883 2797 1044 2852; x_wconf 88' lang='lat' dir='ltr'><strong>etiam</strong></span> <span class='ocrx_word' id='word_1_286' title='bbox 1074 2796 1238 2850; x_wconf 85' lang='lat' dir='ltr'><strong>Deum</strong></span> <span class='ocrx_word' id='word_1_287' title='bbox 1261 2811 1464 2858; x_wconf 89' lang='lat' dir='ltr'><strong>amare,</strong></span> <span class='ocrx_word' id='word_1_288' title='bbox 1491 2795 1614 2863; x_wconf 88' lang='lat' dir='ltr'><strong>quia</strong></span> <span class='ocrx_word' id='word_1_289' title='bbox 1643 2792 1783 2846; x_wconf 93' lang='lat' dir='ltr'><strong>Deus</strong></span> <span class='ocrx_word' id='word_1_290' title='bbox 1805 2807 2069 2846; x_wconf 89' lang='lat' dir='ltr'><strong>summum</strong></span> 
     </span>
    </p>
   </div>
   <div class='ocr_carea' id='block_1_40' title="bbox 501 2882 2072 2957">
    <p class='ocr_par' dir='ltr' id='par_1_40' title="bbox 501 2882 2072 2957">
     <span class='ocr_line' id='line_1_40' title="bbox 501 2882 2072 2957; baseline -0.004 -14"><span class='ocrx_word' id='word_1_291' title='bbox 501 2891 697 2943; x_wconf 87' lang='lat' dir='ltr'><strong>bonum</strong></span> <span class='ocrx_word' id='word_1_292' title='bbox 721 2898 805 2943; x_wconf 89' lang='lat' dir='ltr'><strong>est</strong></span> <span class='ocrx_word' id='word_1_293' title='bbox 827 2891 944 2944; x_wconf 89' lang='lat' dir='ltr'><strong>sine</strong></span> <span class='ocrx_word' id='word_1_294' title='bbox 974 2904 1079 2957; x_wconf 92' lang='lat' dir='ltr'><strong>quo</strong></span> <span class='ocrx_word' id='word_1_295' title='bbox 1110 2889 1271 2951; x_wconf 90' lang='lat' dir='ltr'><strong>bono,</strong></span> <span class='ocrx_word' id='word_1_296' title='bbox 1310 2886 1382 2940; x_wconf 89' lang='lat' dir='ltr'><strong>nil</strong></span> <span class='ocrx_word' id='word_1_297' title='bbox 1415 2884 1545 2957; x_wconf 78' lang='grc' dir='ltr'><em>[Αι.,</em></span> <span class='ocrx_word' id='word_1_298' title='bbox 1587 2882 1742 2954; x_wconf 90' lang='lat' dir='ltr'><strong>nihil]</strong></span> <span class='ocrx_word' id='word_1_299' title='bbox 1774 2883 1896 2938; x_wconf 87' lang='lat' dir='ltr'><strong>boni</strong></span> <span class='ocrx_word' id='word_1_300' title='bbox 1924 2884 2072 2952; x_wconf 90' lang='lat' dir='ltr'><strong>quis-</strong></span> 
     </span>
    </p>
   </div>
   <div class='ocr_carea' id='block_1_41' title="bbox 497 2969 2072 3046">
    <p class='ocr_par' dir='ltr' id='par_1_41' title="bbox 497 2969 2072 3046">
     <span class='ocr_line' id='line_1_41' title="bbox 497 2969 2072 3046; baseline -0.004 -16"><span class='ocrx_word' id='word_1_301' title='bbox 497 2995 657 3046; x_wconf 82' lang='lat' dir='ltr'><strong>quam</strong></span> <span class='ocrx_word' id='word_1_302' title='bbox 688 2979 887 3032; x_wconf 88' lang='lat' dir='ltr'><strong>habere</strong></span> <span class='ocrx_word' id='word_1_303' title='bbox 920 2976 1132 3046; x_wconf 87' lang='lat' dir='ltr'><strong>poterit.</strong></span> <span class='ocrx_word' id='word_1_304' title='bbox 1161 2975 1252 3028; x_wconf 91' lang='lat' dir='ltr'><strong>llle</strong></span> <span class='ocrx_word' id='word_1_305' title='bbox 1275 2983 1360 3028; x_wconf 84' lang='lat' dir='ltr'><strong>est</strong></span> <span class='ocrx_word' id='word_1_306' title='bbox 1386 2973 1699 3027; x_wconf 87' lang='lat' dir='ltr'><strong>indeﬁciens</strong></span> <span class='ocrx_word' id='word_1_307' title='bbox 1722 2974 1940 3034; x_wconf 92' lang='lat' dir='ltr'><strong>bonum,</strong></span> <span class='ocrx_word' id='word_1_308' title='bbox 1964 2969 2072 3041; x_wconf 61' lang='lat' dir='ltr'><strong>plc~</strong></span> 
     </span>
    </p>
   </div>
   <div class='ocr_carea' id='block_1_42' title="bbox 500 3061 2070 3137">
    <p class='ocr_par' dir='ltr' id='par_1_42' title="bbox 500 3061 2070 3137">
     <span class='ocr_line' id='line_1_42' title="bbox 500 3061 2070 3137; baseline -0.004 -17"><span class='ocrx_word' id='word_1_309' title='bbox 500 3086 563 3121; x_wconf 87' lang='lat' dir='ltr'><strong>na</strong></span> <span class='ocrx_word' id='word_1_310' title='bbox 608 3066 965 3137; x_wconf 86' lang='lat' dir='ltr'><strong>pulchritudo,</strong></span> <span class='ocrx_word' id='word_1_311' title='bbox 1006 3065 1169 3120; x_wconf 91' lang='lat' dir='ltr'><strong>totius</strong></span> <span class='ocrx_word' id='word_1_312' title='bbox 1212 3064 1483 3117; x_wconf 80' lang='lat' dir='ltr'><strong>felicitatis</strong></span> <span class='ocrx_word' id='word_1_313' title='bbox 1524 3062 1868 3116; x_wconf 69' lang='lat' dir='ltr'><strong>abundantia.</strong></span> <span class='ocrx_word' id='word_1_314' title='bbox 1907 3061 2070 3114; x_wconf 80' lang='lat' dir='ltr'><strong>Amor</strong></span> 
     </span>
    </p>
   </div>
   <div class='ocr_carea' id='block_1_43' title="bbox 497 3154 2068 3234">
    <p class='ocr_par' dir='ltr' id='par_1_43' title="bbox 497 3154 2068 3234">
     <span class='ocr_line' id='line_1_43' title="bbox 497 3154 2068 3234; baseline -0.004 -21"><span class='ocrx_word' id='word_1_315' title='bbox 497 3175 624 3213; x_wconf 74' lang='lat' dir='ltr'><strong>vero</strong></span> <span class='ocrx_word' id='word_1_316' title='bbox 648 3157 804 3234; x_wconf 70' lang='lat' dir='ltr'><strong>hujus</strong></span> <span class='ocrx_word' id='word_1_317' title='bbox 836 3157 981 3222; x_wconf 94' lang='lat' dir='ltr'><strong>boni,</strong></span> <span class='ocrx_word' id='word_1_318' title='bbox 1023 3170 1129 3210; x_wconf 92' lang='lat' dir='ltr'><strong>non</strong></span> <span class='ocrx_word' id='word_1_319' title='bbox 1166 3156 1268 3209; x_wconf 84' lang='lat' dir='ltr'><strong>nisi</strong></span> <span class='ocrx_word' id='word_1_320' title='bbox 1305 3155 1358 3208; x_wconf 88' lang='lat' dir='ltr'><strong>in</strong></span> <span class='ocrx_word' id='word_1_321' title='bbox 1394 3155 1569 3208; x_wconf 87' lang='lat' dir='ltr'><strong>anima</strong></span> <span class='ocrx_word' id='word_1_322' title='bbox 1594 3170 1713 3208; x_wconf 90' lang='lat' dir='ltr'><strong>esse</strong></span> <span class='ocrx_word' id='word_1_323' title='bbox 1737 3154 1977 3223; x_wconf 88' lang='lat' dir='ltr'><strong>poterit;</strong></span> <span class='ocrx_word' id='word_1_324' title='bbox 2012 3162 2068 3208; x_wconf 90' lang='lat' dir='ltr'><strong>et</strong></span> 
     </span>
    </p>
   </div>
   <div class='ocr_carea' id='block_1_44' title="bbox 497 3246 2066 3311">
    <p class='ocr_par' dir='ltr' id='par_1_44' title="bbox 497 3246 2066 3311">
     <span class='ocr_line' id='line_1_44' title="bbox 497 3246 2066 3311; baseline -0.003 -9"><span class='ocrx_word' id='word_1_325' title='bbox 497 3253 596 3304; x_wconf 89' lang='lat' dir='ltr'><strong>hoc</strong></span> <span class='ocrx_word' id='word_1_326' title='bbox 623 3251 814 3304; x_wconf 62' lang='lat' dir='ltr'><strong>anima:</strong></span> <span class='ocrx_word' id='word_1_327' title='bbox 836 3249 1104 3304; x_wconf 74' lang='lat' dir='ltr'><strong>excellens</strong></span> <span class='ocrx_word' id='word_1_328' title='bbox 1136 3248 1332 3302; x_wconf 90' lang='lat' dir='ltr'><strong>bonum</strong></span> <span class='ocrx_word' id='word_1_329' title='bbox 1354 3256 1454 3311; x_wconf 91' lang='lat' dir='ltr'><strong>est,</strong></span> <span class='ocrx_word' id='word_1_330' title='bbox 1483 3246 1612 3301; x_wconf 91' lang='lat' dir='ltr'><strong>illud</strong></span> <span class='ocrx_word' id='word_1_331' title='bbox 1641 3262 1822 3300; x_wconf 89' lang='lat' dir='ltr'><strong>amare</strong></span> <span class='ocrx_word' id='word_1_332' title='bbox 1845 3246 2066 3309; x_wconf 91' lang='lat' dir='ltr'><strong>bonum,</strong></span> 
     </span>
    </p>
   </div>
   <div class='ocr_carea' id='block_1_45' title="bbox 499 3336 2067 3410">
    <p class='ocr_par' dir='ltr' id='par_1_45' title="bbox 499 3336 2067 3410">
     <span class='ocr_line' id='line_1_45' title="bbox 499 3336 2067 3410; baseline -0.004 -15"><span class='ocrx_word' id='word_1_333' title='bbox 499 3345 550 3395; x_wconf 92' lang='lat' dir='ltr'><strong>in</strong></span> <span class='ocrx_word' id='word_1_334' title='bbox 588 3357 693 3410; x_wconf 89' lang='lat' dir='ltr'><strong>quo</strong></span> <span class='ocrx_word' id='word_1_335' title='bbox 729 3341 862 3403; x_wconf 91' lang='lat' dir='ltr'><strong>solo,</strong></span> <span class='ocrx_word' id='word_1_336' title='bbox 904 3348 958 3394; x_wconf 88' lang='lat' dir='ltr'><strong>et</strong></span> <span class='ocrx_word' id='word_1_337' title='bbox 998 3355 1028 3392; x_wconf 93' lang='lat' dir='ltr'><strong>a</strong></span> <span class='ocrx_word' id='word_1_338' title='bbox 1059 3354 1182 3407; x_wconf 89' lang='lat' dir='ltr'><strong>quo,</strong></span> <span class='ocrx_word' id='word_1_339' title='bbox 1221 3347 1276 3392; x_wconf 90' lang='lat' dir='ltr'><strong>et</strong></span> <span class='ocrx_word' id='word_1_340' title='bbox 1303 3354 1398 3408; x_wconf 91' lang='lat' dir='ltr'><strong>per</strong></span> <span class='ocrx_word' id='word_1_341' title='bbox 1429 3351 1609 3407; x_wconf 86' lang='lat' dir='ltr'><strong>quem,</strong></span> <span class='ocrx_word' id='word_1_342' title='bbox 1656 3337 1913 3405; x_wconf 90' lang='lat' dir='ltr'><strong>quidquid</strong></span> <span class='ocrx_word' id='word_1_343' title='bbox 1942 3336 2067 3391; x_wconf 88' lang='lat' dir='ltr'><strong>boni</strong></span> 
     </span>
    </p>
   </div>
   <div class='ocr_carea' id='block_1_46' title="bbox 497 3425 1458 3490">
    <p class='ocr_par' dir='ltr' id='par_1_46' title="bbox 497 3425 1458 3490">
     <span class='ocr_line' id='line_1_46' title="bbox 497 3425 1458 3490; baseline -0.005 -9"><span class='ocrx_word' id='word_1_344' title='bbox 497 3438 582 3481; x_wconf 72' lang='lat' dir='ltr'><strong>est</strong></span> <span class='ocrx_word' id='word_1_345' title='bbox 615 3431 667 3480; x_wconf 89' lang='lat' dir='ltr'><strong>in</strong></span> <span class='ocrx_word' id='word_1_346' title='bbox 694 3428 798 3482; x_wconf 85' lang='lat' dir='ltr'><strong>ulla</strong></span> <span class='ocrx_word' id='word_1_347' title='bbox 831 3435 1100 3490; x_wconf 89' lang='lat' dir='ltr'><strong>creatura,</strong></span> <span class='ocrx_word' id='word_1_348' title='bbox 1133 3425 1329 3478; x_wconf 89' lang='lat' dir='ltr'><strong>bonum</strong></span> <span class='ocrx_word' id='word_1_349' title='bbox 1357 3435 1458 3479; x_wconf 85' lang='lat' dir='ltr'><strong>est.</strong></span> 
     </span>
    </p>
   </div>
   <div class='ocr_carea' id='block_1_47' title="bbox 565 3515 2067 3578">
    <p class='ocr_par' dir='ltr' id='par_1_47' title="bbox 565 3515 2067 3578">
     <span class='ocr_line' id='line_1_47' title="bbox 565 3515 2067 3578; baseline -0.003 -6"><span class='ocrx_word' id='word_1_350' title='bbox 565 3520 624 3572; x_wconf 89' lang='lat' dir='ltr'><strong>ll.</strong></span> <span class='ocrx_word' id='word_1_351' title='bbox 661 3519 726 3572; x_wconf 81' lang='lat' dir='ltr'><strong>Et</strong></span> <span class='ocrx_word' id='word_1_352' title='bbox 766 3518 880 3571; x_wconf 62' lang='lat' dir='ltr'><strong>huic</strong></span> <span class='ocrx_word' id='word_1_353' title='bbox 905 3517 1014 3570; x_wconf 90' lang='lat' dir='ltr'><strong>sola</strong></span> <span class='ocrx_word' id='word_1_354' title='bbox 1046 3516 1223 3570; x_wconf 90' lang='lat' dir='ltr'><strong>anima</strong></span> <span class='ocrx_word' id='word_1_355' title='bbox 1262 3515 1456 3569; x_wconf 88' lang='lat' dir='ltr'><strong>nobilis</strong></span> <span class='ocrx_word' id='word_1_356' title='bbox 1492 3523 1598 3578; x_wconf 89' lang='lat' dir='ltr'><strong>est,</strong></span> <span class='ocrx_word' id='word_1_357' title='bbox 1623 3515 1666 3569; x_wconf 92' lang='lat' dir='ltr'><strong>si</strong></span> <span class='ocrx_word' id='word_1_358' title='bbox 1693 3515 1839 3568; x_wconf 88' lang='lat' dir='ltr'><strong>illum</strong></span> <span class='ocrx_word' id='word_1_359' title='bbox 1868 3523 2067 3567; x_wconf 86' lang='lat' dir='ltr'><strong>amata</strong></span> 
     </span>
    </p>
   </div>
   <div class='ocr_carea' id='block_1_48' title="bbox 497 3603 2068 3680">
    <p class='ocr_par' dir='ltr' id='par_1_48' title="bbox 497 3603 2068 3680">
     <span class='ocr_line' id='line_1_48' title="bbox 497 3603 2068 3680; baseline -0.004 -16"><span class='ocrx_word' id='word_1_360' title='bbox 497 3627 601 3680; x_wconf 89' lang='lat' dir='ltr'><strong>quo</strong></span> <span class='ocrx_word' id='word_1_361' title='bbox 632 3619 713 3664; x_wconf 85' lang='lat' dir='ltr'><strong>est</strong></span> <span class='ocrx_word' id='word_1_362' title='bbox 739 3608 880 3679; x_wconf 90' lang='lat' dir='ltr'><strong>quod</strong></span> <span class='ocrx_word' id='word_1_363' title='bbox 913 3615 1029 3671; x_wconf 84' lang='lat' dir='ltr'><strong>est;</strong></span> <span class='ocrx_word' id='word_1_364' title='bbox 1073 3606 1162 3675; x_wconf 90' lang='lat' dir='ltr'><strong>qui</strong></span> <span class='ocrx_word' id='word_1_365' title='bbox 1200 3604 1343 3659; x_wconf 88' lang='lat' dir='ltr'><strong>illam</strong></span> <span class='ocrx_word' id='word_1_366' title='bbox 1387 3603 1548 3658; x_wconf 85' lang='lat' dir='ltr'><strong>talem</strong></span> <span class='ocrx_word' id='word_1_367' title='bbox 1580 3604 1802 3666; x_wconf 83' lang='lat' dir='ltr'><strong>creavit,</strong></span> <span class='ocrx_word' id='word_1_368' title='bbox 1833 3610 1890 3655; x_wconf 92' lang='lat' dir='ltr'><strong>ut</strong></span> <span class='ocrx_word' id='word_1_369' title='bbox 1923 3604 1974 3655; x_wconf 90' lang='lat' dir='ltr'><strong>in</strong></span> <span class='ocrx_word' id='word_1_370' title='bbox 2010 3619 2068 3657; x_wconf 92' lang='lat' dir='ltr'><strong>sc</strong></span> 
     </span>
    </p>
   </div>
   <div class='ocr_carea' id='block_1_49' title="bbox 497 3692 2066 3770">
    <p class='ocr_par' dir='ltr' id='par_1_49' title="bbox 497 3692 2066 3770">
     <span class='ocr_line' id='line_1_49' title="bbox 497 3692 2066 3770; baseline -0.006 -15"><span class='ocrx_word' id='word_1_371' title='bbox 497 3703 578 3756; x_wconf 90' lang='lat' dir='ltr'><strong>sui</strong></span> <span class='ocrx_word' id='word_1_372' title='bbox 625 3701 791 3770; x_wconf 85' lang='lat' dir='ltr'><strong>ipsius</strong></span> <span class='ocrx_word' id='word_1_373' title='bbox 836 3699 1121 3769; x_wconf 80' lang='lat' dir='ltr'><strong>imaginem</strong></span> <span class='ocrx_word' id='word_1_374' title='bbox 1161 3703 1214 3751; x_wconf 89' lang='lat' dir='ltr'><strong>et</strong></span> <span class='ocrx_word' id='word_1_375' title='bbox 1247 3692 1653 3749; x_wconf 89' lang='lat' dir='ltr'><strong>similitudinem</strong></span> <span class='ocrx_word' id='word_1_376' title='bbox 1701 3693 1920 3748; x_wconf 85' lang='lat' dir='ltr'><strong>haberet</strong></span> <span class='ocrx_word' id='word_1_377' title='bbox 1970 3692 2066 3745; x_wconf 90' lang='lat' dir='ltr'><strong>im-</strong></span> 
     </span>
    </p>
   </div>
   <div class='ocr_carea' id='block_1_50' title="bbox 2172 2524 3740 2599">
    <p class='ocr_par' dir='ltr' id='par_1_50' title="bbox 2172 2524 3740 2599">
     <span class='ocr_line' id='line_1_50' title="bbox 2172 2524 3740 2599; baseline 0.011 -23"><span class='ocrx_word' id='word_1_378' title='bbox 2172 2525 2276 2579; x_wconf 90' lang='lat' dir='ltr'><strong>nisi</strong></span> <span class='ocrx_word' id='word_1_379' title='bbox 2307 2524 2449 2580; x_wconf 89' lang='lat' dir='ltr'><strong>Deus</strong></span> <span class='ocrx_word' id='word_1_380' title='bbox 2473 2543 2485 2579; x_wconf 93' lang='lat'><strong>:</strong></span> <span class='ocrx_word' id='word_1_381' title='bbox 2508 2527 2594 2581; x_wconf 91' lang='lat' dir='ltr'><strong>cui</strong></span> <span class='ocrx_word' id='word_1_382' title='bbox 2619 2528 2824 2586; x_wconf 69' lang='lat' dir='ltr'><strong>haerere</strong></span> <span class='ocrx_word' id='word_1_383' title='bbox 2853 2538 2999 2587; x_wconf 81' lang='lat' dir='ltr'><strong>certe</strong></span> <span class='ocrx_word' id='word_1_384' title='bbox 3024 2547 3131 2588; x_wconf 91' lang='lat' dir='ltr'><strong>non</strong></span> <span class='ocrx_word' id='word_1_385' title='bbox 3168 2533 3426 2599; x_wconf 90' lang='lat' dir='ltr'><strong>valemus,</strong></span> <span class='ocrx_word' id='word_1_386' title='bbox 3472 2536 3575 2590; x_wconf 89' lang='lat' dir='ltr'><strong>nisi</strong></span> <span class='ocrx_word' id='word_1_387' title='bbox 3617 2537 3740 2594; x_wconf 82' lang='lat' dir='ltr'><strong>dile-</strong></span> 
     </span>
    </p>
   </div>
   <div class='ocr_carea' id='block_1_51' title="bbox 2170 2616 3739 2712">
    <p class='ocr_par' dir='ltr' id='par_1_51' title="bbox 2170 2616 3739 2712">
     <span class='ocr_line' id='line_1_51' title="bbox 2170 2616 3739 2712; baseline 0.01 -43"><span class='ocrx_word' id='word_1_388' title='bbox 2170 2616 2368 2712; x_wconf 81' lang='lat' dir='ltr'><strong>ctione.</strong></span> <span class='ocrx_word' id='word_1_389' title='bbox 2399 2616 2631 2676; x_wconf 83' lang='lat' dir='ltr'><strong>Proinde</strong></span> <span class='ocrx_word' id='word_1_390' title='bbox 2674 2619 2756 2676; x_wconf 66' lang='lat' dir='ltr'><strong>hre</strong></span> <span class='ocrx_word' id='word_1_391' title='bbox 2785 2631 3017 2691; x_wconf 89' lang='lat' dir='ltr'><strong>quatuor</strong></span> <span class='ocrx_word' id='word_1_392' title='bbox 3055 2624 3432 2712; x_wconf 32' lang='lat' dir='ltr'><strong>virtutesguno</strong></span> <span class='ocrx_word' id='word_1_393' title='bbox 3462 2626 3739 2685; x_wconf 89' lang='lat' dir='ltr'><strong>charitatis</strong></span> 
     </span>
    </p>
   </div>
   <div class='ocr_carea' id='block_1_52' title="bbox 2171 2704 3738 2784">
    <p class='ocr_par' dir='ltr' id='par_1_52' title="bbox 2171 2704 3738 2784">
     <span class='ocr_line' id='line_1_52' title="bbox 2171 2704 3738 2784; baseline 0.01 -26"><span class='ocrx_word' id='word_1_394' title='bbox 2171 2704 2470 2761; x_wconf 84' lang='lat' dir='ltr'><strong>diademate</strong></span> <span class='ocrx_word' id='word_1_395' title='bbox 2517 2719 2793 2764; x_wconf 87' lang='lat' dir='ltr'><strong>ornantur.</strong></span> <span class='ocrx_word' id='word_1_396' title='bbox 2846 2711 2974 2778; x_wconf 77' lang='lat' dir='ltr'><strong>Qua:</strong></span> <span class='ocrx_word' id='word_1_397' title='bbox 3018 2719 3104 2767; x_wconf 91' lang='lat' dir='ltr'><strong>est</strong></span> <span class='ocrx_word' id='word_1_398' title='bbox 3134 2729 3263 2768; x_wconf 90' lang='lat' dir='ltr'><strong>vera</strong></span> <span class='ocrx_word' id='word_1_399' title='bbox 3290 2704 3597 2784; x_wconf 38' lang='lat' dir='ltr'><strong>isapientia,</strong></span> <span class='ocrx_word' id='word_1_400' title='bbox 3633 2719 3738 2775; x_wconf 90' lang='lat' dir='ltr'><strong>nisi</strong></span> 
     </span>
    </p>
   </div>
   <div class='ocr_carea' id='block_1_53' title="bbox 2171 2793 3735 2871">
    <p class='ocr_par' dir='ltr' id='par_1_53' title="bbox 2171 2793 3735 2871">
     <span class='ocr_line' id='line_1_53' title="bbox 2171 2793 3735 2871; baseline 0.009 -23"><span class='ocrx_word' id='word_1_401' title='bbox 2171 2796 2336 2861; x_wconf 80' lang='lat' dir='ltr'><strong>Deum</strong></span> <span class='ocrx_word' id='word_1_402' title='bbox 2364 2793 2662 2869; x_wconf 83' lang='lat' dir='ltr'><strong>intelligere</strong></span> <span class='ocrx_word' id='word_1_403' title='bbox 2705 2797 3033 2855; x_wconf 89' lang='lat' dir='ltr'><strong>amandum?</strong></span> <span class='ocrx_word' id='word_1_404' title='bbox 3082 2801 3210 2868; x_wconf 63' lang='lat' dir='ltr'><strong>Quae</strong></span> <span class='ocrx_word' id='word_1_405' title='bbox 3247 2811 3330 2859; x_wconf 88' lang='lat' dir='ltr'><strong>est</strong></span> <span class='ocrx_word' id='word_1_406' title='bbox 3352 2801 3582 2871; x_wconf 80' lang='lat' dir='ltr'><strong>iustitia,</strong></span> <span class='ocrx_word' id='word_1_407' title='bbox 3633 2809 3735 2862; x_wconf 81' lang='lat' dir='ltr'><strong>nisi</strong></span> 
     </span>
    </p>
   </div>
   <div class='ocr_carea' id='block_1_54' title="bbox 2168 2886 3740 2963">
    <p class='ocr_par' dir='ltr' id='par_1_54' title="bbox 2168 2886 3740 2963">
     <span class='ocr_line' id='line_1_54' title="bbox 2168 2886 3740 2963; baseline 0.005 -21"><span class='ocrx_word' id='word_1_408' title='bbox 2168 2900 2288 2942; x_wconf 88' lang='lat' dir='ltr'><strong>eum</strong></span> <span class='ocrx_word' id='word_1_409' title='bbox 2317 2886 2514 2952; x_wconf 90' lang='lat' dir='ltr'><strong>colere,</strong></span> <span class='ocrx_word' id='word_1_410' title='bbox 2545 2903 2575 2942; x_wconf 90' lang='lat' dir='ltr'><strong>a</strong></span> <span class='ocrx_word' id='word_1_411' title='bbox 2616 2904 2722 2958; x_wconf 87' lang='lat' dir='ltr'><strong>quo</strong></span> <span class='ocrx_word' id='word_1_412' title='bbox 2767 2899 2868 2955; x_wconf 90' lang='lat' dir='ltr'><strong>est,</strong></span> <span class='ocrx_word' id='word_1_413' title='bbox 2898 2900 2952 2946; x_wconf 92' lang='lat' dir='ltr'><strong>et</strong></span> <span class='ocrx_word' id='word_1_414' title='bbox 2992 2891 3248 2963; x_wconf 87' lang='lat' dir='ltr'><strong>quidquid</strong></span> <span class='ocrx_word' id='word_1_415' title='bbox 3285 2893 3447 2949; x_wconf 90' lang='lat' dir='ltr'><strong>habet</strong></span> <span class='ocrx_word' id='word_1_416' title='bbox 3493 2896 3639 2958; x_wconf 91' lang='lat' dir='ltr'><strong>boni,</strong></span> <span class='ocrx_word' id='word_1_417' title='bbox 3671 2897 3740 2950; x_wconf 89' lang='lat' dir='ltr'><strong>ab</strong></span> 
     </span>
    </p>
   </div>
   <div class='ocr_carea' id='block_1_55' title="bbox 2164 2977 3739 3053">
    <p class='ocr_par' dir='ltr' id='par_1_55' title="bbox 2164 2977 3739 3053">
     <span class='ocr_line' id='line_1_55' title="bbox 2164 2977 3739 3053; baseline 0.004 -20"><span class='ocrx_word' id='word_1_418' title='bbox 2164 2993 2233 3033; x_wconf 92' lang='lat' dir='ltr'><strong>eo</strong></span> <span class='ocrx_word' id='word_1_419' title='bbox 2260 2977 2469 3032; x_wconf 84' lang='lat' dir='ltr'><strong>habet?</strong></span> <span class='ocrx_word' id='word_1_420' title='bbox 2511 2978 2649 3044; x_wconf 92' lang='lat' dir='ltr'><strong>Quid</strong></span> <span class='ocrx_word' id='word_1_421' title='bbox 2682 2981 3052 3049; x_wconf 88' lang='lat' dir='ltr'><strong>temperantia,</strong></span> <span class='ocrx_word' id='word_1_422' title='bbox 3094 2983 3197 3036; x_wconf 90' lang='lat' dir='ltr'><strong>nisi</strong></span> <span class='ocrx_word' id='word_1_423' title='bbox 3233 2982 3499 3053; x_wconf 83' lang='lat' dir='ltr'><strong>integrum</strong></span> <span class='ocrx_word' id='word_1_424' title='bbox 3525 2998 3582 3038; x_wconf 90' lang='lat' dir='ltr'><strong>se</strong></span> <span class='ocrx_word' id='word_1_425' title='bbox 3608 2999 3739 3053; x_wconf 73' lang='lat' dir='ltr'><strong>prae-</strong></span> 
     </span>
    </p>
   </div>
   <div class='ocr_carea' id='block_1_56' title="bbox 2169 3068 3735 3142">
    <p class='ocr_par' dir='ltr' id='par_1_56' title="bbox 2169 3068 3735 3142">
     <span class='ocr_line' id='line_1_56' title="bbox 2169 3068 3735 3142; baseline 0.003 -19"><span class='ocrx_word' id='word_1_426' title='bbox 2169 3069 2293 3123; x_wconf 85' lang='lat' dir='ltr'><strong>beat</strong></span> <span class='ocrx_word' id='word_1_427' title='bbox 2321 3068 2374 3122; x_wconf 91' lang='lat' dir='ltr'><strong>in</strong></span> <span class='ocrx_word' id='word_1_428' title='bbox 2403 3068 2732 3138; x_wconf 77' lang='lat' dir='ltr'><strong>perfectione</strong></span> <span class='ocrx_word' id='word_1_429' title='bbox 2755 3071 2877 3126; x_wconf 67' lang='lat' dir='ltr'><strong>vita:</strong></span> <span class='ocrx_word' id='word_1_430' title='bbox 2915 3071 2983 3136; x_wconf 89' lang='lat' dir='ltr'><strong>ei,</strong></span> <span class='ocrx_word' id='word_1_431' title='bbox 3010 3089 3169 3142; x_wconf 88' lang='lat' dir='ltr'><strong>quem</strong></span> <span class='ocrx_word' id='word_1_432' title='bbox 3196 3073 3383 3127; x_wconf 90' lang='lat' dir='ltr'><strong>amat?</strong></span> <span class='ocrx_word' id='word_1_433' title='bbox 3421 3072 3557 3138; x_wconf 93' lang='lat' dir='ltr'><strong>Quid</strong></span> <span class='ocrx_word' id='word_1_434' title='bbox 3590 3073 3735 3128; x_wconf 81' lang='lat' dir='ltr'><strong>forti—</strong></span> 
     </span>
    </p>
   </div>
   <div class='ocr_carea' id='block_1_57' title="bbox 2169 3158 3733 3232">
    <p class='ocr_par' dir='ltr' id='par_1_57' title="bbox 2169 3158 3733 3232">
     <span class='ocr_line' id='line_1_57' title="bbox 2169 3158 3733 3232; baseline 0.006 -21"><span class='ocrx_word' id='word_1_435' title='bbox 2169 3158 2313 3222; x_wconf 83' lang='lat' dir='ltr'><strong>tudo,</strong></span> <span class='ocrx_word' id='word_1_436' title='bbox 2343 3158 2445 3212; x_wconf 89' lang='lat' dir='ltr'><strong>nisi</strong></span> <span class='ocrx_word' id='word_1_437' title='bbox 2474 3174 2571 3228; x_wconf 91' lang='lat' dir='ltr'><strong>pro</strong></span> <span class='ocrx_word' id='word_1_438' title='bbox 2599 3175 2783 3215; x_wconf 90' lang='lat' dir='ltr'><strong>amore</strong></span> <span class='ocrx_word' id='word_1_439' title='bbox 2809 3160 2904 3216; x_wconf 88' lang='lat' dir='ltr'><strong>Dei</strong></span> <span class='ocrx_word' id='word_1_440' title='bbox 2935 3161 3145 3215; x_wconf 82' lang='lat' dir='ltr'><strong>fortiter</strong></span> <span class='ocrx_word' id='word_1_441' title='bbox 3189 3160 3342 3232; x_wconf 65' lang='grc'><strong>147</strong></span> <span class='ocrx_word' id='word_1_442' title='bbox 3391 3162 3570 3216; x_wconf 88' lang='lat' dir='ltr'><strong>omnia</strong></span> <span class='ocrx_word' id='word_1_443' title='bbox 3602 3163 3733 3220; x_wconf 88' lang='lat' dir='ltr'><strong>tole-</strong></span> 
     </span>
    </p>
   </div>
   <div class='ocr_carea' id='block_1_58' title="bbox 2169 3247 3735 3305">
    <p class='ocr_par' dir='ltr' id='par_1_58' title="bbox 2169 3247 3735 3305">
     <span class='ocr_line' id='line_1_58' title="bbox 2169 3247 3735 3305; baseline 0.002 -3"><span class='ocrx_word' id='word_1_444' title='bbox 2169 3263 2289 3302; x_wconf 89' lang='lat' dir='ltr'><strong>rare</strong></span> <span class='ocrx_word' id='word_1_445' title='bbox 2317 3248 2590 3302; x_wconf 84' lang='lat' dir='ltr'><strong>adversa?</strong></span> <span class='ocrx_word' id='word_1_446' title='bbox 2624 3247 2680 3302; x_wconf 92' lang='lat' dir='ltr'><strong>Si</strong></span> <span class='ocrx_word' id='word_1_447' title='bbox 2712 3249 2854 3303; x_wconf 90' lang='lat' dir='ltr'><strong>enim</strong></span> <span class='ocrx_word' id='word_1_448' title='bbox 2890 3248 3032 3304; x_wconf 88' lang='lat' dir='ltr'><strong>Deus</strong></span> <span class='ocrx_word' id='word_1_449' title='bbox 3067 3254 3150 3302; x_wconf 91' lang='lat' dir='ltr'><strong>est</strong></span> <span class='ocrx_word' id='word_1_450' title='bbox 3198 3264 3462 3303; x_wconf 90' lang='lat' dir='ltr'><strong>summum</strong></span> <span class='ocrx_word' id='word_1_451' title='bbox 3503 3250 3735 3305; x_wconf 89' lang='lat' dir='ltr'><strong>hominis</strong></span> 
     </span>
    </p>
   </div>
   <div class='ocr_carea' id='block_1_59' title="bbox 2166 3339 3733 3412">
    <p class='ocr_par' dir='ltr' id='par_1_59' title="bbox 2166 3339 3733 3412">
     <span class='ocr_line' id='line_1_59' title="bbox 2166 3339 3733 3412; baseline 0.001 -19"><span class='ocrx_word' id='word_1_452' title='bbox 2166 3339 2385 3402; x_wconf 89' lang='lat' dir='ltr'><strong>bonum,</strong></span> <span class='ocrx_word' id='word_1_453' title='bbox 2437 3341 2576 3406; x_wconf 89' lang='lat' dir='ltr'><strong>quod</strong></span> <span class='ocrx_word' id='word_1_454' title='bbox 2610 3339 2790 3408; x_wconf 84' lang='lat' dir='ltr'><strong>negari</strong></span> <span class='ocrx_word' id='word_1_455' title='bbox 2821 3354 2928 3394; x_wconf 89' lang='lat' dir='ltr'><strong>non</strong></span> <span class='ocrx_word' id='word_1_456' title='bbox 2969 3347 3165 3407; x_wconf 87' lang='lat' dir='ltr'><strong>potest,</strong></span> <span class='ocrx_word' id='word_1_457' title='bbox 3213 3342 3455 3409; x_wconf 89' lang='lat' dir='ltr'><strong>sequitur</strong></span> <span class='ocrx_word' id='word_1_458' title='bbox 3482 3342 3733 3412; x_wconf 88' lang='lat' dir='ltr'><strong>quoniam</strong></span> 
     </span>
    </p>
   </div>
   <div class='ocr_carea' id='block_1_60' title="bbox 2168 3427 3739 3497">
    <p class='ocr_par' dir='ltr' id='par_1_60' title="bbox 2168 3427 3739 3497">
     <span class='ocr_line' id='line_1_60' title="bbox 2168 3427 3739 3497; baseline 0.003 -16"><span class='ocrx_word' id='word_1_459' title='bbox 2168 3439 2434 3481; x_wconf 88' lang='lat' dir='ltr'><strong>summum</strong></span> <span class='ocrx_word' id='word_1_460' title='bbox 2461 3427 2657 3481; x_wconf 91' lang='lat' dir='ltr'><strong>bonum</strong></span> <span class='ocrx_word' id='word_1_461' title='bbox 2684 3437 2933 3497; x_wconf 87' lang='lat' dir='ltr'><strong>appetere</strong></span> <span class='ocrx_word' id='word_1_462' title='bbox 2963 3438 3047 3485; x_wconf 86' lang='lat' dir='ltr'><strong>est</strong></span> <span class='ocrx_word' id='word_1_463' title='bbox 3090 3427 3225 3486; x_wconf 81' lang='lat' dir='ltr'><strong>bene</strong></span> <span class='ocrx_word' id='word_1_464' title='bbox 3266 3432 3466 3496; x_wconf 81' lang='lat' dir='ltr'><strong>vivere,</strong></span> <span class='ocrx_word' id='word_1_465' title='bbox 3518 3441 3577 3485; x_wconf 90' lang='lat' dir='ltr'><strong>ut</strong></span> <span class='ocrx_word' id='word_1_466' title='bbox 3605 3431 3739 3486; x_wconf 90' lang='lat' dir='ltr'><strong>nihil</strong></span> 
     </span>
    </p>
   </div>
   <div class='ocr_carea' id='block_1_61' title="bbox 2167 3516 3736 3588">
    <p class='ocr_par' dir='ltr' id='par_1_61' title="bbox 2167 3516 3736 3588">
     <span class='ocr_line' id='line_1_61' title="bbox 2167 3516 3736 3588; baseline 0.004 -18"><span class='ocrx_word' id='word_1_467' title='bbox 2167 3517 2239 3570; x_wconf 91' lang='lat' dir='ltr'><strong>sit</strong></span> <span class='ocrx_word' id='word_1_468' title='bbox 2265 3516 2406 3570; x_wconf 86' lang='lat' dir='ltr'><strong>aliud</strong></span> <span class='ocrx_word' id='word_1_469' title='bbox 2435 3517 2571 3573; x_wconf 86' lang='lat' dir='ltr'><strong>bene</strong></span> <span class='ocrx_word' id='word_1_470' title='bbox 2594 3518 2794 3584; x_wconf 82' lang='lat' dir='ltr'><strong>vivere,</strong></span> <span class='ocrx_word' id='word_1_471' title='bbox 2823 3535 2981 3588; x_wconf 89' lang='lat' dir='ltr'><strong>quam</strong></span> <span class='ocrx_word' id='word_1_472' title='bbox 3028 3529 3139 3575; x_wconf 86' lang='lat' dir='ltr'><strong>toto</strong></span> <span class='ocrx_word' id='word_1_473' title='bbox 3172 3521 3354 3586; x_wconf 89' lang='lat' dir='ltr'><strong>corde,</strong></span> <span class='ocrx_word' id='word_1_474' title='bbox 3393 3529 3504 3575; x_wconf 87' lang='lat' dir='ltr'><strong>tota</strong></span> <span class='ocrx_word' id='word_1_475' title='bbox 3533 3522 3736 3586; x_wconf 85' lang='lat' dir='ltr'><strong>anima.</strong></span> 
     </span>
    </p>
   </div>
   <div class='ocr_carea' id='block_1_62' title="bbox 2170 3607 3734 3681">
    <p class='ocr_par' dir='ltr' id='par_1_62' title="bbox 2170 3607 3734 3681">
     <span class='ocr_line' id='line_1_62' title="bbox 2170 3607 3734 3681; baseline 0.004 -23"><span class='ocrx_word' id='word_1_476' title='bbox 2170 3613 2278 3660; x_wconf 88' lang='lat' dir='ltr'><strong>tota</strong></span> <span class='ocrx_word' id='word_1_477' title='bbox 2306 3614 2486 3662; x_wconf 87' lang='lat' dir='ltr'><strong>mente</strong></span> <span class='ocrx_word' id='word_1_478' title='bbox 2509 3607 2728 3678; x_wconf 88' lang='lat' dir='ltr'><strong>diligere</strong></span> <span class='ocrx_word' id='word_1_479' title='bbox 2749 3609 2937 3675; x_wconf 91' lang='lat' dir='ltr'><strong>Deum,</strong></span> <span class='ocrx_word' id='word_1_480' title='bbox 2970 3627 2999 3663; x_wconf 88' lang='lat' dir='ltr'><strong>a</strong></span> <span class='ocrx_word' id='word_1_481' title='bbox 3023 3627 3128 3681; x_wconf 89' lang='lat' dir='ltr'><strong>quo</strong></span> <span class='ocrx_word' id='word_1_482' title='bbox 3165 3611 3366 3665; x_wconf 80' lang='lat' dir='ltr'><strong>existit.</strong></span> <span class='ocrx_word' id='word_1_483' title='bbox 3398 3610 3474 3663; x_wconf 80' lang='lat' dir='ltr'><strong>ita</strong></span> <span class='ocrx_word' id='word_1_484' title='bbox 3517 3611 3734 3666; x_wconf 88' lang='lat' dir='ltr'><strong>tandem</strong></span> 
     </span>
    </p>
   </div>
   <div class='ocr_carea' id='block_1_63' title="bbox 2167 3695 3738 3768">
    <p class='ocr_par' dir='ltr' id='par_1_63' title="bbox 2167 3695 3738 3768">
     <span class='ocr_line' id='line_1_63' title="bbox 2167 3695 3738 3768; baseline 0.004 -19"><span class='ocrx_word' id='word_1_485' title='bbox 2167 3695 2413 3750; x_wconf 88' lang='lat' dir='ltr'><strong>ordinate</strong></span> <span class='ocrx_word' id='word_1_486' title='bbox 2449 3695 2598 3762; x_wconf 89' lang='lat' dir='ltr'><strong>vivit,</strong></span> <span class='ocrx_word' id='word_1_487' title='bbox 2644 3698 2733 3766; x_wconf 91' lang='lat' dir='ltr'><strong>qui</strong></span> <span class='ocrx_word' id='word_1_488' title='bbox 2771 3699 3008 3768; x_wconf 90' lang='lat' dir='ltr'><strong>seipsum</strong></span> <span class='ocrx_word' id='word_1_489' title='bbox 3055 3699 3372 3754; x_wconf 91' lang='lat' dir='ltr'><strong>considerat.</strong></span> <span class='ocrx_word' id='word_1_490' title='bbox 3398 3697 3525 3766; x_wconf 80' lang='lat' dir='ltr'><strong>quid</strong></span> <span class='ocrx_word' id='word_1_491' title='bbox 3565 3698 3652 3762; x_wconf 90' lang='lat' dir='ltr'><strong>sit,</strong></span> <span class='ocrx_word' id='word_1_492' title='bbox 3682 3707 3738 3755; x_wconf 90' lang='lat' dir='ltr'><strong>et</strong></span> 
     </span>
    </p>
   </div>
   <div class='ocr_carea' id='block_1_64' title="bbox 497 3758 3735 3861">
    <p class='ocr_par' dir='ltr' id='par_1_64' title="bbox 497 3758 3735 3861">
     <span class='ocr_line' id='line_1_64' title="bbox 497 3758 3735 3861; baseline -0.001 -17"><span class='ocrx_word' id='word_1_493' title='bbox 497 3758 760 3860; x_wconf 68' lang='lat' dir='ltr'><strong>pressam,</strong></span> <span class='ocrx_word' id='word_1_494' title='bbox 796 3799 851 3846; x_wconf 91' lang='lat' dir='ltr'><strong>et</strong></span> <span class='ocrx_word' id='word_1_495' title='bbox 881 3758 1034 3861; x_wconf 62' lang='lat' dir='ltr'><strong>digna</strong></span> <span class='ocrx_word' id='word_1_496' title='bbox 1072 3788 1166 3842; x_wconf 86' lang='lat' dir='ltr'><strong>Dei</strong></span> <span class='ocrx_word' id='word_1_497' title='bbox 1197 3795 1343 3841; x_wconf 88' lang='lat' dir='ltr'><strong>esset</strong></span> <span class='ocrx_word' id='word_1_498' title='bbox 1371 3785 1723 3848; x_wconf 89' lang='lat' dir='ltr'><strong>habitatione,</strong></span> <span class='ocrx_word' id='word_1_499' title='bbox 1771 3784 2062 3839; x_wconf 89' lang='lat' dir='ltr'><strong>secundum</strong></span> <span class='ocrx_word' id='word_1_500' title='bbox 2093 3758 2138 3817; x_wconf 68' lang='grc' dir='ltr'>Ο</span> <span class='ocrx_word' id='word_1_501' title='bbox 2168 3799 2275 3852; x_wconf 92' lang='lat' dir='ltr'><strong>quo</strong></span> <span class='ocrx_word' id='word_1_502' title='bbox 2304 3783 2550 3838; x_wconf 81' lang='lat' dir='ltr'><strong>festinet:</strong></span> <span class='ocrx_word' id='word_1_503' title='bbox 2586 3758 2635 3838; x_wconf 9' lang='lat' dir='ltr'><strong>isi</strong></span> <span class='ocrx_word' id='word_1_504' title='bbox 2662 3758 2891 3839; x_wconf 65' lang='lat' dir='ltr'><strong>allectus</strong></span> <span class='ocrx_word' id='word_1_505' title='bbox 2922 3785 3109 3848; x_wconf 91' lang='lat' dir='ltr'><strong>animi,</strong></span> <span class='ocrx_word' id='word_1_506' title='bbox 3157 3783 3237 3838; x_wconf 89' lang='lat' dir='ltr'><strong>vel</strong></span> <span class='ocrx_word' id='word_1_507' title='bbox 3262 3758 3509 3840; x_wconf 67' lang='lat' dir='ltr'><strong>carnales</strong></span> <span class='ocrx_word' id='word_1_508' title='bbox 3537 3758 3735 3852; x_wconf 82' lang='lat' dir='ltr'><strong>motus,</strong></span> 
     </span>
    </p>
   </div>
   <div class='ocr_carea' id='block_1_65' title="bbox 499 3876 2064 3952">
    <p class='ocr_par' dir='ltr' id='par_1_65' title="bbox 499 3876 2064 3952">
     <span class='ocr_line' id='line_1_65' title="bbox 499 3876 2064 3952; baseline -0.003 -19"><span class='ocrx_word' id='word_1_509' title='bbox 499 3884 732 3946; x_wconf 88' lang='lat' dir='ltr'><strong>modum,</strong></span> <span class='ocrx_word' id='word_1_510' title='bbox 777 3896 934 3952; x_wconf 89' lang='lat' dir='ltr'><strong>quem</strong></span> <span class='ocrx_word' id='word_1_511' title='bbox 985 3879 1116 3950; x_wconf 77' lang='grc' dir='ltr'><em>[Αι.,</em></span> <span class='ocrx_word' id='word_1_512' title='bbox 1155 3876 1282 3948; x_wconf 90' lang='lat' dir='ltr'><strong>quo]</strong></span> <span class='ocrx_word' id='word_1_513' title='bbox 1334 3876 1584 3946; x_wconf 69' lang='lat' dir='ltr'><strong>quaelibet</strong></span> <span class='ocrx_word' id='word_1_514' title='bbox 1626 3885 1868 3930; x_wconf 89' lang='lat' dir='ltr'><strong>creatura</strong></span> <span class='ocrx_word' id='word_1_515' title='bbox 1916 3876 1969 3928; x_wconf 89' lang='lat' dir='ltr'><strong>in</strong></span> <span class='ocrx_word' id='word_1_516' title='bbox 2005 3890 2064 3929; x_wconf 88' lang='lat' dir='ltr'><strong>se</strong></span> 
     </span>
    </p>
   </div>
   <div class='ocr_carea' id='block_1_66' title="bbox 498 3963 2065 4038">
    <p class='ocr_par' dir='ltr' id='par_1_66' title="bbox 498 3963 2065 4038">
     <span class='ocr_line' id='line_1_66' title="bbox 498 3963 2065 4038; baseline -0.004 -16"><span class='ocrx_word' id='word_1_517' title='bbox 498 3972 808 4024; x_wconf 82' lang='lat' dir='ltr'><strong>Creatorem</strong></span> <span class='ocrx_word' id='word_1_518' title='bbox 851 3971 1048 4024; x_wconf 88' lang='lat' dir='ltr'><strong>habere</strong></span> <span class='ocrx_word' id='word_1_519' title='bbox 1092 3967 1304 4038; x_wconf 84' lang='lat' dir='ltr'><strong>possit;</strong></span> <span class='ocrx_word' id='word_1_520' title='bbox 1347 3966 1426 4020; x_wconf 89' lang='lat' dir='ltr'><strong>sic</strong></span> <span class='ocrx_word' id='word_1_521' title='bbox 1455 3966 1720 4028; x_wconf 91' lang='lat' dir='ltr'><strong>ordinata,</strong></span> <span class='ocrx_word' id='word_1_522' title='bbox 1747 3973 1806 4018; x_wconf 93' lang='lat' dir='ltr'><strong>ut</strong></span> <span class='ocrx_word' id='word_1_523' title='bbox 1841 3965 1894 4018; x_wconf 92' lang='lat' dir='ltr'><strong>id</strong></span> <span class='ocrx_word' id='word_1_524' title='bbox 1924 3963 2065 4032; x_wconf 88' lang='lat' dir='ltr'><strong>quod</strong></span> 
     </span>
    </p>
   </div>
   <div class='ocr_carea' id='block_1_67' title="bbox 498 4053 2064 4125">
    <p class='ocr_par' dir='ltr' id='par_1_67' title="bbox 498 4053 2064 4125">
     <span class='ocr_line' id='line_1_67' title="bbox 498 4053 2064 4125; baseline -0.008 -10"><span class='ocrx_word' id='word_1_525' title='bbox 498 4061 599 4115; x_wconf 85' lang='lat' dir='ltr'><strong>sibi</strong></span> <span class='ocrx_word' id='word_1_526' title='bbox 641 4061 988 4114; x_wconf 85' lang='lat' dir='ltr'><strong>excellentius</strong></span> <span class='ocrx_word' id='word_1_527' title='bbox 1023 4067 1128 4124; x_wconf 89' lang='lat' dir='ltr'><strong>est,</strong></span> <span class='ocrx_word' id='word_1_528' title='bbox 1164 4058 1214 4111; x_wconf 92' lang='lat' dir='ltr'><strong>id</strong></span> <span class='ocrx_word' id='word_1_529' title='bbox 1240 4065 1323 4112; x_wconf 88' lang='lat' dir='ltr'><strong>est</strong></span> <span class='ocrx_word' id='word_1_530' title='bbox 1350 4056 1491 4112; x_wconf 87' lang='lat' dir='ltr'><strong>Deus</strong></span> <span class='ocrx_word' id='word_1_531' title='bbox 1536 4055 1668 4125; x_wconf 80' lang='grc' dir='ltr'><em>[Αι.,</em></span> <span class='ocrx_word' id='word_1_532' title='bbox 1711 4053 1924 4122; x_wconf 88' lang='lat' dir='ltr'><strong>Deum],</strong></span> <span class='ocrx_word' id='word_1_533' title='bbox 1955 4061 2064 4104; x_wconf 84' lang='lat' dir='ltr'><strong>tota</strong></span> 
     </span>
    </p>
   </div>
   <div class='ocr_carea' id='block_1_68' title="bbox 499 4137 2066 4211">
    <p class='ocr_par' dir='ltr' id='par_1_68' title="bbox 499 4137 2066 4211">
     <span class='ocr_line' id='line_1_68' title="bbox 499 4137 2066 4211; baseline -0.006 -10"><span class='ocrx_word' id='word_1_534' title='bbox 499 4157 703 4202; x_wconf 89' lang='lat' dir='ltr'><strong>amaret</strong></span> <span class='ocrx_word' id='word_1_535' title='bbox 738 4147 1031 4200; x_wconf 83' lang='lat' dir='ltr'><strong>intentione</strong></span> <span class='ocrx_word' id='word_1_536' title='bbox 1060 4164 1071 4196; x_wconf 89' lang='lat'><strong>:</strong></span> <span class='ocrx_word' id='word_1_537' title='bbox 1122 4153 1176 4198; x_wconf 88' lang='lat' dir='ltr'><strong>et</strong></span> <span class='ocrx_word' id='word_1_538' title='bbox 1216 4144 1269 4197; x_wconf 89' lang='lat' dir='ltr'><strong>id</strong></span> <span class='ocrx_word' id='word_1_539' title='bbox 1295 4143 1438 4211; x_wconf 86' lang='lat' dir='ltr'><strong>quod</strong></span> <span class='ocrx_word' id='word_1_540' title='bbox 1473 4141 1573 4194; x_wconf 90' lang='lat' dir='ltr'><strong>sibi</strong></span> <span class='ocrx_word' id='word_1_541' title='bbox 1613 4139 1839 4192; x_wconf 80' lang='lat' dir='ltr'><strong>inferius</strong></span> <span class='ocrx_word' id='word_1_542' title='bbox 1877 4145 1983 4201; x_wconf 88' lang='lat' dir='ltr'><strong>est,</strong></span> <span class='ocrx_word' id='word_1_543' title='bbox 2012 4137 2066 4191; x_wconf 91' lang='lat' dir='ltr'><strong>id</strong></span> 
     </span>
    </p>
   </div>
   <div class='ocr_carea' id='block_1_69' title="bbox 496 4229 2066 4304">
    <p class='ocr_par' dir='ltr' id='par_1_69' title="bbox 496 4229 2066 4304">
     <span class='ocr_line' id='line_1_69' title="bbox 496 4229 2066 4304; baseline -0.006 -12"><span class='ocrx_word' id='word_1_544' title='bbox 496 4247 581 4292; x_wconf 84' lang='lat' dir='ltr'><strong>est</strong></span> <span class='ocrx_word' id='word_1_545' title='bbox 608 4252 842 4301; x_wconf 88' lang='lat' dir='ltr'><strong>carnem,</strong></span> <span class='ocrx_word' id='word_1_546' title='bbox 870 4243 982 4290; x_wconf 88' lang='lat' dir='ltr'><strong>toto</strong></span> <span class='ocrx_word' id='word_1_547' title='bbox 1012 4241 1220 4304; x_wconf 86' lang='lat' dir='ltr'><strong>regeret</strong></span> <span class='ocrx_word' id='word_1_548' title='bbox 1255 4233 1450 4287; x_wconf 89' lang='lat' dir='ltr'><strong>studio.</strong></span> <span class='ocrx_word' id='word_1_549' title='bbox 1481 4229 1712 4285; x_wconf 87' lang='lat' dir='ltr'><strong>Proinde</strong></span> <span class='ocrx_word' id='word_1_550' title='bbox 1739 4230 1920 4301; x_wconf 85' lang='lat' dir='ltr'><strong>igitur,</strong></span> <span class='ocrx_word' id='word_1_551' title='bbox 1939 4229 2066 4299; x_wconf 88' lang='lat' dir='ltr'><strong>quia</strong></span> 
     </span>
    </p>
   </div>
   <div class='ocr_carea' id='block_1_70' title="bbox 497 4323 2066 4403">
    <p class='ocr_par' dir='ltr' id='par_1_70' title="bbox 497 4323 2066 4403">
     <span class='ocr_line' id='line_1_70' title="bbox 497 4323 2066 4403; baseline -0.007 -15"><span class='ocrx_word' id='word_1_552' title='bbox 497 4333 684 4388; x_wconf 89' lang='lat' dir='ltr'><strong>melior</strong></span> <span class='ocrx_word' id='word_1_553' title='bbox 706 4349 827 4403; x_wconf 89' lang='lat' dir='ltr'><strong>pars</strong></span> <span class='ocrx_word' id='word_1_554' title='bbox 851 4339 934 4387; x_wconf 89' lang='lat' dir='ltr'><strong>est</strong></span> <span class='ocrx_word' id='word_1_555' title='bbox 967 4329 1195 4385; x_wconf 89' lang='lat' dir='ltr'><strong>hominis</strong></span> <span class='ocrx_word' id='word_1_556' title='bbox 1231 4326 1430 4390; x_wconf 87' lang='lat' dir='ltr'><strong>anima,</strong></span> <span class='ocrx_word' id='word_1_557' title='bbox 1467 4325 1621 4380; x_wconf 90' lang='lat' dir='ltr'><strong>decet</strong></span> <span class='ocrx_word' id='word_1_558' title='bbox 1656 4339 1772 4380; x_wconf 90' lang='lat' dir='ltr'><strong>eam</strong></span> <span class='ocrx_word' id='word_1_559' title='bbox 1796 4323 2066 4380; x_wconf 87' lang='lat' dir='ltr'><strong>dominam</strong></span> 
     </span>
    </p>
   </div>
   <div class='ocr_carea' id='block_1_71' title="bbox 495 4416 2064 4494">
    <p class='ocr_par' dir='ltr' id='par_1_71' title="bbox 495 4416 2064 4494">
     <span class='ocr_line' id='line_1_71' title="bbox 495 4416 2064 4494; baseline -0.004 -16"><span class='ocrx_word' id='word_1_560' title='bbox 495 4441 636 4490; x_wconf 83' lang='lat' dir='ltr'><strong>esse,</strong></span> <span class='ocrx_word' id='word_1_561' title='bbox 667 4435 722 4481; x_wconf 92' lang='lat' dir='ltr'><strong>et</strong></span> <span class='ocrx_word' id='word_1_562' title='bbox 765 4423 916 4494; x_wconf 91' lang='lat' dir='ltr'><strong>quasi</strong></span> <span class='ocrx_word' id='word_1_563' title='bbox 966 4423 1031 4477; x_wconf 90' lang='lat' dir='ltr'><strong>de</strong></span> <span class='ocrx_word' id='word_1_564' title='bbox 1081 4418 1206 4475; x_wconf 85' lang='lat' dir='ltr'><strong>sede</strong></span> <span class='ocrx_word' id='word_1_565' title='bbox 1251 4417 1444 4489; x_wconf 84' lang='lat' dir='ltr'><strong>regalis</strong></span> <span class='ocrx_word' id='word_1_566' title='bbox 1497 4416 1744 4470; x_wconf 90' lang='lat' dir='ltr'><strong>culminis</strong></span> <span class='ocrx_word' id='word_1_567' title='bbox 1778 4417 2064 4486; x_wconf 84' lang='lat' dir='ltr'><strong>imperare,</strong></span> 
     </span>
    </p>
   </div>
   <div class='ocr_carea' id='block_1_72' title="bbox 492 4505 2068 4590">
    <p class='ocr_par' dir='ltr' id='par_1_72' title="bbox 492 4505 2068 4590">
     <span class='ocr_line' id='line_1_72' title="bbox 492 4505 2068 4590; baseline -0.008 -20"><span class='ocrx_word' id='word_1_568' title='bbox 492 4517 643 4590; x_wconf 89' lang='lat' dir='ltr'><strong>quid,</strong></span> <span class='ocrx_word' id='word_1_569' title='bbox 690 4530 786 4583; x_wconf 89' lang='lat' dir='ltr'><strong>per</strong></span> <span class='ocrx_word' id='word_1_570' title='bbox 826 4530 963 4581; x_wconf 67' lang='lat' dir='ltr'><strong>quae,</strong></span> <span class='ocrx_word' id='word_1_571' title='bbox 999 4511 1080 4564; x_wconf 85' lang='lat' dir='ltr'><strong>vel</strong></span> <span class='ocrx_word' id='word_1_572' title='bbox 1123 4509 1364 4588; x_wconf 85' lang='lat' dir='ltr'><strong>quando,</strong></span> <span class='ocrx_word' id='word_1_573' title='bbox 1402 4507 1486 4560; x_wconf 86' lang='lat' dir='ltr'><strong>vel</strong></span> <span class='ocrx_word' id='word_1_574' title='bbox 1521 4507 1634 4569; x_wconf 90' lang='lat' dir='ltr'><strong>ubi,</strong></span> <span class='ocrx_word' id='word_1_575' title='bbox 1680 4505 1766 4558; x_wconf 84' lang='lat' dir='ltr'><strong>vel</strong></span> <span class='ocrx_word' id='word_1_576' title='bbox 1800 4506 2068 4573; x_wconf 87' lang='lat' dir='ltr'><strong>quomodo</strong></span> 
     </span>
    </p>
   </div>
   <div class='ocr_carea' id='block_1_73' title="bbox 492 4591 2070 4662">
    <p class='ocr_par' dir='ltr' id='par_1_73' title="bbox 492 4591 2070 4662">
     <span class='ocr_line' id='line_1_73' title="bbox 492 4591 2070 4662; baseline -0.009 -3"><span class='ocrx_word' id='word_1_577' title='bbox 492 4607 655 4661; x_wconf 75' lang='lat' dir='ltr'><strong>faciat</strong></span> <span class='ocrx_word' id='word_1_578' title='bbox 681 4603 937 4662; x_wconf 89' lang='lat' dir='ltr'><strong>membra,</strong></span> <span class='ocrx_word' id='word_1_579' title='bbox 968 4605 1020 4652; x_wconf 90' lang='lat' dir='ltr'><strong>et</strong></span> <span class='ocrx_word' id='word_1_580' title='bbox 1063 4595 1404 4650; x_wconf 88' lang='lat' dir='ltr'><strong>considerare</strong></span> <span class='ocrx_word' id='word_1_581' title='bbox 1449 4593 1749 4662; x_wconf 82' lang='lat' dir='ltr'><strong>diligenter,</strong></span> <span class='ocrx_word' id='word_1_582' title='bbox 1799 4591 1926 4660; x_wconf 89' lang='lat' dir='ltr'><strong>quid</strong></span> <span class='ocrx_word' id='word_1_583' title='bbox 1959 4591 2070 4646; x_wconf 87' lang='lat' dir='ltr'><strong>cui-</strong></span> 
     </span>
    </p>
   </div>
   <div class='ocr_carea' id='block_1_74' title="bbox 491 4680 2066 4765">
    <p class='ocr_par' dir='ltr' id='par_1_74' title="bbox 491 4680 2066 4765">
     <span class='ocr_line' id='line_1_74' title="bbox 491 4680 2066 4765; baseline -0.013 -16"><span class='ocrx_word' id='word_1_584' title='bbox 491 4710 594 4764; x_wconf 92' lang='lat' dir='ltr'><strong>que</strong></span> <span class='ocrx_word' id='word_1_585' title='bbox 617 4691 746 4765; x_wconf 70' lang='lat' dir='ltr'><strong>ML,</strong></span> <span class='ocrx_word' id='word_1_586' title='bbox 776 4688 901 4760; x_wconf 90' lang='lat' dir='ltr'><strong>quid</strong></span> <span class='ocrx_word' id='word_1_587' title='bbox 927 4685 1033 4758; x_wconf 90' lang='lat' dir='ltr'><strong>cui]</strong></span> <span class='ocrx_word' id='word_1_588' title='bbox 1056 4684 1298 4740; x_wconf 89' lang='lat' dir='ltr'><strong>membro</strong></span> <span class='ocrx_word' id='word_1_589' title='bbox 1324 4682 1551 4751; x_wconf 86' lang='lat' dir='ltr'><strong>imperet</strong></span> <span class='ocrx_word' id='word_1_590' title='bbox 1575 4681 1878 4735; x_wconf 78' lang='lat' dir='ltr'><strong>faciendum</strong></span> <span class='ocrx_word' id='word_1_591' title='bbox 1901 4697 1914 4744; x_wconf 91' lang='lat'>;</span> <span class='ocrx_word' id='word_1_592' title='bbox 1940 4680 2066 4751; x_wconf 85' lang='lat' dir='ltr'><strong>quid</strong></span> 
     </span>
    </p>
   </div>
   <div class='ocr_carea' id='block_1_75' title="bbox 492 4771 2068 4854">
    <p class='ocr_par' dir='ltr' id='par_1_75' title="bbox 492 4771 2068 4854">
     <span class='ocr_line' id='line_1_75' title="bbox 492 4771 2068 4854; baseline -0.006 -18"><span class='ocrx_word' id='word_1_593' title='bbox 492 4786 684 4852; x_wconf 88' lang='lat' dir='ltr'><strong>cuique</strong></span> <span class='ocrx_word' id='word_1_594' title='bbox 712 4780 840 4854; x_wconf 82' lang='grc' dir='ltr'><em>[Αι.,</em></span> <span class='ocrx_word' id='word_1_595' title='bbox 864 4779 992 4849; x_wconf 91' lang='lat' dir='ltr'><strong>quid</strong></span> <span class='ocrx_word' id='word_1_596' title='bbox 1007 4774 1115 4848; x_wconf 91' lang='lat' dir='ltr'><strong>cui]</strong></span> <span class='ocrx_word' id='word_1_597' title='bbox 1142 4774 1448 4830; x_wconf 90' lang='lat' dir='ltr'><strong>consentiat</strong></span> <span class='ocrx_word' id='word_1_598' title='bbox 1470 4773 1521 4826; x_wconf 90' lang='lat' dir='ltr'><strong>in</strong></span> <span class='ocrx_word' id='word_1_599' title='bbox 1547 4771 1814 4828; x_wconf 86' lang='lat' dir='ltr'><strong>desiderio</strong></span> <span class='ocrx_word' id='word_1_600' title='bbox 1841 4787 1950 4826; x_wconf 73' lang='lat' dir='ltr'><strong>sua:</strong></span> <span class='ocrx_word' id='word_1_601' title='bbox 1972 4788 2068 4828; x_wconf 85' lang='lat' dir='ltr'><strong>na-</strong></span> 
     </span>
    </p>
   </div>
   <div class='ocr_carea' id='block_1_76' title="bbox 493 4864 2067 4934">
    <p class='ocr_par' dir='ltr' id='par_1_76' title="bbox 493 4864 2067 4934">
     <span class='ocr_line' id='line_1_76' title="bbox 493 4864 2067 4934; baseline -0.003 -10"><span class='ocrx_word' id='word_1_602' title='bbox 493 4883 652 4934; x_wconf 66' lang='lat' dir='ltr'><strong>turai;</strong></span> <span class='ocrx_word' id='word_1_603' title='bbox 677 4883 731 4926; x_wconf 90' lang='lat' dir='ltr'><strong>et</strong></span> <span class='ocrx_word' id='word_1_604' title='bbox 758 4873 871 4927; x_wconf 64' lang='lat' dir='ltr'><strong>haec</strong></span> <span class='ocrx_word' id='word_1_605' title='bbox 891 4869 1071 4926; x_wconf 89' lang='lat' dir='ltr'><strong>omnia</strong></span> <span class='ocrx_word' id='word_1_606' title='bbox 1093 4866 1395 4924; x_wconf 88' lang='lat' dir='ltr'><strong>rationabili</strong></span> <span class='ocrx_word' id='word_1_607' title='bbox 1417 4865 1614 4920; x_wconf 89' lang='lat' dir='ltr'><strong>mentis</strong></span> <span class='ocrx_word' id='word_1_608' title='bbox 1638 4864 1831 4919; x_wconf 91' lang='lat' dir='ltr'><strong>intuitu</strong></span> <span class='ocrx_word' id='word_1_609' title='bbox 1859 4871 2067 4933; x_wconf 86' lang='lat' dir='ltr'><strong>oportet</strong></span> 
     </span>
    </p>
   </div>
   <div class='ocr_carea' id='block_1_77' title="bbox 493 4951 2068 5030">
    <p class='ocr_par' dir='ltr' id='par_1_77' title="bbox 493 4951 2068 5030">
     <span class='ocr_line' id='line_1_77' title="bbox 493 4951 2068 5030; baseline -0.003 -17"><span class='ocrx_word' id='word_1_610' title='bbox 493 4976 609 5013; x_wconf 84' lang='lat' dir='ltr'><strong>cam</strong></span> <span class='ocrx_word' id='word_1_611' title='bbox 645 4962 972 5025; x_wconf 82' lang='lat' dir='ltr'><strong>discernere,</strong></span> <span class='ocrx_word' id='word_1_612' title='bbox 1004 4975 1071 5015; x_wconf 87' lang='lat' dir='ltr'><strong>ne</strong></span> <span class='ocrx_word' id='word_1_613' title='bbox 1105 4959 1233 5030; x_wconf 91' lang='lat' dir='ltr'><strong>quid</strong></span> <span class='ocrx_word' id='word_1_614' title='bbox 1259 4956 1516 5012; x_wconf 88' lang='lat' dir='ltr'><strong>indecens</strong></span> <span class='ocrx_word' id='word_1_615' title='bbox 1540 4954 1635 5009; x_wconf 80' lang='lat' dir='ltr'><strong>flat</strong></span> <span class='ocrx_word' id='word_1_616' title='bbox 1662 4954 1717 5009; x_wconf 93' lang='lat' dir='ltr'><strong>in</strong></span> <span class='ocrx_word' id='word_1_617' title='bbox 1743 4951 1916 5008; x_wconf 72' lang='lat' dir='ltr'><strong>ofﬁcio</strong></span> <span class='ocrx_word' id='word_1_618' title='bbox 1959 4969 2068 5008; x_wconf 69' lang='lat' dir='ltr'><strong>suae</strong></span> 
     </span>
    </p>
   </div>
   <div class='ocr_carea' id='block_1_78' title="bbox 491 5055 916 5112">
    <p class='ocr_par' dir='ltr' id='par_1_78' title="bbox 491 5055 916 5112">
     <span class='ocr_line' id='line_1_78' title="bbox 491 5055 916 5112; baseline -0.014 0"><span class='ocrx_word' id='word_1_619' title='bbox 491 5075 550 5112; x_wconf 74' lang='grc' dir='ltr'><strong>(ξι</strong></span> <span class='ocrx_word' id='word_1_620' title='bbox 561 5058 669 5110; x_wconf 77' lang='grc' dir='ltr'><em>ιἰιίε</em></span> <span class='ocrx_word' id='word_1_621' title='bbox 703 5055 916 5109; x_wconf 83' lang='lat' dir='ltr'><strong>alicubi.</strong></span> 
     </span>
    </p>
   </div>
   <div class='ocr_carea' id='block_1_79' title="bbox 2165 3873 3737 3945">
    <p class='ocr_par' dir='ltr' id='par_1_79' title="bbox 2165 3873 3737 3945">
     <span class='ocr_line' id='line_1_79' title="bbox 2165 3873 3737 3945; baseline 0.002 -17"><span class='ocrx_word' id='word_1_622' title='bbox 2165 3875 2384 3945; x_wconf 88' lang='lat' dir='ltr'><strong>provida</strong></span> <span class='ocrx_word' id='word_1_623' title='bbox 2411 3875 2676 3944; x_wconf 88' lang='lat' dir='ltr'><strong>gubernat</strong></span> <span class='ocrx_word' id='word_1_624' title='bbox 2703 3876 2928 3928; x_wconf 91' lang='lat' dir='ltr'><strong>ratione.</strong></span> <span class='ocrx_word' id='word_1_625' title='bbox 2965 3873 3020 3928; x_wconf 91' lang='lat' dir='ltr'><strong>Si</strong></span> <span class='ocrx_word' id='word_1_626' title='bbox 3047 3873 3303 3930; x_wconf 81' lang='lat' dir='ltr'><strong>enim&#39;vel</strong></span> <span class='ocrx_word' id='word_1_627' title='bbox 3353 3875 3737 3945; x_wconf 86' lang='lat' dir='ltr'><strong>concupiscen-</strong></span> 
     </span>
    </p>
   </div>
   <div class='ocr_carea' id='block_1_80' title="bbox 2164 3964 3736 4038">
    <p class='ocr_par' dir='ltr' id='par_1_80' title="bbox 2164 3964 3736 4038">
     <span class='ocr_line' id='line_1_80' title="bbox 2164 3964 3736 4038; baseline 0.003 -21"><span class='ocrx_word' id='word_1_628' title='bbox 2164 3965 2259 4027; x_wconf 88' lang='lat' dir='ltr'><strong>tia,</strong></span> <span class='ocrx_word' id='word_1_629' title='bbox 2301 3964 2384 4019; x_wconf 90' lang='lat' dir='ltr'><strong>vel</strong></span> <span class='ocrx_word' id='word_1_630' title='bbox 2413 3965 2492 4018; x_wconf 91' lang='lat' dir='ltr'><strong>ira</strong></span> <span class='ocrx_word' id='word_1_631' title='bbox 2529 3965 2788 4020; x_wconf 89' lang='lat' dir='ltr'><strong>rationem</strong></span> <span class='ocrx_word' id='word_1_632' title='bbox 2827 3965 3014 4030; x_wconf 85' lang='lat' dir='ltr'><strong>vincit,</strong></span> <span class='ocrx_word' id='word_1_633' title='bbox 3055 3975 3110 4022; x_wconf 89' lang='lat' dir='ltr'><strong>et</strong></span> <span class='ocrx_word' id='word_1_634' title='bbox 3145 3966 3449 4022; x_wconf 90' lang='lat' dir='ltr'><strong>dominatur</strong></span> <span class='ocrx_word' id='word_1_635' title='bbox 3485 3968 3736 4038; x_wconf 62' lang='lat' dir='ltr'><strong>qualibet</strong></span> 
     </span>
    </p>
   </div>
   <div class='ocr_carea' id='block_1_81' title="bbox 2165 4054 3736 4129">
    <p class='ocr_par' dir='ltr' id='par_1_81' title="bbox 2165 4054 3736 4129">
     <span class='ocr_line' id='line_1_81' title="bbox 2165 4054 3736 4129; baseline 0.004 -22"><span class='ocrx_word' id='word_1_636' title='bbox 2165 4054 2375 4108; x_wconf 89' lang='lat' dir='ltr'><strong>illorum</strong></span> <span class='ocrx_word' id='word_1_637' title='bbox 2401 4055 2456 4108; x_wconf 89' lang='lat' dir='ltr'><strong>in</strong></span> <span class='ocrx_word' id='word_1_638' title='bbox 2486 4056 2702 4120; x_wconf 89' lang='lat' dir='ltr'><strong>anima;</strong></span> <span class='ocrx_word' id='word_1_639' title='bbox 2737 4057 2868 4110; x_wconf 90' lang='lat' dir='ltr'><strong>ordo</strong></span> <span class='ocrx_word' id='word_1_640' title='bbox 2904 4072 3190 4127; x_wconf 90' lang='lat' dir='ltr'><strong>perversus</strong></span> <span class='ocrx_word' id='word_1_641' title='bbox 3229 4059 3582 4129; x_wconf 71' lang='lat' dir='ltr'><strong>prmcipitabit</strong></span> <span class='ocrx_word' id='word_1_642' title='bbox 3609 4074 3736 4115; x_wconf 83' lang='lat' dir='ltr'><strong>con-</strong></span> 
     </span>
    </p>
   </div>
   <div class='ocr_carea' id='block_1_82' title="bbox 2166 4143 3733 4220">
    <p class='ocr_par' dir='ltr' id='par_1_82' title="bbox 2166 4143 3733 4220">
     <span class='ocr_line' id='line_1_82' title="bbox 2166 4143 3733 4220; baseline 0.003 -24"><span class='ocrx_word' id='word_1_643' title='bbox 2166 4143 2489 4198; x_wconf 88' lang='lat' dir='ltr'><strong>sentientem</strong></span> <span class='ocrx_word' id='word_1_644' title='bbox 2515 4145 2570 4200; x_wconf 92' lang='lat' dir='ltr'><strong>in</strong></span> <span class='ocrx_word' id='word_1_645' title='bbox 2599 4143 2749 4216; x_wconf 88' lang='lat' dir='ltr'><strong>pejus</strong></span> <span class='ocrx_word' id='word_1_646' title='bbox 2778 4163 2792 4212; x_wconf 89' lang='lat'><strong>;</strong></span> <span class='ocrx_word' id='word_1_647' title='bbox 2833 4154 2888 4201; x_wconf 85' lang='lat' dir='ltr'><strong>et</strong></span> <span class='ocrx_word' id='word_1_648' title='bbox 2925 4147 3133 4203; x_wconf 90' lang='lat' dir='ltr'><strong>tenebit</strong></span> <span class='ocrx_word' id='word_1_649' title='bbox 3174 4146 3304 4220; x_wconf 82' lang='grc' dir='ltr'><em>[Αι.,</em></span> <span class='ocrx_word' id='word_1_650' title='bbox 3340 4148 3506 4220; x_wconf 85' lang='lat' dir='ltr'><strong>tenet]</strong></span> <span class='ocrx_word' id='word_1_651' title='bbox 3542 4147 3733 4202; x_wconf 88' lang='lat' dir='ltr'><strong>solium</strong></span> 
     </span>
    </p>
   </div>
   <div class='ocr_carea' id='block_1_83' title="bbox 2164 4234 3732 4304">
    <p class='ocr_par' dir='ltr' id='par_1_83' title="bbox 2164 4234 3732 4304">
     <span class='ocr_line' id='line_1_83' title="bbox 2164 4234 3732 4304; baseline 0.001 -17"><span class='ocrx_word' id='word_1_652' title='bbox 2164 4234 2389 4288; x_wconf 86' lang='lat' dir='ltr'><strong>rationis</strong></span> <span class='ocrx_word' id='word_1_653' title='bbox 2416 4235 2514 4300; x_wconf 87' lang='lat' dir='ltr'><strong>ira,</strong></span> <span class='ocrx_word' id='word_1_654' title='bbox 2547 4235 2590 4290; x_wconf 89' lang='lat' dir='ltr'><strong>si</strong></span> <span class='ocrx_word' id='word_1_655' title='bbox 2622 4236 2973 4292; x_wconf 88' lang='lat' dir='ltr'><strong>immoderata</strong></span> <span class='ocrx_word' id='word_1_656' title='bbox 3017 4239 3139 4302; x_wconf 92' lang='lat' dir='ltr'><strong>erit,</strong></span> <span class='ocrx_word' id='word_1_657' title='bbox 3188 4237 3270 4291; x_wconf 90' lang='lat' dir='ltr'><strong>vel</strong></span> <span class='ocrx_word' id='word_1_658' title='bbox 3298 4237 3732 4304; x_wconf 87' lang='lat' dir='ltr'><strong>concupiscentia</strong></span> 
     </span>
    </p>
   </div>
   <div class='ocr_carea' id='block_1_84' title="bbox 2164 4325 3733 4397">
    <p class='ocr_par' dir='ltr' id='par_1_84' title="bbox 2164 4325 3733 4397">
     <span class='ocr_line' id='line_1_84' title="bbox 2164 4325 3733 4397; baseline 0 -16"><span class='ocrx_word' id='word_1_659' title='bbox 2164 4325 2441 4382; x_wconf 72' lang='lat' dir='ltr'><strong>effrenata.</strong></span> <span class='ocrx_word' id='word_1_660' title='bbox 2477 4327 2555 4382; x_wconf 84' lang='lat' dir='ltr'><strong>Ex</strong></span> <span class='ocrx_word' id='word_1_661' title='bbox 2587 4328 2672 4382; x_wconf 89' lang='lat' dir='ltr'><strong>his</strong></span> <span class='ocrx_word' id='word_1_662' title='bbox 2695 4329 2864 4382; x_wconf 90' lang='lat' dir='ltr'><strong>tribus</strong></span> <span class='ocrx_word' id='word_1_663' title='bbox 2892 4328 3047 4397; x_wconf 88' lang='lat' dir='ltr'><strong>quasi</strong></span> <span class='ocrx_word' id='word_1_664' title='bbox 3074 4327 3362 4390; x_wconf 88' lang='lat' dir='ltr'><strong>radicibus,</strong></span> <span class='ocrx_word' id='word_1_665' title='bbox 3393 4327 3438 4380; x_wconf 91' lang='lat' dir='ltr'><strong>si</strong></span> <span class='ocrx_word' id='word_1_666' title='bbox 3471 4335 3733 4396; x_wconf 75' lang='lat' dir='ltr'><strong>corrupta:</strong></span> 
     </span>
    </p>
   </div>
   <div class='ocr_carea' id='block_1_85' title="bbox 2165 4413 3731 4486">
    <p class='ocr_par' dir='ltr' id='par_1_85' title="bbox 2165 4413 3731 4486">
     <span class='ocr_line' id='line_1_85' title="bbox 2165 4413 3731 4486; baseline 0 -14"><span class='ocrx_word' id='word_1_667' title='bbox 2165 4423 2340 4478; x_wconf 91' lang='lat' dir='ltr'><strong>erunt,</strong></span> <span class='ocrx_word' id='word_1_668' title='bbox 2370 4430 2558 4471; x_wconf 86' lang='lat' dir='ltr'><strong>omnes</strong></span> <span class='ocrx_word' id='word_1_669' title='bbox 2586 4431 2723 4484; x_wconf 89' lang='lat' dir='ltr'><strong>pene</strong></span> <span class='ocrx_word' id='word_1_670' title='bbox 2756 4416 3019 4485; x_wconf 91' lang='lat' dir='ltr'><strong>pullulant</strong></span> <span class='ocrx_word' id='word_1_671' title='bbox 3060 4424 3260 4484; x_wconf 87' lang='lat' dir='ltr'><strong>pestes.</strong></span> <span class='ocrx_word' id='word_1_672' title='bbox 3291 4413 3731 4486; x_wconf 88' lang='lat' dir='ltr'><strong>Concupiscentia</strong></span> 
     </span>
    </p>
   </div>
   <div class='ocr_carea' id='block_1_86' title="bbox 2165 4504 3727 4578">
    <p class='ocr_par' dir='ltr' id='par_1_86' title="bbox 2165 4504 3727 4578">
     <span class='ocr_line' id='line_1_86' title="bbox 2165 4504 3727 4578; baseline 0.004 -18"><span class='ocrx_word' id='word_1_673' title='bbox 2165 4506 2290 4560; x_wconf 90' lang='lat' dir='ltr'><strong>data</strong></span> <span class='ocrx_word' id='word_1_674' title='bbox 2313 4512 2398 4560; x_wconf 85' lang='lat' dir='ltr'><strong>est</strong></span> <span class='ocrx_word' id='word_1_675' title='bbox 2437 4504 2645 4560; x_wconf 84' lang='lat' dir='ltr'><strong>homini</strong></span> <span class='ocrx_word' id='word_1_676' title='bbox 2690 4506 2758 4560; x_wconf 85' lang='lat' dir='ltr'><strong>ad</strong></span> <span class='ocrx_word' id='word_1_677' title='bbox 2788 4508 3214 4576; x_wconf 86' lang='lat' dir='ltr'><strong>concupiscenda</strong></span> <span class='ocrx_word' id='word_1_678' title='bbox 3250 4524 3368 4578; x_wconf 70' lang='lat' dir='ltr'><strong>qum</strong></span> <span class='ocrx_word' id='word_1_679' title='bbox 3396 4519 3521 4564; x_wconf 90' lang='lat' dir='ltr'><strong>sunt</strong></span> <span class='ocrx_word' id='word_1_680' title='bbox 3557 4512 3727 4574; x_wconf 88' lang='lat' dir='ltr'><strong>utilia.</strong></span> 
     </span>
    </p>
   </div>
   <div class='ocr_carea' id='block_1_87' title="bbox 2167 4594 3728 4670">
    <p class='ocr_par' dir='ltr' id='par_1_87' title="bbox 2167 4594 3728 4670">
     <span class='ocr_line' id='line_1_87' title="bbox 2167 4594 3728 4670; baseline 0.005 -22"><span class='ocrx_word' id='word_1_681' title='bbox 2167 4601 2222 4648; x_wconf 92' lang='lat' dir='ltr'><strong>et</strong></span> <span class='ocrx_word' id='word_1_682' title='bbox 2247 4608 2364 4662; x_wconf 74' lang='lat' dir='ltr'><strong>qua:</strong></span> <span class='ocrx_word' id='word_1_683' title='bbox 2389 4594 2491 4649; x_wconf 84' lang='lat' dir='ltr'><strong>sibi</strong></span> <span class='ocrx_word' id='word_1_684' title='bbox 2523 4595 2590 4648; x_wconf 91' lang='lat' dir='ltr'><strong>ad</strong></span> <span class='ocrx_word' id='word_1_685' title='bbox 2635 4595 2858 4652; x_wconf 86' lang='lat' dir='ltr'><strong>salutem</strong></span> <span class='ocrx_word' id='word_1_686' title='bbox 2907 4597 3186 4668; x_wconf 79' lang='lat' dir='ltr'><strong>proﬁciant</strong></span> <span class='ocrx_word' id='word_1_687' title='bbox 3229 4601 3630 4670; x_wconf 86' lang='lat' dir='ltr'><strong>sempiternam.</strong></span> <span class='ocrx_word' id='word_1_688' title='bbox 3671 4600 3728 4656; x_wconf 87' lang='lat' dir='ltr'><strong>Si</strong></span> 
     </span>
    </p>
   </div>
   <div class='ocr_carea' id='block_1_88' title="bbox 2167 4688 3732 4762">
    <p class='ocr_par' dir='ltr' id='par_1_88' title="bbox 2167 4688 3732 4762">
     <span class='ocr_line' id='line_1_88' title="bbox 2167 4688 3732 4762; baseline 0.005 -23"><span class='ocrx_word' id='word_1_689' title='bbox 2167 4701 2296 4741; x_wconf 88' lang='lat' dir='ltr'><strong>vero</strong></span> <span class='ocrx_word' id='word_1_690' title='bbox 2321 4688 2702 4758; x_wconf 90' lang='lat' dir='ltr'><strong>corrumpitur,</strong></span> <span class='ocrx_word' id='word_1_691' title='bbox 2748 4692 2988 4746; x_wconf 90' lang='lat' dir='ltr'><strong>nascitur</strong></span> <span class='ocrx_word' id='word_1_692' title='bbox 3012 4707 3078 4746; x_wconf 87' lang='lat' dir='ltr'><strong>ex</strong></span> <span class='ocrx_word' id='word_1_693' title='bbox 3107 4707 3169 4746; x_wconf 88' lang='lat' dir='ltr'><strong>ea</strong></span> <span class='ocrx_word' id='word_1_694' title='bbox 3205 4692 3597 4762; x_wconf 86' lang='lat' dir='ltr'><strong>gastrimargia,</strong></span> <span class='ocrx_word' id='word_1_695' title='bbox 3628 4689 3732 4747; x_wconf 80' lang='lat' dir='ltr'><strong>for-</strong></span> 
     </span>
    </p>
   </div>
   <div class='ocr_carea' id='block_1_89' title="bbox 2167 4775 3731 4851">
    <p class='ocr_par' dir='ltr' id='par_1_89' title="bbox 2167 4775 3731 4851">
     <span class='ocr_line' id='line_1_89' title="bbox 2167 4775 3731 4851; baseline 0.003 -22"><span class='ocrx_word' id='word_1_696' title='bbox 2167 4775 2387 4841; x_wconf 87' lang='lat' dir='ltr'><strong>nicatio,</strong></span> <span class='ocrx_word' id='word_1_697' title='bbox 2419 4785 2473 4831; x_wconf 91' lang='lat' dir='ltr'><strong>et</strong></span> <span class='ocrx_word' id='word_1_698' title='bbox 2499 4777 2820 4850; x_wconf 85' lang='lat' dir='ltr'><strong>phylargiria</strong></span> <span class='ocrx_word' id='word_1_699' title='bbox 2853 4778 2979 4851; x_wconf 79' lang='lat' dir='ltr'><strong>[AI.,</strong></span> <span class='ocrx_word' id='word_1_700' title='bbox 3009 4779 3371 4851; x_wconf 86' lang='lat' dir='ltr'><strong>philargeria].</strong></span> <span class='ocrx_word' id='word_1_701' title='bbox 3394 4778 3476 4832; x_wconf 82' lang='lat' dir='ltr'><strong>Ira</strong></span> <span class='ocrx_word' id='word_1_702' title='bbox 3497 4777 3620 4834; x_wconf 88' lang='lat' dir='ltr'><strong>data</strong></span> <span class='ocrx_word' id='word_1_703' title='bbox 3644 4789 3731 4837; x_wconf 88' lang='lat' dir='ltr'><strong>cst</strong></span> 
     </span>
    </p>
   </div>
   <div class='ocr_carea' id='block_1_90' title="bbox 2168 4866 3730 4938">
    <p class='ocr_par' dir='ltr' id='par_1_90' title="bbox 2168 4866 3730 4938">
     <span class='ocr_line' id='line_1_90' title="bbox 2168 4866 3730 4938; baseline 0.004 -18"><span class='ocrx_word' id='word_1_704' title='bbox 2168 4866 2232 4921; x_wconf 90' lang='lat' dir='ltr'><strong>ad</strong></span> <span class='ocrx_word' id='word_1_705' title='bbox 2254 4867 2380 4922; x_wconf 88' lang='lat' dir='ltr'><strong>vitia</strong></span> <span class='ocrx_word' id='word_1_706' title='bbox 2402 4868 2718 4935; x_wconf 88' lang='lat' dir='ltr'><strong>cohibenda,</strong></span> <span class='ocrx_word' id='word_1_707' title='bbox 2751 4884 2818 4925; x_wconf 92' lang='lat' dir='ltr'><strong>ne</strong></span> <span class='ocrx_word' id='word_1_708' title='bbox 2841 4869 3043 4938; x_wconf 90' lang='lat' dir='ltr'><strong>impiis,</strong></span> <span class='ocrx_word' id='word_1_709' title='bbox 3073 4869 3125 4922; x_wconf 92' lang='lat' dir='ltr'><strong>id</strong></span> <span class='ocrx_word' id='word_1_710' title='bbox 3154 4875 3262 4932; x_wconf 89' lang='lat' dir='ltr'><strong>est,</strong></span> <span class='ocrx_word' id='word_1_711' title='bbox 3288 4869 3542 4938; x_wconf 86' lang='lat' dir='ltr'><strong>peccatis,</strong></span> <span class='ocrx_word' id='word_1_712' title='bbox 3569 4869 3730 4927; x_wconf 86' lang='lat' dir='ltr'><strong>homo</strong></span> 
     </span>
    </p>
   </div>
   <div class='ocr_carea' id='block_1_91' title="bbox 2167 4953 3726 5028">
    <p class='ocr_par' dir='ltr' id='par_1_91' title="bbox 2167 4953 3726 5028">
     <span class='ocr_line' id='line_1_91' title="bbox 2167 4953 3726 5028; baseline 0.001 -18"><span class='ocrx_word' id='word_1_713' title='bbox 2167 4955 2366 5010; x_wconf 87' lang='lat' dir='ltr'><strong>serviat</strong></span> <span class='ocrx_word' id='word_1_714' title='bbox 2391 4957 2642 5021; x_wconf 91' lang='lat' dir='ltr'><strong>dominis,</strong></span> <span class='ocrx_word' id='word_1_715' title='bbox 2667 4957 2793 5025; x_wconf 87' lang='lat' dir='ltr'><strong>quia</strong></span> <span class='ocrx_word' id='word_1_716' title='bbox 2811 4957 2965 5025; x_wconf 89' lang='lat' dir='ltr'><strong>juxta</strong></span> <span class='ocrx_word' id='word_1_717' title='bbox 2988 4953 3200 5009; x_wconf 90' lang='lat' dir='ltr'><strong>Domini</strong></span> <span class='ocrx_word' id='word_1_718' title='bbox 3228 4970 3443 5011; x_wconf 90' lang='lat' dir='ltr'><strong>vocem:</strong></span> <span class='ocrx_word' id='word_1_719' title='bbox 3477 4956 3579 5023; x_wconf 75' lang='lat' dir='ltr'><strong>Qui</strong></span> <span class='ocrx_word' id='word_1_720' title='bbox 3599 4957 3726 5028; x_wconf 64' lang='lat' dir='ltr'><strong>[cuit</strong></span> 
     </span>
    </p>
   </div>
   <div class='ocr_carea' id='block_1_92' title="bbox 2167 5041 3727 5119">
    <p class='ocr_par' dir='ltr' id='par_1_92' title="bbox 2167 5041 3727 5119">
     <span class='ocr_line' id='line_1_92' title="bbox 2167 5041 3727 5119; baseline 0.004 -21"><span class='ocrx_word' id='word_1_721' title='bbox 2167 5056 2451 5114; x_wconf 76' lang='lat' dir='ltr'><strong>peccatum,</strong></span> <span class='ocrx_word' id='word_1_722' title='bbox 2473 5063 2648 5100; x_wconf 73' lang='lat' dir='ltr'><strong>servus</strong></span> <span class='ocrx_word' id='word_1_723' title='bbox 2669 5054 2743 5098; x_wconf 73' lang='lat' dir='ltr'><strong>est</strong></span> <span class='ocrx_word' id='word_1_724' title='bbox 2771 5045 2968 5113; x_wconf 70' lang='lat' dir='ltr'><strong>peccati</strong></span> <span class='ocrx_word' id='word_1_725' title='bbox 3013 5041 3190 5114; x_wconf 80' lang='lat' dir='ltr'><strong>(Joan.</strong></span> <span class='ocrx_word' id='word_1_726' title='bbox 3223 5061 3344 5111; x_wconf 85' lang='lat' dir='ltr'><strong>vm,</strong></span> <span class='ocrx_word' id='word_1_727' title='bbox 3375 5045 3463 5117; x_wconf 71' lang='lat'><strong>34)</strong></span> <span class='ocrx_word' id='word_1_728' title='bbox 3489 5065 3505 5113; x_wconf 87' lang='lat'><strong>;</strong></span> <span class='ocrx_word' id='word_1_729' title='bbox 3532 5064 3597 5104; x_wconf 87' lang='lat' dir='ltr'><strong>ex</strong></span> <span class='ocrx_word' id='word_1_730' title='bbox 3621 5065 3727 5119; x_wconf 80' lang='lat' dir='ltr'><strong>qua</strong></span> 
     </span>
    </p>
   </div>
   <div class='ocr_carea' id='block_1_93' title="bbox 558 5109 3723 5215">
    <p class='ocr_par' dir='ltr' id='par_1_93' title="bbox 558 5109 3723 5215">
     <span class='ocr_line' id='line_1_93' title="bbox 558 5109 3723 5215; baseline -0.001 -15"><span class='ocrx_word' id='word_1_731' title='bbox 558 5109 642 5200; x_wconf 79' lang='lat' dir='ltr'><strong>lli.</strong></span> <span class='ocrx_word' id='word_1_732' title='bbox 678 5144 889 5215; x_wconf 82' lang='lat' dir='ltr'><strong>Triplex</strong></span> <span class='ocrx_word' id='word_1_733' title='bbox 917 5151 1002 5197; x_wconf 85' lang='lat' dir='ltr'><strong>est</strong></span> <span class='ocrx_word' id='word_1_734' title='bbox 1028 5144 1172 5197; x_wconf 87' lang='lat' dir='ltr'><strong>enim</strong></span> <span class='ocrx_word' id='word_1_735' title='bbox 1203 5144 1417 5206; x_wconf 68' lang='lat' dir='ltr'><strong>animm,</strong></span> <span class='ocrx_word' id='word_1_736' title='bbox 1444 5148 1506 5193; x_wconf 92' lang='lat' dir='ltr'><strong>ut</strong></span> <span class='ocrx_word' id='word_1_737' title='bbox 1527 5138 1829 5210; x_wconf 82' lang='lat' dir='ltr'><strong>philosOphi</strong></span> <span class='ocrx_word' id='word_1_738' title='bbox 1857 5137 2061 5202; x_wconf 87' lang='lat' dir='ltr'><strong>volunt,</strong></span> <span class='ocrx_word' id='word_1_739' title='bbox 2093 5109 2145 5170; x_wconf 71' lang='grc' dir='ltr'><strong>θ</strong></span> <span class='ocrx_word' id='word_1_740' title='bbox 2166 5109 2436 5206; x_wconf 81' lang='lat' dir='ltr'><strong>corrupta,</strong></span> <span class='ocrx_word' id='word_1_741' title='bbox 2465 5136 2704 5208; x_wconf 91' lang='lat' dir='ltr'><strong>procedit</strong></span> <span class='ocrx_word' id='word_1_742' title='bbox 2733 5109 2974 5198; x_wconf 79' lang='lat' dir='ltr'><strong>tristitia,</strong></span> <span class='ocrx_word' id='word_1_743' title='bbox 2997 5109 3051 5188; x_wconf 82' lang='lat' dir='ltr'><strong>et</strong></span> <span class='ocrx_word' id='word_1_744' title='bbox 3071 5136 3270 5190; x_wconf 90' lang='lat' dir='ltr'><strong>acedia.</strong></span> <span class='ocrx_word' id='word_1_745' title='bbox 3302 5109 3461 5192; x_wconf 74' lang='lat' dir='ltr'><strong>Ratio</strong></span> <span class='ocrx_word' id='word_1_746' title='bbox 3481 5109 3604 5194; x_wconf 82' lang='lat' dir='ltr'><strong>data</strong></span> <span class='ocrx_word' id='word_1_747' title='bbox 3622 5109 3723 5202; x_wconf 72' lang='lat' dir='ltr'><strong>est,</strong></span> 
     </span>
    </p>
   </div>
   <div class='ocr_carea' id='block_1_94' title="bbox 494 5229 2063 5304">
    <p class='ocr_par' dir='ltr' id='par_1_94' title="bbox 494 5229 2063 5304">
     <span class='ocr_line' id='line_1_94' title="bbox 494 5229 2063 5304; baseline -0.005 -14"><span class='ocrx_word' id='word_1_748' title='bbox 494 5247 682 5290; x_wconf 76' lang='lat' dir='ltr'><strong>natura</strong></span> <span class='ocrx_word' id='word_1_749' title='bbox 714 5253 725 5288; x_wconf 90' lang='lat'>:</span> <span class='ocrx_word' id='word_1_750' title='bbox 756 5235 914 5290; x_wconf 86' lang='lat' dir='ltr'><strong>estin</strong></span> <span class='ocrx_word' id='word_1_751' title='bbox 938 5251 1001 5289; x_wconf 89' lang='lat' dir='ltr'><strong>ea</strong></span> <span class='ocrx_word' id='word_1_752' title='bbox 1038 5234 1280 5303; x_wconf 69' lang='lat' dir='ltr'><strong>quaadam</strong></span> <span class='ocrx_word' id='word_1_753' title='bbox 1314 5249 1440 5304; x_wconf 87' lang='lat' dir='ltr'><strong>pars</strong></span> <span class='ocrx_word' id='word_1_754' title='bbox 1480 5233 1931 5303; x_wconf 87' lang='lat' dir='ltr'><strong>ooncupiscibilis,</strong></span> <span class='ocrx_word' id='word_1_755' title='bbox 1961 5229 2063 5283; x_wconf 90' lang='lat' dir='ltr'><strong>alia</strong></span> 
     </span>
    </p>
   </div>
   <div class='ocr_carea' id='block_1_95' title="bbox 494 5321 2064 5398">
    <p class='ocr_par' dir='ltr' id='par_1_95' title="bbox 494 5321 2064 5398">
     <span class='ocr_line' id='line_1_95' title="bbox 494 5321 2064 5398; baseline -0.006 -17"><span class='ocrx_word' id='word_1_756' title='bbox 494 5327 769 5382; x_wconf 84' lang='lat' dir='ltr'><strong>rationalis</strong></span> <span class='ocrx_word' id='word_1_757' title='bbox 797 5325 929 5398; x_wconf 82' lang='lat' dir='ltr'><strong>[Al.,</strong></span> <span class='ocrx_word' id='word_1_758' title='bbox 957 5321 1338 5394; x_wconf 88' lang='lat' dir='ltr'><strong>rationabilis],</strong></span> <span class='ocrx_word' id='word_1_759' title='bbox 1372 5322 1532 5376; x_wconf 89' lang='lat' dir='ltr'><strong>tertia</strong></span> <span class='ocrx_word' id='word_1_760' title='bbox 1568 5322 1872 5377; x_wconf 88' lang='lat' dir='ltr'><strong>irascibilis.</strong></span> <span class='ocrx_word' id='word_1_761' title='bbox 1920 5321 2064 5375; x_wconf 88' lang='lat' dir='ltr'><strong>Duas</strong></span> 
     </span>
    </p>
   </div>
   <div class='ocr_carea' id='block_1_96' title="bbox 493 5412 2060 5493">
    <p class='ocr_par' dir='ltr' id='par_1_96' title="bbox 493 5412 2060 5493">
     <span class='ocr_line' id='line_1_96' title="bbox 493 5412 2060 5493; baseline -0.004 -22"><span class='ocrx_word' id='word_1_762' title='bbox 493 5423 637 5477; x_wconf 76' lang='lat' dir='ltr'><strong>enim</strong></span> <span class='ocrx_word' id='word_1_763' title='bbox 665 5421 864 5478; x_wconf 77' lang='lat' dir='ltr'><strong>habent</strong></span> <span class='ocrx_word' id='word_1_764' title='bbox 898 5421 1086 5476; x_wconf 85' lang='lat' dir='ltr'><strong>harum</strong></span> <span class='ocrx_word' id='word_1_765' title='bbox 1121 5425 1304 5493; x_wconf 87' lang='lat' dir='ltr'><strong>partes</strong></span> <span class='ocrx_word' id='word_1_766' title='bbox 1346 5417 1626 5472; x_wconf 90' lang='lat' dir='ltr'><strong>nobiscum</strong></span> <span class='ocrx_word' id='word_1_767' title='bbox 1653 5416 1838 5471; x_wconf 81' lang='lat' dir='ltr'><strong>bestia:</strong></span> <span class='ocrx_word' id='word_1_768' title='bbox 1867 5423 1921 5470; x_wconf 90' lang='lat' dir='ltr'><strong>et</strong></span> <span class='ocrx_word' id='word_1_769' title='bbox 1948 5412 2060 5467; x_wconf 85' lang='lat' dir='ltr'><strong>ani-</strong></span> 
     </span>
    </p>
   </div>
   <div class='ocr_carea' id='block_1_97' title="bbox 565 5543 2058 5622">
    <p class='ocr_par' dir='ltr' id='par_1_97' title="bbox 565 5543 2058 5622">
     <span class='ocr_line' id='line_1_97' title="bbox 565 5543 2058 5622; baseline -0.005 -17"><span class='ocrx_word' id='word_1_770' title='bbox 565 5565 587 5589; x_wconf 70' lang='grc' dir='ltr'><em>ι·</em></span> <span class='ocrx_word' id='word_1_771' title='bbox 624 5554 753 5622; x_wconf 71' lang='lat' dir='ltr'><strong>Vide</strong></span> <span class='ocrx_word' id='word_1_772' title='bbox 775 5552 834 5622; x_wconf 71' lang='grc' dir='ltr'>β.</span> <span class='ocrx_word' id='word_1_773' title='bbox 865 5553 999 5622; x_wconf 80' lang='lat' dir='ltr'><strong>Aug.</strong></span> <span class='ocrx_word' id='word_1_774' title='bbox 1026 5553 1141 5608; x_wconf 87' lang='lat' dir='ltr'><strong>Lib.</strong></span> <span class='ocrx_word' id='word_1_775' title='bbox 1176 5552 1238 5606; x_wconf 84' lang='lat' dir='ltr'><strong>de</strong></span> <span class='ocrx_word' id='word_1_776' title='bbox 1272 5550 1474 5622; x_wconf 79' lang='lat' dir='ltr'><strong>Spiritu</strong></span> <span class='ocrx_word' id='word_1_777' title='bbox 1506 5557 1558 5606; x_wconf 85' lang='lat' dir='ltr'><strong>et</strong></span> <span class='ocrx_word' id='word_1_778' title='bbox 1580 5547 1793 5614; x_wconf 76' lang='lat' dir='ltr'><strong>Anima,</strong></span> <span class='ocrx_word' id='word_1_779' title='bbox 1825 5563 1942 5618; x_wconf 87' lang='lat' dir='ltr'><strong>cap.</strong></span> <span class='ocrx_word' id='word_1_780' title='bbox 1976 5543 2058 5607; x_wconf 76' lang='lat' dir='ltr'><strong>l3,</strong></span> 
     </span>
    </p>
   </div>
   <div class='ocr_carea' id='block_1_98' title="bbox 498 5619 1388 5695">
    <p class='ocr_par' dir='ltr' id='par_1_98' title="bbox 498 5619 1388 5695">
     <span class='ocr_line' id='line_1_98' title="bbox 498 5619 1388 5695; baseline 0.002 -23"><span class='ocrx_word' id='word_1_781' title='bbox 498 5626 623 5678; x_wconf 82' lang='lat' dir='ltr'><strong>tum.</strong></span> <span class='ocrx_word' id='word_1_782' title='bbox 656 5621 746 5676; x_wconf 72' lang='lat' dir='ltr'><strong>XL</strong></span> <span class='ocrx_word' id='word_1_783' title='bbox 771 5619 1103 5695; x_wconf 61' lang='lat' dir='ltr'><strong>Patroibgiae,</strong></span> <span class='ocrx_word' id='word_1_784' title='bbox 1136 5622 1234 5677; x_wconf 68' lang='lat' dir='ltr'><strong>cel.</strong></span> <span class='ocrx_word' id='word_1_785' title='bbox 1269 5619 1388 5675; x_wconf 76' lang='lat' dir='ltr'><strong>78L</strong></span> 
     </span>
    </p>
   </div>
   <div class='ocr_carea' id='block_1_99' title="bbox 2162 5222 3722 5300">
    <p class='ocr_par' dir='ltr' id='par_1_99' title="bbox 2162 5222 3722 5300">
     <span class='ocr_line' id='line_1_99' title="bbox 2162 5222 3722 5300; baseline -0.006 -20"><span class='ocrx_word' id='word_1_786' title='bbox 2162 5235 2217 5281; x_wconf 89' lang='lat' dir='ltr'><strong>ut</strong></span> <span class='ocrx_word' id='word_1_787' title='bbox 2246 5228 2499 5292; x_wconf 77' lang='lat' dir='ltr'><strong>diximus,</strong></span> <span class='ocrx_word' id='word_1_788' title='bbox 2527 5239 2738 5280; x_wconf 89' lang='lat' dir='ltr'><strong>omnem</strong></span> <span class='ocrx_word' id='word_1_789' title='bbox 2773 5222 3006 5279; x_wconf 90' lang='lat' dir='ltr'><strong>hominis</strong></span> <span class='ocrx_word' id='word_1_790' title='bbox 3032 5226 3196 5282; x_wconf 89' lang='lat' dir='ltr'><strong>vitam</strong></span> <span class='ocrx_word' id='word_1_791' title='bbox 3226 5242 3430 5299; x_wconf 85' lang='lat' dir='ltr'><strong>regere,</strong></span> <span class='ocrx_word' id='word_1_792' title='bbox 3453 5236 3509 5283; x_wconf 83' lang='lat' dir='ltr'><strong>et</strong></span> <span class='ocrx_word' id='word_1_793' title='bbox 3535 5229 3722 5300; x_wconf 63' lang='lat' dir='ltr'><strong>gubcr.</strong></span> 
     </span>
    </p>
   </div>
   <div class='ocr_carea' id='block_1_100' title="bbox 2163 5316 3724 5388">
    <p class='ocr_par' dir='ltr' id='par_1_100' title="bbox 2163 5316 3724 5388">
     <span class='ocr_line' id='line_1_100' title="bbox 2163 5316 3724 5388; baseline 0.002 -16"><span class='ocrx_word' id='word_1_794' title='bbox 2163 5334 2308 5383; x_wconf 89' lang='lat' dir='ltr'><strong>nare,</strong></span> <span class='ocrx_word' id='word_1_795' title='bbox 2345 5335 2411 5374; x_wconf 91' lang='lat' dir='ltr'><strong>ex</strong></span> <span class='ocrx_word' id='word_1_796' title='bbox 2435 5333 2536 5386; x_wconf 90' lang='lat' dir='ltr'><strong>qua</strong></span> <span class='ocrx_word' id='word_1_797' title='bbox 2573 5318 2618 5370; x_wconf 92' lang='lat' dir='ltr'><strong>si</strong></span> <span class='ocrx_word' id='word_1_798' title='bbox 2645 5316 3026 5384; x_wconf 89' lang='lat' dir='ltr'><strong>corrumpitur,</strong></span> <span class='ocrx_word' id='word_1_799' title='bbox 3055 5319 3224 5373; x_wconf 89' lang='lat' dir='ltr'><strong>oritur</strong></span> <span class='ocrx_word' id='word_1_800' title='bbox 3259 5320 3530 5388; x_wconf 89' lang='lat' dir='ltr'><strong>superbia,</strong></span> <span class='ocrx_word' id='word_1_801' title='bbox 3560 5327 3616 5374; x_wconf 91' lang='lat' dir='ltr'><strong>et</strong></span> <span class='ocrx_word' id='word_1_802' title='bbox 3638 5335 3724 5375; x_wconf 87' lang='lat' dir='ltr'><strong>ce-</strong></span> 
     </span>
    </p>
   </div>
   <div class='ocr_carea' id='block_1_101' title="bbox 2162 5405 3724 5480">
    <p class='ocr_par' dir='ltr' id='par_1_101' title="bbox 2162 5405 3724 5480">
     <span class='ocr_line' id='line_1_101' title="bbox 2162 5405 3724 5480; baseline 0.001 -18"><span class='ocrx_word' id='word_1_803' title='bbox 2162 5410 2410 5465; x_wconf 85' lang='lat' dir='ltr'><strong>no.!oxia.</strong></span> <span class='ocrx_word' id='word_1_804' title='bbox 2446 5409 2523 5462; x_wconf 84' lang='lat' dir='ltr'><strong>Ex</strong></span> <span class='ocrx_word' id='word_1_805' title='bbox 2575 5407 2658 5460; x_wconf 91' lang='lat' dir='ltr'><strong>his</strong></span> <span class='ocrx_word' id='word_1_806' title='bbox 2684 5405 2836 5475; x_wconf 83' lang='lat' dir='ltr'><strong>quasi</strong></span> <span class='ocrx_word' id='word_1_807' title='bbox 2867 5407 3168 5474; x_wconf 87' lang='lat' dir='ltr'><strong>arboribus,</strong></span> <span class='ocrx_word' id='word_1_808' title='bbox 3214 5408 3427 5480; x_wconf 90' lang='lat' dir='ltr'><strong>plurimi</strong></span> <span class='ocrx_word' id='word_1_809' title='bbox 3476 5411 3724 5466; x_wconf 88' lang='lat' dir='ltr'><strong>vitiorum</strong></span> 
     </span>
    </p>
   </div>
   <div class='ocr_carea' id='block_1_102' title="bbox 2235 5533 3721 5610">
    <p class='ocr_par' dir='ltr' id='par_1_102' title="bbox 2235 5533 3721 5610">
     <span class='ocr_line' id='line_1_102' title="bbox 2235 5533 3721 5610; baseline 0 -19"><span class='ocrx_word' id='word_1_810' title='bbox 2235 5537 2629 5610; x_wconf 49' lang='lat' dir='ltr'><strong>{Eulalireseu</strong></span> <span class='ocrx_word' id='word_1_811' title='bbox 2652 5533 2968 5610; x_wconf 65' lang='grc' dir='ltr'><strong>(ἐπειδάν-σόαι.</strong></span> <span class='ocrx_word' id='word_1_812' title='bbox 3003 5536 3133 5593; x_wconf 67' lang='lat' dir='ltr'><strong>Vide</strong></span> <span class='ocrx_word' id='word_1_813' title='bbox 3171 5537 3424 5594; x_wconf 74' lang='lat' dir='ltr'><strong>Monitum</strong></span> <span class='ocrx_word' id='word_1_814' title='bbox 3467 5539 3721 5610; x_wconf 65' lang='lat' dir='ltr'><strong>pravium</strong></span> 
     </span>
    </p>
   </div>
   <div class='ocr_carea' id='block_1_103' title="bbox 2163 5606 2832 5678">
    <p class='ocr_par' dir='ltr' id='par_1_103' title="bbox 2163 5606 2832 5678">
     <span class='ocr_line' id='line_1_103' title="bbox 2163 5606 2832 5678; baseline -0.007 -16"><span class='ocrx_word' id='word_1_815' title='bbox 2163 5617 2215 5662; x_wconf 85' lang='lat' dir='ltr'><strong>et</strong></span> <span class='ocrx_word' id='word_1_816' title='bbox 2239 5607 2500 5678; x_wconf 75' lang='lat' dir='ltr'><strong>Epistolas</strong></span> <span class='ocrx_word' id='word_1_817' title='bbox 2530 5606 2599 5662; x_wconf 85' lang='lat' dir='ltr'><strong>ibi</strong></span> <span class='ocrx_word' id='word_1_818' title='bbox 2627 5606 2832 5660; x_wconf 82' lang='lat' dir='ltr'><strong>citatas.</strong></span> 
     </span>
    </p>
   </div>
  </div>
