4286 6270
478 344 572 399 6H

1380 326 1698 385 ωοιιΑιιΑ.
1741 354 1808 365 »-
1846 320 2045 377 LIBER
2079 312 2434 372 DE'ANIMJ'Z
2471 311 2784 367 llATlONl-l.

3583 301 3695 357 σοι·

480 452 765 511 ramusculi
795 451 848 505 in
889 443 1180 518 perniciem
1207 442 1395 497 animo:
1432 445 1793 499 succrescunt,
1833 434 1899 503 de
1922 432 2036 502 qui-
2062 433 2109 494 Α
2138 426 2269 481 mini
2298 440 2383 481 me
2418 423 2713 492 intelligere
2738 432 2793 477 et
2815 421 2946 476 velle
2978 429 3033 476 et
3073 419 3394 476 meminisse.
3436 382 3500 471 Et
3532 418 3606 471 sle
3634 419 3689 473 in

483 540 590 599 bus
602 541 657 595 in
678 537 834 607 hujus
859 534 1097 606 epistolae
1123 529 1370 601 angustia
1396 527 1670 598 disputare
1694 524 1911 592 longum
1931 530 2037 587 est,

483 641 663 687 etnon
690 629 851 683 nimis
873 622 1255 699 necessarium.

553 758 616 813 V.
655 758 751 815 Est
784 768 997 827 quoque
1021 751 1199 807 anima
1242 746 1473 819 imagine
1498 754 1553 801 et
1577 742 1930 800 similitudine
1957 741 2040 794 sui

487 850 789 907 Conditoris
817 849 871 901 in
899 841 1177 916 principali
1197 840 1282 897 sui
1308 847 1479 910 parte,
1503 851 1622 907 qua:
1648 848 1801 891 mens
1826 833 2041 896 dicitur,

472 938 811 1005 excellenter
832 933 1129 990 nobilitata.
1154 929 1289 996 Quae
1307 928 1480 996 imago
1501 924 1711 979 tandem
1734 923 1790 977 in
1814 936 1879 976 ea
1901 920 2045 973 clara

489 1036 545 1084 et
568 1026 786 1098 pulchra
813 1032 918 1089 est,
945 1022 991 1076 si
1011 1028 1123 1076 toto
1148 1017 1259 1074 Deo
1284 1014 1559 1071 Conditori
1582 1011 1849 1067 desiderio
1867 1010 2047 1064 vincta

489 1127 574 1173 est
601 1116 733 1189 [A1.,
758 1114 944 1184 juncta
970 1110 1095 1182 est].
1124 1106 1375 1175 Quamvis
1402 1119 1530 1160 vero
1550 1102 1671 1160 vilis
1709 1109 1765 1156 et
1796 1098 2048 1155 deformis

491 1222 523 1261 a
546 1184 659 1260 Deo
679 1203 936 1258 recedens
960 1198 1239 1259 eiﬁciatur,
1268 1205 1445 1249 tamen
1472 1192 1519 1257 si
1548 1192 1757 1245 ratione
1781 1189 1944 1259 viget,
1966 1184 2049 1239 vel

496 1294 765 1351 intellectu
792 1276 976 1355 sentit,
1003 1294 1184 1342 manet
1213 1285 1267 1339 in
1294 1298 1358 1339 ea
1386 1280 1625 1352 quaedam
1652 1288 1857 1332 natura:
1885 1274 2053 1345 digni-

495 1395 578 1439 tas
600 1398 729 1438 suae.
756 1380 911 1437 Unde
932 1380 999 1434 de
1032 1377 1122 1431 tali
1157 1376 1355 1436 anima,
1384 1387 1414 1426 a
1438 1372 1520 1426 sui
1564 1368 1871 1424 Conditoris
1909 1381 2053 1421 rece-

496 1473 661 1528 dente
695 1470 999 1532 dilectione,
1033 1466 1212 1521 divina
1240 1464 1368 1518 dicit
1402 1459 1676 1530 Scriptura
1705 1478 1717 1512 :
1746 1457 2052 1528 Quanquam

497 1566 553 1617 in
578 1563 803 1631 imagine
844 1560 941 1614 Dei
985 1555 1206 1613 ambulet
1249 1554 1421 1617 homo,
1463 1562 1633 1605 tamen
1682 1566 1811 1605 uane
1849 1557 2055 1603 contur-

500 1654 685 1715 batur;
710 1649 1104 1711 thesaurizat,et
1127 1642 1448 1715 ignorat,cui
1478 1648 1748 1711 congregat
1784 1656 1847 1692 ea
1883 1636 2051 1708 (Psal.

499 1753 728 1803 xxxviii,
760 1739 836 1808 7).
873 1735 984 1789 Nec
1024 1734 1163 1792 hanc

500 1831 672 1887 tendit
699 1831 766 1886 ab
793 1845 857 1884 ea
883 1810 1165 1898 imaginem
1203 1824 1299 1879 Dei
1324 1841 1337 1877 :
1382 1835 1683 1891 quanquam
1711 1817 1916 1873 scilicet
1940 1830 2051 1870 ma-

501 1938 603 1993 gna
626 1924 699 1979 sit
721 1929 909 1977 natura
936 1919 1114 1974 anima
1148 1916 1399 1977 humana,
1434 1920 1611 1966 tamen
1642 1909 1815 1964 vitiari
1852 1912 2048 1977 potest,

500 2014 625 2082 quia
665 2028 873 2068 summa
903 2026 1009 2065 non
1046 2017 1168 2065 est:
1212 2015 1388 2061 tamen
1426 2019 1551 2074 quia
1589 2017 1811 2059 summa:
1851 2008 2053 2054 naturre

504 2105 677 2173 imago
720 2110 825 2166 est,
861 2102 1039 2163 idest,
1063 2099 1275 2162 divinae,
1302 2111 1494 2165 magna
1521 2104 1605 2150 est
1633 2102 1848 2156 natura,
1877 2099 1931 2146 et
1958 2105 2055 2145 no-

504 2194 644 2249 bilis.
684 2191 886 2247 Nobilis
914 2206 943 2244 a
971 2180 1255 2244 Conditore
1291 2192 1488 2249 creata,
1526 2184 1620 2238 sed
1656 2182 1899 2254 ignobilis
1927 2179 2056 2234 vitio

505 2284 720 2353 preprio
748 2281 907 2345 facta,
952 2278 1002 2333 id
1040 2284 1149 2343 est,
1182 2275 1307 2330 dum
1333 2290 1365 2328 a
1410 2272 1506 2328 Dei
1544 2271 1774 2327 declinat
1815 2268 2054 2332 servitio,

507 2387 604 2428 sua
631 2370 814 2425 volens
839 2370 913 2423 uti
960 2374 1244 2438 potestate,
1275 2364 1415 2436 quod
1462 2372 1548 2419 est
1584 2363 1818 2437 primum
1860 2359 2058 2425 malum

506 2462 651 2517 omni
680 2460 923 2516 rationali
969 2466 1243 2515 creatum).
1288 2454 1367 2511 lta
1394 2454 1606 2519 tandem
1651 2452 1894 2508 ordinate
1929 2449 2063 2503 vivit

509 2551 705 2615 anima,
728 2550 773 2603 si
802 2563 922 2602 eum
948 2547 1117 2617 diligit
1142 2546 1233 2615 qui
1259 2559 1417 2615 supra
1435 2558 1495 2598 se
1520 2549 1623 2605 est,
1651 2540 1704 2595 id
1728 2548 1832 2603 est,
1862 2539 2059 2599 Deum;

510 2650 564 2693 et
591 2638 878 2708 prudenter
906 2652 969 2690 ea
996 2644 1145 2706 regat
1165 2649 1281 2704 qua:
1308 2648 1493 2705 regere
1537 2631 1714 2693 debet,
1740 2630 1793 2683 id
1817 2636 1921 2690 est,
1950 2641 2065 2681 car-

514 2728 661 2783 nales
686 2742 895 2782 sensus.
924 2726 1062 2797 Ergo
1099 2734 1324 2795 quatuor
1348 2724 1561 2794 quidem
1582 2722 1774 2778 animae
1799 2719 2064 2788 diligenda

514 2824 660 2879 sunt,
688 2816 739 2869 id
760 2823 862 2879 est,
890 2815 1032 2883 quod
1073 2828 1231 2881 supra
1254 2827 1313 2868 se
1349 2820 1452 2876 est,
1475 2818 1529 2865 et
1555 2811 1608 2864 id
1645 2807 1790 2878 quod
1828 2806 1979 2874 juxta
2005 2821 2065 2861 se

515 2912 599 2959 est
622 2902 701 2974 [et
738 2903 789 2957 id
826 2900 966 2971 quod
1008 2902 1120 2971 ipsa
1148 2909 1249 2965 est,
1293 2908 1349 2954 et
1370 2900 1422 2955 id
1449 2898 1589 2967 quod
1630 2898 1730 2952 sub
1754 2911 1814 2952 se
1837 2894 1960 2966 est].
1992 2894 2067 2948 De

513 2993 719 3047 duabus
744 2989 1299 3061 horum,‘praeeeptum
1338 2990 1393 3043 in
1420 2988 1588 3043 sacris
1615 2987 1807 3057 legitur
1852 2985 2066 3049 litteris,

519 3082 572 3136 id
601 3090 704 3146 est,
733 3081 798 3136 de
826 3058 1104 3135 dilectione
1133 3058 1227 3135 Dei
1255 3088 1309 3134 et
1334 3078 1602 3149 proximi:
1632 3078 1697 3132 de
1725 3090 1821 3132 sua
1838 3090 1968 3130 velo
1995 3075 2068 3127 di-
2089 3058 2143 3145 cf

518 3175 762 3236 lectione,
793 3182 848 3227 et
872 3173 1048 3227 carnis
1085 3186 1214 3234 sum,
1252 3186 1358 3227 non
1391 3178 1517 3226 sunt
1552 3174 1817 3238 pmepta
1841 3172 2065 3228 statuta,

514 3263 643 3330 quia
672 3261 877 3316 duobus
903 3259 1165 3330 prioribus
1192 3259 1304 3313 haec
1329 3259 1431 3314 duo
1453 3258 1627 3312 inesse
1652 3256 2064 3326 dignoscuntur:

518 3351 644 3425 quia
670 3350 761 3419 qui
807 3349 975 3411 Deum
1012 3347 1095 3401 vel
1136 3347 1435 3415 proximum
1479 3345 1716 3415 perfecte
1767 3343 1962 3413 diligit.
1992 3356 2071 3396 se-

520 3432 696 3509 ipsum
722 3438 987 3507 negligere
1028 3450 1135 3489 non
1180 3435 1409 3503 poterit;
1443 3435 1567 3503 quia
1608 3433 1720 3487 haec
1753 3441 1838 3487 est
1879 3431 2071 3484 animm

524 3541 730 3581 summa
765 3516 1058 3587 beatitudo,
1088 3538 1208 3577 eum
1245 3521 1461 3592 diligere
1486 3536 1515 3573 a
1553 3534 1658 3589 quo
1684 3528 1790 3583 est,
1820 3525 1871 3573 et
1898 3517 2071 3572 socias

526 3634 636 3675 sua:
658 3616 1001 3675 beatitudinis
1037 3613 1258 3685 diligere
1298 3613 1527 3676 animas,
1568 3620 1622 3666 et
1658 3610 1762 3666 illis
1809 3608 2066 3680 prodesse

522 3708 607 3763 vel
637 3709 812 3765 carnis
836 3706 1026 3771 oﬂicio,
1054 3703 1138 3762 vel
1180 3702 1374 3759 mentis
1415 3700 1692 3766 beneﬁcio,
1720 3707 1781 3755 ut
1807 3702 1943 3756 bona
1971 3697 2076 3753 illis

522 3806 695 3868 optet,
720 3806 777 3853 et
808 3804 1066 3868 quantum
1093 3793 1289 3859 valeat,
1316 3791 1497 3847 faciat.
1525 3850 1528 3853 ,

602 3929 686 3983 Vi.
715 3927 885 3983 liabet
907 3928 1069 3996 igitur
1094 3925 1270 3981 anima
1294 3925 1346 3978 in
1375 3938 1469 3977 sua
1494 3930 1705 3983 natura,
1730 3926 1786 3972 ut
1821 3910 2075 3981 diximus,

535 4015 816 4085 imaginem
831 4021 1025 4067 sancta:
1043 4011 1316 4065 Trinitatis
1340 4010 1392 4063 in
1413 4023 1478 4062 eo
1500 4007 1641 4075 quod
1657 4003 2075 4074 intelligentiam,

535 4106 878 4167 voluntatem,
907 4111 963 4157 et
984 4102 1295 4157 memoriam
1323 4100 1503 4155 habet.
1536 4097 1648 4154 Una
1674 4104 1759 4151 est
1781 4096 1924 4149 enim
1961 4093 2077 4147 ani-

498 4210 643 4267 nma,
672 4208 791 4263 quae
816 4207 965 4247 meus
992 4191 1203 4254 dicitur,
1235 4204 1337 4244 una
1378 4190 1509 4252 vita,
1536 4197 1591 4242 et
1622 4202 1727 4241 una
1757 4185 2076 4249 substantia,

2138 518 2361 590 singulis
2386 516 2595 587 singula
2621 516 2917 586 capiuntur.
2954 512 3060 568 Sed
3084 512 3149 567 de
3178 512 3261 567 bis
3284 511 3431 565 alias.

2214 589 2374 681 ιω
2399 594 2507 661 V'll.
2530 606 2681 662 Nunc
2702 615 2883 661 autem
2908 605 3305 661 consideremus
3330 589 3521 658 miram
3549 603 3693 657 velo-

2139 700 2355 756 citatem
2386 699 2575 752 anima:
2599 696 2651 751 in
2676 694 2969 750 formandis
2997 694 3175 759 rebus,
3214 708 3332 763 quae
3351 692 3578 762 percipit
3597 706 3695 761 per

2141 790 2386 845 carnales
2408 802 2617 852 sensus,
2644 801 2673 841 a
2694 787 2887 855 quibus
2900 785 3159 854 quasiper
3176 782 3432 853 quosdam
3455 784 3696 842 nuntios.

2142 881 2396 952 quidquid
2425 896 2605 936 rerum
2643 877 2973 933 sensibilium
3005 877 3337 947 eognitarum
3358 874 3442 929 vel
3465 874 3699 944 incogni-

2144 982 2318 1027 tarum
2340 972 2588 1042 percipit,
2615 985 2734 1025 mox
2762 969 2817 1022 in
2842 969 3017 1038 seipsa
3056 983 3240 1023 earum
3280 965 3537 1023 ineffabili
3559 966 3698 1020 cele-

2144 1062 2301 1115 ritate
2329 1059 2518 1114 format
2542 1060 2759 1128 ﬁguras,
2795 1058 3212 1126 informatasque
3240 1057 3291 1110 in
3319 1072 3428 1109 sum
3451 1056 3703 1109 thesauro

2147 1150 2419 1203 memoria:
2463 1146 2720 1203 recondit.
2770 1145 2921 1202 Sicut
2962 1146 3106 1199 enim
3136 1145 3225 1215 qui
3275 1144 3499 1198 Romam
3547 1144 3699 1201 vidit.

2148 1238 2371 1293 Romam
2397 1239 2536 1292 enim
2564 1236 2769 1309 [Γονιε.
2802 1234 2984 1309 etiam]
3014 1234 3163 1304 ﬁngit
3192 1235 3244 1287 in
3270 1233 3447 1287 animo
3487 1248 3602 1295 suo,
3650 1242 3703 1285 et

2148 1329 2344 1385 format
2363 1328 2538 1397 qualis
2567 1328 2655 1383 sit.
2696 1327 2764 1381 Et
2794 1326 2918 1380 dum
2951 1338 3144 1378 nomen
3167 1323 3395 1377 audierit
3423 1323 3503 1376 vel
3533 1339 3705 1378 reme-

2150 1427 2325 1474 morat
2359 1417 2563 1482 Romae,
2608 1418 2790 1473 statim
2835 1415 3067 1470 recurrit
3090 1415 3298 1470 animus
3328 1411 3468 1469 illius
3498 1415 3563 1469 ad
3599 1431 3707 1468 me-

2151 1507 2397 1573 moriam,
2442 1506 2532 1561 ubi
2578 1505 2846 1561 conditam
2900 1505 3061 1569 habet
3098 1503 3326 1558 formam
3358 1503 3521 1565 illius,
3551 1512 3605 1556 et
3634 1504 3706 1556 ibi

2153 1594 2638 1669 recognoscit[eam
2660 1596 2726 1650 ad
2747 1591 3102 1664 memoriam],
3122 1595 3210 1647 ubi
3236 1592 3529 1648 recondidit
3544 1593 3704 1646 illam.

2154 1686 2220 1739 Et
2248 1687 2421 1741 adhuc
2448 1684 2743 1740 mirabilius
2767 1692 2868 1749 est,
2908 1683 3048 1752 quod
3071 1684 3461 1753 incognitarum
3504 1697 3706 1742 rerum.

1191 1733 1478 1786 vanitatem
1515 1728 1727 1784 auferre
1768 1740 1929 1797 posse
1968 1742 2051 1781 os-
2080 1761 2126 1819 Β
2155 1728 2220 1785 “ἶ’
2248 1728 2421 1741 “““⁵““’
2450 1728 2743 1786 ““”.”“”
2768 1728 2868 1749 "'"
2911 1728 3048 1787 “¹,“”“
3073 1728 3461 1788 ”’ῗ“⁰”“’““ῖ“’

1203 1824 1237 1831 _
1283 1825 1295 1831 -
1894 1823 1910 1831 -
2010 1830 2015 1831 γ
2152 1789 2195 1828 su
2225 1774 2375 1830 lecta:
2414 1774 2498 1828 vel
2527 1773 2719 1828 audita:
2746 1782 2906 1828 erunt
2940 1788 2992 1827 in
3036 1774 3273 1831 auribus.
3315 1787 3492 1826 anima
3530 1781 3712 1826 statim

2152 1865 2348 1920 format
2392 1864 2616 1935 figuram
2646 1864 2836 1935 ignota:
2880 1864 2976 1917 rei.
3032 1863 3185 1919 Sicut
3231 1862 3371 1918 forte
3417 1861 3714 1918 Jerusalem

2152 1957 2434 2027 quisquam
2465 1964 2710 2010 nostrum
2758 1956 2921 2010 habet
2955 1956 3008 2009 iu
3051 1956 3229 2010 anima
3270 1971 3366 2009 sua
3411 1954 3714 2018 formatam,

2153 2045 2327 2115 qualis
2355 2046 2429 2097 sit
2460 2064 2472 2097 :
2502 2044 2745 2112 quamvis
2775 2044 2929 2112 longe
2954 2044 3108 2097 aliter
3134 2044 3225 2103 sit.
3249 2059 3405 2112 quam
3428 2044 3526 2097 sibi
3542 2044 3717 2097 anima

2156 2132 2325 2203 fingit,
2355 2131 2481 2185 dum
2517 2133 2744 2186 videtur.
2775 2131 3031 2187 Similiter
3054 2133 3118 2185 de
3152 2132 3386 2195 homine,
3416 2133 3555 2186 sicut
3586 2135 3723 2188 forte

2153 2222 2221 2276 de
2243 2222 2533 2285 Abraham,
2567 2221 2719 2292 ﬁngit
2745 2222 2887 2275 enim
2913 2219 3113 2298 (Forte,
3145 2221 3328 2293 etiam]
3352 2221 3511 2277 homo
3543 2227 3595 2277 in
3617 2225 3725 2277 aui-

2156 2323 2243 2362 ma
2281 2325 2396 2374 sua,
2427 2308 2601 2378 qualis
2627 2316 2771 2361 esset
2791 2308 3077 2377 Abraham.
3121 2308 3199 2363 Ex
3228 2324 3293 2363 eo
3318 2310 3459 2377 quod
3483 2310 3615 2363 alios
3635 2310 3726 2362 ho-

2159 2399 2333 2453 mines
2370 2399 2527 2461 vidit,
2558 2397 2635 2452 sic
2669 2398 2768 2452 sibi
2817 2396 2969 2467 ﬁngit
2992 2398 3227 2452 membra
3265 2396 3464 2462 omnia,
3497 2402 3636 2453 sicut
3674 2403 3724 2453 in

2162 2492 2300 2553 aliis,
2332 2488 2416 2544 vel
2443 2489 2496 2542 in
2527 2489 2704 2558 seipse
2732 2490 3025 2560 cognoscit.
3052 2489 3229 2545 Muros
3258 2499 3314 2544 et
3336 2491 3521 2544 domos
3550 2501 3601 2545 et
3620 2492 3725 2560 pla—

2163 2592 2278 2637 teas
2307 2595 2414 2634 non
2444 2579 2595 2648 ﬁngit
2623 2580 2677 2632 iu
2704 2594 2788 2642 eo,
2817 2580 2957 2635 sicut
2984 2580 3036 2633 in
3081 2578 3377 2634 Jerusalem
3408 2582 3551 2653 facit,
3588 2582 3725 2653 [sed]

2162 2669 2420 2740 quidquid
2464 2668 2517 2721 in
2559 2668 2679 2721 aliis
2725 2668 3029 2721 civitatibus
3058 2669 3188 2722 vidit
3212 2670 3315 2725 sibi
3349 2670 3593 2740 cognitis,
3630 2674 3729 2727 hcc

2166 2758 2319 2828 ﬁngit
2352 2757 2406 2810 in
2444 2753 2741 2810 Jerusalem
2787 2771 2908 2812 esse
2934 2772 3142 2843 posse;
3184 2773 3249 2813 ex
3281 2761 3424 2815 notis
3447 2763 3588 2815 enim
3619 2778 3732 2833 spe-

2106 2867 2115 2873 ·
2164 2850 2348 2905 ciebus
2379 2846 2529 2917 fingit
2560 2847 2742 2918 ignota
2768 2865 2780 2901 :
2810 2862 2909 2902 nec
2937 2848 3081 2903 enim
3121 2849 3173 2903 in
3195 2850 3410 2906 civitate
3433 2851 3728 2909 Jerusalem

2168 2938 2318 3009 ﬁngit
2344 2937 2577 2991 hominis
2609 2938 2869 3003 membra,
2901 2937 2995 2992 sed
3024 2938 3250 2995 aediﬁcia
3278 2941 3584 2999 clvila'ibus
3611 2960 3732 2998 coii-

2169 3035 2343 3083 sueta.
2382 3025 2472 3080 Sic
2498 3026 2563 3081 de
2594 3027 2739 3081 omni
2777 3042 2835 3081 re
2866 3026 2992 3081 facit
3029 3025 3239 3082 animus
3276 3028 3526 3096 hominis,
3559 3047 3624 3085 ex
3651 3047 3731 3087 eo-

2169 3116 2332 3187 gnitis
2361 3114 2513 3186 ﬁngit
2541 3115 2833 3185 incognita,
2866 3116 3072 3169 habens
3098 3117 3196 3170 has
3219 3132 3405 3171 omnes
3444 3120 3647 3187 species
3680 3123 3733 3175 in

2167 3221 2248 3260 se.
2276 3205 2529 3272 Quamvis
2566 3218 2631 3258 eo
2658 3212 2857 3272 puncto
2876 3219 2981 3273 quo
3017 3198 3129 3258 vult
3156 3207 3222 3260 de
3256 3207 3492 3275 quolibet
3519 3226 3623 3265 una
3653 3220 3741 3265 (ποί

2168 3294 2357 3366 gitare,
2385 3293 2604 3362 cogitet,
2649 3306 2756 3345 non
2778 3286 2925 3360 quod
2970 3293 3145 3347 anima
3184 3303 3344 3350 exeat
3378 3297 3443 3350 de
3485 3300 3610 3353 sele
3638 3316 3735 3355 sua

2169 3385 2236 3438 ad
2262 3383 2687 3454 cognoscendum
2717 3381 2935 3452 aliquid,
2965 3384 3055 3437 sed
3084 3385 3135 3437 in
3168 3386 3341 3455 seipsa
3371 3398 3569 3452 manet,
3603 3399 3654 3445 ct
3682 3393 3735 3445 in

2170 3470 2345 3538 seipsa
2376 3468 2522 3523 illam
2552 3468 2777 3523 formam
2800 3472 3151 3541 recognoscit,
3184 3488 3342 3543 quam
3369 3478 3571 3544 pridem
3603 3480 3735 3544 inim

2170 3558 2454 3613 velocitate
2476 3557 2744 3613 formavit.
2774 3557 2901 3613 inde
2921 3568 3005 3613 est
3028 3562 3167 3628 quod
3192 3563 3387 3627 anima,
3409 3566 3452 3617 si
3483 3567 3741 3633 quidlibet

2171 3654 2391 3714 repente
2411 3645 2761 3706 obliviscitur,
2787 3652 2841 3698 et
2861 3646 3050 3699 iterum
3078 3658 3434 3714 rememorat;
3468 3667 3571 3705 nou
3595 3655 3737 3707 enim

2175 3740 2301 3786 tunc
2348 3733 2602 3799 temporis
2639 3744 2746 3799 quo
2783 3731 3115 3787 obliviscitur
3150 3734 3366 3803 aliquid,
3406 3739 3643 3795 inveniet
3669 3742 3741 3795 ιο·
3830 3766 3834 3774 ι

2166 3821 2353 3875 culum
2382 3819 2514 3890 [ΑΙ.,
2556 3818 2777 3892 locum],
2809 3819 2863 3873 in
2902 3835 3010 3890 quo
3036 3822 3087 3877 id
3116 3825 3256 3893 quod
3299 3830 3510 3897 quaerit,
3558 3846 3741 3887 recou-

2174 3909 2347 3962 ditum
2374 3908 2556 3974 habet,
2586 3911 2727 3981 quod
2757 3910 2951 3965 iterum
2976 3924 3318 3983 rememorat,
3346 3918 3459 3973 sive
3481 3924 3742 3988 curando,

2175 3997 2288 4051 sive
2313 4012 2419 4051 non
2444 3999 2703 4053 curando.

2247 4085 2376 4141 Vill.
2404 4085 2484 4140 Ex
2513 4101 2617 4155 qua
2639 4087 2924 4143 velocitate
2969 4091 3181 4155 animae,
3233 4095 3414 4164 quoin
3441 4111 3500 4150 se
3526 4099 3602 4153 sie
3627 4116 3742 4165 om-

2177 4173 2265 4226 nia
2296 4172 2448 4242 ﬁngit
2466 4175 2646 4227 audita
2671 4175 2755 4227 vel
2800 4177 2935 4242 visa,
2987 4188 3081 4231 aut
3122 4195 3301 4245 sensa,
3348 4192 3441 4236 aut
3479 4187 3722 4250 odorata.

537 4299 657 4354 qua:
680 4262 793 4337 haec
820 4280 920 4335 tria
942 4281 1104 4336 habet
1127 4280 1179 4334 in
1200 4293 1284 4332 se:
1318 4278 1410 4333 sed
1432 4277 1544 4331 hmc
1566 4277 1667 4331 tria
1694 4290 1799 4331 non
1823 4282 1947 4329 sunt
1969 4282 2080 4327 tres

2178 4267 2269 4354 aut
2314 4269 2549 4354 gustata,
2602 4262 2905 4352 iterumque
2950 4266 3165 4322 inventa
3212 4274 3563 4343 recognoscit,
3610 4278 3745 4332 mira

540 4344 680 4435 vitae,
720 4371 814 4425 sed
839 4384 941 4429 una
962 4369 1109 4433 vita;
1133 4382 1229 4423 nec
1255 4376 1365 4421 tres
1385 4374 1608 4431 mentes,
1636 4364 1730 4419 sed
1758 4378 1860 4417 una
1887 4376 2039 4416 mens
2063 4379 2076 4414 :
2108 4398 2143 4457 Ι]

2140 4348 2271 4454 ’Βοί
2299 4348 2533 4418 potentia
2562 4357 2616 4403 et
2647 4344 2853 4419 natura:
2880 4353 3114 4409 eilicacia
3142 4354 3275 4428 [ΑΛ.
3303 4357 3630 4435 efﬁcientia],
3661 4374 3745 4417 ut-

540 4469 924 4530 consequenter
948 4461 1152 4528 utique,
1190 4474 1290 4513 nec
1321 4468 1432 4514 tres
1455 4456 1761 4513 substantiae
1806 4461 1947 4517 sunt,
1986 4450 2081 4513 sed
2110 4438 2143 4457 ’³

2140 4438 2155 4454 ’
2179 4451 2389 4505 οιιιιιιιθ
2424 4438 2669 4508 c0guosci
2702 4441 2920 4509 poterit.
2954 4441 3088 4498 Dum
3134 4444 3200 4499 de
3226 4443 3520 4504 Jerusalem
3547 4454 3746 4522 cogito,

543 4566 649 4605 una
671 4549 988 4605 substantia.
1017 4548 1166 4613 Quod
1191 4563 1319 4602 vero
1345 4548 1519 4601 anima
1538 4547 1626 4602 vel
1652 4560 1822 4611 mens,
1843 4544 1927 4598 vel
1951 4544 2080 4606 vita,

544 4639 631 4696 vel
656 4637 950 4694 substantia
965 4636 1178 4699 dicitur,
1204 4635 1271 4690 ad
1293 4632 1520 4701 seipsam
1541 4634 1738 4690 dicitur
1761 4649 1774 4685 :
1796 4632 1938 4702 quod
1956 4644 2084 4686 vero

546 4728 825 4792 memoria,
843 4725 927 4780 vel
945 4723 1309 4795 intelligentia,
1330 4719 1413 4777 vel
1431 4720 1675 4776 voluntas
1688 4720 1900 4785 dicitur,
1914 4720 1982 4774 ad
1995 4720 2089 4774 ali-

547 4817 678 4889 quid
692 4816 915 4872 relative
941 4814 1153 4869 dicitur.
1174 4809 1401 4867 PrOinde
1420 4809 1532 4863 haec
1552 4807 1654 4862 tria
1674 4820 1741 4862 eo
1758 4813 1884 4863 sunt
1901 4822 2085 4870 unum,

549 4919 656 4974 quo
675 4917 785 4959 una
810 4903 945 4968 vita,
973 4918 1077 4959 una
1108 4916 1259 4956 mens
1276 4914 1383 4955 una
1402 4905 1484 4955 est
1514 4894 1809 4953 substantia
1829 4912 1843 4949 :
1863 4902 1922 4950 et
1939 4895 2091 4963 quid-

551 4992 681 5062 quid
696 4989 839 5045 aliud
848 4990 919 5045 ad
937 4992 1109 5060 seipsa
1125 4989 1331 5062 singula
1344 4989 1609 5050 dicuntur,
1624 4986 1787 5041 etiam
1805 4978 1964 5041 simul
1985 4998 2089 5038 non

550 5076 847 5149 pluraliter,
882 5077 977 5131 sed
1007 5077 1348 5147 singulariter
1385 5078 1633 5133 dicuntur
1664 5093 1678 5145 ;
1705 5086 1771 5128 eo
1806 5085 1934 5128 vero
1964 5071 2090 5136 tria,

553 5170 663 5235 Quo
688 5163 757 5219 ad
779 5177 839 5219 ae
867 5162 1099 5219 invicem
1124 5164 1446 5220 referuntur.
1474 5162 1608 5220 Nam
1636 5160 1894 5218 memoria
1927 5158 2095 5214 alicu-

550 5252 642 5322 jus
663 5261 748 5309 eat
769 5252 1047 5317 memoria,
1064 5260 1122 5307 et
1156 5253 1498 5325 intelligentia
1541 5251 1761 5323 alicujus
1792 5257 1876 5306 est
1906 5248 2099 5305 intelli-

558 5340 760 5411 gentia,
780 5348 837 5395 et
860 5339 1102 5395 voluntas
1126 5338 1345 5407 alienius
1372 5348 1457 5395 est
1486 5339 1731 5395 voluntas
1756 5356 1771 5392 :
1794 5345 1851 5395 et
1882 5335 1999 5392 hac
2032 5335 2099 5391 ad

561 5444 619 5484 se
639 5429 864 5484 invicem
891 5427 1212 5484 referuntur.
1247 5426 1353 5482 Sed
1380 5428 1435 5482 in
1456 5428 1541 5483 bis
1568 5426 1739 5483 tribus
1760 5425 1937 5480 unitas
1956 5438 2100 5495 qum—

564 5518 682 5573 dam
704 5524 817 5590 est:
837 5517 1075 5586 Intelligo
1093 5532 1179 5571 me
1199 5514 1510 5586 intelligere,
1531 5516 1667 5571 velle
1683 5524 1740 5572 et
1758 5514 2095 5580 meminisse;

566 5614 622 5671 et
640 5605 758 5661 volo
779 5619 863 5662 me
886 5605 1175 5676 intelligere
1206 5612 1263 5661 et
1293 5604 1597 5661 meminisse
1622 5614 1679 5659 et
1703 5603 1840 5661 velle
1866 5622 1879 5661 :
1908 5610 1963 5658 et
1990 5618 2101 5658 me-

2179 4542 2287 4584 non
2314 4544 2379 4585 eo
2406 4538 2674 4587 momento
2695 4531 2762 4587 de
2788 4532 2956 4589 Roma
2972 4550 3186 4605 possum
3208 4540 3443 4611 cogitare
3462 4557 3477 4606 ;
3496 4543 3590 4597 vel
3617 4560 3736 4599 cum

2183 4621 2250 4675 de
2270 4620 2506 4690 qualibet
2525 4636 2631 4677 una
2647 4624 2906 4693 recogito,
2932 4640 3037 4679 non
3060 4641 3276 4695 possum
3303 4644 3368 4684 eo
3389 4614 3657 4686 momento
3676 4637 3745 4689 tle

2184 4708 2427 4779 pluribus
2446 4710 2706 4790 cogitare,
2728 4711 2823 4765 sed
2848 4714 2951 4770 hoc
2977 4729 3139 4768 unum
3161 4715 3290 4769 mihi
3333 4724 3460 4771 tunc
3507 4734 3745 4787 praesens

2187 4807 2270 4853 est
2302 4799 2356 4853 in
2382 4801 2576 4865 anima,
2605 4802 2748 4871 quod
2777 4810 2904 4859 tunc
2927 4804 3127 4875 cogito,
3150 4806 3320 4860 donec
3342 4806 3427 4860 vel
3450 4808 3630 4874 citius,
3658 4813 3746 4866 vel

2193 4888 2397 4944 tardius
2430 4891 2545 4945 haec
2584 4888 2838 4962 cogitatio
2872 4893 3108 4958 recedat,
3135 4900 3189 4946 et
3232 4892 3335 4947 alia
3385 4899 3747 4967 superveniat.

2191 4976 2325 5032 Nam
2348 4978 2443 5033 Del
2465 4979 2844 5049 omnipotentis
2865 4988 3090 5045 naturas,
3106 4979 3429 5037 etineﬁ‘abill
3452 4985 3746 5056 cognitioni

2191 5070 2369 5124 omnia
2402 5069 2559 5125 simul
2600 5077 2726 5125 sunt
2757 5070 3066 5141 ,pnesentia,
3102 5078 3158 5124 et
3202 5085 3416 5142 semper
3438 5078 3746 5146 praesentia.

2192 5166 2248 5214 et
2269 5173 2541 5229 nunquam
2556 5159 2880 5216 recedentia.
2910 5159 2977 5213 Et
2999 5159 3099 5215 hoc
3123 5170 3209 5216 est
3229 5162 3372 5234 quod
3390 5167 3584 5222 dicitur
3604 5171 3747 5239 quod

2198 5247 2341 5304 Deus
2365 5248 2563 5318 ubique
2589 5255 2733 5304 totus
2755 5254 2858 5310 est,
2881 5247 3003 5316 quia
3022 5251 3201 5305 omnia
3224 5268 3343 5322 qua
3365 5262 3508 5319 sunt,
3532 5256 3613 5311 vel
3633 5270 3751 5325 qtae

2197 5335 2430 5398 fuerunt.
2454 5336 2538 5391 vel
2564 5350 2682 5405 qua:
2709 5334 2888 5392 futura
2916 5346 3060 5401 sunt,
3102 5339 3261 5395 simul
3295 5344 3493 5408 omnia,
3540 5357 3644 5398 non
3672 5363 3758 5398 se-

2198 5426 2326 5491 mel,
2350 5425 2443 5481 sed
2463 5439 2674 5493 semper
2698 5425 2981 5494 praesentia
3020 5427 3197 5484 habet.
3228 5429 3335 5485 Nec
3360 5432 3519 5487 etiam
3559 5433 3756 5504 aliquis

2198 5522 2376 5584 potest
2404 5513 2539 5567 satis
2567 5513 2842 5578 admirari,
2870 5516 3011 5584 quod
3057 5530 3246 5586 genus
3290 5517 3375 5572 me
3403 5520 3554 5575 vim
3591 5532 3785 5595 “quae

2204 5604 2455 5669 celestis,
2500 5604 2589 5675 qui
2632 5619 2781 5659 mens
2830 5604 2912 5658 vel
2937 5606 3147 5661 animus
3195 5619 3549 5678 nuncupatur.
3595 5622 3757 5669 tatus:
