4262 6192
563 176 667 233 διδ

1404 178 1464 231 Β.
1506 177 1567 231 F.
1608 176 1831 238 ALBlNl
1869 176 1998 232 SEU
2038 173 2308 230 ALCUlNl
2342 172 2615 229 OPERUM
2648 170 2827 229 PARS
2862 172 2947 229 Π.

3672 177 3774 233 6“

560 291 872 345 mobilitatis
897 298 1003 353 est,
1037 297 1097 343 ut
1128 302 1196 347 ne
1219 296 1326 344 tum
1351 289 1587 360 quidem,
1612 304 1732 343 cum
1775 290 1977 358 sopitus
2010 296 2110 345 est.
2146 293 2188 349 Λ
2217 288 2351 341 ritus
2375 285 2762 350 intellectualis,
2799 286 3097 351 rationalis,
3124 302 3336 359 semper
3364 288 3420 344 in
3448 297 3619 356 motu,
3640 308 3778 348 sein-

563 381 909 449 conquiescat
932 396 947 431 :
980 387 1139 432 tanta:
1167 378 1475 442 celeritatis,
1502 388 1564 432 ut
1583 393 1692 431 uno
1718 378 1969 446 temporis
1996 392 2124 445 pun-

567 481 653 527 rte
681 472 871 527 malum
912 471 1203 534 collustret,
1238 469 1337 541 [et]
1387 471 1431 523 si
1462 470 1606 533 velit,
1653 470 1821 522 maria
1864 468 2120 537 pervolet,

480 546 483 549 λ
568 572 748 616 terras
776 570 834 614 et
880 562 1043 615 urbes
1067 567 1353 629 peragret:
1397 560 1576 614 omnia
1623 558 1872 626 denique,
1901 572 2019 625 qum
2063 558 2127 610 li-

566 654 765 715 buerit,
797 650 1040 719 quamvis
1070 650 1226 720 longe
1250 649 1461 718 lateque
1481 648 1725 705 submota
1756 649 1885 712 sint,
1910 647 1962 699 in
2000 661 2126 700 con.-

566 750 753 808 spcctu
780 738 882 793 sibi
908 739 1021 806 ipse
1045 736 1331 806 cogitando
1356 736 1665 793 constituat.
1699 735 1765 791 Et
1786 736 2012 789 miratur
2036 733 2127 787 ali;

570 830 707 899 quis,
737 828 781 882 si
802 827 978 881 divina
1005 842 1154 885 mens
1185 826 1301 891 Dei,
1328 825 1607 880 universas
1636 823 1816 879 mundi
1837 830 2016 893 partes
2055 822 2129 875 si.-

564 920 699 984 mul,
727 927 783 974 et
814 932 1025 987 semper
1052 924 1338 987 praesentes
1364 916 1581 978 habeat,
1616 929 1734 983 qua:
1767 913 1945 970 omnia
1992 911 2128 981 regit

563 1011 761 1080 ubique
805 1024 1058 1079 praesens,
1092 1008 1289 1075 ubique
1312 1014 1464 1070 tota;
1505 1020 1628 1061 cum
1655 1012 1803 1060 tanta
1847 1004 1920 1057 sit
1949 1003 2029 1055 vis
2065 1016 2129 1055 ac

561 1108 801 1175 potestas
825 1099 1017 1153 mentis
1041 1099 1288 1152 humana:
1311 1097 1451 1152 intra
1474 1095 1699 1151 mortale
1734 1106 1928 1163 corpus
1957 1092 2127 1147 inclu-

562 1207 656 1256 s:e,
686 1199 744 1246 ut
781 1206 849 1246 ne
878 1191 1043 1275 septis
1080 1190 1295 1260 quidem
1333 1188 1513 1259 gravis
1535 1186 1696 1255 hujus
1734 1201 1795 1240 ac
1831 1183 1967 1254 pigri
2012 1198 2131 1238 cor-

562 1286 728 1356 poris,
760 1301 865 1355 quo
914 1286 1112 1355 illigata
1139 1292 1245 1348 est,
1293 1282 1530 1338 coerceri
1580 1281 1689 1336 ullo
1738 1280 1895 1335 modo
1937 1279 2127 1348 possit,

565 1376 851 1443 quominus
879 1375 1101 1429 liberam
1140 1373 1405 1445 cogitandi
1447 1371 1777 1435 facultatem,
1816 1368 2012 1438 quietis
2037 1368 2132 1423 imv

566 1466 775 1535 patiens
802 1464 1018 1517 habeat.
1144 1466 1149 1469 “

633 1554 724 1608 1x.
771 1551 1055 1608 Sciendum
1098 1559 1180 1607 est
1224 1550 1546 1614 certissime,
1599 1549 1855 1611 animam,
1899 1546 1945 1602 si
1976 1545 2029 1601 in
2066 1560 2129 1603 ea

2225 391 2318 445 per
2373 376 2576 438 vivens,
2621 377 2774 431 bona:
2822 376 3079 446 maleque
3102 378 3391 433 voluntatis
3436 394 3637 449 capax;
3690 397 3777 438 se-

2222 465 2452 518 cundum
2480 464 2864 534 benignitatem
2906 465 3178 521 Creatoris
3224 467 3392 523 libero
3429 468 3650 535 arbitrio
3681 486 3778 527 uo-

2223 552 2475 619 bilitatus,
2502 570 2597 609 sua
2615 554 2887 640 voluptate
2915 556 3155 611 vitiatus.
3182 556 3275 614 Dei
3313 562 3486 630 gratia
3521 562 3777 617 liberatus
3802 614 3807 617 ,

2224 642 2301 716 [in
2326 646 2517 714 quibus
2569 645 2709 700 Deus
2748 647 2860 716 ipse
2891 647 3109 719 voluit];
3163 650 3231 703 ad
3276 654 3567 721 regendum
3596 657 3778 711 carnis

2221 741 2398 788 motus
2421 742 2659 797 creatus,
2716 735 3017 801 invisibilis,
3070 740 3438 809 incorporalis,
3476 742 3594 797 sine
3642 758 3779 814 pou.

2224 823 2371 887 dere,
2416 823 2533 879 sine
2560 824 2758 888 colore,
2805 824 3263 895 circumscriptus,
3314 828 3368 882 in
3405 830 3626 899 singulis
3668 848 3779 891 sum

2223 913 2402 967 carnis
2439 914 2696 979 membris
2731 922 2903 975 totus;
2936 914 2991 968 in
3019 930 3124 983 quo
3148 925 3233 981 est
3268 916 3445 989 imago
3469 919 3773 977 Conditoris

2226 1004 2537 1074 spiritaliter
2581 1005 2850 1074 primitiva
2872 1005 3143 1060 creatione
3188 1007 3469 1077 impressa,
3514 1011 3655 1064 sicut
3694 1027 3783 1067 su~

2224 1093 2408 1163 perius
2440 1091 2791 1156 ostendimus.
2828 1092 3081 1160 Quamvis
3113 1093 3183 1151 sit
3206 1096 3403 1157 misera
3440 1097 3564 1150 dum
3586 1113 3615 1150 a
3644 1096 3781 1152 Con-

2226 1186 2399 1241 ditore
2461 1187 2515 1241 in
2573 1186 2807 1255 seipsam
2859 1184 3150 1251 delabitur;
3196 1194 3377 1251 tamen
3425 1190 3779 1245 :eternitatem

2227 1275 2619 1345 imaginemque
2667 1272 2939 1343 dignitatis
2984 1270 3103 1328 sua!
3122 1275 3346 1343 perdere
3395 1290 3502 1329 non
3546 1277 3777 1345 poterit:

2204 1378 2334 1441 non
2362 1363 2565 1417 habens
2594 1362 2647 1421 in
2676 1377 2735 1416 se
2767 1368 3086 1431 potestatem
3129 1362 3359 1418 exeundi
3389 1363 3457 1417 de
3485 1377 3668 1428 carne,
3719 1374 3777 1419 et

2228 1453 2484 1512 redeundi
2527 1454 2718 1512 iterum
2744 1453 2797 1506 in
2832 1466 2970 1516 eam,
3020 1453 3113 1509 sed
3144 1452 3260 1527 ejus
3291 1456 3511 1511 arbitrio
3542 1458 3631 1526 qui
3656 1457 3783 1512 fecit

2228 1558 2363 1601 eam,
2397 1543 2654 1612 carnique
2701 1542 2939 1595 immisit.
2993 1542 3148 1599 Exiet
3206 1546 3351 1599 enim
3394 1548 3641 1615 quamvis
3691 1564 3784 1603 no-

565 1644 841 1699 nobilitate
872 1642 1254 1712 permansisset
1290 1656 1393 1710 qua
1435 1640 1647 1695 condita
1670 1647 1754 1695 est
1789 1655 1819 1693 a
1849 1637 2122 1699 Creatore,
2158 1633 2199 1692 B
2227 1634 2342 1688 lens
2389 1632 2797 1705 praesentandus
2842 1631 3041 1702 judicio
3095 1632 3219 1698 Dei;
3267 1634 3482 1706 Deoque
3506 1638 3781 1707 iudicante

565 1732 887 1787 omnimodis
908 1730 1413 1793 immortalemesse,
1439 1728 1577 1783 sicut
1603 1734 1911 1782 sanctorum
1932 1724 2122 1778 animat
2220 1724 2394 1779 locum
2447 1722 2671 1777 intrabit
2722 1722 2833 1776 suis
2882 1723 3088 1783 meritis
3141 1724 3486 1796 condignum,
3530 1721 3779 1797 spectare

567 1829 713 1885 sunt;
744 1820 835 1874 sed
866 1821 989 1874 dum
1014 1818 1180 1872 libero
1209 1818 1455 1880 arbitrio,
1481 1816 1673 1885 spiritu
1701 1815 1989 1884 instigante
2014 1826 2127 1865 ma—
2223 1811 2357 1882 ML,
2406 1809 2738 1882 exspectare]
2771 1810 2940 1867 ultimi
2982 1811 3086 1865 diei
3108 1812 3389 1881 judicium,
3447 1826 3507 1870 ut
3552 1819 3782 1889 accipiat

568 1909 731 1978 ligno,
763 1908 1049 1976 depravata
1080 1912 1181 1969 est,
1208 1905 1405 1974 partim
1451 1904 1692 1958 mortalis
1737 1918 1803 1956 ex
1833 1899 2125 1955 immortali
2222 1916 2462 1966 carnem,
2504 1902 2561 1956 in
2607 1917 2712 1972 qua
2744 1904 2796 1957 in
2831 1904 2931 1959 hoc
2992 1905 3186 1959 szeculo
3226 1906 3456 1961 vivebat.
3508 1906 3609 1974 Qui
3633 1908 3786 1977 spiri-

567 1997 705 2052 facta
723 2006 826 2060 est,
854 1996 947 2051 sed
964 2011 1069 2050 non
1096 2003 1225 2050 tota.
1251 1993 1401 2049 Sicut
1427 1993 1672 2063 corporis
1690 1993 1799 2046 vita
1821 1991 1998 2045 anima
2018 1998 2124 2053 est,

568 2088 644 2145 ita
675 2087 865 2141 anima:
891 2086 1000 2139 vita
1028 2085 1168 2139 Deus
1190 2091 1293 2166 est.
1322 2083 1457 2139 Dum
1485 2083 1661 2142 anima
1691 2081 1889 2137 deserit
1909 2094 2124 2149 corpus,

568 2177 795 2233 moritur
822 2190 1035 2244 corpus,
1066 2181 1121 2228 et
1146 2182 1414 2227 mortuum
1456 2182 1601 2227 recte
1637 2171 1853 2235 dicitur,
1882 2169 2008 2239 quia
2048 2169 2128 2223 in-

571 2262 822 2319 sensibile
845 2272 967 2325 est;
1014 2270 1100 2318 est
1126 2271 1303 2322 tamen
1349 2277 1544 2331 corpus
1588 2262 1861 2329 corruptio
1888 2258 2129 2329 quaedam

568 2370 640 2412 ex
666 2356 843 2410 carnis
869 2364 1080 2417 natura,
1111 2355 1355 2423 quamvis
1381 2369 1486 2407 non
1513 2352 1814 2406 viviilcetur
1842 2353 1909 2406 ab
1929 2350 2127 2407 anima.

573 2442 779 2501 Animae
804 2457 930 2498 vero
956 2457 1101 2498 mors
1140 2448 1244 2505 est,
1290 2441 1413 2495 dum
1444 2455 1562 2493 eam
1604 2440 1744 2494 Deus
1772 2439 1967 2495 deserit
1992 2437 2130 2510 dono

576 2545 684 2585 suze
709 2530 913 2602 gratiis,
934 2531 1002 2584 ob
1030 2528 1446 2599 magnitudinem
1469 2528 1751 2591 scelerum,
1778 2526 2004 2585 moritur
2030 2540 2135 2579 me-

574 2622 703 2676 liore
730 2622 812 2677 sui
837 2630 1007 2691 parte,
1039 2621 1253 2675 Duabus
1276 2634 1405 2675 vero
1449 2621 1795 2690 dignitatibus
1822 2635 1853 2672 a
1884 2618 2135 2673 Creatore

578 2711 754 2764 anima
784 2711 838 2764 iu
862 2724 955 2765 sua
977 2719 1169 2764 natura
1196 2708 1487 2781 gloriﬁcata
1531 2718 1636 2770 est.
1682 2708 1735 2763 id
1777 2719 1880 2772 est,
1920 2708 2135 2762 aeterni-

575 2806 685 2854 tate
725 2806 780 2852 et
826 2798 1173 2853 beatitudine.
1229 2798 1512 2853 Beatitudo
1565 2798 1770 2852 scilicet
1815 2797 2007 2850 anima:
2052 2804 2136 2849 est

2226 2001 2311 2047 tus
2344 1992 2504 2046 modo
2529 1994 2676 2048 euris
2720 1996 2959 2067 angitur,
3013 1996 3171 2052 modo
3203 1998 3443 2066 corporis
3498 1998 3778 2053 doloribus

2223 2081 2490 2146 eondolet,
2541 2084 2700 2138 modo
2720 2083 2901 2142 l:etitia
2925 2087 3218 2151 hilarescit,
3269 2087 3428 2146 modo
3461 2090 3673 2158 cognita
3705 2103 3786 2142 re.

2224 2171 2442 2240 cogitat,
2466 2172 2623 2226 modo
2646 2172 2917 2245 incognita
2948 2176 3085 2230 seire
3107 2175 3314 2245 quan-it.
3369 2175 3486 2231 Alia
3514 2176 3647 2237 vult,
3679 2174 3783 2230 alia

2227 2275 2334 2314 non
2364 2259 2495 2313 vult.
2552 2259 2611 2315 In
2644 2276 2750 2330 quo
2775 2270 2862 2317 est
2903 2274 3054 2325 amor
3098 2263 3432 2330 naturaliter,
3483 2265 3608 2333 quia
3633 2280 3787 2319 amor

2230 2348 2499 2403 intellectu
2532 2348 2919 2406 discernendus
2976 2362 3078 2417 est,
3130 2361 3186 2406 et
3213 2354 3418 2407 ratione
3462 2352 3531 2407 ab
3587 2352 3785 2407 illicitis

2229 2440 2667 2495 delectationibus
2695 2440 3089 2513 [cohibendus],
3119 2452 3179 2497 ut
3205 2457 3267 2497 ea
3293 2449 3436 2506 amet
3465 2456 3583 2517 qua:
3602 2455 3785 2495 amans

2232 2529 2299 2582 da
2337 2535 2482 2581 sunt.
2850 2546 2851 2549 η

2306 2615 2395 2669 XI.
2428 2616 2601 2684 Atque
2661 2616 2952 2677 secundum
2994 2615 3223 2677 cilicium
3266 2618 3442 2688 operis
3476 2616 3561 2672 sui
3617 2617 3785 2677 variis

2232 2713 2568 2773 nuncupatur
2614 2706 2918 2765 nominibus
2950 2724 2963 2758 :
2994 2705 3171 2761 anima
3222 2715 3327 2771 est,
3362 2707 3489 2777 dum
3521 2707 3786 2773 viviﬁcat;

2232 2795 2358 2848 dum
2389 2795 2800 2864 contemplatur,
2830 2796 3049 2865 spiritus
3072 2804 3166 2858 est
3182 2813 3211 2863 ;_
3229 2797 3354 2850 dum
3383 2798 3570 2861 sentit,
3596 2812 3789 2852 sensus

574 2887 739 2941 Deum
768 2887 964 2941 habere
991 2888 1042 2939 in
1066 2902 1142 2941 se.
1175 2887 1333 2959 ιω
1359 2886 1634 2954 Quomodo
1669 2887 1910 2941 habere?
1949 2887 1999 2939 id
2028 2896 2131 2948 est,
2167 2953 2199 2959 Α
2235 2895 2348 2951 est;
2398 2887 2523 2939 dum
2567 2888 2726 2955 sapit,
2754 2888 2963 2941 animus
3011 2896 3122 2951 est;
3164 2888 3290 2940 dum
3306 2887 3580 2958 intelligit,
3637 2902 3789 2943 mens

569 2975 769 3045 justam
798 2991 938 3041 esse,
963 2976 1088 3046 quia
1112 2953 1451 3044 Deus—justus
1477 2985 1598 3041 est;
1646 2984 1700 3032 et
1731 2975 2127 3031 misericordem
2155 2953 2202 3016 ο
2230 2987 2342 3042 est;
2395 2977 2519 3032 dum
2544 2953 2817 3042 discernit,
2865 2978 3001 3031 ratio
3022 2984 3134 3042 est;
3190 2953 3315 3034 dum
3354 2953 3643 3040 consentit,
3691 2990 3787 3027 νος

574 3080 713 3129 esse.
738 3064 863 3135 quia
893 3064 1032 3119 Deus
1059 3065 1366 3121 misericors
1390 3074 1471 3121 es!
1496 3082 1510 3130 ς
1538 3075 1593 3121 ει
1616 3066 1810 3127 bonam
1847 3080 1985 3127 esse.
2009 3065 2131 3133 quia
2232 3069 2409 3123 luntas
2444 3075 2558 3133 est;
2609 3067 2733 3121 dum
2778 3067 3111 3131 recordatur,
3146 3065 3400 3119 memoria
3429 3072 3533 3119 est.
3574 3063 3685 3117 Non
3717 3072 3792 3117 ta~

576 3154 717 3208 Deus
741 3155 913 3208 bonus
933 3162 1051 3219 est;
1079 3162 1133 3209 et
1157 3162 1393 3209 sanctam
1420 3168 1559 3219 esse,
1588 3156 1713 3225 quia
1743 3155 1883 3210 Deus
1918 3163 2134 3209 sanctus

578 3250 697 3307 est;
728 3250 785 3295 et
826 3243 1139 3297 charitatem
1181 3244 1401 3309 habere,
1447 3245 1572 3314 quia
1612 3244 1753 3303 Deus
1795 3244 2023 3299 charitas
2059 3252 2134 3297 est

578 3329 759 3399 (Joan.
793 3344 867 3394 IV,
896 3329 970 3401 8).
1001 3329 1100 3397 Qui
1129 3329 1413 3399 plurimum
1442 3332 1555 3385 hzec
1598 3322 1651 3392 in
1679 3348 1737 3389 se
1768 3332 1944 3393 habet,
1966 3332 2134 3400 majo-

578 3434 692 3473 rem
722 3419 775 3472 in
820 3433 879 3473 se
926 3419 1328 3477 similitudinem
1372 3420 1467 3472 Dei
1512 3420 1670 3475 habet
1704 3429 1757 3474 et
1803 3421 2133 3489 imaginem:

578 3505 878 3574 quicunque
906 3520 1032 3560 vero
1059 3504 1172 3559 hare
1204 3506 1258 3561 in
1284 3506 1460 3559 anima
1490 3522 1595 3565 non
1635 3508 1811 3571 habet,
1842 3514 1895 3560 ct
1918 3507 2022 3560 alia
2052 3507 2137 3561 his

578 3595 792 3659 similia,
835 3610 951 3664 qua:
977 3595 1263 3666 Apostolus
1309 3596 1509 3652 fructus
1558 3598 1855 3671 nominavit
1898 3598 2138 3665 spiritus,

580 3682 673 3735 Dei
704 3683 1029 3739 habitatione
1054 3684 1299 3755 indignus
1322 3683 1595 3748 ellicietur,
1628 3692 1683 3739 et
1725 3684 1830 3741 erit
1853 3684 2139 3739 semivivus

581 3769 724 3841 (Gal.
758 3788 808 3834 v,
836 3772 925 3842 22)
954 3789 967 3824 :
1004 3772 1140 3825 sicut
1165 3773 1402 3827 latrones
1429 3774 1699 3829 hominem
1727 3773 2136 3828 descendentem

582 3863 651 3917 ab
673 3860 967 3915 Jerusalem
991 3863 1042 3914 in
1062 3860 1273 3924 Iericho
1301 3862 1680 3930 spoliaverunt,
1704 3860 2137 3925 vulneraverunt,

580 3959 635 4006 et
660 3951 973 4006 semivivum
1002 3951 1331 4020 reliquerunt
1356 3948 1503 4022 (Luc.
1533 3967 1591 4015 x,
1613 3949 1724 4022 30).
1751 3948 2017 4004 Semiviva
2038 3949 2141 4002 erit

582 4043 776 4105 anima,
807 4042 860 4111 si
878 4049 1096 4111 propter
1127 4042 1256 4101 vitia
1284 4050 1339 4095 et
1385 4042 1713 4109 iniquitates,
1756 4039 2140 4094 beatitudinem

583 4130 801 4183 visionis
826 4139 880 4183 et
906 4129 1253 4191 habitationis
1276 4128 1371 4184 Dei
1396 4130 1683 4198 perdiderit
1706 4146 1722 4194 ;
1762 4128 1828 4182 ad
1854 4144 2014 4197 quam
2044 4144 2139 4182 au-

585 4225 691 4270 tem
714 4214 863 4285 [Hs.,
893 4216 991 4269 sed
1012 4224 1189 4277 tamen
1212 4216 1278 4277 ad
1302 4218 1486 4288 quam]
1509 4227 1689 4272 creata
1722 4225 1827 4281 est,
1870 4218 2137 4272 aeternitac

585 4311 694 4357 tem
714 4302 931 4371 perdere
957 4318 1061 4361 non
1086 4310 1280 4372 potest.
1306 4303 1596 4361 Mutabitur
1614 4304 1757 4363 enim
1780 4313 1994 4373 propter
2020 4320 2140 4373 pee-

585 4398 708 4443 cata
731 4404 825 4441 sua
854 4390 1125 4445 beatitudo
1150 4392 1203 4445 in
1231 4391 1498 4451 miseriam
1525 4408 1541 4456 ;
1569 4398 1625 4444 et
1656 4391 1759 4445 hoc
1792 4392 1913 4454 erit,
1944 4392 1987 4446 si
2012 4406 2143 4446 con-

588 4479 916 4548 eupiscentia
940 4480 1023 4533 vel
1049 4480 1127 4534 ira
1147 4482 1266 4549 plus
1288 4481 1650 4536 dominabitur
1670 4481 1721 4535 in
1746 4481 1962 4535 homine
1982 4497 2140 4551 quam

588 4569 746 4632 ratio,
778 4568 831 4620 in
858 4582 963 4637 qua
989 4568 1101 4621 sola
1128 4571 1391 4637 praecellit
1414 4572 1791 4632 animantibus.
1821 4571 1940 4631 ideo
1965 4572 2029 4627 de
2050 4572 2142 4625 tali

589 4657 787 4709 dictum
810 4666 894 4711 est
924 4658 976 4709 in
1003 4644 1250 4710 Psalmo:
1285 4657 1352 4711 Et
1374 4659 1524 4719 homo
1555 4676 1673 4716 sum
1694 4662 1749 4719 in
1781 4661 1971 4715 honore
1992 4670 2142 4721 esset,

593 4764 693 4799 non
723 4747 989 4813 intellexit,
1024 4758 1349 4817 comparatus
1382 4757 1457 4801 est
1482 4748 1728 4815 jumentis
1768 4750 2143 4817 insipientibus,

593 4844 640 4887 et
677 4834 856 4888 similis
900 4838 1066 4907 factus
1108 4847 1183 4891 est
1234 4836 1338 4889 illis
1385 4834 1564 4905 (Psal.
1602 4852 1788 4899 XLVIII,
1832 4837 1950 4907 15).
2000 4838 2149 4894 Sicut

593 4923 739 4977 enim
766 4923 970 4992 loquela
991 4927 1243 4995 prrecellit
1272 4926 1325 4979 in
1356 4940 1513 4979 carne
1539 4926 1747 4981 caeteris
1766 4926 2143 4991 animantibus,

596 5011 671 5063 ita
701 5018 753 5064 et
775 5010 948 5063 anima
978 5013 1183 5073 ratione
1202 5014 1313 5068 sola
1344 5014 1571 5069 nobilior
1595 5025 1676 5070 est
1701 5016 1798 5079 eis,
1822 5028 1940 5083 qua:
1962 5030 2145 5071 omnes

594 5102 838 5156 carnales
864 5102 1316 5173 concupiscentias
1344 5114 1397 5161 et
1433 5106 1596 5161 animi
1643 5115 1820 5161 motus
1858 5107 2010 5176 quasi
2050 5107 2145 5161 do-

599 5186 741 5239 mina
774 5197 828 5242 et
854 5190 1037 5259 regina
1065 5189 1129 5242 de
1168 5191 1376 5243 sublimi
1414 5192 1679 5262 aequitatis
1712 5194 1837 5248 sede
1883 5208 2067 5261 regere
2095 5202 2149 5245 et

602 5286 902 5347 temperare
934 5280 1111 5334 debet.

677 5388 741 5440 Χ.
796 5390 907 5450 Hoc
952 5391 1107 5446 modo
1151 5391 1325 5446 anima
1378 5392 1587 5448 deliniri
1630 5402 1805 5462 potest
1850 5394 1995 5462 juxta
2038 5408 2149 5446 sua!

607 5478 982 5541 proprietatem
1037 5490 1238 5535 naturte
1272 5483 1495 5536 :‘anima
1527 5498 1621 5534 seu
1667 5484 1875 5535 animus
1918 5493 2002 5536 est
2048 5483 2151 5548 διιὶσ

2232 3175 2355 3213 men
2406 3158 2517 3213 hmo
2542 3159 2614 3211 ita
2657 3157 2962 3212 dividentur
2986 3157 3040 3210 in
3072 3155 3388 3218 substantia,
3448 3156 3589 3209 sicut
3614 3156 3667 3208 in
3700 3169 3790 3208 no-

2232 3247 2493 3309 minibus;
2548 3239 2675 3321 quia
2708 3244 2821 3299 hac
2866 3245 3066 3309 omnia,
3124 3259 3229 3305 una
3256 3253 3340 3298 est
3374 3245 3571 3297 anima.
3636 3244 3784 3298 Inter

2235 3333 2478 3403 spiritum
2494 3340 2550 3395 et
2572 3334 2805 3387 animam
2826 3332 3087 3402 ejusmodi
3123 3340 3298 3403 potest
3324 3331 3620 3387 did’erentia
3640 3348 3782 3395 esse,

2235 3421 2375 3494 quod
2422 3424 2600 3482 omnis
2650 3420 2829 3474 anima
2858 3420 3083 3491 spiritus
3118 3427 3220 3483 est,
3267 3436 3373 3473 nun
3408 3429 3586 3474 tamen
3614 3419 3790 3472 omnis

2236 3510 2454 3578 spiritus
2500 3508 2697 3560 anima.
2728 3508 2833 3563 Sed
2876 3516 2932 3560 et
2961 3507 3151 3565 beatus
3172 3514 3445 3573 apostotut
3469 3504 3669 3561 Paulus
3698 3508 3794 3559 mi-

2238 3598 2472 3651 rabiliter
2495 3598 2751 3651 discernit
2778 3598 2921 3651 inter
2953 3600 3195 3667 spiritum
3224 3604 3280 3653 et
3304 3606 3540 3652 utentem
3564 3602 3787 3652 dicens:
3874 3620 3877 3621 ν

2238 3685 2469 3741 Psallam
2515 3690 2720 3757 spiritu,
2770 3688 2988 3758 psallam
3035 3699 3080 3741 et
3129 3702 3366 3758 ηιεηιομ
3395 3694 3653 3749 σωκ-ην.
3682 3689 3787 3757 15).

2238 3777 2437 3846 Spiritu
2461 3776 2661 3846 psallit,
2712 3777 2804 3846 qui
2830 3792 3007 3831 rerum
3044 3775 3343 3848 [obscuras]
3373 3778 3791 3847 signiﬁcationes

2236 3883 2344 3923 non
2366 3869 2686 3939 intelligens,
2740 3883 2832 3923 ore
2850 3867 3290 3938 profert;psallit
3316 3877 3517 3931 mente,
3560 3870 3650 3937 qui
3677 3885 3795 3925 eas-

2237 3942 2356 4009 dem
2393 3955 2810 4025 signiiicationes
2861 3956 3057 4009 mentis
3109 3954 3342 4009 eﬁicacia
3368 3954 3628 4025 intelligit.
3657 3954 3791 4010 Nam

2238 4044 2457 4113 spiritus
2500 4043 2987 4117 Nabuchodonosor
3032 4042 3173 4113 regis
3202 4042 3527 4105 informatus
3551 4052 3688 4108 erat,
3725 4052 3787 4097 ut

2238 4134 2441 4187 videret
2465 4129 2661 4196 futura,
2713 4133 2807 4187 sed
2834 4149 2941 4187 non
2997 4142 3117 4187 erat
3155 4147 3307 4187 mens
3360 4132 3679 4197 illuminata,
3732 4147 3791 4186 ut

2224 4223 2558 4292 intelligeret
2580 4237 2699 4290 qua:
2743 4222 2973 4276 videbat.
3024 4220 3565 4288 Accessitpropheta,
3608 4219 3792 4297 divino

2242 4311 2571 4369 illuuinatus
2598 4310 2812 4377 spiritu,
2862 4308 2951 4377 qui
2980 4317 3265 4376 utrumque
3291 4315 3348 4361 et
3370 4307 3629 4363 intellexit
3672 4322 3792 4376 qua:

2241 4412 2335 4450 rex
2355 4397 2586 4459 videbat,
2615 4404 2669 4449 et
2692 4396 2936 4467 exposuit
2960 4396 3087 4475 quid
3115 4394 3480 4466 signiﬁcarent
3511 4395 3671 4467 (Dan.
3704 4394 3786 4463 ιι),

2311 4506 2420 4560 XII.
2463 4506 2573 4561 Hoc
2605 4508 2782 4575 itaque
2802 4507 3004 4574 absque
3023 4506 3350 4568 dubitatione
3374 4505 3653 4560 sciendum
3681 4512 3788 4568 est.

2244 4598 2384 4665 quod
2429 4598 2621 4653 anima
2645 4596 2979 4664 pulchritudo
3027 4595 3191 4654 virtus
3236 4604 3341 4659 est,
3363 4602 3419 4654 et
3460 4593 3579 4661 eius
3616 4591 3793 4647 defore

2247 4686 2407 4738 mitas
2474 4684 2682 4737 vitium.
2745 4682 2799 4735 Si
2838 4683 2982 4734 enim
3031 4682 3115 4734 vel
3160 4682 3349 4745 Deum,
3399 4680 3484 4734 vel
3536 4680 3790 4749 seipsam,

2245 4774 2327 4827 vel
2356 4771 2595 4840 spiritale
2638 4772 2835 4839 aliquid
2885 4772 3224 4825 mnsiderare
3263 4770 3441 4839 gestit,
3502 4762 3696 4825 avertit
3733 4785 3793 4824 se
3852 4798 3857 4802 -

2243 4879 2275 4917 a
2308 4863 2552 4916 sensibus
2583 4863 2784 4924 carnis,
2838 4878 2906 4916 ne
2936 4861 3066 4931 ﬁant
3092 4860 3143 4912 ei
3190 4859 3592 4929 impedimento,
3630 4861 3795 4928 spiri-

2240 4953 2365 5005 talia
2413 4952 2645 5007 rimanti.
2685 4950 2835 5016 Sa‘pe
2861 4950 3021 5003 etiam
3065 4949 3119 5001 in
3169 4956 3375 5007 tantum
3426 4947 3672 5005 aﬂ‘eétata
3689 4948 3795 5012 erit

2244 5040 2478 5111 qualibet
2529 5038 2870 5107 cogitatione,
2920 5046 2996 5099 ut,
3039 5038 3280 5105 quamvis
3322 5046 3536 5113 apertos
3598 5036 3795 5090 habeat

2247 5132 2450 5192 oculos,
2494 5142 2613 5196 qua:
2659 5135 2851 5195 prasto
2876 5136 3019 5188 sunt,
3067 5140 3172 5185 non
3219 5128 3424 5189 videat;
3460 5138 3564 5179 nec
3600 5140 3793 5178 sonan-

2247 5230 2353 5272 tem
2386 5231 2573 5272 vocem
2602 5215 2873 5283 intelligat.
2909 5232 3005 5269 nec
3034 5224 3345 5284 tangentem
3370 5230 3566 5283 corpus
3591 5216 3789 5268 sentiat
3892 5262 3895 5265 .

2248 5305 2381 5375 [ΑΛ.
2436 5319 2540 5357 non
2575 5303 2723 5363 vidit,
2781 5314 2886 5357 non
2923 5304 3183 5371 intelligit,
3235 5317 3340 5355 non
3382 5302 3587 5375 sentit].
3628 5302 3787 5372 Regit

2248 5395 2389 5446 enim
2435 5406 2626 5458 corpus
2657 5407 2750 5457 per
2784 5406 3015 5459 quinque
3038 5406 3244 5444 sensus.
3270 5408 3384 5460 qum
3426 5393 3613 5451 horum
3657 5392 3789 5443 nihil

2251 5496 2351 5533 est.
2380 5480 2509 5532 Dum
2538 5481 2603 5532 de
2633 5495 2695 5532 ea
2720 5481 3032 5546 cogitamus,
3064 5480 3193 5531 nihil
3218 5495 3528 5548 corporeum
3550 5479 3788 5548 rogitare
