4286 6228
471 222 576 276 685

1368 211 1693 268 MORALIA.
1729 239 1799 248 —
1837 207 2038 294 LIBER
2076 205 2164 259 DE
2202 203 2438 287 At‘i'lfdxli
2484 201 2795 269 RATIONE.

3531 193 3704 246 -646

475 332 746 387 ili-bemus.
808 329 959 381 Sicut
983 326 1128 380 enim
1162 325 1304 378 Deus
1329 337 1544 378 omnem
1571 320 1918 392 [creaturam
1956 309 2035 371 sie
2070 321 2108 376 Α
2138 315 2282 370 ditia:
2327 325 2383 368 et
2427 314 2692 368 libertatis
2736 329 2765 366 a
2789 318 3030 382 peccato,
3062 318 3121 364 ut
3147 311 3385 365 omnium
3419 310 3470 363 iu
3501 319 3560 363 se
3588 325 3712 364 con-

475 422 650 476 nnima
683 419 840 488 150
867 414 1107 488 omnem]
1142 428 1453 483 corpoream
1499 419 1802 468 creaturam
1836 417 2041 468 natura:

476 512 733 581 dignitate
759 507 1031 578 praecellit.
1079 507 1209 575 Qua:
1237 507 1400 561 etiam
1432 520 1530 576 per
1551 504 1722 559 lucem
1754 513 1810 558 et
1837 516 2038 564 acrem,

475 617 597 671 qua:
648 599 776 656 suht
808 597 1192 653 excellentiora
1238 596 1422 651 mundi
1450 609 1699 664 corpora,
1730 607 1926 662 corpus
1955 591 2046 645 ad-
2077 608 2084 614 ’

477 690 750 748 ministrat
778 702 954 743 suum.
992 687 1244 742 Omnium
1280 701 1460 741 rerum
1495 685 1704 755 species
1729 684 1818 738 lux
1849 683 2045 737 anima:

479 780 789 843 annuntiat,
834 793 970 848 quas
1037 778 1153 848 ipsa
1207 778 1264 832 in
1317 790 1378 831 se
1444 783 1696 844 acceptas
1747 772 2044 844 speciﬁeat.

478 869 922 940 Speciﬁcata‘sque
977 867 1246 933 recondit;
1279 874 1477 921 etcum
1510 863 1827 932 aﬂlictiones
1853 858 2046 928 aliqum

479 959 689 1028 corpori
740 959 1014 1021 eveniunt,
1067 955 1356 1012 oﬂenditur
1391 956 1593 1018 anima,
1632 954 1760 1006 dum
1787 959 2050 1019 tempera-

479 1058 719 1105 mentum
757 1047 1008 1113 faciendi,
1041 1047 1183 1118 quod
1213 1046 1346 1111 vult,
1375 1046 1575 1109 deerit;
1606 1052 1662 1098 et
1685 1044 1797 1097 hzec
1821 1041 2047 1096 oilensio

479 1141 630 1195 dolor
655 1147 895 1194 vocatur.
931 1135 1195 1192 Sivautem
1226 1137 1279 1192 in
1317 1144 1523 1190 tantum
1557 1133 1838 1188 iraudatur
1885 1142 2053 1185 mem-

480 1229 700 1286 brorum
747 1227 1166 1291 ministratione,
1201 1235 1263 1281 ut
1296 1241 1402 1280 non
1429 1220 1646 1288 habeat,
1687 1222 1833 1301 quid
1867 1235 2054 1290 opere-

482 1327 572 1373 tur
604 1320 656 1372 in
683 1320 784 1384 eis,
827 1317 1050 1381 recedit,
1083 1317 1236 1386 quasi
1261 1315 1536 1385 indignata
1567 1311 1887 1367 habitationi
1918 1325 2048 1364 suae.

481 1409 618 1477 Quid
664 1411 737 1464 sit
779 1409 978 1472 anima,
1025 1406 1098 1461 nil
1144 1405 1335 1460 melius
1384 1404 1622 1459 occurrit
1659 1402 1840 1456 dicere
1889 1415 2052 1470 quam

483 1499 704 1568 spiritus
761 1498 913 1560 vitm;
949 1495 1043 1550 sed
1090 1511 1198 1549 non
1223 1495 1338 1566 ejus
1385 1493 1505 1548 vita:
1529 1507 1648 1561 qua:
1675 1491 1728 1545 in
1764 1489 2053 1564 pecoribus

481 1596 586 1652 εει,
652 1587 768 1642 sine
825 1585 1072 1640 rationali
1131 1593 1308 1638 mento
1336 1602 1349 1636 :
1378 1583 1471 1638 sed
1504 1582 1612 1635 vita
1664 1596 1808 1635 nunc
1855 1580 2050 1642 minor,

2144 407 2426 460 ﬁdentium
2475 419 2694 468 carnes,
2743 404 2920 459 divina
2981 405 3035 464 in
3093 417 3156 458 ea
3209 410 3468 473 operante
3516 403 3708 472 gratia.

2143 497 2358 566 purgari
2394 505 2449 550 et
2473 495 2690 550 liberari
2719 496 2929 564 possint
2955 495 3086 566 [.4l.,
3130 493 3398 565 possunt].
3425 493 3560 561 Quia
3589 508 3712 548 san-

2142 586 2260 656 guis
2310 585 2399 655 qui
2430 586 2496 638 de
2519 585 2707 639 eadem
2738 599 2924 647 carne,
2960 584 3144 638 lancea
3189 583 3374 638 militis
3412 583 3713 646 vulnerata,

2145 672 2392 737 ﬂuxerat,
2440 673 2670 742 pretium
2720 681 2804 727 est
2852 672 3042 727 salutis
3088 672 3352 736 humanm,
3411 685 3511 741 per
3563 667 3718 741 cuius

2143 762 2458 820 ell'usioaem
2484 765 2752 824 exstincta
2797 772 2882 817 est
2934 762 3180 817 ﬂammea
3219 762 3308 815 illa
3351 761 3583 833 paradisi
3619 777 3714 817 cu—

2147 854 2340 919 stodia,
2397 863 2450 909 et
2479 855 2562 908 via
2597 853 2839 911 fidelibus
2891 861 3076 923 aperta
3109 861 3196 908 est
3237 854 3303 908 ad
3335 853 3536 925 lignum
3571 853 3715 918 vitae,

2149 946 2288 1013 quod
2317 945 2617 1014 plantatum
2667 953 2752 999 est
2775 959 2931 999 secus
2962 945 3222 998 decursus
3256 957 3516 1013 aquarum
3539 943 3726 997 viven-

2153 1035 2286 1088 tium
2312 1034 2482 1104 (Psal.
2529 1051 2568 1097 ι,
2593 1034 2668 1104 5).
2725 1033 2888 1104 Cujus
2927 1033 3056 1104 ligni
3106 1035 3539 1104 sapientissimus
3571 1033 3724 1088 Salo-

2152 1142 2298 1190 mon,
2349 1127 2472 1181 (ium
2516 1127 2582 1181 de
2612 1126 2767 1180 laude
2799 1125 3074 1194 sapientia:
3133 1125 3298 1179 multa
3351 1126 3598 1190 dixisset,
3638 1141 3725 1180 rc-

2153 1217 2409 1270 cordatus
2447 1224 2551 1281 est,
2601 1217 2673 1269 ita
2695 1216 2878 1270 dicens
2906 1234 2917 1268 :
2945 1214 3136 1268 Beatus
3170 1217 3346 1281 homo,
3397 1218 3486 1287 qui
3533 1217 3746 1292 ineeuit‘

2151 1309 2486 1376 sapientiam,
2529 1319 2576 1362 et
2597 1311 2685 1378 qui
2712 1308 2870 1379 omni!
2901 1307 3198 1377 prudentia.
3248 1309 3316 1362 Et
3360 1308 3518 1378 paulo
3555 1319 3676 1377 post
3710 1325 3723 1360 :

2164 1399 2275 1454 Via:
2311 1400 2425 1469 ejus
2456 1401 2552 1454 vim
2584 1398 2840 1469 pulchrar,
2895 1408 2944 1452 et
2962 1415 3138 1452 omnes
3183 1401 3380 1452 semita:
3437 1399 3551 1468 ejus
3576 1399 3722 1468 paci-

2154 1490 2289 1558 ﬁcw.
2329 1489 2551 1559 Lignum
2586 1489 2705 1542 vitae
2737 1495 2813 1540 est
2863 1487 2946 1539 his
2993 1487 3082 1556 qui
3130 1484 3560 1555 apprehenderint
3589 1497 3727 1547 eam.

2155 1583 2318 1653 etqui
2343 1583 2562 1636 temterit
2583 1597 2726 1644 eam,
2751 1580 2927 1633 beatus
2979 1577 3163 1648 (Prov.
3204 1592 3290 1642 tu,
3335 1576 3421 1652 l3,
3465 1575 3576 1642 Π).

484 1691 647 1746 quam
683 1674 1013 1746 angelorum,
1040 1683 1095 1727 et
1120 1660 1297 1730 fuutra
1317 1671 1528 1741 quidem
1554 1669 1885 1742 angelorum,
1919 1669 1964 1722 si
1987 1682 2053 1729 ex
2089 1673 2130 1732 Β
2230 1671 2366 1725 XIV.
2430 1670 2686 1724 Humana:
2731 1683 2858 1724 vero
2906 1669 3098 1722 anima:
3145 1665 3488 1736 pulchritudo
3534 1673 3627 1719 est
3676 1674 3734 1719 et

483 1772 753 1834 praecepto
785 1763 868 1818 sui
903 1761 1176 1817 Creatoris
1210 1762 1298 1816 hic
1325 1759 1536 1814 vixerit.

438 1841 440 1846 λ
555 1855 690 1909 XIII.
715 1853 876 1924 Origo
901 1869 1032 1908 vero
1072 1853 1375 1922 animarum
1425 1852 1566 1906 unde
1617 1851 1711 1916 sit,
1760 1849 1926 1905 solius
1955 1847 2053 1903 Dei

486 1946 776 2016 cognitioni
835 1944 1245 2014 relinquendum
1279 1950 1380 1998 est.
1436 1942 1606 2008 Quam
1641 1941 1807 1995 multa
1859 1939 2056 1994 exinde

485 2033 784 2105 philosophi
843 2048 980 2088 vana
1020 2032 1310 2095 ﬁnxerunt,
1361 2039 1416 2084 et
1456 2030 1716 2100 plurimas
1763 2027 2056 2083 Christiani

394 2167 397 2169 ›
488 2127 735 2185 doctores
779 2125 1063 2195 opiniones
1105 2122 1228 2177 inde
1286 2129 1604 2192 posuerunt,
1668 2129 1726 2175 et
1758 2119 1890 2178 nihil
1923 2133 2058 2187 pene

488 2227 695 2274 certum
725 2216 1077 2285 reliquerunt.
1112 2213 1252 2284 Ergo
1272 2221 1328 2266 et
1361 2197 1566 2266 beatus
1584 2210 1914 2281 Augustinus
1942 2220 1969 2248 ι
1993 2209 2059 2263 de

490 2306 695 2376 origine
727 2304 919 2358 anima:
967 2304 1124 2358 beato
1165 2301 1492 2373 Hieronymo
1540 2301 1755 2371 scripsit
1782 2308 1840 2354 et
1887 2299 2057 2363 misit,

492 2393 675 2448 volens
694 2392 832 2445 scire
856 2390 984 2459 quid
1019 2389 1309 2444 aﬁirmarct
1333 2398 1515 2444 tantus
1547 2390 1736 2445 doctor
1761 2390 1827 2444 de
1853 2389 2063 2460 Origine

492 2482 702 2538 animae.
744 2479 802 2534 Si
824 2479 911 2536 ille
963 2479 1098 2534 liber
1145 2479 1419 2534 vobiscum
1473 2479 1799 2542 inveniatur,
1855 2479 1970 2550 lege
2009 2486 2064 2533 et

496 2571 753 2640 iutellige,
807 2568 933 2639 quid
972 2568 1059 2623 ille
1111 2569 1456 2623 acutissimus
1519 2584 1700 2624 rerum
1738 2569 2064 2629 naturalium

495 2659 781 2729 inquisitor
805 2660 871 2713 de
906 2659 1110 2729 origine
1135 2659 1330 2713 dixerit
1349 2659 1561 2714 anima).
1613 2657 1854 2725 Quatuor
1899 2673 2065 2727 quas-

494 2751 617 2804 dam
651 2752 703 2804 in
734 2766 798 2804 ea
824 2749 1189 2817 diSputatione
1233 2749 1413 2822 posuit
1463 2736 1769 2819 opiniones,
1813 2755 1875 2800 ut
1918 2747 2064 2801 arbi-

443 2844 448 2849 ’
497 2849 629 2906 tror,
665 2841 750 2895 cui
794 2839 984 2893 beatus
1018 2832 1376 2908 Hieronymus
1409 2853 1512 2891 una
1559 2836 1876 2892 brevissima
1927 2835 2063 2907 [Al.,

495 2928 858 3002 parvissima],
916 2928 1010 2982 sed
1066 2927 1375 2982 acutissima
1427 2941 1537 3002 res;
1589 2926 1706 2980 adit
1772 2925 1995 3002 epistola
2049 2944 2061 2978 :

2158 1760 2343 1822 decus,
2398 1759 2678 1828 sapientiae
2705 1759 2958 1823 studium,
2999 1773 3106 1812 non
3137 1755 3226 1810 illa
3267 1771 3386 1824 qua:
3419 1756 3474 1809 in
3501 1757 3732 1810 terrenis

2155 1850 2293 1905 solet
2338 1851 2591 1918 occupari
2640 1850 2890 1920 negotiis,
2946 1849 3040 1904 sed
3074 1846 3165 1903 illa
3224 1847 3394 1918 magis
3451 1862 3556 1916 qua
3593 1846 3735 1901 Deus

2155 1941 2350 1996 colitur
2394 1949 2450 1995 et
2495 1947 2727 1994 amatur.
2783 1939 2880 1994 Cui
2919 1941 3144 2010 teipsam
3174 1939 3412 2000 studeas,
3451 1937 3612 2009 Virgo
3636 1953 3734 1994 no-

2158 2031 2437 2096 bilissima,
2467 2039 2578 2087 tota
2637 2032 2833 2086 mentis
2873 2032 3172 2086 intentione
3232 2028 3566 2100 mancipare;
3608 2029 3734 2099 quia

2159 2124 2212 2175 in
2258 2122 2357 2176 liae
2406 2129 2489 2176 εει
2530 2121 2638 2176 vita
2692 2123 2836 2176 omni
2877 2115 3263 2190 tranquillitate
3301 2120 3636 2184 beatissima,
3678 2120 3736 2176 in

2131 2215 2261 2289 .hac
2287 2223 2372 2269 est
2393 2213 2532 2268 illius
2567 2229 2789 2268 summa;
2837 2213 3116 2267 Trinitatis
3155 2212 3332 2282 imago
3360 2211 3588 2265 feliciter
3617 2225 3737 2280 per-

2161 2303 2320 2358 fecta.
2356 2303 2452 2356 llic
2473 2311 2557 2357 est
2611 2303 2896 2357 thesaurus
2953 2302 3338 2365 desiderabilis,
3396 2302 3485 2370 qui
3533 2301 3741 2370 requie-

2163 2393 2266 2446 scit
2319 2393 2373 2446 in
2427 2407 2522 2448 ore
2585 2392 2887 2462 prudentis.
2936 2401 2990 2446 et
3040 2391 3278 2446 abundat
3329 2394 3380 2446 in
3437 2391 3600 2445 corde
3642 2405 3733 2442 sa-
3826 2431 3829 2433 μ

2163 2485 2378 2553 pientis.
2431 2484 2555 2538 Ilaec
2591 2485 2645 2537 in
2712 2482 3011 2554 Virgiliacis
3066 2498 3174 2538 non
3225 2482 3530 2536 invenietur
3589 2495 3739 2534 men-

2165 2574 2352 2637 daciis,
2396 2575 2487 2628 sed
2526 2576 2578 2628 in
2614 2571 2933 2643 evangelica
2985 2573 3268 2628 allluenter
3314 2574 3616 2642 reperietur
3648 2589 3737 2624 ve-

2164 2665 2342 2720 ritate.
2397 2663 2472 2717 Pc
2503 2679 2628 2717 vera
2686 2663 2890 2718 scilicet
2919 2664 3224 2736 sapientia
3263 2664 3462 2719 dicitur
3493 2683 3512 2717 ~:
3554 2664 3739 2719 Omnis

2165 2753 2422 2822 sapientia
2448 2770 2480 2805 a
2522 2751 2743 2806 Domino
2763 2752 2868 2806 Deo
2915 2762 2988 2806 est
3046 2751 3237 2824 (Eccli.
3276 2752 3415 2824 1,1).
3469 2754 3737 2825 Quidquid

2166 2845 2312 2898 enim
2347 2853 2491 2898 recte
2541 2859 2636 2913 per
2678 2845 3003 2912 sapientiam
3058 2844 3374 2917 intelligitur
3411 2853 3464 2899 et
3508 2856 3740 2907 amatur,

2168 2933 2278 2988 Dci‘
2331 2933 2526 2988 donum
2583 2944 2685 2989 est.
2754 2934 2986 2990 Proinde
3039 2935 3237 2999 omnis,
3295 2935 3406 3003 qui,
3447 2935 3742 2988 secundum

494 3036 658 3090 quem
686 3019 919 3073 libellum
964 3020 1017 3073 in
1043 3018 1217 3089 patria
1246 3016 1494 3086 legimus,
1530 3015 1626 3071 sed
1652 3017 1741 3070 hic
1778 3016 2061 3071 nobiscum

2170 3027 2341 3082 Deum
2391 3027 2609 3096 sapiens
2632 3036 2740 3091 est,
2799 3027 2990 3081 beatus
3037 3034 3140 3083 est.
3204 3025 3359 3080 Unde
3418 3025 3471 3080 in
3507 3024 3608 3080 Job
3659 3027 3742 3080 di-

496 3126 604 3167 non
625 3110 932 3180 reperitur;
989 3124 1090 3163 nec
1131 3107 1296 3162 etiam
1326 3107 1548 3178 epistola
1604 3106 1974 3176 τυεμοηείοηίδ
2002 3105 2070 3159 ad
2170 3117 2312 3172 citur
2342 3135 2354 3169 :
2385 3115 2655 3185 Sapientia
2689 3115 2914 3168 hominis
2947 3124 3022 3167 est
3048 3104 3234 3184 pietas,
3294 3113 3528 3168 reredere
3572 3123 3746 3168 autent

494 3217 638 3259 cum.
701 3202 854 3257 Fecit
896 3215 1107 3271 quoque
1151 3199 1292 3275 idem
1343 3199 1550 3263 doctor,
1583 3205 1645 3252 ut
1673 3200 1727 3252 in
1765 3198 1915 3251 libris
1971 3197 2072 3253 Re-
2171 3221 2203 3257 a
2233 3205 2368 3257 malo
2394 3205 2609 3257 scientia
2647 3203 2788 3274 (Job.
2821 3219 3012 3268 xxvm,
3055 3203 3147 3276 28)
3175 3218 3190 3256 :
3223 3218 3332 3258 uno
3373 3219 3504 3259 vero
3529 3205 3747 3259 nomine

500 3294 882 3350 tractationum
932 3291 1046 3359 ejus
1081 3291 1293 3360 legitur,
1352 3289 1458 3342 alia
1499 3290 1564 3342 de
1611 3289 1821 3345 ratione
1860 3286 2070 3340 'animre

499 3382 774 3453 opuscula,
804 3381 855 3436 id
889 3388 994 3449 est,
1019 3380 1084 3433 de
1115 3378 1416 3444 Quantitate
1439 3378 1628 3430 anima:
1653 3376 1841 3428 librum
1871 3391 2067 3440 unum;

499 3473 566 3527 de
603 3468 1002 3525 Immortalilate
1031 3468 1219 3522 anime
1257 3467 1347 3519 lib.
1371 3481 1564 3533 unum;
1588 3465 1652 3518 de
1679 3464 1896 3518 Duabus
1935 3465 2066 3518 Ani-

503 3563 682 3617 mabus
728 3560 918 3614 librum
961 3575 1155 3622 unum;
1202 3556 1266 3612 de
1328 3555 1733 3612 [mortalitate
1766 3556 1977 3622 animm,
2022 3565 2069 3610 et

503 3651 617 3720 ejus
639 3651 838 3721 origine
857 3647 1017 3702 libros
1039 3646 1286 3717 qualiter,
1314 3645 1405 3716 qui
1451 3644 1682 3699 necdum
1716 3645 1920 3698 inventi
1945 3651 2073 3698 sunt

505 3757 535 3794 a
578 3741 751 3796 nobis.
800 3737 856 3793 Si
894 3737 1098 3793 fortein
1135 3737 1369 3792 armario
1405 3735 1666 3805 imperiali
1704 3736 2070 3799 inveniantur,

507 3830 750 3899 quaerite,
797 3827 979 3898 legite,
1035 3835 1091 3880 et
1146 3825 1521 3883 communione
1581 3823 1862 3877 charitatis
1917 3822 2073 3876 nobis

510 3920 722 3990 dirigite
775 3919 841 3972 ad
871 3918 1144 3987 legendos.
1199 3915 1258 3968 In
1309 3915 1414 3968 hoc
1435 3915 1578 3968 enim
1636 3928 1825 3968 omnes
1850 3926 2052 3967 eonsen

511 4009 648 4063 tiunt
694 4003 942 4062 catholici
991 4005 1302 4072 scriptores,
1352 4003 1494 4072 quod
1539 4002 1716 4058 anima
1755 4017 1794 4055 Ia
1847 4001 1960 4056 Deo
2003 4001 2075 4055 sit

510 4096 753 4159 condita;
808 4109 907 4148 nec
938 4102 1146 4163 partem
1190 4108 1310 4147 eam
1374 4105 1494 4147 esse
1538 4090 1633 4146 Dei
1657 4101 1885 4157 naturae,
1948 4094 2072 4161 quia

510 4188 556 4241 si
585 4201 650 4241 ex
679 4185 772 4239 Dei
802 4193 947 4240 esset
975 4192 1169 4238 natura
1203 4189 1497 4250 assumpta,
1547 4195 1774 4251 peccare
1803 4197 1911 4236 non
1957 4198 2055 4252 pos

511 4288 613 4332 set.
664 4276 775 4330 Nec
818 4279 937 4330 eam
986 4289 1181 4344 corpus
1213 4288 1335 4330 esse
1386 4272 1648 4344 palpabile
1697 4272 1781 4327 vel
1827 4272 2072 4328 visibile:

2168 3294 2403 3363 pietatis,
2453 3293 2656 3348 cultum
2693 3294 2857 3348 totius
2897 3294 3092 3349 divina:
3142 3293 3419 3365 religionis
3465 3295 3749 3365 designare

2170 3382 2376 3437 volens.
2430 3381 2566 3448 Quid
2624 3383 2834 3437 beatius
2883 3383 3210 3448 estanimte,
3260 3397 3420 3454 quam
3478 3371 3745 3436 summum

2175 3470 2328 3540 151
2363 3471 2584 3545 diligere
2635 3472 2854 3536 bonum,
2909 3473 3052 3540 quod
3079 3470 3220 3524 Deus
3251 3472 3377 3525 est?
3441 3471 3579 3537 Quid
3636 3470 3748 3525 feli-

2170 3559 2310 3622 cius,
2358 3574 2519 3628 quam
2565 3573 2623 3612 se
2668 3559 2886 3627 dignum
2937 3557 3070 3627 [ΛΙ.,
3121 3572 3180 3611 se
3234 3557 3476 3628 dignam]
3539 3554 3742 3613 aeterna

2171 3661 2477 3716 prrcparare
2537 3645 2888 3712 beatitudine,
2938 3648 3063 3701 dum
3114 3648 3474 3704 immortalem
3523 3665 3582 3704 se
3626 3666 3748 3704 esse

2173 3735 2453 3789 verissime
2482 3735 2670 3790 novit?
2710 3732 2819 3790 Nec
2845 3737 3080 3792 mstimes
3113 3737 3206 3794 tibi
3239 3747 3445 3794 tantum
3481 3740 3746 3810 suiﬁecre,

2176 3841 2338 3880 nosse
2382 3826 2510 3895 quid
2583 3823 2762 3882 facere
2801 3829 3017 3893 debeas,
3057 3830 3160 3884 nisi
3213 3833 3378 3886 etiam
3439 3849 3604 3902 opere
3649 3837 3748 3890 im-

2173 3915 2320 3983 pleas
2367 3931 2486 3984 quae
2531 3917 2690 3971 nosti.
2729 3916 2902 3985 Quam
2937 3918 3159 3988 plurimi
3192 3935 3249 3974 se
3294 3923 3562 3990 sapientes
3603 3927 3744 3980 ωειί-

2176 4011 2345 4066 mant,
2389 4009 2471 4057 ct'
2497 4005 2637 4058 viam
2678 4019 2736 4060 se
2778 4007 3024 4061 veritatis
3066 4022 3229 4060 nosse
3275 4007 3598 4075 gloriantur,
3653 4011 3748 4066 sed

2177 4107 2512 4161 nequaquam
2533 4107 2660 4147 vere
2681 4101 2805 4148 sunt
2829 4095 3124 4163 sapientes,
3147 4097 3239 4166 qui
3269 4111 3374 4150 non
3403 4098 3606 4152 habent
3637 4079 3748 4155 τότ.

2178 4182 2460 4256 titudinem
2484 4182 2648 4236 animi
2668 4183 2733 4235 ad
2757 4183 3145 4252 proﬁciendum
3170 4170 3746 4263 [ALHperﬁciendum]

2179 4284 2361 4338 opere,
2388 4267 2529 4337 quad
2557 4269 2792 4338 sapiunt.
2819 4270 2966 4348 Ergo.
2987 4287 3114 4327 vera
3151 4282 3234 4329 est
3273 4274 3557 4345 sapientia,
3590 4293 3749 4333 nosse

511 4381 611 4421 nec
637 4367 773 4420 mori
795 4381 913 4420 eam
935 4381 1114 4435 posse,
1140 4367 1212 4420 ita
1242 4373 1302 4419 ut
1327 4381 1434 4420 non
1477 4365 1577 4430 sit;
1613 4380 1714 4420 nec
1732 4380 1763 4419 a
1789 4373 1940 4419 reatu
1968 4365 2078 4434 pri-
2106 4337 2155 4396 θ
2181 4337 2298 4426 quas
2311 4358 2528 4422 debeas,
2544 4365 2599 4413 et
2612 4337 2737 4413 uota
2753 4337 3033 4429 perﬁcere.
3050 4361 3282 4417 Proinde
3305 4337 3502 4418 nullam
3520 4337 3750 4436 quatuor

514 4474 616 4514 mae
668 4457 1127 4527 pnevarirationis
1177 4457 1390 4510 liberari
1437 4471 1624 4538 posse,
1665 4457 1768 4512 nisi
1806 4471 1902 4526 per
1951 4472 2074 4527 gra-

517 4550 646 4604 tiam
693 4556 748 4602 et
799 4546 1112 4616 mysterium
1143 4591 1150 4597 .
1181 4545 1490 4600 mediatoris
1538 4546 1741 4600 Deiet
1799 4546 2073 4602 hominum

514 4637 724 4694 Domini
754 4636 924 4711 nostri
969 4633 1094 4689 Jesu
1131 4633 1485 4702 Christi,’qui
1527 4634 1748 4705 plenam
1779 4636 2077 4690 humanita—

517 4732 586 4787 tis
633 4740 829 4786 nostra:
860 4738 1129 4788 naturam,
1159 4726 1359 4794 absque
1394 4725 1540 4779 omni
1579 4734 1822 4793 peccato,
1872 4726 1926 4780 in
1963 4741 2076 4780 suae

516 4818 811 4875 divinitatis
855 4818 1148 4886 assumpsit
1200 4829 1482 4885 personam
1513 4831 1525 4866 :
1557 4813 1682 4881 quia
1732 4822 1878 4868 totus
1912 4814 2076 4868 homo

517 4905 783 4980 peccavit,
823 4913 879 4958 et
905 4913 1046 4959 totus
1068 4905 1229 4959 homo
1272 4902 1575 4958 liberandus
1608 4909 1749 4967 erat,
1778 4903 2074 4957 secundum

521 4992 976 5064 dispensationem
1021 5000 1235 5046 aeternae
1287 4993 1500 5062 pietatis
1530 4992 1582 5045 in
1620 4991 1749 5046 Deo.
1789 4992 1956 5047 Totus
1987 4994 2080 5049 ho—

519 5097 609 5138 mo
649 5080 1005 5137 assumendus
1038 5090 1176 5143 erat,
1212 5082 1265 5135 id
1283 5092 1386 5146 est,
1438 5083 1622 5137 anima.
1639 5090 1694 5136 et
1734 5097 1881 5148 caro,
1925 5087 2080 5152 cujus

510 5175 721 5237 anima,
757 5173 811 5229 id
851 5181 956 5236 est,
1011 5171 1380 5240 Redemptoris
1409 5175 1602 5239 nostri,
1638 5181 1799 5228 tanta:
1823 5175 2081 5228 sanctita-

524 5264 594 5320 tis
631 5273 688 5321 et
712 5262 1110 5335 justiﬁcationis
1163 5270 1266 5326 est,
1322 5272 1381 5316 ut
1418 5280 1606 5320 oniues
1629 5267 1643 5282 “
1660 5267 1714 5320 in
1762 5280 1821 5320 se
1854 5265 2081 5320 creden-

526 5355 658 5409 tium
704 5355 896 5409 animte
935 5369 1032 5423 per
1053 5369 1174 5408 eum
1203 5352 1336 5424 [Al.,
1368 5370 1465 5424 per
1509 5355 1652 5428 eam]
1678 5355 2005 5412 sanctiﬁcari
2028 5366 2084 5412 et

525 5442 800 5514 iustiﬁcari
821 5447 1030 5513 possint
1057 5445 1186 5516 [Al.,
1219 5446 1465 5516 queant],
1501 5456 1558 5502 et
1579 5459 1706 5502 caro
1742 5454 1902 5500 tanta:
1928 5461 2083 5500 mun-

2181 4449 2374 4503 animte
2397 4449 2678 4516 virtutum,
2729 4449 2794 4504 de
2814 4450 3008 4520 quibus
3033 4464 3193 4523 supra
3225 4454 3480 4519 diximus,
3512 4436 3769 4528 perfecte

2181 4542 2342 4596 habet
2369 4544 2568 4607 anima,
2603 4543 2648 4597 si
2686 4551 2828 4599 totas
2883 4561 2989 4600 non
3038 4547 3220 4613 habet,
3251 4550 3377 4619 quia
3426 4534 3539 4607 haec
3565 4553 3745 4608 omnia

2181 4636 2248 4690 ad
2271 4653 2434 4690 unum
2461 4637 2743 4693 eharitatis
2784 4638 3066 4695 intendunt
3101 4649 3448 4711 praeceptum,
3490 4659 3610 4712 quae
3633 4647 3739 4707 solr

2183 4727 2236 4780 in
2285 4727 2561 4782 catholica:
2588 4727 2709 4783 ﬁdei
2760 4730 3010 4794 veritate,
3040 4731 3253 4800 dignam
3276 4730 3471 4786 eilicict
3509 4734 3744 4790 animam

2177 4817 2512 4873 habitatione
2563 4827 2762 4873 sancta:
2829 4819 3130 4884 Trinitatis,
3176 4821 3243 4873 ad
3268 4834 3419 4888 cujus
3458 4822 3744 4892 imaginem

2179 4907 2450 4962 conditam
2476 4923 2595 4964 esse
2623 4909 2869 4977 superius
2897 4909 3253 4971 ostendimus,
3279 4910 3344 4964 de
3364 4907 3518 4982 cujus
3540 4914 3745 4967 ratione

2180 5005 2232 5050 et
2270 5005 2480 5061 natura,
2540 4997 2678 5051 sicut
2729 4995 3004 5065 ﬂagitasti,
3058 4996 3172 5051 haec
3216 5013 3385 5067 pauca
3422 5003 3742 5070 perstrinxi:

2183 5103 2322 5149 mus.
2392 5095 2550 5157 prout
2569 5085 2870 5156 epistolaris
2915 5087 3160 5154 angusﬁa
3205 5093 3491 5146 concessit.
3531 5091 3745 5146 Mirum-

2183 5194 2286 5247 que
2311 5176 2700 5246 quodammodo
2730 5190 2760 5228 a
2783 5174 3117 5232 scholasticis
3150 5178 3319 5234 videri
3351 5181 3561 5250 poterit,
3605 5195 3742 5250 quo-

2181 5267 2340 5321 modo
2368 5265 2441 5319 te
2466 5265 2585 5333 plus
2630 5263 2759 5317 mihi
2796 5264 3066 5335 cognitam
3099 5281 3218 5322 esse
3241 5275 3430 5337 putare
3461 5265 3742 5333 voluisses,

2181 5368 2340 5424 quam
2368 5351 2463 5406 tibi
2494 5351 2612 5421 ipsi.
2671 5350 2820 5406 Unde
2880 5354 3015 5408 vivis
3041 5354 3122 5410 vel
3166 5354 3370 5408 ratione
3411 5344 3581 5425 viges,
3638 5358 3741 5411 nisi

2181 5445 2238 5500 in
2292 5443 2482 5496 animae
2533 5441 2864 5497 substantia?
2926 5445 3051 5506 dum
3085 5453 3136 5498 te
3173 5457 3394 5511 perraro
3430 5444 3600 5503 oculis
3637 5448 3745 5502 vidi

596 5557 622 5585 ι
677 5548 859 5605 Sancti
894 5551 1172 5619 Augustini
1193 5553 1506 5606 sententiam
1535 5554 1601 5610 de
1629 5555 1834 5626 origine
1882 5553 2076 5612 animte
2111 5554 2346 5625 reperies
2374 5554 2426 5608 in
2454 5551 2568 5622 ejus
2590 5553 2750 5622 epist.
2776 5553 2893 5607 I66.
