4262 6280
412 407 521 466 αθ

1217 402 1541 462 HORALIA.
1581 432 1652 445 —
1686 401 1778 459 DE
1820 400 2285 459 CONFESSIONE
2327 399 2810 478 PECCATORUM.

3624 20 3633 21 ,
3748 16 3753 17 κ
3914 18 3917 19 ν
3989 14 4063 26 _-.

3819 25 4063 73 mm

3552 405 3655 461 650

488 523 602 580 Hoc
629 536 848 579 carmen
889 516 983 577 tibi
1029 516 1201 576 cecini
1245 518 1457 575 senario
1500 513 1725 572 numero
1761 510 1938 570 nobile
1965 555 1980 579 ,
2007 515 2064 576 Α
2156 512 2236 566 Tu
2262 509 2631 565 misericordia
2659 524 2802 574 mea,
2831 507 3090 562 miserere
3121 507 3273 563 mihi.

418 613 513 685 qui
548 608 803 668 numerus
832 608 1259 680 perfectissimus
1287 607 1395 679 [AL
1421 646 1436 671 ,
1465 602 1758 676 perfectus]
1801 610 1885 657 est
1926 604 1984 657 in

376 695 378 699 ’
419 703 532 758 suis
561 699 824 772 partibus,
854 706 905 753 te
931 706 1123 768 optans
1163 711 1283 752 esse
1315 690 1609 767 perfectam
1652 695 1707 749 in
1737 693 1986 748 sensibus

421 789 550 849 tuis.
581 789 744 860 Cujus
771 789 981 846 numeri
1009 791 1306 854 rationem,
1337 788 1479 843 sicut
1507 797 1564 841 et
1597 785 1824 865 aliorum
1847 823 1863 849 ,
1896 798 1986 838 sa-

421 880 792 954 pientissimus
804 879 1096 949 imperator
1109 886 1214 932 tuae
1224 875 1477 949 perfacile
1501 868 1786 934 ostendere
1814 868 1992 952 potest

423 972 733 1043 sagacitati;
768 968 923 1038 cuius
946 970 1144 1025 mentis
1171 969 1417 1024 miranda
1444 975 1531 1023 est
1560 965 1833 1030 nobilitas,
1864 965 1991 1018 dum

424 1062 566 1118 inter
621 1068 800 1115 tantas
843 1057 1028 1130 palatii
1080 1074 1240 1116 curas
1292 1067 1349 1116 et
1404 1058 1558 1130 regni
1604 1054 1990 1126 occupationes

425 1152 863 1224 philosophorum
895 1150 1124 1221 pleniter
1148 1166 1351 1207 arcana
1378 1149 1588 1205 curavit
1613 1148 1756 1204 scire
1783 1155 1992 1217 myste-

422 1245 529 1310 ria,
558 1243 701 1314 quod
729 1245 818 1297 vix
844 1243 958 1314 otio
986 1249 1207 1312 torpens
1253 1237 1388 1297 alius
1431 1241 1551 1311 quis
1600 1240 1757 1295 modo
1798 1253 1995 1309 cogno-

425 1344 578 1388 scere
622 1331 817 1387 studet.
855 1329 965 1385 Nec
1012 1330 1108 1385 tibi
1145 1346 1175 1384 a
1213 1330 1368 1384 nobis
1405 1343 1630 1384 necesse
1676 1334 1760 1382 est
1798 1340 1994 1381 causas

418 1437 665 1495 quarere
693 1437 893 1486 rerum,
916 1420 1001 1475 vel
1021 1422 1261 1475 rationes
1285 1420 1524 1490 physica:
1549 1418 1791 1474 occultas
1816 1417 1995 1472 scien-

431 1514 516 1568 tia:
539 1553 560 1579 ,
583 1512 711 1567 dum
741 1511 882 1568 illius
910 1510 1210 1565 clarissima
1244 1509 1482 1580 quotidie
1511 1509 1678 1563 uteris
1708 1507 1993 1578 sapientia,

428 1619 492 1660 ac
516 1605 880 1660 venerandam
907 1605 1138 1660 intueris
1165 1604 1376 1659 faciem.
1409 1602 1519 1658 Nec
1539 1603 1636 1656 tibi
1661 1602 1821 1671 longo
1843 1599 1996 1654 labo-

425 1695 677 1762 riosoque
703 1695 892 1748 itinere
920 1694 986 1748 de
1011 1692 1285 1761 Ethiopia
1314 1690 1683 1760 Hierosolyma
1726 1689 1999 1744 visitanda

425 1791 532 1848 est,
571 1791 631 1838 ut
668 1784 851 1838 videas
902 1782 1242 1840 Salomonem
1289 1783 1354 1838 de
1407 1796 1588 1836 rerum
1632 1781 1998 1850 disputantem

2156 592 2427 665 Miserere,
2460 599 2708 664 Domine,
2737 598 3016 665 miserere,
3048 597 3263 654 Christe
3289 639 3304 662 ,
3344 607 3402 654 ut
3445 604 3662 658 credam

2088 691 2142 746 in
2176 700 2249 746 te.

2159 778 2436 844 Miserere,
2478 776 2704 832 Domine
2728 817 2742 841 ,
2781 777 3062 845 miserere,
3090 777 3304 836 Christe
3331 823 3346 847 ,
3383 791 3445 836 ut
3464 798 3661 856 cogno-

2088 884 2238 925 scam
2268 878 2342 923 te.

2159 959 2437 1023 Miserere,
2452 956 2696 1020 Domine,
2727 956 3004 1020 miserere,
3021 955 3256 1022 Christe,
3282 965 3341 1012 ut
3353 960 3566 1030 diligam
3591 971 3662 1018 te.

2162 1045 2438 1110 Miserere,
2471 1045 2695 1099 Domine
2721 1085 2735 1108 ,
2768 1043 3045 1110 miserere,
3077 1043 3291 1101 Christe
3311 1085 3327 1112 ,
3352 1057 3411 1102 ut
3454 1064 3663 1119 sperem

2091 1137 2147 1191 in
2175 1145 2246 1191 te.

2165 1226 2437 1292 Miserere,
2454 1225 2698 1289 Domine,
2715 1223 2990 1292 miserere,
3005 1225 3236 1292 Christe,
3261 1235 3321 1281 ut
3342 1229 3522 1282 anima
3549 1245 3669 1287 mea

2093 1317 2238 1370 vivat
2267 1317 2322 1370 in
2352 1324 2423 1369 te.
3492 1311 3493 1314 ‘

2165 1405 2442 1470 Miserere,
2475 1404 2721 1470 Domine,
2753 1404 3031 1471 miserere,
3056 1403 3287 1472 Christe,
3311 1415 3370 1460 ut
3395 1423 3522 1461 caro
3549 1422 3668 1462 mea

2095 1494 2329 1549 exsultet
2350 1493 2403 1547 in
2427 1502 2498 1547 te.
2899 1566 2904 1570 κ

2169 1585 2446 1648 Miserere,
2470 1584 2717 1650 Domine,
2750 1584 3033 1651 miserere,
3057 1585 3290 1652 Christe,
3325 1597 3383 1642 ut
3420 1591 3530 1644 vita
3555 1604 3673 1646 mea

2097 1675 2350 1747 proﬁciat
2379 1676 2433 1728 in
2463 1683 2533 1728 te.

2173 1768 2446 1832 Miserere,
2484 1767 2729 1831 Domine,
2761 1768 2901 1821 Deus
2952 1766 3132 1833 Pater,
3165 1768 3331 1839 gloria
3362 1785 3481 1826 mea
3507 1811 3521 1832 ,
3568 1772 3675 1825 vita

429 1874 657 1929 naturis.
686 1873 825 1929 Ecce
844 1873 999 1943 juxta
1031 1882 1082 1928 te
1106 1881 1209 1938 est,
1228 1888 1388 1943 quem
1413 1887 1510 1942 per
1532 1870 1712 1927 iantas
1734 1880 1999 1926 terrarum
2031 1852 2074 1912 Β
2103 1860 2242 1912 mea-

425 1961 774 2018 diﬁicultates
797 1963 980 2034 regina
1007 1962 1257 2033 quaesivit
1281 1961 1484 2016 Austri.
1517 1959 1629 2016 Sed
1651 1975 1774 2016 cum
1813 1960 2001 2014 eadem

428 2050 628 2105 celebri
677 2051 833 2106 laude
860 2051 954 2105 tibi
985 2051 1271 2106 dicendum
1295 2058 1417 2105 est:
1447 2050 1597 2104 Beati
1643 2051 1743 2104 viri
1793 2051 1905 2116 tui,
1955 2061 2004 2104 et

427 2140 568 2194 beati
592 2141 728 2195 servi
757 2143 856 2207 tui,
881 2143 970 2212 qui
999 2151 1137 2196 stant
1166 2157 1346 2196 coram
1383 2141 1438 2196 te
1463 2149 1684 2212 semper,
1710 2152 1757 2196 et
1783 2143 2003 2196 audiunt

431 2230 739 2299 sapientiam
760 2239 924 2285 tuam.
952 2230 1035 2287 Sit
1065 2229 1320 2285 Dominus
1354 2230 1497 2284 Deus
1532 2239 1651 2284 tuus
1685 2229 2004 2293 benedictus,

427 2318 518 2372 cui
551 2319 932 2390 complacuisti,
964 2331 1010 2374 et
1044 2321 1216 2389 posuit
1265 2330 1313 2375 te
1351 2337 1507 2390 super
1541 2321 1783 2373 thronum
1829 2319 2006 2388 pepuli

428 2411 513 2464 tui
539 2448 557 2475 ,
593 2426 657 2464 eo
680 2411 819 2480 quod
849 2409 1093 2464 dilexerit
1136 2410 1390 2463 Dominus
1441 2407 1692 2478 populum
1741 2424 1894 2462 suum
1952 2409 2007 2460 in

429 2501 806 2570 smpiternam
842 2497 961 2568 (111
995 2497 1123 2569 Reg.
1165 2515 1220 2562 κ,
1253 2499 1276 2552 i
1314 2508 1368 2552 et
1389 2497 1574 2569 seqq.).

504 2612 549 2667 0
577 2605 697 2666 ﬁliai
727 2608 1021 2666 Jerusalem
1047 2651 1062 2675 ,
1086 2613 1292 2666 cernite
1313 2611 1654 2668 Salomonem
1679 2622 1923 2667 nostrum
1953 2614 2006 2667 in

438 2704 737 2758 diademate
783 2702 1074 2773 fulgentem
1131 2703 1445 2772 sapientiae;
1491 2703 1778 2758 imitamini
1831 2719 2010 2760 mores

435 2791 578 2847 illius
604 2791 997 2854 nobilissimos;
1033 2792 1358 2846 aversamini
1392 2791 1542 2857 vitia,
1572 2793 1731 2847 colite
1760 2793 2007 2848 virtutes.

440 2881 628 2952 Magna
655 2881 806 2935 vobis
834 2881 1111 2945 incumbit,
1162 2882 1208 2935 si
1259 2880 1600 2954 dissimulare
1652 2898 1760 2936 non
1807 2882 2006 2946 vultis,

434 2971 638 3040 optime
685 2968 901 3023 vivendi
962 2969 1299 3032 necessitas,
1338 2964 1492 3038 153
1522 2968 1648 3023 dum
1698 2969 1841 3039 apud
1887 2985 2011 3023 eum

393 3089 400 3094 -
439 3059 678 3130 quotidie
723 3057 1012 3113 versamini
1045 3057 1150 3130 [AL
1179 3100 1193 3124 ,
1226 3059 1678 3131 conversamini],
1710 3059 1763 3113 in
1795 3075 1903 3130 quo
1932 3067 2014 3115 to-

443 3149 548 3203 tius
576 3147 875 3202 honestatis
910 3146 1119 3202 habetis
1147 3149 1442 3218 exemplar,
1463 3158 1728 3219 quatenus
1755 3165 1853 3222 per
1878 3165 2014 3222 prte-

442 3249 622 3296 sentes
645 3239 778 3315 [Αι.,
803 3256 901 3311 per
919 3241 1220 3313 prmsentis]
1241 3241 1382 3296 illius
1409 3244 1808 3299 sacratissimos
1839 3260 2016 3299 mores

442 3331 509 3385 ad
529 3329 643 3398 ejus
665 3345 787 3384 cum
809 3331 993 3384 eodem
1014 3333 1295 3401 pervenire
1314 3325 1630 3402 misreamini
1648 3335 2014 3403 praesentiam,

441 3421 510 3491 de
538 3435 648 3490 quo
675 3419 789 3490 ipsa
838 3420 1037 3474 cecinit
1088 3405 1371 3489 Sapientia
1404 3441 1416 3475 :
1452 3421 1736 3477 Ferculum
1773 3425 1872 3477 sibi
1898 3424 2018 3490 fecit

443 3525 537 3562 res:
583 3506 828 3564 Salomon
864 3507 928 3561 de
961 3507 1116 3578 lignis
1142 3509 1371 3573 Libani;
1421 3509 1691 3565 columnas
1740 3513 1852 3581 ejus
1899 3513 2018 3580 fecit

447 3605 736 3663 argenteas,
752 3596 1138 3675 reclinatorium
1161 3615 1398 3665 aureum,
1416 3617 1687 3654 ascensum
1699 3617 2019 3670 purpureum

445 3681 617 3736 media
665 3681 918 3737 charitate
958 3687 1239 3739 constravit
1283 3696 1492 3756 propter
1541 3686 1682 3754 ﬁlias
1723 3687 2018 3742 Jerusalem

446 3769 626 3843 (Cant.
655 3786 745 3837 ιιι,
780 3771 833 3838 9,
878 3773 986 3845 10).

1094 3890 1370 3947 LITANIA
1485 3952 1505 3973 ξ,
1666 3963 1669 3967 η

877 3997 972 4036 σευ
1009 3997 1270 4038 PRECATIO
1309 4000 1374 4038 AD
1412 3998 1699 4038 ειικιετωι.

520 4083 794 4153 Miserere,
833 4089 1076 4153 Domine,
1106 4091 1385 4157 miserere,
1419 4090 1654 4147 Christe.

522 4186 549 4248 ξι
577 4173 658 4248 Ex
675 4177 803 4248 cod.
823 4193 925 4232 ias.
957 4177 1364 4248 Tegernseensi.
1531 4235 1534 4238 .

515 4237 548 4320 γ’
579 4244 638 4299 in
662 4247 873 4320 _eodice
924 4237 1065 4320 ius:
1092 4247 1525 4320 Sanct-Callensi
1547 4290 1562 4317 ,
1621 4265 1728 4320 quo
1773 4250 2024 4308 Canisius

455 4313 631 4386 (Tom.
661 4313 705 4370 ll
727 4315 888 4371 Thes.
913 4311 1412 4392 Monument._Edit.
1445 4311 1719 4392 Bas'naéii,
1751 4335 1871 4392 pag.
1897 4320 2022 4392 377)

454 4398 586 4440 usus
609 4393 714 4452 est,
741 4395 863 4461 post
883 4389 1192 4461 praecedens
1233 4388 1517 4461 distichon
1539 4388 1649 4444 alii'
1657 4388 2026 4461 sequebantur

455 4467 664 4537 Ῐειῗωδν
804 4471 873 4526 an
887 4456 971 4537 ad
995 4457 1360 4537 Eulaliarnvel
1383 4461 1452 4515 ad
1477 4456 1761 4537 epistolam
1788 4460 1864 4516 illi
1893 4459 2029 4537 seri-
2087 4504 2092 4509 .

385 4573 394 4584 ,
455 4529 603 4598 plain
628 4529 970 4598 pertineant,
999 4541 1124 4598 cum
1149 4529 1331 4598 potius
1379 4529 1648 4593 variorum
1676 4530 1916 4587 locorum
1946 4531 2028 4585 in-

457 4590 779 4661 scriptiones
811 4593 940 4658 sint,
963 4590 1473 4653 merito'dubitatur.
1515 4590 1595 4653 ita
1623 4615 1753 4656 vero
1779 4607 1979 4656 sonant
2009 4619 2021 4654 :

522 4702 648 4772 Da_m
671 4705 847 4772 sedeas
869 4704 1009 4756 latus
1030 4705 1226 4768 pulchra
1251 4709 1706 4772 mssessorjniaula
1727 4751 1743 4772 ,

584 4761 709 4816 Tum
730 4767 934 4816 misieros
950 4761 1137 4818 stantes
1161 4761 1274 4820 esse
1297 4761 1545 4818 memento
1573 4761 1715 4821 i‘orss.

528 4822 652 4892 υιε..
677 4827 762 4878 tibi
785 4837 1074 4892 perpetuam
1091 4832 1174 4892 qui
1203 4830 1396 4882 tradidit
1420 4831 1561 4880 istam

584 4883 1006 4960 Jamque'doinum
1027 4883 1246 4942 clemens
1262 4892 1476 4942 Christus
1493 4892 1543 4940 in
1572 4899 1688 4941 arce
1711 4889 1826 4954 poli.

2182 1946 2460 2012 Miserere,
2489 1947 2704 2004 Christe
2747 1948 3016 2015 Salvator,
3058 1950 3204 2005 salus
3245 1967 3394 2017 mea,
3427 1952 3683 2006 fortitudn

2107 2054 2246 2095 mea.

2179 2127 2454 2194 Miserere,
2481 2127 2717 2199 Spiritus
2730 2129 3062 2194 Paracletus,
3087 2132 3388 2186 consolatio
3411 2132 3706 2208 mea,iliu-'

2110 2219 2335 2274 minatio
2363 2233 2502 2274 mea.

2181 2305 2458 2372 Miserere,
2501 2307 2746 2370 Domine,
2769 2305 2922 2361 Deus
2950 2308 3190 2362 Trinitas
3219 2318 3272 2361 ct
3307 2309 3514 2364 linitos.

2181 2392 2258 2451 Te
2288 2396 2468 2462 laudo,
2503 2406 2554 2451 te
2585 2397 2770 2462 adoro,
2805 2407 2855 2451 te
2886 2401 3168 2453 coniiteor.

2182 2485 2294 2542 Pax
2327 2503 2468 2552 mea,
2509 2504 2634 2557 spes
2669 2504 2808 2553 mea,
2842 2489 2959 2544 laus
2987 2506 3129 2553 mea,
3161 2493 3246 2544 lux
3280 2507 3417 2546 mea.

2181 2576 2530 2631 Pulchritudo
2559 2593 2699 2640 mea,
2735 2579 3010 2633 beatitudo
3040 2596 3178 2633 mea.

2186 2665 2303 2720 Tibi
2327 2665 2464 2730 laus,
2496 2667 2588 2719 tibi
2622 2667 2809 2736 gloria,
2858 2668 2953 2721 tibi
2992 2670 3286 2738 gratiarum
3314 2671 3454 2722 actio
3482 2683 3696 2739 semper

2113 2743 2312 2822 ubique
2338 2754 2391 2806 in
2419 2755 2612 2807 saecula
2644 2758 2990 2824 sempiterna.
3640 2754 3652 2764 '

2721 2855 2745 2883 α
2787 2844 3087 2898 (IARMEN.

2117 2932 2256 2998 Quid
2288 2934 2500 3002 mystice
2553 2933 3077 3054 signiﬁcentlpalmte
3129 2936 3184 2987 in
3234 2937 3471 2989 manibus
3505 2940 3696 3006 gestari

2358 3038 2363 3042 -
2800 3021 2856 3054 so
2881 3014 2987 3054 itte.

2358 3038 2363 3042 -
2800 3014 2987 3058 solita).

2117 3092 2359 3154 Candida
2383 3093 2644 3164 ﬁorigeris
2673 3065 2852 3148 lucent
2876 3110 2973 3149 ceu
2999 3095 3107 3150 lilia
3137 3097 3343 3165 campis

2043 3217 2090 3278 C
2121 3183 2344 3254 Fulgeat
2370 3185 2422 3238 in
2457 3184 2664 3238 meritis
2688 3184 2766 3236 sic
2793 3184 2881 3252 pia
2915 3185 3066 3253 virgo
3095 3186 3268 3239 sacris
3298 3186 3343 3234 b.

2122 3274 2379 3328 Versibus
2401 3288 2666 3341 exponam
2696 3273 2951 3337 breviter,
2979 3273 3106 3341 quid
3130 3274 3307 3341 palma
3332 3276 3504 3329 amice
3529 3287 3551 3311 "-

2121 3361 2418 3431 Signiﬁeet,
2451 3360 2697 3413 inanibus
2720 3375 2854 3428 quas
2884 3377 2983 3415 nos
3000 3350 3348 3430 portabimus
3371 3379 3577 3418 omnes.

2121 3451 2304 3506 Palma
2333 3451 2409 3504 tui
2434 3443 2667 3521 signum,
2699 3464 2892 3521 magne
2915 3462 2998 3506 cst
3023 3452 3139 3507 liex
3161 3453 3395 3518 Christe,
3425 3454 3700 3524 triumphi.

2122 3542 2306 3596 Palma
2343 3542 2500 3596 docet
2524 3550 2763 3595 nostram
2802 3543 2946 3611 ipsos
2988 3561 3086 3600 nos
3126 3536 3345 3599 vincere
3369 3560 3588 3600 carnem
3611 3586 3628 3610 ,

2124 3634 2308 3687 Palma
2335 3641 2422 3693 est
2456 3631 2721 3686 mercedis
2751 3632 2966 3701 signum
2994 3633 3212 3686 caeleste
3241 3633 3452 3686 futurae.

2123 3725 2247 3779 Haec
2272 3723 2448 3794 palma
2476 3724 2724 3776 hortatur
2747 3723 2918 3775 vitam
2943 3737 3162 3791 sperare
3194 3723 3449 3779 futuram.

2122 3819 2179 3872 ln
2205 3829 2365 3869 cruce
2393 3813 2680 3881 pendentis
2709 3812 2909 3867 Christi
2938 3823 3025 3868 est
3053 3816 3276 3869 victoria
3306 3818 3499 3885 prima.

2125 3905 2356 3958 Vincere
2377 3917 2478 3958 nos
2508 3903 2653 3973 ipsos
2690 3917 2796 3958 non
2826 3913 2912 3958 est
2935 3905 3160 3960 victoria
3193 3922 3380 3976 parva.
3552 3899 3554 3901 ’

2126 3995 2205 4050 Tu
2237 4004 2288 4048 te
2315 3995 2491 4059 vince,
2521 4011 2737 4065 precor,
2769 4011 2984 4065 semper
3005 4005 3060 4052 te
3085 3999 3262 4062 vince,
3294 4003 3467 4055 amica

2126 4082 2314 4164 Sitque
2342 4084 2417 4137 tui
2445 4083 2694 4139 Christus
2725 4099 2934 4140 merces
2959 4084 3188 4155 ﬁnisque
3214 4087 3434 4142 laboris.
3459 4076 3462 4078 ’

2189 4215 2391 4279 Frigora
2410 4217 2496 4275 qui
2517 4215 2689 4279 fugiat,
2719 4217 2884 4264 veniat
2907 4217 3238 4279 suamembra
3262 4215 3453 4279 fovere,

2248 4276 2320 4325 Ad
2345 4289 2424 4324 me
2449 4276 2746 4335 prageiidus
2763 4288 2940 4335 neinpe
2968 4277 3123 4325 viator
3145 4289 3309 4326 ovans.

2188 4337 2314 4398 Crux
2341 4344 2525 4385 sacrata
2551 4335 2645 4385 Dei
2670 4335 2899 4398 [uigescit
2922 4339 3158 4397 sanguine
3179 4339 3391 4395 summi.

2249 4396 2348 4445 Nos
2375 4403 2686 4456 nostramque
2710 4396 2852 4447 simul
2879 4396 3105 4459 protegat
3127 4399 3248 4446 alma
3275 4399 3486 4449 domum.

2191 4457 2312 4523 ilice
2334 4465 2499 4523 pateat
2524 4460 2683 4508 charis
2696 4460 2793 4520 jam
2810 4457 2953 4518 j'anua
2978 4457 3177 4522 semper
3193 4461 3357 4508 amicis
3380 4499 3396 4523 ,

2254 4521 2346 4578 Qui
2371 4519 2482 4580 laeto
2506 4519 2728 4578 quaerant
2753 4526 2956 4579 pectere
2981 4519 3191 4581 nanuiue
3215 4519 3428 4583 patrem.

2056 4554 2111 4618 ι)
2196 4580 2288 4630 i’ic
2311 4580 2582 4630 requiescit
2605 4592 2755 4628 ovans
2777 4580 2942 4630 abitas.
2970 4592 3218 4630 sanusque
3245 4594 3428 4630 resurc:

2243 4572 2290 4632 lc
2311 4572 2582 4640 requiescit
2605 4572 2942 4643 ovans'sbhas,
2970 4572 3230 4643 sanusque
3245 4589 3469 4643 resurgat

2257 4643 2518 4702 QuemAtua
2541 4649 2801 4689 conservet
2825 4641 3054 4695 dextera,
3079 4641 3270 4691 Christe
3299 4641 3486 4702 potius.

2105 4727 2108 4730 η
2193 4699 2372 4753 δίιίιειιὶ
2400 4699 2620 4750 Christus
2637 4713 2790 4762 amor,
2809 4706 2973 4762 potus,
2997 4703 3156 4759 cibus,
3184 4699 3340 4762 omnia
3364 4703 3598 4761 Christus,

2258 4762 2383 4817 Lux.
2411 4761 2506 4818 vis,
2535 4762 2656 4822 vita,
2677 4759 2829 4822 salus,
2850 4759 2987 4822 lius,
3015 4761 3297 4812 venerande
3325 4764 3486 4810 i’ater.

2204 4873 2226 4902 ε
2261 4861 2419 4916 Forte
2449 4859 2576 4930 leg.,
2601 4861 2802 4924 amictu,
2838 4859 3049 4915 scilicet
3074 4873 3328 4928 exponam
3359 4859 3560 4912 amicir.

482 5017 3712 5044 W—m

1115 5145 1275 5242 155.
1355 5162 2198 5300 OPUSCULUM
2298 5155 3070 5271 SEPTIMUM.

834 5357 944 5421 DE
982 5357 1516 5422 CONFESSIONE
1565 5360 2100 5423 PECCATORUM
2147 5362 2254 5420 AD
2301 5355 2606 5418 PUEROS
2656 5354 2941 5417 SANCTI
2993 5358 3358 5420 MARTINI.

1061 5540 1392 5602 EPISTULA
1415 5560 1463 5602 ι.

547 5621 921 5693 Dilectissimis
947 5634 1002 5690 in
1031 5633 1248 5693 Christo
1294 5631 1418 5693 ﬁliis
1441 5679 1456 5702 ,
1487 5639 1751 5714 bonaque
1775 5639 1887 5711 spei
1917 5638 2044 5694 ado-

2150 5543 2482 5610 lescentulis,
2513 5534 2606 5617 qui
2645 5545 2701 5601 in
2730 5539 2960 5602 ecclesia
3007 5541 3203 5599 summi
3249 5540 3520 5614 pontiﬁcis
3546 5557 3728 5618 prote-

2150 5629 2424 5708 ctorisqhe
2451 5638 2632 5709 magni
2658 5636 2801 5693 beati
2835 5633 3050 5690 Martini
3071 5632 3301 5688 Domino
3318 5630 3449 5694 Iesu
3469 5633 3729 5708 [Al.,1)eo

555 5781 580 5811 ⁸
601 5769 659 5824 In
684 5768 803 5824 cod.
834 5783 938 5823 ms.
980 5767 1037 5823 S.
1070 5769 1396 5839 Emmerami
1444 5771 1630 5827 titulus
1655 5780 1740 5827 est
1768 5790 1782 5826 :
1812 5773 2048 5845 Epistola
2076 5784 2123 5828 et
2163 5773 2450 5828 admonitio
2490 5771 2662 5826 Albini
2692 5771 2761 5826 ad
2782 5786 2969 5840 pueros
2995 5779 3043 5825 et
3084 5757 3520 5835 adolescentulos,
3553 5772 3608 5824 id
3630 5783 3727 5838 est,

797 5946 800 5948 γ
883 5860 1157 5922 ΡΑτιιοι..
1207 5862 1306 5922 Cl.

3241 5860 3312 5921 21
