4262 6238
627 299 726 375 6.6.!
835 271 838 274 ί
1574 269 2150 361 ιιΑαιοσιιΑιιιιιοΑ.
2184 331 2215 343 -

2270 302 2459 362 ,νιτΑ
2499 303 2556 360 S.
2599 305 2898 362 MARTINI.
2928 303 2936 308 ”
3737 300 3842 356 (itii

625 429 735 487 que
780 413 1181 485 patrisfamilias
1228 427 1453 484 puerum
1517 429 1552 468 a
1617 414 1860 474 (temone
1905 421 2181 485 arreptum
2210 419 2257 477 Α
2282 418 2489 474 satione
2511 419 2801 489 perfectus,
2829 421 2884 476 in
2913 417 3062 476 omni
3094 419 3294 492 pietate
3319 425 3376 474 et
3414 417 3670 488 religione
3707 432 3851 488 prm-

626 504 983 572 atroelssimo,
1038 503 1234 576 digitos
1281 505 1338 560 in
1378 517 1444 560 os
1497 504 1738 571 mittens,
1793 504 2046 575 spiritum
2074 518 2184 559 ma-

627 592 830 666 lignum
873 608 974 665 per
999 593 1245 666 [tudeuda
1273 591 1530 666 patientis
1560 594 1710 650 exire
1753 593 2030 666 compulit.
2081 589 2184 648 Le-

624 697 847 754 prosum
895 684 951 739 in
979 690 1137 755 porta
1159 683 1448 740 Parisiacae
1477 683 1713 740 civitatis
1765 698 1798 738 a
1843 682 2185 740 deformitate

625 771 711 828 sui
749 771 993 842 corporis
1037 761 1411 830 soiosaivavit
1461 771 1676 836 osculo;
1733 768 1830 828 sed
1865 770 2185 828 etllmbrias

625 860 930 931 vestimenti
951 862 1092 935 eius,
1124 869 1182 919 et
1216 861 1307 918 illa
1519 861 1930 918 multossanare
1967 860 2188 918 morbos

626 959 961 1025 compertum
979 961 1086 1010 est.
1112 951 1252 1009 Filia
1274 951 1492 1010 Arborii
1509 950 1749 1024 praefecti
1771 965 1869 1022 per
1891 949 2186 1021 imposilio-

775 1040 1017 1112 epistohe
1054 1040 1226 1098 sancti
1259 1039 1476 1096 Iartini
1521 1055 1554 1095 a
1597 1037 1930 1112 gravissimis
1960 1037 2187 1094 liberata

625 1137 710 1186 est
733 1127 994 1188 febribus.
1027 1131 1240 1187 Paulini
1271 1143 1298 1174 ι
1319 1130 1535 1188 oculum
1574 1127 1823 1200 peniculo
1849 1129 2188 1202 superposito

624 1219 835 1276 sanavit
855 1235 889 1274 a
911 1219 1096 1277 dolore
1119 1232 1282 1291 atque
1304 1219 1554 1292 caligine.
1671 1266 1675 1269 .
2141 1278 2144 1279 ν

693 1307 829 1366 VIII.
850 1308 930 1365 Αι
972 1309 1191 1382 angelis,
1220 1309 1309 1366 Β..
1338 1308 1406 1365 Vl
1435 1319 1492 1364 et
1521 1308 1656 1364 aliis
1699 1309 1896 1364 sumis
1924 1308 2184 1382 uisitetur.

869 1400 1154 1472 prophetia
1197 1398 1671 1468 deruit—idem
1714 1413 1930 1472 quoque
1969 1407 2189 1456 sancms

625 1485 1494 1571 lartinuscadeus'pergradm,
1528 1489 2190 1562 graviterpenetotusat-

625 1577 789 1634 tritus
810 1579 1093 1646 membris,
1107 1587 1274 1637 nocte
1294 1579 1366 1636 ab
1384 1580 1578 1652 angelo
1597 1582 1666 1636 ad
1685 1579 1952 1653 integram
1978 1593 2192 1640 recrea-

628 1675 831 1732 tusest
866 1667 1158 1725 auitam
1189 1685 1205 1723 :
1238 1669 1541 1740 saepiusque
1572 1667 1830 1739 angelicis
1865 1663 2192 1725 visitationi-

2281 507 2490 576 clarus,
2532 510 2589 565 in
2634 509 2782 565 omni
2821 508 3062 567 bonitate
3098 515 3158 566 et
3184 507 3519 580 benignitate
3556 507 3845 578 iucundus,

2281 599 2628 654 anno'aetatis
2659 613 2771 654 sua:
2801 613 2986 665 uxxxt,
3011 603 3072 654 et
3090 595 3434 669 episcopatus
3456 595 3542 653 sui
3567 611 3718 662 xm,
3751 609 3851 652 an-

2282 687 2370 744 nis
2414 695 2660 747 maturus
2701 697 2758 746 et
2795 687 3039 756 meritis,
3073 687 3130 745 in
3162 685 3404 745 cmicstia
3444 687 3738 746 advocatus
3765 696 3852 744 est

2285 790 2478 848 regna;
2500 783 2764 848 quatenus
2787 792 2914 833 cum
2937 774 3223 850 multiplici
3241 776 3331 833 sui
3351 775 3553 832 laboris
3579 775 3850 844 mercede,

2283 872 2597 934 perpetuum
2647 880 2680 921 a
2727 863 2944 921 Christo
2985 862 3218 922 Domino
3261 865 3528 943 reciperet
3572 880 3848 927 coronam.

2286 953 2392 1009 Sed
2422 954 2566 1012 diem
2587 956 2767 1012 obitus
2795 955 2881 1011 sui
2921 953 3092 1012 multo
3124 963 3255 1011 ante
3276 967 3627 1025 pernoseens,
3658 962 3716 1010 et
3735 954 3853 1025 qui-

2284 1041 2510 1097 busdam
2531 1034 2963 1115 suis'prmdicens
2983 1039 3262 1108 fratribus,
3285 1041 3854 1114 appropinquanteque

2285 1131 2441 1198 hora,
2467 1130 2697 1187 febrium
2709 1130 2902 1203 dolore
2918 1137 3120 1201 tactus,
3137 1129 3296 1198 lctus
3317 1131 3373 1186 in
3393 1130 3552 1187 laude
3569 1129 3688 1198 Dei,
3711 1129 3854 1188 inter

2287 1219 2466 1275 divina
2490 1218 2886 1291 prmdicationis
2903 1219 3094 1287 verba,
3107 1218 3253 1277 inter
3268 1218 3537 1292 angelicas
3555 1216 3853 1274 cmiestium

2287 1307 2611 1380 hymnorum
2633 1322 2814 1374 voces,
2839 1306 2953 1365 suis
2967 1307 3272 1365 astantibu
3289 1305 3588 1380 discipulis,
3611 1313 3853 1364 sanctam

2287 1395 2399 1453 Deo
2425 1396 2644 1456 Christo
2666 1396 2900 1455 reddidit
2919 1396 3177 1456 animam.

2359 1485 2451 1542 XI.
2485 1485 2710 1544 Turonis
2736 1487 3007 1560 sepelitur.
3031 1515 3106 1533 —
3125 1485 3294 1559 Olﬁus
3334 1495 3579 1544 sanetum
3605 1501 3802 1560 corpus
3826 1500 3859 1543 s

2288 1576 2502 1632 doricis
2517 1576 2819 1643 civitatum,
2841 1586 2898 1633 et
2913 1575 3235 1649 populorum
3251 1577 3450 1644 turbis,
3469 1591 3591 1633 cum
3614 1575 3862 1632 laudibus

2289 1674 2347 1724 et
2381 1666 2598 1739 hymnis
2629 1666 2699 1722 ad
2725 1665 3050 1723 Turonicam
3077 1672 3326 1737 portatur
3349 1665 3646 1731 civitatem,
3679 1665 3861 1736 ibique

625 1756 728 1814 bu
751 1764 810 1815 et
843 1754 1101 1829 familiari
1143 1735 1413 1816 ioattione
1451 1735 1757 1814 fruebatur.
1785 1756 2028 1826 Quodam
2059 1749 2190 1814 vero
2217 1735 2264 1798 Β
2289 1756 2346 1812 in
2373 1735 2671 1828 poiyandro
2702 1754 2918 1826 publico
2949 1735 3193 1826 sepultus
3233 1764 3336 1820 est,
3383 1754 3476 1811 ubi
3517 1735 3860 1827 postmodum

625 1847 717 1904 die
737 1847 1067 1904 beatissime
1097 1846 1387 1905 Geuitricis
1409 1848 1507 1904 Dei
1535 1855 1593 1904 et
1623 1846 1836 1903 Domini
1863 1846 2036 1904 nostri
2059 1844 2191 1909 issu

2287 1845 2481 1902 beatus
2504 1844 2732 1902 antistes
2752 1842 3054 1916 Perpetuus
3077 1841 3111 1885 ι
3133 1840 3388 1901 laudabili
3410 1855 3592 1915 opere,
3621 1849 3678 1898 et
3699 1855 3862 1898 vene-

538 2003 549 2008 -
626 1933 852 2003 Christi,
877 1942 936 1992 et
962 1943 1274 1994 sanctorum
1319 1935 1703 2009 apostolorum.
1727 1927 1877 1992 Petri
1903 1943 1962 2004 et
2003 1934 2187 2000 Pauli;
2291 1938 2450 1996 rabiii
2473 1939 2624 1996 cultu
2649 1937 2952 1996 construxit
2987 1932 3274 1995 ecclesiam
3310 1935 3449 1992 tanti
3473 1932 3652 1991 Patris
3677 1934 3864 1992 condi-

626 2039 730 2082 nee
766 2025 1833 2098 nonsanctarqmvirginum'l'heclaet
1867 2024 2192 2099 Agnetisvi-
2289 2043 2451 2102 gnam
2476 2028 2726 2085 meritis:
2768 2027 2824 2084 in
2857 2015 3726 2098 quaetiamnsquehodiemuita
3755 2022 3861 2078 mi-

625 2113 882 2170 sitatione
918 2113 1006 2170 vir
1026 2112 1126 2170 Dei
1146 2113 1443 2173 honoratus
1479 2121 1536 2171 et
1567 2114 1904 2192 confortans
1921 2122 2029 2172 est.
2055 2113 2192 2171 Nam
2291 2115 2598 2176 raculorum
2626 2117 2800 2188 signa,
2825 2114 3074 2187 plurimm
3107 2113 3403 2172 sanitatum
3441 2112 3691 2178 virtutes,
3733 2125 3864 2168 con-

627 2204 929 2262 chuonum
953 2203 1348 2275 pisanis-nata,
1396 2211 1456 2262 et
1482 2203 1538 2259 in
1579 2202 1810 2261 diversis
1833 2202 2024 2274 ﬁguris
2066 2204 2193 2260 hor-
2292 2205 2586 2262 solatioues
2608 2201 2973 2270 mini-entiam,
2991 2199 3226 2275 pletates
3243 2198 3862 2270 l:etantium,pra‘.stante

627 2293 814 2352 ribiies
1106 2293 1240 2350 nihil
1266 2267 1532 2360 menaeus,
1561 2308 1665 2351 nec
1684 2293 1812 2350 uilis
1833 2267 2021 2350 eorum
2043 2291 2194 2350 falla-
2293 2294 2524 2350 Domino
2551 2301 2740 2350 nostro
2763 2290 2893 2349 Iesu
2921 2267 3161 2357 Christo,
3172 2288 3302 2347 ﬁeri
3327 2289 3525 2357 solent,
3540 2267 3636 2362 qui
3661 2286 3790 2343 vivit
3807 2295 3865 2343 et
3958 2281 3965 2289 '
3995 2267 3999 2270 ’

628 2383 888 2441 eiisiiludi
903 2383 1097 2454 potuit;
1121 2383 1325 2456 Spiritu
1341 2396 1473 2440 vero
1489 2385 1871 2455 prophetarum
1885 2383 1960 2440 ita
1979 2382 2192 2452 claruit,
2293 2366 2486 2453 regnat
2507 2395 2630 2437 cum
2659 2381 2769 2436 Deo
2793 2380 2955 2436 Patre
2975 2377 3026 2455 [ο
3052 2386 3114 2437 et
3133 2377 3348 2450 Spiritu
3363 2386 3554 2436 sancto
3576 2377 3634 2434 in
3662 2375 3876 2434 unitate

630 2480 695 2528 ut
743 2471 929 2530 multis
975 2470 1143 2527 multa
1184 2471 1498 2542 pradixerit
1552 2473 1706 2545 ιοι
1753 2471 1980 2530 futura:
2027 2471 2195 2528 veluti
2294 2471 2592 2544 maiestatis
2613 2468 2831 2544 divinus,
2856 2484 2957 2542 per
2979 2468 3164 2527 omnia
3187 2464 3431 2539 secula].
3697 2465 3703 2471 ’

631 2563 867 2620 laximo
899 2561 1524 2635 imperatorivictoriam
1569 2563 1628 2619 in
1661 2561 1815 2619 italia
1847 2571 1905 2618 et
1945 2563 1999 2619 in
2023 2562 2193 2637 Aqui:-

630 2653 740 2711 ieia
778 2654 1057 2712 inten'tum
1097 2653 1367 2726 prodixit.
1397 2651 1681 2718 Eteodem
1712 2652 1875 2711 beato
1904 2654 2022 2711 viro
2055 2653 2198 2712 cele-

639 2741 846 2802 brante”
861 2752 1109 2802 sanctum
1135 2742 1453 2818 mysterium
1479 2743 1548 2800 ad
1573 2743 1764 2812 altare,
1795 2743 1984 2817 globus
2007 2743 2198 2818 igneus

632 2835 812 2893 mbito
855 2836 926 2892 de
983 2836 1186 2894 vertice
1242 2831 1392 2893 fulsit
1447 2835 1611 2893 illius.
1668 2836 1930 2894 Evantius
1976 2838 2196 2908 quidam

633 2932 890 2996 aegrotus,
901 2922 1314 3006 properantead
1329 2940 1389 2984 se
1403 2925 1564 2982 beato
1581 2927 1723 2996 viro,
1736 2919 1891 2999 prius
1908 2927 2196 2985 sanitatem

636 3014 861 3086 recepit,
883 3029 1046 3086 quam
1068 3007 1290 3072 saucms
1321 3013 1584 3073 Martinus
1602 3013 1822 3076 domum
1849 3015 2098 3072 intraret.
2135 3015 2195 3072 In

635 3108 823 3168 eadem
844 3122 1060 3182 quoque
1084 3109 1244 3166 domo
1282 3124 1511 3181 puerum
1531 3123 1563 3166 a
1587 3117 1838 3182 serpente
1859 3123 2195 3182 percussum,

636 3207 947 3256 sanctorum
973 3205 1123 3256 tactu
1153 3199 1439 3276 digitorum
1466 3216 1496 3256 a
1540 3199 1785 3272 periculo
1818 3199 2010 3264 mortis
2035 3199 2198 3256 eruit.

706 3287 799 3343 IX.
831 3285 1014 3344 Sancti
1048 3287 1149 3344 viri
1180 3289 1451 3360 patientia.
1476 3288 1750 3350 Danaus
1788 3288 1967 3366 pellit,
1995 3297 2103 3346 etc.
2131 3301 2203 3330 ι-

635 3373 773 3431 Nam
796 3382 960 3432 tanta:
986 3374 1091 3431 fuit
1117 3375 1202 3432 vir
1225 3375 1322 3455 Dei
1359 3377 1656 3450 patientiae,
1705 3386 1766 3432 ut
1809 3375 2052 3434 convicia
2095 3389 2201 3431 non

634 3464 886 3529 doinrit,
911 3465 1202 3536 opprobria
1227 3481 1338 3522 non
1358 3467 1616 3524 senserit:
1649 3465 1757 3523 imo
1771 3465 2202 3546 et‘quorumdam

637 3553 964 3610 rusticorum
988 3551 1196 3624 ﬂagella
1220 3552 1429 3625 placido
1450 3554 1705 3610 sustinuit
1742 3554 1925 3611 animo
1943 3593 1960 3624 ,
1984 3569 2203 3611 eorum-

638 3657 745 3714 que
765 3642 873 3719 tixa
900 3642 1063 3699 terris
1094 3641 1349 3699 animalia
1382 3641 1496 3699 solo
1522 3641 1765 3701 solvebat
1786 3658 2058 3702 sermone.
2091 3641 2201 3701 Ne-

638 3732 771 3789 mini
793 3731 1060 3793 adulando
1081 3731 1493 3800 blandiebatur;
1527 3731 1758 3806 principi
1786 3732 1922 3790 nulli
1960 3733 2204 3792 veritatis

639 3823 805 3880 verba
830 3823 1025 3891 tacuit,
1047 3821 1118 3880 ad
1139 3831 1269 3880 uota
1296 3836 1514 3894 semper
1529 3823 1836 3880 orationum
1855 3823 2095 3882 subsidia
2118 3838 2205 3880 re-

638 3928 883 3970 currens.
927 3913 1083 3971 Unde
1121 3909 1168 3972 si
1196 3913 1326 3984 quid
1351 3914 1404 3970 ei
1424 3920 1664 3984 potestas
1691 3914 1871 3970 renuit
1908 3913 2198 3978 muttinis,

639 4017 765 4059 mox
792 4003 976 4060 divina
1000 4003 1253 4074 praestitit
1277 4003 1470 4074 pietas.
1511 4001 1769 4071 Quadam
1795 4002 1972 4074 puella
1997 4002 2200 4060 daemo—

637 4091 796 4150 niaco
812 4099 1028 4163 arrepta
1053 4091 1268 4164 spiritu,
1291 4090 1572 4160 stramine,
1590 4090 1683 4148 ubi
1704 4101 1924 4150 sanctus
1943 4091 2205 4150 Martinus

639 4181 886 4249 sedebat,
911 4195 944 4237 a
977 4189 1240 4252 potestate
1263 4189 1449 4255 erepta
1475 4190 1560 4239 est
1585 4181 1824 4242 inimica.
1867 4183 1986 4242 Non
2030 4183 2204 4240 solum

639 4273 904 4340 homines,
929 4273 1025 4330 sed
1043 4273 1209 4329 etiam
1251 4272 1506 4328 animalia
1549 4287 1584 4327 a
1624 4268 1926 4329 daemonum
1969 4272 2207 4329 liberans

2667 2604 2696 2647 ά
2723 2602 3115 2685 EIUSDEM
3139 2600 3389 2667 Αιεω
3398 2599 3484 2666 N1
3508 2629 3514 2635 ε

2404 2725 2638 2783 SERIO
2669 2725 2760 2782 DE
2797 2721 3144 2783 TRANSI‘HJ
3181 2720 3428 2781 SANCTI
3463 2719 3765 2779 unum.

2367 2836 2481 2892 xu.
2507 2835 2694 2893 Sancti
2715 2831 2935 2890 limini
2953 2832 3232 2900 mattea,
3247 2830 3506 2888 miracula
3524 2840 3574 2887 et
3589 2830 3870 2904 propitiae

2298 2925 2516 2982 donata.
2540 2955 2613 2967 —
2639 2922 2866 2995 Oportet
2891 2937 2992 2982 nos
3016 2936 3208 2982 omnes
3238 2922 3567 2980 unanimiter
3591 2922 3828 2997 gaudere
3849 2964 3868 2990 ,

2301 3014 2498 3072 fratres
2524 3013 2862 3081 charissimi,
2875 3020 2937 3090 et
2961 3011 3282 3086 praclarum
3323 3013 3467 3070 diem
3491 3012 3671 3072 obitus
3697 3013 3871 3070 sancti

2224 3072 2274 3138 ο
2303 3105 2520 3162 Martini
2543 3105 2773 3163 ﬁdeliter
2793 3072 3082 3172 viseris;
3114 3103 3213 3162 sed
3230 3103 3500 3175 praecipue
3518 3103 3610 3174 qui
3638 3103 3694 3158 in
3716 3101 3874 3160 Occi-

2301 3195 2608 3254 dentalibus
2633 3183 2818 3250 mundi
3116 3199 3247 3249 sunt
3289 3191 3476 3248 ﬁdeles
3508 3189 3708 3248 Cllristi
3727 3230 3745 3258 ,
3777 3191 3873 3263 qui

2301 3292 2358 3340 et
2377 3282 2638 3340 doctrinis
2657 3279 2775 3350 eius
2792 3280 3115 3345 similiteret
3127 3278 3388 3350 exemplis
3405 3279 3688 3337 illuminati
3710 3287 3869 3339 sunt:

2301 3373 2426 3442 quia
2472 3371 2829 3443 quodcunque
2874 3363 3206 3442 prtudléabst
3242 3368 3444 3436 verbis,
3473 3371 3876 3428 demonstrabat

2300 3461 2576 3534 operibus.
2611 3460 2672 3517 in
2713 3459 2860 3518 omni
2903 3459 3049 3518 enim
3087 3457 3201 3544 vita
3242 3473 3343 3517 sua
3383 3467 3442 3516 et
3463 3461 3872 3528 conversatione

2301 3567 2400 3608 sua
2423 3551 2717 3624 perfectus,
2740 3551 2798 3608 in
2818 3550 2966 3608 omni
2982 3549 3193 3625 pietate
3205 3559 3262 3626 et
3281 3549 3541 3624 religione
3557 3547 3868 3623 prochrus.

2303 3641 2358 3699 in
2385 3642 2535 3700 omni
2559 3642 2802 3700 bonitate
2844 3649 2900 3699 et
2939 3630 3574 3713 benignitatejucundus
3614 3647 3771 3708 erat,
3801 3642 3874 3699 ab

2301 3736 2552 3794 omnibus
2593 3734 2904 3802 laudabilis,
2946 3732 3201 3790 omnibus
3225 3730 3510 3798 amabilis;
3545 3731 3700 3805 virgo
3731 3732 3874 3790 inter

2302 3826 2499 3882 choros
2542 3824 2810 3896 virginum
2828 3863 2846 3890 ,
2899 3822 3151 3896 egregi
3195 3821 3536 3881 sacerdotum
3562 3863 3582 3890 ,
3630 3821 3872 3900 imitator
3904 3871 3911 3878 .

2301 3912 2688 3985 apostolorum,
2713 3921 2772 3970 et
2796 3909 3000 3970 Christi
3025 3910 3367 3986 pradicator.
3402 3909 3574 3987 Quem
3615 3911 3874 3969 Dominus

2302 4009 2359 4068 in
2382 4008 2554 4081 gratia
2579 4006 2872 4080 apostolica
2901 4012 2988 4064 est
3011 4004 3264 4079 dignatus
3292 3995 3676 4078 eiigereﬂicut
3695 4003 3764 4062 de
3781 4003 3874 4062 illo

2304 4099 2566 4171 scriptum
2588 4106 2710 4154 est:
2748 4114 2769 4150 ι
2796 4095 3005 4168 ilicest
3037 4085 3320 4162 IartiIus,
3348 4093 3553 4153 eluctus
3578 4090 3673 4151 Dei
3695 4094 3873 4165 ponti-

2303 4188 2427 4253 fex,
2469 4187 2557 4243 cui
2600 4186 2859 4243 Dominus
2898 4191 3025 4255 post
3070 4183 3344 4258 apostolos
3389 4190 3596 4239 tantam
3638 4182 3869 4254 gratiam

2303 4276 2556 4335 conferre
2583 4276 2832 4347 dignatus
2852 4279 2957 4341 est,
2984 4279 3048 4331 ut
3067 4271 3126 4331 in
3147 4271 3345 4330 virtute
3367 4280 3570 4330 saneta
3592 4271 3874 4330 Trinitatis

638 4371 926 4438 potestate.
945 4371 1002 4421 et
1023 4369 1303 4464 mansueta
1335 4361 1392 4418 in
1413 4375 1577 4464 suum
1604 4360 1782 4464 redire
1811 4373 2026 4464 gregem
2051 4376 2204 4416 man-
2231 4401 2280 4464 ο
2306 4367 2510 4425 deinete
2537 4373 2838 4424 mereretur
2863 4363 2982 4422 ﬁeri
3007 4364 3174 4464 trium
3209 4370 3547 4464 mortuorum
3583 4363 3871 4420 suscitator

639 4456 811 4513 davit.
829 4455 1004 4512 Etiam
1031 4453 1134 4512 fuit
1159 4462 1323 4512 tanta:
1356 4453 1758 4520 misericordiae,
1784 4461 1848 4510 ut
1867 4453 2093 4510 canibus
2119 4468 2204 4509 se-

641 4545 930 4619 quentibus
951 4546 1280 4620 iepusculum
1307 4546 1648 4618 imperaverit
1675 4553 1850 4612 stare;
1869 4552 1928 4602 et
1951 4545 2206 4604 miseram

643 4636 976 4694 bestiolama
997 4635 1250 4707 presenti
1275 4643 1452 4692 morte
1477 4633 1692 4706 eripuit.
1722 4633 1859 4691 Vilia
1885 4633 2130 4704 quatiam
2151 4632 2206 4689 in

646 4723 915 4782 Senouho
938 4721 1230 4794 grandines
1270 4721 1477 4792 sapius:
1506 4716 1726 4778 vastata
1757 4731 2108 4795 tempestate,
2139 4724 2208 4779 ad

534 4803 554 4807 ’
646 4827 834 4886 preces
854 4810 1027 4870 sancti
1053 4809 1290 4878 Martini,
1314 4809 1497 4871 multis
1524 4809 1751 4869 liberata
1778 4819 1866 4868 est
1894 4812 2070 4876 annis.
2096 4812 2210 4868 liu-

2307 4460 2640 4533 magnitlcus.
2687 4478 2707 4513 »
2755 4458 2836 4514 Ad
2879 4454 3184 4529 exemplum
3223 4453 3436 4512 Domini
3479 4462 3591 4512 tres
3634 4462 3874 4510 mortuos

2305 4551 2618 4621 suscitavit:
2647 4548 2816 4626 multa
2841 4548 3008 4612 etiam
3032 4545 3228 4620 spiritu
3247 4545 3563 4619 prophetis,
3587 4551 3879 4615 antequam

2308 4638 2521 4706 tierent,
2548 4626 2910 4709 'prmsciebat.
2953 4634 3161 4708 apti-nu
3200 4634 3348 4693 enim
3372 4633 3666 4706 prophetia
3685 4631 3876 4704 plenus

2307 4739 2446 4796 erat,
2470 4737 2527 4786 et
2549 4729 2672 4785 ideo
2703 4742 2860 4784 suum
2885 4725 3094 4784 obitum
3134 4724 3317 4784 divina
3354 4723 3704 4798 inspiratione
3727 4736 3870 4795 pra-

2306 4818 2483 4883 scivit,
2507 4823 2564 4874 et
2587 4814 2905 4888 quibusdam
2937 4828 3007 4871 ex
3040 4811 3310 4874 fratribus
3338 4812 3742 4873 dissolutionem
3787 4813 3878 4872 sui

647 4903 749 4960 tier
773 4918 806 4959 a
830 4899 1106 4973 sanguinis
1131 4896 1279 4956 ﬂuxu
1299 4896 1736 4958 vestimenton
1779 4897 1924 4956 illius
1949 4907 2098 4956 tactu
2123 4914 2210 4957 sa-
2307 4906 2552 4981 corporis
2577 4905 3035 4979 appropinquasse
3060 4903 3332 4962 revelavit.

651 5005 776 5053 nata
799 5001 903 5054 est.
1231 4985 1234 4988 ’
1848 5015 1861 5024 ·
2383 4999 2540 5074 ιω
2559 4997 2696 5056 χιιι.
2723 4996 2871 5054 inter
2896 4996 3111 5054 clericos
3126 4993 3484 5052 (modum
3506 5009 3686 5067 peccat
3705 4995 3874 5066 refor—

674 5090 678 5095 ’
721 5085 792 5143 X.
822 5083 986 5142 οδείε.
1018 5113 1090 5126 -
1116 5082 1335 5140 Talibus
1371 5082 1548 5140 etiam
1579 5079 1783 5138 οιοοωο
1823 5078 1919 5136 Dei
1961 5080 2212 5136 sacerdos
2312 5098 2440 5145 utut.
2467 5087 2660 5143 Avibus
2678 5085 2918 5157 imperat.
2939 5107 3014 5126 —-
3039 5093 3070 5124 ο
3088 5080 3244 5139 ‘I'uue
3263 5088 3445 5139 autem
3469 5097 3634 5139 causa
3659 5081 3736 5139 illi
3755 5096 3877 5138 eve-

655 5177 855 5260 mundo
875 5174 1074 5256 claruit
1096 5172 1408 5241 miraculis;
1435 5171 1569 5228 etin
1594 5169 1740 5226 omni
1767 5168 1875 5260 vita
1903 5177 1960 5226 et
1985 5166 2210 5258 conver-
2313 5185 2487 5244 nem,
2511 5190 2617 5250 qua
2642 5188 2860 5232 necesse
2878 5169 3066 5228 habuit
3081 5167 3478 5228 Oendstenscm
3501 5168 3748 5230 dimensis
3763 5182 3876 5224 sum

655 5387 657 5390 .
726 5360 756 5391 ι
784 5345 1023 5413 Paulini,
1050 5345 1292 5413 episcopi
1329 5336 1558 5402 Μ’
1585 5326 1709 5402 vid.
1763 5343 1958 5401 Baron.
2017 5298 2212 5400 Annal.
2314 5345 2396 5402 bit
2420 5341 2478 5413 s.
2505 5340 2666 5410 ρης.
2694 5338 2895 5413 τηε-ρο.
2918 5335 3061 5413 iiist.
3093 5335 3286 5396 σωκ.
3313 5306 3522 5413 me}...
3548 5349 3668 5406 cap.
3701 5333 3786 5413 ῃ.

660 5403 1502 5488 tom.],pag'.i5,ntim.i7._
1608 5458 1609 5461 η
1743 5481 1757 5488 Α
1907 5481 1921 5488 _
2387 5403 3855 5488 conmuncmisinciummngexmnitbemensisae

567 5493 586 5511 ·’
663 5458 1790 5568 Tum?“
1829 5481 2060 5568 r3999!
2081 5492 2219 5568 P0?!
2317 5458 2881 5568 ιιιεξέῖέἓῐυῖηῖξιίξ

590 5603 593 5607 ,
663 5550 914 5624 sanetum
930 5550 1220 5624 Iartinuin
1231 5568 1248 5617 ;
1271 5550 1468 5624 gilijd
1508 5550 1812 5624 sepulcrum
1849 5550 2010 5622 hujus
2040 5550 2220 5624 sancti

2316 5576 2319 5578 -
2387 5550 2414 5591 ἀ
2441 5549 2519 5604 Ex
2550 5562 2653 5603 ms.
2683 5543 2816 5604 Cod.
2836 5547 3199 5603 Puteauorum
3217 5543 3468 5600 fratrum.

1271 5609 2001 5692 liasiiicam-feujustigurim
2023 5621 2220 5701 descri-
2356 5624 2360 5628 '
2396 5631 2418 5660 ο
2442 5617 2519 5676 Ex
2541 5617 2764 5690 epistola
2793 5615 2978 5689 Severi
3005 5615 3075 5673 ad
3093 5611 3367 5683 ﬂuuium,
3393 5610 3582 5685 paucis
3599 5609 3842 5671 mutatis.
