4262 6198
583 233 686 286 665
1443 228 1501 280 Β.
1543 229 1603 281 F.
1646 225 1869 279 ALBlNl
1910 223 2039 278 SEU
2081 223 2161 275 AL

2291 220 2354 275 Ni
2394 216 2675 276 UPERL'M
2713 220 2890 276 PARS
2930 220 2989 275 Υ.
3111 251 3118 257 -
3718 218 3819 271 664

583 346 759 398 vicum
790 344 962 406 adire,
1008 352 1066 395 ut
1092 340 1301 395 clericis
1330 341 1471 393 inter
1496 355 1552 394 se
1584 340 1835 393 Ecclesiae
1866 336 2005 393 illius
2040 338 2145 393 dis—
2174 342 2217 398 Α
2250 346 2414 400 ctum,
2441 343 2752 409 nec‘morte
2784 334 3096 389 vincendum
3121 376 3134 397 ,
3184 332 3275 403 qui
3316 346 3413 387 nec
3456 330 3592 387 mori
3619 330 3816 396 timuit,

582 431 925 486 cordantibus
948 446 1135 499 pacem
1166 428 1501 484 rcformaret.
1536 428 1599 482 Et
1622 428 1745 482 licet
1768 428 1925 482 finem
1945 428 2154 481 dierum

580 536 801 575 suorum
833 520 1064 574 adfuisse
1098 520 1509 590 non-ignoraret
1529 560 1542 583 ,
1589 519 1855 588 proﬁcisci
1882 529 2057 572 tamen
2086 519 2155 571 ob

582 612 882 667 istiusmodi
923 627 1141 665 causam
1188 627 1290 664 non
1332 612 1634 675 recusavit,
1677 626 1979 664 memorans
2027 609 2155 665 illud

583 704 943 773 evangelicum
971 719 984 756 :
1023 704 1172 758 Beati
1206 704 1444 773 paciﬁci,
1474 704 1719 774 quoniam
1747 704 1846 771 ﬁlii
1878 702 1976 755 Dei
2005 720 2157 756 voca-

584 796 802 846 buntur:
832 793 1121 863 volensque
1141 808 1329 862 pacem
1352 793 1603 847 omnibus
1627 794 1951 870 relinquere,
1975 808 2156 851 exem-

582 887 671 955 plo
695 886 901 939 Domini
930 886 983 939 in
1009 886 1093 941 die
1122 885 1453 940 ascensionis
1478 900 1586 939 sure
1615 883 1872 953 apostolis
1893 883 2152 938 dicentis:

583 977 771 1029 Pacem
810 975 1038 1046 reiinquo
1069 976 1225 1037 t'obis,
1256 992 1433 1046 pacem
1465 991 1631 1029 meam
1659 976 1726 1027 do
1752 975 1907 1028 vobis.
1942 972 2008 1028 In
2029 990 2157 1043 pace

582 1084 669 1119 ros
694 1067 889 1129 dimisi,
926 1066 977 1119 in
1001 1082 1126 1135 pace
1156 1083 1242 1119 vos
1271 1066 1549 1117 inveniam.
1585 1062 1825 1133 Cumque
1866 1064 1968 1118 hac
1995 1078 2154 1116 causa

581 1174 703 1211 cum
737 1157 990 1211 familiari
1020 1156 1401 1227 discipulorum
1427 1157 1691 1210 comitatu
1724 1156 1826 1209 iter
1852 1162 2153 1225 perageret,

584 1266 796 1320 mergos
839 1252 892 1305 in
925 1248 1143 1304 (lumine
1178 1250 1322 1303 videt
1356 1249 1583 1319 piscium
1628 1246 2028 1301 multitudinem
2059 1248 2151 1299 ca”-

582 1348 813 1407 ptantes,
846 1347 899 1392 et
941 1339 1109 1393 dixit:
1141 1337 1337 1392 Forma
1380 1339 1494 1392 hzec
1542 1338 1842 1408 daemonum
1874 1342 1973 1388 est.
2006 1334 2155 1389 Tunc

584 1429 685 1482 illis
714 1428 917 1498 potenti
942 1428 1141 1483 virtute
1164 1428 1451 1481 verborum
1478 1426 1781 1495 imperavit,
1812 1433 1868 1479 ut
1891 1440 2012 1480 eum
2034 1438 2154 1493 gul"

583 1520 743 1586 gitem
771 1519 1133 1588 relinquentes
1160 1518 1307 1573 arida
1337 1518 1653 1588 desertaque
1676 1523 1990 1588 appeterent
2012 1515 2149 1571 loca.

584 1610 885 1679 Statimque
907 1610 1100 1663 mirum
1126 1608 1177 1662 in
1199 1608 1415 1663 modum
1442 1622 1628 1662 omnes
1654 1607 1706 1660 in
1728 1621 1831 1660 una
1858 1606 2012 1682 turba
2033 1621 2154 1661 con-

2258 442 2355 482 nec
2378 427 2557 481 vivere
2579 426 2870 482 recusavit!
2893 424 2997 478 Sed
3021 438 3140 477 cum
3169 438 3198 476 a
3220 423 3493 492 discipulis
3521 429 3822 492 rogaretur,

2256 528 2317 573 ut
2352 526 2648 573 stramenta
2685 515 2783 571 sub
2808 518 2881 570 'se
2928 512 3127 568 faceret
3162 514 3320 583 poni,
3362 513 3412 566 vi
3457 512 3683 583 febrium
3724 526 3826 581 per

2256 612 2457 679 aliquot
2485 608 2599 663 dies
2639 605 2915 669 laborans,
2956 606 3073 659 Non
3102 605 3275 669 decet,
3317 603 3506 675 inquit,
3553 602 3667 666 filii,
3711 615 3821 657 non

2257 700 2406 753 decet
2429 696 2813 760 Christianum,
2840 696 2943 751 nisi
2966 696 3019 748 in
3046 694 3225 748 cinere
3250 702 3302 746 et
3327 692 3503 748 cilicio
3521 691 3690 757 mori;
3722 705 3826 760 ego

2256 788 2419 851 enim,
2448 788 2491 841 si
2522 786 2665 839 aliud
2692 785 2845 841 vobis
2875 784 3065 852 reliqui
3092 783 3414 851 exemplum,
3444 782 3555 850 ipse
3575 780 3819 851 peccavi.

2256 875 2321 943 Et
2353 892 2473 929 cum
2502 876 2695 928 iterum
2727 889 2755 927 a
2801 873 3148 944 presbyteris,
3178 873 3271 940 qui
3301 871 3367 929 ad
3392 871 3508 943 ejus
3534 867 3822 947 infirmita-

2257 976 2363 1021 tem
2394 974 2674 1029 venerant,
2698 974 2997 1035 rogaretur,
3024 972 3083 1017 ut
3104 962 3475 1031 corpusculum
3499 960 3682 1034 lateris
3706 974 3822 1013 mu-

2259 1062 2459 1115 tatione
2489 1060 2769 1123 rclevaret,
2800 1058 2989 1121 Sinite,
3028 1056 3220 1125 inquit,
3268 1056 3427 1110 sinite
3471 1069 3573 1119 me,
3604 1054 3819 1117 fratres,

2256 1155 2435 1223 ponus
2460 1153 2653 1207 cmlum
2681 1167 2842 1229 quam
2874 1159 3070 1204 terram
3100 1149 3300 1213 videre,
3333 1156 3393 1201 ut
3418 1147 3473 1201 in
3506 1162 3603 1202 suo
3631 1147 3825 1201 itinere

2251 1244 2361 1313 jam
2394 1243 2569 1296 iturus
2594 1241 2659 1295 ad
2686 1238 2969 1294 Dominum
2990 1254 3141 1292 meus
3166 1237 3384 1307 spiritus
3410 1236 3688 1307 dirigatur.

2328 1332 2442 1386 XV.
2478 1330 2624 1384 Inter
2642 1330 2901 1401 angelicas
2924 1329 3140 1398 hymnos
3169 1328 3397 1382 animam
3421 1327 3546 1396 agit.
3574 1355 3641 1365 —
3669 1324 3830 1392 Anno

2260 1423 2421 1492 igitur
2441 1420 2616 1474 aetatis
2644 1434 2753 1473 sua:
2782 1434 2967 1483 LXXXI,
2994 1427 3047 1472 et
3075 1418 3413 1487 episcopatus
3435 1416 3514 1471 sui
3539 1431 3686 1483 xxvr,
3711 1430 3827 1477 ma-

2259 1514 2411 1568 turus
2439 1512 2595 1566 annis
2619 1519 2675 1565 et
2708 1510 2952 1579 moribus
2980 1511 3119 1581 apud
3144 1509 3534 1565 Condatensem
3577 1508 3831 1565 dimcesia

2258 1617 2367 1667 sua:
2395 1601 2597 1664 vicum.
2630 1606 2701 1652 ut
2747 1598 3001 1663 diximus,
3046 1599 3272 1653 feliciter
3303 1599 3521 1671 recessit
3550 1613 3581 1651 a
3608 1595 3826 1652 saaculo.
3902 1594 3909 1599 ’

580 1708 811 1769 gregatae
832 1699 1021 1753 relicto
1049 1698 1267 1753 ﬂumine
1308 1705 1517 1773 montes
1560 1697 1827 1781 silvasque
1861 1698 2149 1777 petierunt.
2168 1682 2363 1776 _
2387 1693 2527 1746 inter
2555 1690 2735 1746 divina
2763 1705 2929 1745 sacra:
2950 1689 3344 1760 praedicationis
3367 1690 3553 1752 verba,
3584 1701 3703 1739 cum
3732 1700 3826 1738 an-

582 1791 645 1843 Et
674 1790 919 1844 admirati
955 1800 1099 1859 sunt,
1124 1790 1223 1862 qui
1254 1784 1412 1847 simul
1445 1794 1687 1857 aderant,
1721 1778 1896 1848 :talem
1928 1796 1981 1848 in
2010 1794 2154 1847 Mar-

580 1881 692 1933 tino
720 1897 839 1935 esse
873 1882 1147 1946 virtutem,
1176 1890 1236 1938 ut
1261 1884 1427 1938 etiam
1461 1886 1651 1939 avibus
1677 1886 1790 1940 sive
1824 1884 2158 1940 dzemonibus

583 1972 868 2037 imperaret
896 1988 990 2041 per
1015 1958 1250 2044 gratiam
1278 1973 1392 2029 Dei.

651 2063 786 2115 XIV.
818 2063 1066 2134 [ΒΨ-οιαὶ
1091 2079 1108 2116 :
1138 2066 1428 2139 molliorem
1454 2066 1642 2121 lectum
1684 2070 1781 2121 sibi
1806 2069 1967 2122 sterni
2003 2084 2152 2141 recu-

578 2163 678 2206 sat.
710 2183 779 2191 —-
807 2152 1047 2222 Cumque
1074 2154 1129 2208 in
1160 2155 1251 2209 illo
1275 2156 1415 2221 vico,
1448 2158 1516 2211 ad
1563 2172 1722 2227 quem
1765 2159 1921 2223 ierat,
1968 2158 2177 2229 paucis

506 2257 514 2267 ν
580 2242 765 2296 diebus
789 2253 1322 2313 commoratus,paec
1344 2248 1485 2309 inter
1507 2246 1735 2302 clericos
1754 2249 2022 2314 restituta,
2038 2248 2151 2317 jam

578 2330 787 2398 regredi
834 2332 900 2386 ad
927 2335 1314 2403 monasterium
1354 2337 1633 2407 cogitaret,
1665 2338 1870 2393 viribus
1910 2342 2156 2409 corporis

578 2423 741 2491 cmpit
772 2433 990 2491 repente
1022 2425 1238 2481 destitui
1266 2445 1279 2492 ;
1312 2430 1728 2501 convocatisque
1753 2432 2048 2501 discipulis,
2072 2434 2155 2487 in-

577 2512 777 2566 dicavit
810 2516 890 2569 eis
927 2515 1037 2586 jam
1075 2517 1265 2572 adesse
1307 2525 1518 2589 tempus
1561 2520 1857 2574 resolvendi
1907 2523 2154 2590 spiritum

576 2600 693 2671 ejus
716 2619 746 2655 a
771 2619 1017 2673 corpore.
1052 2605 1204 2659 Tunc
1231 2622 1359 2661 vero
1387 2607 1559 2662 luctus
1581 2616 1636 2662 et
1662 2625 1864 2664 mceror
1886 2614 2151 2679 omnium,

575 2705 679 2747 vox
703 2708 808 2747 una
836 2695 1203 2765 plangentium
1233 2696 1607 2774 etdicentium
1635 2716 1647 2751 :
1690 2698 1798 2753 Cur
1822 2716 1939 2765 nos,
1969 2699 2153 2769 Pater,

536 2810 539 2811 ν
577 2778 803 2846 deseris,
850 2791 942 2836 aut
982 2783 1067 2837 cui
1112 2799 1209 2839 nos
1240 2784 1507 2841 desolatos
1552 2787 1853 2857 relinquis?
1897 2789 2155 2846 lnvadent

576 2870 718 2924 enim
748 2885 962 2943 gregem
991 2883 1139 2929 tuum
1168 2876 1277 2945 lupi
1313 2885 1552 2949 rapaces.
1583 2877 1650 2931 Et
1677 2879 1800 2949 quis
1824 2895 1921 2935 nos
1942 2896 2155 2953 arapa-

577 2960 831 3015 citatibus
875 2975 1085 3029 eorum,
1136 2972 1190 3017 te
1237 2969 1540 3033 recedente,
1592 2967 1887 3024 defendet?
1937 2971 2153 3029 Scimus

577 3051 793 3118 quidem
823 3058 875 3107 tc
895 3051 1204 3108 desiderare
1245 3054 1519 3111 Christum
1539 3096 1556 3123 ,
1582 3060 1677 3113 sed
1720 3058 1865 3115 salva
1890 3061 1986 3116 tibi
2014 3078 2151 3131 prie-

576 3139 684 3194 mia
712 3148 825 3207 tua,
854 3156 954 3199 nec
979 3142 1140 3199 dilata
1183 3145 1520 3215 minuentur;
1568 3150 1739 3205 nostri
1782 3152 1963 3221 potius
1991 3153 2154 3208 mise.

576 3246 716 3287 rere.
761 3232 912 3289 Tunc
961 3233 1052 3290 ille
1099 3246 1278 3293 motus
1327 3253 1514 3295 eorum
1564 3233 1777 3299 ﬂetibus
1822 3241 2153 3316 lacrymasse

576 3323 919 3394 perhibetur;
945 3343 1345 3413 conversusque
1375 3334 1443 3390 ad
1465 3334 1751 3393 Dominum
1773 3338 1999 3410 supplici
2020 3354 2153 3396 voce

575 3414 711 3469 dixit
729 3416 758 3468 :‘
775 3414 1018 3485 Domine,
1047 3420 1094 3475 si
1121 3422 1297 3478 adhuc
1317 3426 1514 3494 populo
1536 3435 1628 3483 tuo
1648 3444 1766 3499 sum
1790 3431 2151 3501 necessarius,

574 3520 682 3561 non
704 3519 899 3562 recuso
920 3507 1195 3577 laborem;
1230 3510 1323 3567 ﬁat
1347 3514 1594 3570 voluntas
1624 3524 1733 3571 tua.
1762 3514 2028 3575 Nimirum
2054 3536 2151 3576 ne-

576 3596 781 3653 sciebat
809 3599 936 3669 quid
962 3602 1143 3671 potius
1169 3604 1352 3659 mallet
1378 3623 1390 3657 :
1437 3605 1583 3683 quia.
1617 3622 1717 3662 nec
1745 3608 1855 3681 hos
1878 3610 2151 3681 deserere,

577 3700 675 3741 nec
705 3703 735 3742 a
758 3688 973 3745 Christo
1002 3693 1219 3748 volebat
1246 3694 1448 3751 diutius
1471 3696 1728 3765 separari.
1761 3697 1904 3754 Nihil
1928 3699 2071 3754 enim
2095 3699 2151 3754 in

576 3786 701 3829 voto
730 3792 828 3832 suo
856 3796 1059 3847 ponens
1082 3786 1262 3840 omnia
1303 3786 1419 3843 haec
1460 3788 1517 3844 in
1557 3788 1651 3843 Dei
1681 3791 1905 3847 arbitrio
1945 3791 2152 3847 dimisit

578 3866 796 3922 dicens:
820 3867 1127 3939 Domine,si
1153 3876 1328 3931 adhuc
1357 3893 1441 3933 me
1467 3879 1547 3934 vis
1576 3880 1630 3934 in
1657 3864 1882 3950 corpore
1908 3898 2147 3951 manere,

576 3970 685 4011 non
736 3972 925 4013 recuso
969 3960 1206 4017 laborem
1231 3977 1245 4016 :
1278 3972 1332 4019 et
1362 3954 1405 4019 si
1439 3968 1619 4035 parcis
1641 3970 1811 4034 aetati,
1840 3971 2040 4027 bonum
2066 3980 2167 4028 est.

583 4048 746 4102 mihi:
771 4051 865 4105 fiat
891 4052 1137 4109 voluntas
1165 4063 1274 4110 tua.
1305 4054 1416 4112 Hos
1436 4067 1635 4125 autem,
1657 4058 1724 4116 de
1750 4061 1946 4131 quibus
1964 4062 2145 4130 timeo,

579 4146 639 4192 tu
676 4140 787 4209 ipse
816 4142 1042 4198 custodi.
1080 4141 1124 4200 Ο
1152 4145 1325 4201 virum
1360 4146 1701 4213 inelfabilem,
1730 4165 1831 4206 nec
1866 4151 2049 4207 labore
2071 4151 2149 4208 vi-

2257 1774 2769 1869 gelicisftelestium
2798 1774 3118 1853 hymnorum
3152 1779 3371 1849 vocibus
3391 1820 3405 1841 ,
3434 1774 3828 1833 circumstanti-

2256 1880 2357 1934 bus
2386 1865 2820 1939 suig’discipulis,
2853 1869 3025 1939 gratia
3056 1868 3243 1938 plenus
3271 1874 3326 1919 et
3365 1865 3665 1930 sanctitate,
3698 1878 3827 1941 sane

2256 1978 2398 2025 ctam
2424 1967 2552 2024 Jesu
2586 1954 2804 2031 animo
2834 1958 3053 2019 tradidit
3081 1958 3340 2027 animam.
3392 1955 3540 2025 Multi
3584 1954 3728 2010 enim
3770 1952 3828 2006 in

2256 2059 2373 2129 ejus
2420 2061 2651 2114 transitu
2690 2038 3178 2129 vdaegqaudierunt
3226 2046 3535 2118 angelorum
3579 2052 3829 2125 sanctum

2254 2126 2545 2208 Martinum
2574 2126 3168 2221 laudaniimﬁﬁeuanta
3204 2150 3381 2195 autem
3429 2139 3712 2194 multitudo
3761 2136 3830 2191 ad

2254 2246 2369 2315 ejus
2390 2228 3422 2315 obsequium,convenerighr‘t‘fifi‘non
3448 2238 3643 2300 Ροῑθεῑ·
3678 2228 3831 2284 Mum

2254 2337 2398 2393 enim
2438 2354 2501 2393 ex
2541 2336 2731 2392 vicinis
2764 2337 2984 2391 urbibus
3027 2343 3083 2391 et
3126 2319 3477 2393 monasm
3496 2330 3654 2390 auille
3695 2319 3833 2373 “(iis

2255 2444 2379 2483 cum
2400 2428 2655 2498 lacrymis
2674 2434 2951 2490 venerunt,
2980 2440 3083 2501 una
3111 2440 3240 2482 voce
3272 2411 3828 2501 sanctum‘ﬂfi‘unum

2254 2517 2515 2587 lugentes.
2566 2516 2610 2572 0
2654 2523 2884 2586 quantus
2932 2522 3047 2569 erat
3082 2515 3259 2571 luctus
3302 2518 3542 2580 omnium
3568 2505 3833 2587 Γέιξθηίθ

2253 2607 2525 2677 praecipue
2555 2606 2785 2660 lamenta
2811 2605 3194 2670 monachorum
3240 2619 3293 2660 et
3330 2607 3594 2677 virginum
3640 2602 3831 2677 (ἥδεθ’

2256 2697 2412 2763 tium,
2441 2697 2567 2766 quia
2597 2695 2741 2765 pium
2774 2708 2855 2750 est
2888 2698 3121 2766 gaudere
3169 2695 3416 2763 Martino,
3465 2704 3520 2751 et
3561 2697 3706 2766 pium
3737 2688 3831 2766 ἶλέῑ

2254 2784 2382 2841 ﬂere
2408 2784 2716 2842 Martinum.
2750 2784 2904 2840 Pium
2931 2785 3074 2839 enim
3109 2794 3229 2843 erat
3266 2801 3388 2841 eum
3433 2786 3633 2853 vivere,
3678 2748 3833 2858 piuiii

2252 2885 2372 2952 erat
2400 2886 2455 2932 et
2476 2877 2614 2932 mori
2640 2892 2653 2946 ;
2687 2877 2810 2946 quia
2837 2878 2890 2931 in
2919 2878 3026 2931 vita
3055 2892 3149 2932 sua
3172 2878 3445 2947 placuerat
3471 2878 3596 2933 Deo.
3808 2880 3822 2952 λ

2324 2926 2462 3023 ivi.
2480 2926 3026 3037 ’ἳζιῖοῐιίέζέρὲἰίιῌὲἷ
3046 2926 3600 3038 Ϊιιῖἷυὲἶιζᾷζιεῖιὲἷιὶ
3632 2926 3939 3079 οονριιεθιΧ

2257 3075 2288 3113 a
2312 3059 2849 3123 clericiscivitatum,
2878 3066 2932 3113 et
2963 3058 3282 3127 populorum
3318 3058 3487 3114 turbis
3506 3098 3521 3124 ,
3562 3073 3682 3114 cum
3711 3058 3827 3115 lau-

2255 3149 2412 3211 dibus
2438 3156 2492 3203 et
2527 3149 2740 3221 hymnis
2780 3150 2849 3202 ad
2884 3148 3205 3217 Turonicam
3230 3156 3501 3218 portatum
3529 3156 3611 3203 est
3640 3147 3827 3203 civita-

2255 3248 2390 3309 tem,
2424 3241 2606 3310 ibique
2642 3255 2762 3295 cum
2790 3256 2984 3313 magna
3025 3232 3367 3313 veneratione
3411 3240 3672 3310 sepultum
3716 3247 3826 3304 est,

2255 3337 2576 3402 assequente
2602 3344 2725 3385 eum
2751 3330 2955 3387 cmlesti
2986 3331 3142 3385 turba
3192 3345 3314 3385 cum
3345 3328 3653 3396 cgelestibus
3674 3328 3828 3398 hym-

2255 3424 2340 3479 nis
2364 3437 2537 3495 usque
2563 3422 2632 3477 ad
2656 3421 2830 3478 locum
2854 3420 3102 3493 sepulcri.
3126 3420 3183 3476 In
3212 3436 3319 3492 quo
3342 3429 3527 3490 postea
3551 3420 3668 3476 loco
3698 3418 3831 3473 bea-

2254 3522 2340 3569 tus
2366 3514 2594 3569 antistes
2625 3512 2920 3583 Perpetuus
2953 3528 3145 3568 novam
3194 3511 3445 3567 laudabili
3491 3526 3652 3580 opere
3697 3524 3828 3565 con-

2253 3606 2451 3660 struxit
2477 3590 2782 3669 ecclesiam,
2806 3604 2942 3661 tanti
2981 3605 3195 3675 patroni
3233 3604 3459 3674 talisque
3492 3598 3597 3657 viri
3634 3601 3823 3663 condi—

2252 3706 2410 3762 gnam
2436 3693 2663 3749 meritis.
2688 3693 2745 3747 In
2764 3709 2876 3771 qua
2905 3695 3069 3771 etiam
3088 3709 3257 3763 usque
3282 3695 3440 3755 hodie
3463 3692 3630 3747 multa
3657 3691 3824 3745 mira-

2253 3783 2495 3840 culorum
2519 3783 2692 3855 signa,
2719 3768 2962 3852 plurima:
2988 3784 3279 3837 sanitatum
3302 3783 3549 3847 virtutes,
3578 3780 3822 3841 consola-

2254 3876 2430 3931 tiones
2453 3874 2815 3938 mmrentium,
2847 3882 2901 3927 et
2924 3873 3146 3944 pietates
3171 3875 3486 3940 hetantium,
3529 3881 3821 3943 praestante

2254 3968 2480 4024 Domino
2512 3976 2697 4024 nostro
2722 3967 2848 4024 Jesu
2885 3967 3119 4033 Christo,
3162 3966 3281 4022 ﬁeri
3323 3967 3530 4023 solent:
3567 3968 3659 4038 qui
3690 3964 3823 4020 vivit

2255 4066 2307 4112 et
2340 4067 2529 4128 regnat
2578 4061 2879 4145 in.unitate
2922 4058 3251 4127 maiestatis,
3280 4075 3377 4129 per
3418 4060 3596 4115 omnia
3624 4055 3821 4116 mula

2218 4178 2229 4187 -
2255 4149 2595 4206 saeculorum.
2631 4150 2822 4207 Amen.

647 4285 674 4314 ι
701 4272 948 4331 Clausula
972 4276 1086 4332 haec
1106 4274 1293 4334 eadem
1332 4288 1417 4336 est
1457 4296 1519 4337 ac
1558 4284 1909 4353 praecedentis
1933 4283 2145 4357 scripti,
2182 4299 2344 4357 supra
2367 4273 2516 4340 num.
2550 4286 2637 4341 Η.

610 4414 3802 4441 Mm

1238 4570 1393 4643 163
1450 4543 2292 4665 OPUSCULUM
2377 4545 3177 4666 SECUNDUM.

1091 4775 1338 4856 VITA
1391 4776 1468 4859 S.
1523 4780 1962 4860 VEDASTI
2019 4782 2481 4863 EPISCOPI
2523 4786 3309 4881 ATREBATENSIS,

1768 4956 2019 5037 Scripta
2048 4962 2215 5043 circa
2240 4982 2467 5023 annum
2504 4966 2641 5028 800.

2045 5106 2318 5121 ————_—

640 5188 963 5247 Dulcissimo
986 5188 1287 5246 dilectionis
1314 5190 1425 5247 ﬁlio
1455 5191 1662 5247 Radoni
1695 5188 1718 5231 ἀ
1752 5189 1929 5246 abbati
1970 5190 2146 5246 humi-
2172 5194 2225 5254 υ
2315 5193 2354 5249 Ι.
2404 5194 2713 5276 Dilectionjs
2750 5203 2955 5267 vestrm
2979 5199 3279 5259 venerabile
3318 5214 3639 5276 praeceptum
3667 5221 3817 5264 secu-

567 5281 635 5343 lis
660 5281 819 5368 levita
847 5279 1072 5336 Albinus
1095 5279 1339 5337 salutem.

644 5470 668 5498 ι
710 5456 936 5513 Radani.
971 5456 1192 5521 Surius,
1227 5438 1453 5509 Rodani.
1486 5455 1537 5511 is
1563 5457 1728 5515 abbas
1752 5458 1923 5515 factus
1962 5471 2143 5513 mona-

568 5528 720 5602 sterii
750 5525 1325 5602 Vedastinianno‘795
1356 5527 1761 5602 monasterium,
1802 5530 2060 5602 templum
2087 5537 2142 5584 et

570 5598 771 5657 cultum
800 5600 967 5661 sancti
1001 5598 1219 5657 Vedasti
1246 5595 1496 5655 maximis
1524 5598 1843 5672 sumptibus
1872 5595 2140 5658 instaura-

2252 5291 2356 5349 tus,
2372 5284 2549 5342 Vitam
2579 5266 2750 5344 sancti
2779 5285 2997 5373 Vedasti
3024 5289 3200 5349 Patris
3230 5266 3399 5351 vestri
3417 5303 3473 5352 et
3490 5266 3816 5356 intercesso-

2248 5464 2438 5546 vit;__et
2474 5468 2758 5546 anno;8_15
2784 5459 2941 5546 obiit,
2974 5482 3135 5546 prout
3172 5473 3368 5546 legitur
3383 5475 3448 5546 _in
3474 5473 3674 5531 Chron.
3711 5472 3815 5527 Ve-

2247 5532 2629 5666 ξίῃεέῐξίῗεοῒέἓιὰ
2670 5532 3001 5599 ιοςῆιιωέὶ
3030 5532 3336 5603 Franc.V‘Le
3377 5544 3483 5601 Bar
3526 5546 3580 5601 in
3627 5558 3815 5600 monu-

3954 3154 4019 3243 κθ

4046 3414 4075 3455 κ

4042 3790 4073 3876 ἐ

4053 3901 4082 3955 9

3942 5164 3991 5689 ς
4130 5434 4159 5531 ὲ

4010 5692 4015 5699 ν
4142 5656 4159 5701 1

3872 5710 4201 6182 Ξ

4080 5840 4081 5843 η
4146 5822 4159 5849 4
