4262 6206
0 295 92 361 iuit,

0 395 97 454 :lur,

13 585 99 627 BOD

0 754 100 807 :avi.

0 1144 110 1184 tDCIC

0 5292 171 5354 “cur
257 4921 546 6146 1

0 5384 172 5451 W
255 5397 292 5476 ζ

0 5551 173 5629 συνεί
279 5505 284 5512 ί

11 5636 175 5701 ωοη⁰⁶

839 184 940 241 eos
1174 214 1176 218 τ
1421 146 1424 148 ⁷
1786 157 2358 241 nioioorurmca.
2393 214 2406 225 -

2501 185 2660 241 VITA
2703 185 2758 241 S.
2801 185 3109 243 VEDASTI.
3938 191 4042 244 666

839 298 915 353 ris
969 295 1139 352 nostri
1162 336 1178 362 ,
1229 296 1519 353 emendare
1560 298 1736 354 studui
1762 311 1786 340 ι
1813 317 1826 352 :
1851 314 1957 354 non
2004 301 2145 369 quod
2190 299 2386 369 aliquid
2417 306 2460 362 Α
2489 300 2776 355 sobrietate
2805 302 3002 365 ornati,
3033 316 3137 354 non
3162 300 3407 355 ebrietati
3436 302 3667 366 assueti;
3697 317 3919 373 quorum
3947 306 4045 359 h0-

837 387 976 442 illius
999 385 1462 442 excellentissimis
1490 388 1696 442 meritis
1724 389 1942 460 dignum
1968 391 2269 453 valuissent,
2295 390 2388 444 sed

837 477 977 546 quod
1022 476 1155 530 nihil
1205 484 1308 533 tute
1353 478 1666 558 reverentiae
1697 477 1862 545 jussis
1910 479 2173 550 denegare
2217 487 2388 532 ratum

789 631 794 636 _
835 569 1036 640 putavi.
1077 568 1281 622 Idcirco
1308 567 1373 622 ad
1407 575 1455 622 te
1495 567 1720 620 maxima
1762 566 1943 639 [Boll.,
1979 567 2233 638 maxime]
2270 584 2391 638 pcr-

836 658 1008 712 tinent
1028 657 1215 710 harum
1240 656 1354 712 laus
1376 657 1461 712 vel
1487 658 1807 727 vituperatio
1828 657 2141 711 litterarum.
2175 658 2389 712 Utinam

837 751 927 805 tibi
975 757 1030 804 et
1072 748 1347 812 fratribus,
1376 750 1774 819 qualescunque
1818 751 1945 814 sint,
1975 750 2237 820 placeant.
2289 750 2390 804 De-

833 855 1023 910 precor
1056 848 1253 905 autem,
1284 848 1344 892 ut
1371 855 1545 894 meum
1573 841 1807 898 laborem
1849 842 2147 894 orationum
2190 850 2391 894 vestra—

832 947 947 985 rum
978 933 1169 986 solatio
1204 947 1548 987 remunerare
1573 933 1892 1004 dignemini;
1926 943 1980 986 ct
2016 949 2151 987 unus
2183 949 2389 988 merear

831 1034 951 1075 esse
979 1029 1214 1075 vestrum
1247 1021 1301 1075 in
1337 1021 1615 1075 charitatis
1641 1023 2013 1077 communione
2042 1038 2054 1075 :
2080 1023 2220 1077 illius
2249 1039 2388 1077 sem-

826 1124 926 1180 per
955 1123 1221 1165 memores
1244 1112 1500 1177 mandati,
1527 1112 1620 1181 qui
1647 1113 1780 1166 dixit
1803 1131 1815 1165 :
1841 1112 1955 1166 Hoc
1981 1123 2056 1166 est
2077 1126 2387 1184 pra'ceptum

829 1214 1019 1264 meum,
1063 1208 1118 1250 ut
1159 1198 1388 1269 diligatis
1432 1201 1647 1256 invicem
1692 1201 1870 1274 (Joan'.
1899 1203 2129 1273 xv,12).
2183 1205 2239 1256 In
2285 1205 2386 1260 hoc

830 1289 972 1342 enim
1001 1291 1252 1354 mandato
1293 1292 1531 1345 omnium
1574 1293 1719 1348 salus
1745 1295 2026 1349 consistit:
2050 1295 2151 1349 hoc
2177 1296 2386 1349 cunctis

827 1380 1288 1448 pernecessarium
1316 1394 1438 1434 esse
1457 1390 1769 1446 constat,-et
1797 1384 2026 1451 maxime
2056 1385 2120 1438 iis
2150 1385 2238 1453 qui
2269 1399 2386 1454 gre-

827 1489 945 1546 gem
992 1473 1192 1538 Christi
1244 1474 1532 1545 regendum
1586 1476 1869 1545 accipiunt.
1932 1476 2266 1547 Quapropter
2305 1485 2380 1543 tu,

827 1565 1162 1629 charissime,
1193 1582 1408 1640 gregem
1432 1582 1592 1636 quem
1636 1568 1886 1636 accepisti
1933 1568 2246 1637 regendum,
2279 1565 2386 1621 fia-

2487 400 2670 445 nestas
2694 392 2816 444 vitze
2837 391 2952 446 aliis
2975 389 3136 461 .164
3158 392 3229 446 sit
3254 391 3492 446 doctrina
3520 392 3732 456 salutis;
3756 410 4042 464 curamque

2485 482 2681 551 ubique
2709 482 2905 536 habeas
2937 484 3164 536 maxime
3191 498 3500 552 pauperum,
3529 485 3826 549 viduarum,
3856 487 4046 555 orpha-

2488 588 2698 638 norum,
2731 583 2789 627 ut
2809 575 2991 628 audias
3011 576 3071 628 .in
3098 575 3183 630 die
3209 577 3482 630 tremendo
3506 591 3536 628 a
3573 576 3801 632 Domino
3829 576 4046 635 Christo

2487 678 2606 717 cum
2641 663 2756 717 aliis
2794 664 3182 734 eleemosynam
3218 664 3561 719 facientibus:
3592 664 3834 729 Quandiu
3861 669 3949 719 uni
3981 683 4044 720 ea:

2488 754 2566 807 his
2589 756 2809 808 minimis
2831 756 3044 824 fecistis,
3068 757 3194 808 milii
3217 756 3408 824 fecistis
3437 755 3645 825 (Matth.
3671 774 3760 820 xv,
3782 758 3888 826 40).
3917 759 4046 812 Esto

2490 845 2700 898 miseris
2732 854 2790 896 ut
2822 853 2991 912 pater,
3025 853 3079 897 et
3108 860 3322 898 causam
3371 845 3438 900 ad
3471 855 3519 898 te
3549 846 3890 899 clamantium
3926 847 4045 900 dili-

2488 941 2673 1002 genter
2710 932 2937 994 discute,
2969 942 3023 987 et
3048 949 3204 1002 parce
3241 935 3293 987 in
3326 943 3377 988 te
3417 936 3790 1003 peccantibus,
3816 945 3875 988 ut
3904 936 4044 990 Deus

2491 1020 2594 1074 tuis
2627 1029 2807 1088 pareat
2834 1023 3087 1089 peccatis.
3133 1023 3260 1077 Esto
3290 1023 3466 1091 justus
3505 1025 3557 1076 in
3597 1025 3836 1093 judieiis,
3869 1033 3925 1080 et
3951 1027 4048 1078 mi-

2490 1110 2716 1169 sericors
2755 1110 2808 1163 in
2835 1109 3046 1164 debitis.
3094 1111 3343 1181 Magister
3377 1103 3652 1176 virtutum,
3689 1116 3926 1170 moribus
3955 1115 4048 1168 ho-

2489 1208 2693 1263 nestus,
2740 1201 2918 1254 verbis
2962 1201 3248 1270 jucundus,
3297 1202 3408 1254 vita
3462 1203 3759 1268 laudabilis,
3795 1206 3846 1258 in
3899 1206 4044 1259 omni

2488 1300 2647 1356 opere
2683 1286 2774 1340 Dei
2811 1288 3050 1342 devotus.
3089 1288 3305 1344 Fratres
3338 1305 3548 1360 quoque
3580 1292 3813 1357 hortare,
3845 1303 4046 1348 ulsan-

2487 1384 2602 1432 etas
2629 1377 3034 1448 diligentissime
3063 1378 3242 1450 legant
3274 1372 3597 1449 scripturas.
3637 1381 3752 1436 Non
3769 1383 4046 1437 conﬁdant

2487 1457 2541 1519 in
2589 1467 2779 1538 linguae
2827 1469 3045 1532 notitia,
3083 1470 3176 1524 sed
3226 1471 3280 1523 in
3308 1473 3545 1526 veritatis
3588 1472 3956 1542 intelligentia,
3989 1482 4049 1527 ut

2489 1565 2695 1634 possint
2759 1566 3245 1621 contradicentibus
3295 1567 3507 1628 veritati
3570 1570 3840 1622 resistere.
3911 1567 4064 1640 Sunt

829 1663 982 1710 terno
1030 1671 1212 1711 amore
1252 1653 1534 1727 diligenter
1572 1658 1781 1713 erudire
1829 1658 2056 1721 studeto,
2083 1666 2135 1712 et
2176 1647 2383 1710 isanctis
2415 1642 2458 1700 Β
2485 1663 2723 1722 tempora
2766 1653 3086 1722 periculosa,
3134 1663 3191 1707 ut
3241 1655 3463 1723 apostoli
3513 1656 3892 1723 praedixerunt,
3919 1656 4046 1724 quia

826 1745 1277 1801 admonitionibus
1306 1761 1426 1800 eum
1474 1761 1568 1815 per
1611 1762 1806 1815 pascua
1836 1747 1956 1800 vita!
2004 1746 2262 1800 deducere
2305 1760 2384 1798 sa-

825 1843 962 1905 tage.
1015 1834 1192 1890 l-Iabes'
1234 1837 1287 1893 in
1338 1836 1483 1890 omni
1519 1851 1677 1905 opere
1713 1838 1854 1891 bono
1881 1837 2150 1891 Christum
2179 1835 2384 1904 adjuto-

825 1941 973 1992 rem,
1027 1936 1270 1980 sanctum
1326 1933 1536 1997 quoque
1601 1926 1888 1981 Vedastum
1949 1929 2379 1985 intercessorem.

825 2015 976 2072 Sicut
998 2033 1191 2089 magno
1218 2018 1400 2074 labore
1424 2020 1637 2073 domum
1669 2019 1762 2072 Dei
1799 2020 1994 2088 optime
2033 2020 2200 2075 habes
2225 2035 2383 2074 orna-

825 2121 934 2174 tam
984 2120 1038 2167 et
1060 2112 1374 2184 largissimis
1400 2112 1554 2167 donis
1595 2111 1932 2176 decoratam;
1964 2112 2034 2164 ita
2067 2112 2165 2165 sibi
2196 2110 2379 2182 [Boll.,

823 2201 946 2274 tibi]
968 2200 1236 2271 subjectos
1259 2202 1413 2258 bonis
1442 2204 1676 2258 moribus
1699 2204 1878 2257 ornari
1903 2205 2185 2268 contende,
2211 2211 2265 2259 et
2289 2217 2381 2258 eos

823 2289 880 2346 in
905 2292 1080 2346 divina
1103 2292 1258 2346 laude
1278 2291 1364 2346 fac
1386 2292 1708 2356 consistere;
1734 2300 1789 2346 et
1808 2293 1948 2361 quod
1972 2293 2144 2363 angeli
2172 2308 2383 2361 semper

821 2391 986 2456 agunt
1015 2384 1070 2436 in
1107 2384 1288 2448 caelis,
1320 2383 1422 2445 hoc
1448 2382 1641 2438 fratres
1663 2383 1862 2452 jugiter
1888 2383 2086 2436 faciant
2127 2385 2181 2436 in
2213 2384 2383 2438 eccle-

823 2474 938 2529 siis.
991 2473 1160 2528 Tuum
1203 2483 1288 2529 est
1332 2475 1640 2544 praecipere,
1673 2474 1879 2528 illorum
1927 2473 2160 2527 obedire.
2211 2473 2380 2527 Tuum

820 2573 905 2620 est
950 2567 1172 2634 praeire,
1218 2565 1439 2619 illorum,
1479 2565 1750 2634 subsequi.
1805 2563 2053 2618 Omnium
2106 2563 2286 2631 itaque
2329 2564 2382 2617 in

824 2655 1043 2710 servitio
1073 2654 1170 2709 Dei
1198 2670 1303 2708 una
1342 2655 1502 2710 debet
1525 2670 1646 2710 esse
1677 2655 1937 2719 voluntas,
1974 2661 2032 2707 ut
2059 2668 2167 2706 una
2203 2651 2299 2708 fiat
2329 2653 2382 2708 in

822 2756 987 2812 regno
1015 2741 1108 2796 Dei
1133 2745 1516 2800 remuneratio.

891 2828 952 2883 II.
994 2829 1178 2886 Nullus
1232 2831 1377 2885 horis
1423 2832 1697 2886 canonicis
1741 2847 1800 2887 se
1859 2832 2055 2887 divinis
2105 2830 2386 2886 subtrahat

821 2919 1083 2986 laudibus,
1115 2937 1181 2976 ne
1209 2930 1424 2992 prOpter
1451 2919 1680 2994 aliquam
1705 2923 2078 2994 negligentiam
2103 2923 2384 2993 cujuslibet

2485 1743 2636 1797 multi
2669 1743 3114 1812 pseudodoctores
3148 1751 3398 1814 surgent,
3437 1760 3604 1798 novas
3650 1744 4047 1799 iutroducentes

2483 1843 2677 1898 sectas,
2705 1835 2792 1904 qui
2832 1835 3106 1889 catholica:
3138 1835 3260 1888 ﬁdei
3312 1835 3600 1905 puritatem
3652 1836 3831 1904 impiis
3872 1851 4048 1891 asser-

2486 1925 2716 1979 tionibus
2746 1925 3013 1978 maculare
3043 1925 3280 1978 nitentur
3312 1924 3397 1995 (ll
3437 1925 3568 1978 Tim.
3604 1942 3684 1987 tu,
3720 1927 3778 1989 i;
3811 1925 3868 1977 Il
3906 1925 4042 1978 Petr.

2484 2031 2544 2079 ιι,
2578 2013 2648 2084 1).
2685 2013 2805 2068 Ideo
2839 2029 3062 2069 necesse
3089 2023 3175 2069 est
3215 2014 3509 2069 Ecclesium
3561 2014 3816 2082 plurimos
3847 2015 4051 2069 habere

2484 2103 2813 2168 defensores,
2841 2105 2930 2172 qui
2959 2117 3064 2156 non
3092 2103 3263 2158 solum
3284 2103 3404 2157 vitae
3432 2106 3737 2167 sanctitate,
3767 2105 3858 2159 sed
3882 2106 4046 2158 etiam

2483 2194 2725 2248 doctrina
2738 2181 2974 2248 veritatis
2989 2202 3164 2248 castra
3179 2193 3272 2248 Dei
3285 2193 3507 2247 viriliter
3520 2193 3805 2248 defendere
3817 2194 4050 2248 valeant.

2553 2283 2638 2337 IV.
2681 2283 2788 2338 llas
2809 2299 2937 2337 vero
2956 2286 3057 2353 pia:
3078 2287 3456 2342 admonitionis
3478 2285 3740 2339 litterulas
3763 2301 3868 2339 non
3894 2286 4048 2354 quasi

2485 2372 2743 2427 nescienti
2792 2373 2984 2436 direxi,
3033 2373 3124 2427 sed
3152 2382 3211 2426 ut
3243 2389 3380 2435 vera:
3418 2375 3696 2427 cbaritatis
3729 2375 3779 2427 in
3813 2388 4051 2442 meope-

2484 2474 2631 2520 ctore
2684 2464 2840 2522 fidem
2891 2465 3248 2520 ostenderem.
3299 2465 3433 2530 Quid
3471 2465 3597 2519 facit
3625 2467 3848 2529 amicus,
3875 2467 3921 2520 si
3968 2481 4048 2520 se-

2483 2557 2658 2625 ipsum
2713 2543 2886 2610 verbis
2939 2571 3044 2609 non
3095 2556 3360 2610 ostendit?
3411 2554 3466 2610 Si
3517 2556 3708 2610 divites
3753 2572 4047 2626 pauperum

2483 2645 2796 2701 munuscula
2845 2662 2951 2700 non
2997 2655 3280 2716 spernunt,
3325 2663 3423 2701 cur
3461 2656 3516 2701 et
3555 2657 3743 2702 vestra:
3773 2649 4050 2716 sapientia:

2483 2736 2700 2791 ﬂumina
2723 2744 2920 2792 nostra:
2942 2737 3142 2791 rivulos
3164 2736 3524 2806 intelligentia:
3547 2752 3799 2806 respuere
3821 2737 4052 2792 debent?

2483 2825 2617 2880 Nam
2645 2833 2700 2881 et
2724 2825 2951 2894 majores
2973 2841 3158 2884 amnes
3182 2826 3370 2880 rivulis
3391 2834 3653 2898 augentur
3681 2827 4048 2892 influentibus,

2487 2926 2542 2973 et
2567 2918 2681 2988 ipse
2706 2917 2963 2972 Dominus
2989 2917 3158 2972 viduae
3188 2917 3423 2972 laudavit
3449 2919 3552 2972 duo
3579 2918 3803 2983 minuta,
3833 2933 3950 2988 qua:
3980 2933 4049 2972 ex

822 3010 971 3066 locus
997 3010 1052 3064 in
1082 2979 1372 3081 conspectu
1401 3011 1498 3071 Dei
1525 2979 1724 3068 vacuus
1767 2979 2068 3076 ibvbniatur
2093 3032 2104 3066 :
2135 2979 2191 3068 et
2223 2989 2385 3068 verba
2411 2979 2458 3042 c
2489 3009 2668 3079 inopia
2689 3023 2799 3063 sua:
2820 3007 3148 3078 paupertatis
3171 3008 3318 3077 larga
3345 3022 3503 3060 manu
3531 3005 3815 3074 Deo,quotl
3841 3006 4047 3072 habuit,

820 3095 916 3162 Dei
941 3107 996 3162 in
1026 3107 1267 3163 ecclesiis
1299 3108 1490 3170 intimo
1513 3108 1690 3162 cordis
1716 3106 1906 3161 affectu
1941 3105 2302 3175 proferantur,
2333 3113 2388 3161 et

823 3209 945 3250 eum
975 3211 1166 3268 magna
1189 3199 1489 3253 reverentia
1517 3197 1612 3253 Dei
1640 3196 2022 3267 omnipotentis
2048 3195 2216 3249 otIicia
2249 3194 2385 3250 cele-

823 3283 1046 3340 brentur
1073 3286 1260 3356 [omne
1303 3302 1429 3343 vero
1473 3287 1830 3341 ministerium
1857 3285 2056 3339 Christi
2109 3283 2384 3338 humiliter

819 3381 878 3430 et
900 3373 1090 3430 devote
1125 3367 1449 3447 impleatur].
1478 3376 1678 3430 Omnes
1716 3377 1910 3444 ubique
1944 3375 2300 3430 obedientiam
2325 3374 2378 3427 in

821 3463 1000 3518 saeculi
1015 3464 1438 3519 necessitatibus
1465 3462 1692 3518 fideliter
1715 3471 1771 3517 et
1796 3470 2015 3516 strenue
2048 3469 2307 3533 peragant
2329 3463 2380 3517 δ.

820 3552 941 3610 Fiat
986 3542 1232 3626 equidem
1282 3556 1423 3609 inter
1468 3570 1657 3609 omnes
1699 3555 2117 3619 concordissima
2171 3569 2299 3624 pax,
2328 3563 2383 3610 et
2442 3625 2446 3628 ί

733 3689 740 3694 .
821 3648 1161 3703 sanctissima
1203 3647 1437 3702 cbaritas
1465 3646 1544 3719 [et
1571 3647 1783 3701 devotio
1806 3646 1928 3701 vita:
1955 3645 2254 3718 regularis].
2286 3644 2383 3701 Se-

819 3738 998 3793 niores
1020 3739 1173 3792 bonis
1196 3739 1529 3808 exempliset
1546 3737 1728 3793 sedula
1747 3737 2112 3801 admonitione
2134 3737 2383 3792 erudiant

814 3825 1076 3895 juniores,
1103 3829 1324 3897 illosque
1367 3830 1590 3899 diligant
1616 3837 1677 3882 ut
1705 3828 1840 3882 filios
1869 3846 1882 3881 :
1913 3837 1967 3882 et
2000 3828 2073 3882 illi
2102 3827 2255 3896 quasi
2285 3841 2380 3894 pa-

819 3925 929 3971 tres
969 3932 1062 3972 eos
1097 3917 1474 3982 honoriﬁcent,
1502 3917 1712 3972 illorum
1752 3932 1885 3985 cum.
1917 3916 2064 3970 omni
2107 3915 2380 3970 alacritate

817 4004 1069 4060 obediant
1103 4005 1399 4074 praeceptis.
1451 4005 1564 4059 Tua
1605 4019 1765 4072 vero,
1794 3990 2097 4059 venerande
2125 4003 2220 4069 fili,
2251 4018 2379 4058 con-

816 4093 1051 4148 versatio
1074 4094 1322 4168 omnibus
1347 4095 1417 4150 sit
1439 4095 1742 4166 exemplum
1769 4095 1976 4151 salutis.
2007 4093 2168 4160 Cave,
2192 4101 2251 4148 ut
2278 4109 2378 4149 nec

817 4184 1071 4239 minimus
1093 4184 1212 4254 quis
1235 4183 1290 4238 in
1319 4192 1407 4238 tua
1436 4185 1825 4247 scandalizetur
1863 4186 1991 4249 vita,
2027 4185 2120 4238 sed
2149 4172 2371 4238 aedifice-

2486 3104 2678 3159 obtulit
2700 3102 2848 3173 (Luc.
2882 3119 2995 3166 xxx,
3016 3101 3092 3172 2).
3121 3101 3189 3154 Et
3211 3115 3310 3170 ego
3338 3099 3581 3169 quamvis
3613 3099 3839 3152 scientia
3869 3098 4044 3167 inops,

2487 3201 2664 3248 tamen
2713 3190 2852 3246 ﬁdeli
2903 3189 3089 3262 [Boll.,
3119 3188 3357 3246 fraterno
3400 3187 3594 3260 fidelis]
3641 3204 3824 3244 amore
3859 3199 4049 3244 vestra:

2485 3281 2600 3336 haec
2624 3280 2934 3335 munuscula
2963 3281 3134 3334 direxi
3158 3280 3368 3350 pietati,
3399 3280 3689 3334 obsecrans
3720 3287 3776 3333 ut
3813 3289 3924 3333 tam
3952 3280 4052 3333 hu-

2485 3370 2595 3424 mili
2624 3368 2974 3425 fraternitatis
3006 3385 3068 3424 ea
3090 3369 3285 3424 intuitu
3307 3370 3575 3440 respicere
3603 3370 3858 3440 digneris,
3887 3385 4050 3439 quam

2485 3475 2583 3514 nos
2615 3459 2702 3529 pia
2733 3460 3028 3515 devotionis
3064 3459 3327 3514 charitate
3373 3460 3460 3513 illa
3488 3458 3642 3514 vobis
3667 3459 3897 3530 dirigere
3931 3468 4048 3512 stu-

2485 3548 2715 3603 duimus.
2747 3545 3094 3617 Omnipotens
3124 3547 3287 3612 Deus,
3311 3555 3364 3600 te
3395 3556 3621 3615 tuosque
3652 3544 4048 3618 [charissimos]
4086 3603 4091 3607 ,

2484 3635 2677 3691 fratres
2707 3638 2760 3691 in
2797 3639 2944 3692 omni
2966 3639 3106 3694 bono
3129 3636 3390 3706 proiicere
3420 3635 3602 3702 faciat,
3634 3646 3689 3691 et
3728 3637 3793 3691 ad
3817 3637 4052 3692 beatitu-

2484 3729 2662 3783 dinem
2695 3736 2908 3784 zeternae
2941 3727 3120 3800 gloria:
3149 3729 3428 3798 pervenire
3449 3728 3728 3784 concedat.

2993 3841 3216 3898 CAPUT
3245 3841 3538 3899 PRIMUM.

2480 3931 2731 3987 Doctrina
2754 3931 3052 3988 Christiana
3083 3933 3188 4055 regii
3212 3931 3502 4056 Shlpdoveo
3528 3932 3787 3998 explicata
3808 3949 3838 3986 a
3865 3943 4048 3986 sancto

3188 4019 3214 4056 ε
3254 4019 3312 4055 as
3337 4019 3395 4056 ο.
3608 4037 3611 4041 -

3188 4012 3410 4078 εαιιειοὶ
3608 4037 3611 4041 -

2552 4113 2615 4167 ν.
2653 4112 2945 4182 Postquam
2973 4111 3115 4168 Deus
3132 4119 3188 4166 et
3216 4111 3476 4170 Dominus
3503 4120 3689 4168 noster
3714 4111 3872 4166 Jesus
3897 4110 4051 4166 Chri-

2481 4213 2597 4259 stus
2624 4217 2778 4258 ovem
2813 4218 3053 4272 quaerere
3083 4205 3348 4272 perditam
3373 4204 3439 4258 de
3462 4203 3614 4258 cmlis
3642 4203 3697 4257 in
3721 4203 3865 4258 hunc
3891 4219 4050 4259 mun-

817 4288 906 4336 ῑυΐ
941 4280 1308 4373 οῖ’ῐξοδονεῑυτ
1341 4280 1396 4335 in
1415 4279 1518 4373 Ii?
1548 4280 1789 4373 νίῗῐξίῑθιίε
1818 4296 1831 4332 ³
1859 4277 1983 4349 qni“
2019 4277 2113 4373 “Pi
2143 4291 2212 4373 ξεί
2408 4314 2455 4373 ι)
2481 4292 2606 4347 dum
2631 4306 2731 4361 per
2748 4291 3063 4363 virginalem
3091 4301 3314 4348 venerat
3348 4302 3554 4348 uterum
3587 4293 3735 4366 (Luc.
3769 4311 3858 4360 xv,
3885 4294 3967 4366 4),
3987 4295 4051 4352 et

818 4386 937 4425 rum
979 4371 1149 4428 salute
1178 4387 1384 4427 merces
1407 4369 1732 4441 judicabitur
1772 4379 1990 4426 aeterna.
2034 4367 2163 4423 Cani
2200 4365 2376 4435 capilli

818 4469 1116 4518 extremum
1150 4457 1798 4536 denuntiantproperare
1837 4463 1998 4518 diem.
2047 4461 2380 4530 Quapropter

817 4559 1035 4621 paratus
1058 4558 1176 4605 esto
1201 4552 1346 4604 omni
1367 4551 1499 4606 hora
1529 4553 1586 4610 in
1610 4567 1891 4620 occursum
1914 4551 2126 4608 Domini
2158 4551 2253 4606 Dei
2280 4551 2374 4604 tui.

819 4643 1045 4702 Dilectio
1069 4643 1326 4709 fraterna,
1356 4651 1410 4700 et
1437 4635 1788 4714 eleemosynze
1811 4645 2149 4710 miserorum,
2183 4652 2235 4700 et
2256 4644 2379 4697 vitae

821 4736 1042 4792 castitas
1067 4743 1366 4808 praeparent
1401 4735 1493 4791 tibi
1519 4733 1713 4806 gradus
1741 4733 1796 4787 in
1821 4732 2034 4787 coalum.
2085 4733 2380 4805 Diligenter

820 4827 1035 4884 elabora
1077 4831 1172 4886 tibi
1201 4838 1429 4887 aeternos
1473 4832 1588 4887 dies
1616 4829 1820 4887 felices.
1862 4827 2043 4882 Honor
2079 4831 2376 4896 saecularis,

821 4931 979 4987 quem
1006 4917 1199 4986 habes,
1225 4921 1557 4992 spiritualem
1581 4923 1673 4978 tibi
1703 4920 1935 4979 abundet
1968 4921 2023 4976 in
2062 4921 2306 4994 gloriam.

889 5005 975 5061 III.
1014 5006 1244 5063 Festivis
1275 5011 1459 5068 diebus
1488 5015 1736 5070 veniente
1757 5013 1824 5069 ad
1847 5012 2129 5068 ecclesiam
2163 5013 2377 5084 populo,

821 5097 909 5155 fac
933 5099 1014 5154 eis
1034 5100 1315 5168 praedicari
1347 5104 1570 5159 verbum
1592 5105 1688 5161 Dei
1711 5117 1732 5145 ε
1753 5123 1768 5172 ;
1792 5115 1847 5162 et
1867 5121 2183 5177 quocunque
2208 5107 2377 5173 vadis,

820 5189 1001 5247 clerici
1025 5182 1301 5274 servitium
1327 5192 1422 5248 Dei
1445 5195 1675 5264 pleniter
1707 5206 1997 5270 peragant;
2029 5206 2211 5262 tecum,
2231 5207 2380 5266 eant,

859 5343 1252 5468 1ἑῃξῗξπεηάιυέ
1274 5349 1470 5416 studui,
1521 5349 1598 5406 De
1797 5355 2031 5419 diximus
2075 5354 2128 5410 in
2182 5353 2382 5411 Monito

821 5430 1040 5490 praevio.
1627 5473 1630 5476 λ

895 5486 922 5526 δ
947 5483 1221 5570 bellandi:
1240 5487 1436 5570 Omnis
1481 5492 1653 5564 itaque
1692 5493 1978 5550 obedientia
2007 5496 2059 5550 in
2086 5495 2266 5551 seaculi
2294 5513 2382 5552 ne-

829 5558 1149 5611 cessitatibus
1177 5558 1397 5627 ﬁdeliter
1424 5571 1470 5615 et
1497 5558 1700 5618 strenue
1726 5574 2024 5636 peragatur.

2481 4391 2590 4438 tota
2637 4377 2750 4438 suae
2800 4383 3213 4454 dispensationis
3257 4392 3311 4440 et
3362 4387 3781 4441 nostrzesalutis
3828 4398 4048 4457 peracta

2477 4472 2831 4543 plenitudine,
2861 4489 2984 4529 cum
3015 4474 3285 4545 triumpho
3307 4475 3484 4546 gloriae
3509 4477 3576 4530 ad
3609 4479 3787 4532 sedem
3810 4489 4049 4548 paterna:

2481 4561 2778 4632 majestatis
2832 4578 3078 4618 reversus
3115 4561 3274 4635 [est],
3323 4573 3384 4618 ut
3430 4566 3647 4619 tetricas
3691 4564 3820 4635 [ΑΛ.
3855 4566 4046 4639 tetras]

2479 4652 2795 4726 ignorantia:
2825 4654 3073 4709 tenebras
3099 4660 3215 4708 toto
3239 4654 3527 4723 depelleret
3556 4655 3706 4719 orbe,
3731 4655 3897 4710 multa
3917 4671 4049 4711 san-

2478 4754 2686 4801 ctorum
2726 4743 2926 4799 lumina
2971 4741 3274 4806 doctorum,
3302 4742 3622 4812 evangelica:
3648 4744 4050 4813 praedicationis

2478 4836 2597 4891 luce
2625 4833 2899 4906 fulgentia,
2924 4839 3036 4888 toto
3057 4831 3313 4888 diviserat
3339 4833 3537 4889 mundo
3562 4852 3574 4888 :
3605 4844 3666 4890 ut
3683 4837 3825 4892 sicut
3849 4839 4048 4894 caelum

2481 4925 2802 4998 fulgentibus
2842 4933 3067 4990 ornatur
3109 4923 3307 4991 stellis,
3344 4941 3462 4995 qua:
3507 4933 3688 4982 tamen
3741 4944 3931 4986 omnes
3979 4931 4050 4984 ab

2482 5032 2590 5071 uno
2625 5015 2958 5070 illustrantur
3001 5014 3146 5081 sole;
3186 5017 3265 5071 sic
3307 5025 3362 5071 et
3396 5017 3500 5072 lata
3556 5027 3818 5075 terrarum
3872 5023 4047 5091 spatia

2484 5106 2685 5163 sanctis
2731 5105 3167 5175 splendescerent
3214 5108 3552 5176 doctoribus,
3609 5113 3700 5181 qui
3747 5120 3925 5166 tamen
3976 5114 4048 5168 ab

2487 5209 2688 5254 aeterno
2718 5195 2829 5252 sole
2859 5196 3173 5264 illuminati,
3210 5199 3388 5254 divina
3423 5210 3693 5270 prazeuntc
3722 5196 3911 5270 gratia,
3941 5215 4045 5257 c.2-

2561 5369 2583 5398 ο
2621 5355 2738 5438 ac
2767 5359 2840 5413 eis
2860 5361 3138 5430 praedicari
3173 5361 3394 5438 Veritum
3417 5361 3529 5438 Dei.
3554 5361 3704 5438 Quod
3730 5375 4048 5438 argumento

2489 5437 2590 5493 est,
2614 5432 2725 5495 jam
2754 5443 2820 5483 eo
2860 5439 3099 5500 tempore
3143 5432 3487 5487 coneionandi
3515 5432 3744 5493 otIieium
3791 5432 3841 5486 in
3875 5435 4043 5489 eccle-

2491 5500 2583 5557 siis
2630 5501 2940 5570 mopasticis
2992 5501 3244 5570 viguisse.
3316 5500 3511 5557 Mabiil.
3569 5510 3696 5558 tom.
3754 5501 3796 5558 lI
3849 5502 4041 5560 Annal.

2434 5614 2435 5617 η
2489 5585 2609 5639 pag.
2649 5567 2775 5629 522.
