4262 6218
484 235 580 290 671

1318 231 1378 286 Β.
1419 228 1481 286 F.
1521 228 1745 285 ALBINI
1786 228 1915 285 SEU
1956 226 2228 286 ALCUlNl
2264 230 2546 288 OPERUM
2582 229 2761 289 PARS
2800 233 2859 290 Υ.

3607 234 3711 291 οτξ

478 342 598 407 tum
624 344 859 416 pecunia:
888 343 1114 417 pigritiae
1140 342 1321 398 obruit
1377 343 1574 409 humo,
1610 344 1702 399 sed
1737 342 2049 413 quotidiano
2076 345 2124 402 A
2153 343 2398 410 consilio,
2420 344 2686 401 ordinavit
2705 360 2827 400 eum
2860 346 3187 414 episcOpum,
3238 355 3292 402 et
3316 349 3381 401 ad
3419 350 3713 417 praedican-

484 437 763 491 charitatis
779 437 970 491 sudore
986 434 1341 503 multiplicum
1359 434 1624 498 studebat,
1647 447 1715 487 ne
1741 448 1942 487 vacuus
1960 448 2018 486 re
2033 461 2047 471 -

482 518 733 584 veniente
766 528 992 583 Domino
1030 542 1126 582 suo
1150 528 1203 580 in
1245 527 1555 595 conspectu:
1586 524 1726 579 illius
1772 530 2053 594 appareret

485 618 620 691 [Αι.,
645 614 1015 688 inveniretur].

551 710 642 765 XI.
680 709 848 781 Igitur
877 709 1094 779 quidam
1146 708 1227 762 vir
1268 706 1462 762 nobilis
1483 713 1539 761 ct
1582 704 1866 775 religiosus
1913 705 2055 758 inter

482 800 613 854 alios
639 797 897 852 famulum
919 796 1065 851 venit
1095 796 1315 851 visitare
1340 793 1559 856 Christi,
1596 801 1657 847 ut
1682 806 1778 861 per
1801 806 1923 845 eum
1945 806 2053 846 ccc-

480 891 634 948 lestis
663 890 919 953 doctrina:
950 887 1445 942 reﬁcereturmclle.
1494 886 1561 939 Et
1588 886 1712 939 dum
1739 898 1917 938 sermo
1943 882 2054 937 dul-

478 982 713 1038 cissimae
764 980 1103 1035 allocutionis
1137 980 1190 1033 in
1222 979 1440 1048 longum
1492 978 1829 1041 traheretur,
1883 984 1941 1030 et
1974 974 2080 1063 sol.

478 1071 713 1128 medium
760 1070 881 1126 coeli
933 1070 1204 1125 transiens
1230 1076 1497 1132 centrum,
1547 1074 1851 1121 crescentes
1880 1064 2053 1132 dupli-

480 1172 633 1218 caret
659 1162 895 1225 umbras,
917 1160 1135 1215 nolebat
1160 1160 1241 1212 vir
1263 1158 1355 1213 Dei
1382 1158 1649 1228 hospitem
1670 1171 1825 1211 suum
1853 1155 2053 1222 absque

478 1252 759 1308 cbaritatis
781 1251 1053 1304 dimittere
1078 1248 1293 1303 viatico.
1357 1246 1629 1300 Mandavit
1654 1253 1833 1298 autem
1865 1241 2050 1314 [Boll.,

478 1343 573 1397 sed
602 1338 897 1411 mandavit]
923 1354 1109 1408 puero,
1142 1346 1200 1393 ut
1231 1337 1274 1391 si
1298 1337 1426 1406 quid
1459 1335 1530 1389 illi
1548 1333 1895 1389 remansisset
1921 1331 2051 1394 vini,

478 1430 647 1485 cbaro
682 1428 872 1499 pocula
910 1435 1153 1497 portaret
1183 1428 1375 1490 amico,
1415 1433 1680 1494 quatenus
1716 1425 1769 1477 in
1825 1431 2055 1491 utroque

480 1526 538 1573 et
585 1518 764 1571 anima
817 1515 1051 1570 refectus
1086 1523 1142 1570 et
1184 1530 1410 1585 corpore
1452 1512 1789 1567 confortatus
1838 1512 2053 1565 domum

479 1609 699 1663 rediret.
758 1606 864 1662 Sed
889 1615 1109 1677 propter
1142 1608 1412 1676 hospitum
1436 1604 1809 1673 frequentiam,
1844 1609 1898 1657 et
1952 1600 2053 1654 viri

2150 434 2275 488 dum
2295 436 2515 490 verbum
2529 437 2651 491 vita:
2675 437 2834 507 168
2853 436 3188 503 Atrebatensi
3212 453 3331 493 eum
3354 440 3546 495 direxit
3569 442 3717 505 urbi,

2150 532 2414 592 quatenus
2440 526 2664 595 pepulus
2685 527 2771 581 diu
2802 528 2852 581 in
2875 529 3106 596 antiquis
3136 530 3285 584 mala:
3315 533 3714 590 consuetudinis

2148 616 2424 669 erroribus
2445 616 2651 684 iacens,
2708 617 2816 673 Deo
2847 621 3136 674 auxiliante
3155 661 3169 685 ,
3205 636 3300 690 per
3330 623 3597 678 assiduam
3627 640 3715 679 sa-

2151 717 2257 757 crae
2291 704 2685 773 prmdicationis
2716 708 3040 771 instantiam,
3090 726 3185 778 per
3208 710 3353 763 illum
3379 712 3431 764 in
3456 713 3595 767 viam
3622 729 3716 769 ve-

2152 793 2326 847 ritatis
2376 802 2430 847 et
2492 796 2813 863 agnitionem
2856 798 2976 852 Filii
3030 798 3123 853 Dei
3170 801 3541 857 deduceretur.
3610 805 3713 870 Qui

2150 882 2492 950 pontiﬁcatus
2513 886 2680 953 gradu
2714 894 2768 939 et
2815 888 3208 963 praedicationis
3240 891 3412 945 ollicio
3445 902 3711 961 suscepto,

2153 974 2393 1027 concitus
2428 976 2493 1030 ad
2520 976 2793 1044 praefatam
2837 978 2915 1032 ire
2956 981 3191 1047 perrexit
3242 982 3458 1046 urbem;
3513 984 3605 1037 sed
3660 985 3714 1039 in

2154 1067 2449 1133 auspicium
2477 1066 2669 1122 futura:
2702 1071 3071 1139 prosperitatis
3120 1079 3175 1125 et
3195 1072 3404 1136 salutis,
3463 1074 3602 1127 Deus
3624 1089 3716 1128 cu-

2146 1154 2361 1224 jusdam
2389 1158 2635 1225 miraculi
2684 1159 3053 1215 tatiﬁcatione
3083 1159 3197 1229 ejus
3230 1161 3483 1217 patefecit
3510 1163 3717 1217 civibus

2154 1244 2453 1300 introitum.

2224 1340 2357 1395 Xlll.
2387 1342 2550 1411 lgitur
2578 1343 2630 1397 in
2656 1344 2766 1413 ipsa
2793 1344 3024 1400 civitatis
3066 1352 3219 1413 porta
3253 1346 3386 1399 duos
3409 1345 3597 1398 habuit
3628 1346 3722 1399 ob-

2153 1433 2297 1488 viam
2322 1434 2421 1489 sibi
2456 1449 2653 1504 egenos
2686 1445 2741 1495 et
2760 1436 3019 1501 inﬁrmos,
3045 1450 3242 1490 caecum
3276 1436 3480 1490 scilicet
3500 1443 3551 1489 et
3575 1435 3722 1490 clau-

2154 1523 2302 1587 dum,
2349 1525 2636 1579 miserabili
2677 1541 2707 1580 a
2738 1526 2857 1580 viro
2884 1526 2978 1580 Dei
3004 1541 3134 1581 voce
3165 1526 3355 1594 stipem
3410 1524 3593 1595 [Boll.,
3626 1523 3722 1580 sti-

2155 1613 2369 1685 pendia]
2400 1614 2747 1683 postulantes.
2830 1615 2950 1671 Mox
2990 1618 3240 1672 sacerdos
3271 1616 3470 1670 Christi
3511 1616 3721 1669 illorum

477 1700 573 1755 θεῖ
597 1701 800 1771 largam
823 1715 949 1771 θτεα
973 1714 1161 1754 omnes
1185 1698 1626 1760 muniﬁcentiam.
1652 1710 1757 1749 "0"
1779 1694 1929 1747 arida
1953 1692 2053 1745 Pa‘
2082 1684 2129 1743 Β
2157 1684 2448 1762 condolens
2467 1707 2697 1763 miseriae
2730 1724 2910 1764 secum
2940 1710 3205 1764 tractabat
3252 1707 3378 1777 quid
3406 1707 3511 1761 illis
3549 1708 3722 1762 solatii

477 1791 578 1845 tris
604 1790 892 1854 charitate,
926 1790 1136 1845 aridum
1164 1788 1368 1842 invenit
1398 1786 1670 1843 vasculum
1692 1825 1706 1848 ,
1759 1784 1813 1838 in
1844 1799 1951 1853 quo
1981 1784 2058 1836 vi-

481 1897 611 1935 num
647 1881 850 1935 servari
880 1880 1104 1934 solebat.
1178 1878 1296 1931 Mox
1337 1877 1527 1938 tristis,
1569 1876 1731 1929 tacito
1762 1888 2054 1938 murmure,

478 1970 584 2025 hoc
615 1971 787 2039 ipsum
819 1984 953 2039 puer
976 1969 1215 2038 paternis
1248 1967 1515 2021 intimavit
1548 1964 1788 2019 auribus.
1847 1963 1947 2031 Qui
1968 1978 2059 2019 ve-

482 2061 754 2116 recundia:
781 2060 977 2115 rubore
1004 2058 1287 2128 perfusus,
1326 2057 1604 2111 cbaritatis
1642 2064 1823 2111 tamen
1875 2052 2058 2109 dulce-

484 2150 608 2205 dine
634 2149 912 2205 abundans
961 2150 1142 2214 corde,
1184 2150 1237 2203 in
1282 2146 1459 2203 divina
1504 2146 1740 2200 conlisus
1782 2142 2056 2225 suffragia.

486 2240 687 2293 tacitus
720 2237 991 2308 paulisper
1020 2238 1129 2293 Deo
1164 2250 1353 2307 preces
1384 2232 1611 2297 effudit,
1673 2230 1749 2286 nil
1786 2230 1851 2285 de
1880 2229 2060 2285 divino

480 2326 979 2395 dubitansauxilio,
1010 2329 1082 2383 nil
1105 2329 1170 2384 de
1196 2342 1305 2384 suae
1338 2325 1615 2396 petitionis
1632 2323 1895 2379 haesitans
1933 2321 2062 2378 elle-

483 2428 595 2484 ctu,
646 2427 789 2477 totus
835 2420 887 2474 in
937 2418 1053 2489 ejus
1083 2418 1311 2473 credens
1338 2416 1644 2481 clementia,
1691 2414 1781 2483 qui
1810 2414 1875 2469 de
1909 2413 2061 2469 arida

478 2520 635 2581 petra
672 2511 874 2564 sitienti
922 2510 1117 2580 populo
1172 2508 1373 2565 fontem
1425 2522 1577 2576 aquae
1623 2506 1759 2560 vivze
1810 2504 2063 2575 produxit

484 2601 681 2672 (Exod.
722 2617 860 2666 xvii;
898 2602 1061 2655 Nam.
1089 2600 1214 2670 xx);
1258 2600 1342 2655 vel
1366 2601 1417 2654 in
1441 2598 1585 2654 Cana
1615 2596 1831 2652 Galileaa
1866 2610 2061 2665 aquam

484 2694 541 2748 in
566 2693 825 2748 mirabilis
854 2694 965 2748 vini
988 2693 1517 2761 convertitsaporem
1542 2688 1677 2761 [Al.,
1703 2687 1864 2742 vertit
1900 2688 1952 2740 in
1982 2686 2062 2739 vi-

484 2784 638 2856 num]
671 2783 851 2853 (Ioan.
882 2784 944 2856 ιι)
966 2826 981 2849 ,
1017 2784 1154 2838 dixit
1180 2798 1377 2855 puero:
1405 2781 1554 2837 Vade
1576 2782 1629 2835 in
1662 2779 1757 2835 Dei
1788 2776 2063 2834 conﬁdens

483 2881 745 2942 bonitate,
775 2886 830 2933 et
851 2879 1207 2949 quodcunque
1236 2876 1510 2947 inveneris
1557 2874 1610 2929 in
1640 2871 1858 2928 vasculo
1882 2912 1896 2935 ,
1954 2884 2062 2925 non

2156 1804 2409 1865 praestare
2437 1805 2635 1867 posset.
2693 1799 2760 1852 Et
2788 1814 2910 1853 cum
2928 1798 3249 1867 apostolicus
3274 1798 3595 1866 praedicator
3632 1813 3724 1865 pe—

2156 1888 2369 1942 cuniam
2398 1888 2453 1942 in
2478 1887 2705 1943 sacculis
2730 1904 2787 1943 se
2816 1904 2920 1942 non
2942 1874 3194 1943 habuisse
3229 1889 3425 1949 sciret,
3467 1887 3520 1940 in
3544 1887 3725 1941 divina

2156 1976 2431 2032 conﬁdens
2458 1978 2763 2041 clementia,
2800 1986 2855 2033 et
2880 1986 3190 2033 sanctorum
3226 1978 3591 2046 apostolorum
3624 1976 3726 2031 Pe-

2157 2069 2227 2122 tri
2255 2068 2553 2125 etloannis
2573 2069 2902 2127 confortatus
2932 2071 3197 2140 exemplo,
3248 2071 3356 2125 ait:
3419 2070 3622 2124 Aurum
3671 2075 3729 2126 ct

2157 2168 2433 2229 argentum
2453 2176 2560 2216 non
2574 2168 2656 2215 est
2684 2177 2926 2226 mecum;
2955 2162 3303 2232 quodautem
3326 2161 3517 2224 habeo,
3542 2159 3595 2213 id
3620 2166 3728 2226 est,

2122 2244 2129 2247 ’
2157 2249 2440 2305 cbaritatis
2463 2250 2661 2316 ofﬁcia,
2690 2260 2745 2306 et
2768 2252 3021 2323 pietatem
3047 2249 3309 2304 orationis
3346 2247 3477 2319 [Αι.,
3513 2248 3727 2317 pietatis

2156 2339 2481 2411 orationem]
2512 2340 2580 2395 ad
2608 2339 2800 2405 Deum,
2825 2341 2928 2396 hoc
2955 2340 3108 2393 vobis
3128 2347 3386 2408 praestare
3408 2354 3513 2393 non
3536 2337 3729 2393 ditl'ero

2160 2428 2296 2501 (Act.
2322 2446 2406 2495 ιη,
2442 2430 2518 2500 6).
2572 2431 2640 2491 Et
2673 2438 2795 2500 post
2842 2432 2957 2486 haec
2980 2432 3143 2486 verba
3182 2431 3266 2484 vir
3298 2430 3393 2485 Dei
3441 2444 3504 2483 ex
3538 2428 3728 2505 intimo

2158 2521 2339 2579 cordis
2360 2522 2551 2579 affectu
2584 2539 2684 2594 pro
2710 2523 2918 2579 illorum
2945 2524 3161 2579 miseria
3195 2521 3330 2577 t‘udit
3351 2522 3634 2592 lacrymas,
3674 2526 3731 2575 et

2159 2626 2282 2667 cum
2312 2608 2434 2667 ﬁdei
2477 2612 2714 2682 puritate
2739 2627 2912 2682 opem.
2939 2611 3043 2665 illis
3063 2610 3321 2680 poscebat
3351 2610 3603 2671 divinam,
3644 2608 3730 2663 vel

2158 2716 2259 2773 pro
2286 2701 2499 2758 illorum
2529 2700 2812 2773 corporali,
2865 2699 2950 2755 vel
2989 2715 3087 2770 pro
3120 2700 3301 2771 populi
3336 2700 3616 2770 praesentis
3645 2713 3733 2753 sa-

2160 2789 2273 2847 lute
2293 2790 2582 2862 spirituali.
2654 2788 2764 2846 Nec
2798 2797 2908 2844 tam
2929 2790 3031 2859 piae
3055 2797 3110 2846 et
3131 2796 3241 2844 tam
3272 2788 3589 2845 necessariae
3608 2801 3733 2857 pre-

2160 2896 2254 2937 ces
2278 2877 2581 2936 inefﬁcaces
2606 2875 2725 2936 esse
2766 2887 3075 2949 potuerunt,
3132 2878 3225 2933 sed
3256 2878 3461 2941 abillo,
3497 2876 3589 2946 qui
3633 2888 3734 2945 per

483 2968 752 3024 cuncteris
782 2968 937 3022 nobis
958 2965 1171 3021 all‘erre.
1220 2964 1319 3032 Qui
1351 2963 1517 3027 celer,
1552 2970 1779 3033 paterno
1800 2957 2059 3015 obediens
2089 3025 2104 3041 Α

2108 3022 2130 3041 _
2160 2970 2351 3026 Isaiam
2382 2970 2557 3041 inquit
2578 2969 2934 3039 Prophetam:
2970 2968 3219 3041 Tempore
3238 2978 3541 3041 opportuno
3564 2982 3734 3021 exau-

484 3067 777 3129 przecepto,
820 3057 1064 3113 cucurrit
1095 3065 1152 3111 et
1171 3071 1267 3112 vas
1294 3055 1421 3110 vino
1442 3022 1646 3125 optimo
1677 3048 2061 3121 super-alliuens
2085 3025 2104 3086 ⁴

2108 3022 2133 3087 1
2162 3063 2268 3117 divi
2290 3070 2361 3127 te,
2390 3022 2513 3115 etin
2540 3061 2625 3116 die
2656 3022 2838 3116 salutis
2862 3061 3039 3131 adjuvi
3066 3022 3117 3114 te
3134 3022 3307 3130 (Ιοιιί.Γ
3319 3022 3470 3123 iudx,
3497 3057 3584 3126 8):
3610 3069 3738 3113 mox

482 3150 721 3207 invenit:
758 3149 960 3222 gratias
980 3150 1091 3204 Deo
1117 3162 1301 3221 agens,
1349 3145 1512 3202 alacri
1536 3144 1717 3199 animo
1738 3140 1972 3196 venienti
2007 3146 2064 3194 et
2162 3150 2320 3224 auibo
2354 3152 2409 3206 in
2441 3159 2732 3221 conspectu
2756 3150 3114 3208 multitudinis
3153 3156 3391 3219 Optatam
3415 3149 3740 3217 receperunt

485 3239 605 3311 eius
634 3241 819 3308 sociis,
849 3241 1155 3315 propinavit
1183 3240 1380 3305 amico,
1416 3238 1508 3309 qui
1543 3236 1738 3306 duplici
1781 3234 2064 3290 roboratus
2164 3240 2479 3307 sanitatem;
2524 3241 2613 3295 hic
2636 3240 2855 3295 luminis
2888 3238 3135 3295 claritate
3170 3238 3393 3301 ditatus,
3427 3237 3515 3293 ille
3540 3236 3738 3308 pedum

486 3336 774 3401 cbaritate,
804 3335 1067 3391 remeavit
1090 3336 1143 3390 in
1165 3335 1401 3405 pr0pria.
1450 3332 1558 3388 Sed
1589 3329 1819 3386 famulus
1840 3327 2063 3394 Christi,
2163 3330 2446 3387 velocitate
2476 3330 2705 3385 laetatus.
2772 3330 2945 3385 Ambo
2984 3343 3229 3398 supernae
3274 3329 3478 3400 gratias
3512 3334 3756 3399 agentes.

486 3444 558 3487 ne
593 3427 1046 3496 vanisjactantiu:
1066 3427 1248 3483 verbis
1276 3425 1361 3479 vel
1396 3425 1669 3494 rumigero
1709 3422 1890 3493 populi
1925 3419 2069 3477 cele-

485 3523 739 3579 braretur
781 3519 998 3583 favore,
1035 3518 1135 3573 sub
1184 3530 1379 3587 magna
1421 3513 1763 3593 attestatione
1815 3510 2071 3581 praecepit

486 3631 678 3686 puero,
703 3614 953 3670 omnibus
980 3610 1105 3665 vita
1129 3623 1240 3663 suae
1263 3605 1452 3661 diebus
1472 3603 1579 3657 hoc
1608 3608 1788 3656 tacere
1838 3599 2071 3652 miracu-

486 3707 622 3771 lum,
653 3706 774 3775 plus
800 3706 911 3760 Deo
946 3703 1042 3760 soli
1096 3700 1340 3771 cognitus
1369 3712 1489 3753 esse
1518 3694 1743 3765 cupiens
1784 3707 1946 3761 quam
1974 3692 2073 3747 bo-

490 3796 765 3857 minibus;
792 3801 944 3848 certo
976 3792 1152 3846 sciens
1175 3790 1415 3849 omnium
1437 3800 1569 3845 esse
1598 3786 1862 3841 virtutum
1887 3796 2072 3836 veram

490 3887 547 3942 in
580 3884 885 3941 humilitate
904 3881 1221 3942 custodiam,
1254 3886 1310 3933 et
1337 3879 1481 3949 hanc
1505 3892 1627 3931 esse
1651 3890 1771 3945 qua:
1793 3873 2073 3929 cbaritatis

493 3977 749 4048 gradibus
772 3973 1035 4030 altissima
1057 3970 1178 4026 coeli
1203 3983 1365 4038 regna
1387 3966 1713 4023 conscendat
1739 3963 1925 4035 [Botl.,
1950 3978 2076 4018 con-

494 4067 749 4140 scendit],
769 4068 882 4138 ipsa
905 4064 1118 4121 dicente
1134 4060 1402 4117 Veritate:
1432 4055 1615 4111 Omnis
1631 4056 1717 4127 qui
1738 4070 1792 4108 se
1811 4051 2072 4114 humiliat,

493 4156 812 4214 excitabitur
837 4153 1052 4227 (Matth.
1076 4167 1233 4215 xxm,
1264 4150 1371 4221 12).

1104 4282 1343 4358 CAPUT.
1367 4283 1453 4340 Ill.

690 4400 871 4457 Sancti
901 4372 1114 4454 Vedasti
1142 4397 1477 4467 episcopatu
1500 4392 1885 4455 Atrebatensis.

564 4514 682 4573 XII.
707 4513 950 4583 Cumque
975 4512 1077 4569 viri
1089 4510 1184 4565 Dei
1201 4483 1553 4564 celeberrima
1572 4503 1885 4573 vulgaretur
1904 4502 2069 4566 fama,

496 4618 552 4669 et
575 4606 856 4665 cbaritatis
906 4604 963 4659 in
1006 4618 1071 4659 eo
1106 4598 1497 4662 muniﬁcentia,
1534 4604 1591 4652 et
1613 4593 1802 4665 religio
1831 4593 1975 4656 vitae,
2022 4599 2079 4645 et

494 4701 650 4758 verbi
671 4699 766 4755 Dei
788 4696 1042 4755 instantia
1055 4694 1210 4765 longe
1240 4692 1451 4762 lateque
1473 4688 1540 4744 ab
1559 4687 1809 4744 omnibus
1834 4684 2077 4742 celebra-

497 4799 651 4846 retur
683 4789 814 4862 [At.,
860 4788 1033 4859 magis
1058 4785 1337 4856 magisque
1361 4776 1721 4849 excresceret]
1741 4819 1756 4843 ,
1798 4777 1974 4832 visum
1998 4783 2084 4833 est

496 4882 811 4937 beatissimo
843 4879 1083 4952 pontifici
1115 4876 1375 4947 Remigio,
1409 4881 1518 4928 tam
1546 4870 1860 4943 praeclaram
1880 4866 2079 4923 Christi

501 4969 779 5025 lucernam
803 4970 997 5025 melius
1020 4959 1142 5025 esse
1175 4982 1341 5037 supra
1374 4963 1753 5020 candelabrum
1775 4974 1997 5031 ponere,
2021 4966 2083 5013 ut

500 5062 933 5134 splendidissimo
959 5077 1072 5117 sua:
1101 5060 1408 5117 sanctitatis
1444 5056 1651 5128 fulgore
1686 5055 1849 5111 latius
1892 5052 1958 5108 ad
1994 5066 2082 5106 sa-
2120 5126 2129 5133 _

500 5154 668 5209 lutem
698 5152 903 5207 luceret
926 5150 1238 5232 multorum,
1266 5164 1428 5219 quam
1456 5148 1557 5203 sub
1582 5146 1741 5202 unius
1767 5143 1868 5199 loci
1901 5139 2084 5196 lateri-

497 5245 600 5301 bus
634 5242 822 5317 [Boll.,
848 5237 1095 5311 latebris]
1122 5240 1506 5308 propemodum
1533 5234 1849 5293 abscondita
1864 5234 2074 5291 lateret.

500 5335 689 5393 Divina
739 5335 905 5409 igitur
948 5330 1367 5404 dispensatione,
1416 5338 1471 5385 et
1513 5328 1715 5386 salubri
1738 5325 2079 5411 sacerdotum

573 5477 600 5506 ι
637 5465 836 5520 Attila».
868 5464 1024 5520 Anno
1050 5461 1251 5520 Christi
1278 5460 1383 5515 450
1408 5466 1463 5514 et
1488 5458 1751 5528 sequenti.
1794 5457 1890 5511 Deo
1914 5455 2081 5511 Attila

503 5531 759 5605 Sidonius
796 5534 1121 5605 Apollinaris
1165 5534 1217 5590 in
1256 5530 1591 5603 Panegyrico
1625 5528 1770 5583 Aviti
1788 5542 1958 5582 carm.
1985 5540 2081 5590 vn,

506 5618 633 5658 vers
656 5604 783 5674 527,
805 5604 879 5663 ita
910 5606 1084 5661 canit:

2164 3423 2399 3496 pietati,
2450 3410 2651 3491 majora
2684 3438 2846 3493 quam
2890 3429 3237 3493 speraverant
3279 3437 3503 3478 munera
3553 3434 3741 3490 repor-

2168 3522 2362 3579 tantes,
2422 3515 2637 3571 domum
2679 3515 2882 3570 reversi
2935 3521 3081 3569 sunt.
3162 3512 3270 3568 Sed
3325 3520 3378 3567 et
3428 3513 3532 3568 hoc
3580 3510 3745 3565 mira-

2169 3606 2347 3661 culum
2385 3606 2632 3661 sanitatis
2673 3605 2727 3659 in
2760 3605 2886 3668 illis,
2935 3605 3183 3674 plurimis
3234 3617 3395 3657 causa
3420 3601 3521 3655 fuit
3554 3598 3747 3657 salutis

2169 3704 2400 3750 aeterna}.
2452 3693 2710 3748 Videntes
2762 3694 2903 3747 enim
2949 3693 3225 3748 cmlestem
3276 3692 3531 3745 virtutem
3578 3690 3744 3745 verba

2170 3784 2427 3854 consequi
2448 3783 2745 3839 sacerdotis
2767 3782 2883 3848 Dei,
2904 3782 3103 3837 relictis
3138 3779 3451 3835 idololatria:
3477 3778 3743 3845 sordibus,

2172 3876 2227 3930 in
2249 3875 2521 3931 Christum
2553 3874 2851 3937 credentes,
2881 3872 3002 3927 vivo
3052 3870 3191 3927 sacri
3236 3870 3574 3941 baptismatis
3602 3869 3749 3927 fonte

2170 3966 2384 4036 purgati
2410 3974 2555 4022 sunt.

2241 4054 2378 4109 XIV.
2418 4055 2636 4109 Praefati
2670 4071 2801 4110 vero
2832 4055 3077 4111 miraculi
3110 4052 3488 4109 testiﬁcatione
3547 4052 3628 4106 vir
3651 4050 3746 4105 Dei

2173 4146 2356 4202 favore
2396 4146 2575 4218 populi
2605 4148 2870 4213 suffultus,
2923 4148 3128 4219 singula
3162 4148 3396 4203 civitatis
3442 4147 3558 4202 loca
3587 4160 3749 4215 pera-

2172 4254 2358 4310 grans,
2381 4240 2628 4309 quaesivit
2646 4240 2787 4295 inter
2811 4239 2994 4294 ruinas
3021 4237 3388 4298 aediﬁciorum,
3416 4235 3459 4289 si
3488 4235 3631 4303 quod
3656 4248 3750 4289 ec-

2095 4361 2149 4422 D
2174 4331 2350 4387 clesia:
2366 4331 2579 4402 signum
2604 4329 2835 4385 inveniri
2857 4327 3130 4381 valuisset.
3168 4324 3303 4378 Nam
3324 4324 3561 4393 antiquis
3581 4322 3752 4379 ferme

2174 4420 2526 4491 temporibus,
2558 4431 2727 4472 sacrae
2753 4417 2807 4469 in
2833 4414 2940 4469 illis
2960 4414 3093 4468 locis
3120 4412 3240 4467 ﬁdei
3267 4411 3512 4469 ﬂoruisse
3539 4413 3753 4484 religio-

2175 4524 2300 4565 nem
2322 4507 2568 4577 agnovit;
2601 4505 2694 4560 sed
2724 4510 2946 4574 propter
2964 4511 3184 4573 peccata
3204 4501 3568 4561 habitatorum
3592 4511 3755 4560 terra

2179 4599 2343 4661 illius,
2366 4596 2576 4652 occulto
2597 4594 2693 4649 Dei
2713 4593 2933 4663 judicio,
2968 4594 3061 4650 sed
3075 4594 3397 4666 iustissimo,
3428 4594 3621 4648 tradita
3647 4600 3748 4654 est,

2180 4702 2303 4744 cum
2327 4687 2535 4743 caeteris
2546 4686 2731 4742 Gallia:
2751 4684 2834 4741 vel
2859 4685 3161 4741 Germaniae
3188 4684 3517 4746 civitatibus,
3547 4695 3755 4751 pagano

2181 4791 2238 4838 et
2264 4780 2468 4852 perﬁdo
2493 4779 2806 4836 Hunnorum
2848 4779 2962 4851 regi
2997 4778 3175 4845 Attila:
3216 4789 3241 4816 ιι
3266 4776 3399 4829 urbs
3426 4787 3639 4843 quoque
3665 4771 3755 4828 illa

2185 4872 2563 4944 depraedanda:
2617 4871 2707 4939 qui
2737 4876 2953 4938 propter
2977 4866 3143 4921 animi
3191 4864 3273 4919 sui
3324 4864 3603 4927 saevitiam,
3653 4876 3757 4939 nec

2185 4964 2557 5021 sacerdotibus
2592 4961 2689 5016 Dei
2717 4961 2997 5021 honorem,
3037 4970 3139 5010 nec
3168 4952 3410 5009 ecclesiis
3440 4951 3643 5009 Christi
3670 4965 3758 5007 re-

2184 5055 2481 5110 verentiam
2510 5050 2818 5123 impendere
2842 5046 3069 5110 sciebat,
3092 5045 3185 5100 sed
3211 5045 3414 5111 omnia,
3437 5045 3589 5115 quasi
3606 5052 3760 5099 tem-

2184 5154 2367 5215 pestas
2391 5136 2971 5215 immanissima,ferro
2986 5136 3215 5191 vastavit
3244 5143 3299 5191 et
3324 5136 3469 5207 igne.
3521 5133 3674 5190 Tunc
3701 5133 3756 5187 in

2183 5214 2532 5289 similitudine
2557 5214 3053 5298 HierosolYmitanaa
3078 5228 3414 5293 vastationis,
3436 5241 3554 5297 qure
3574 5225 3641 5282 ab
3655 5224 3759 5279 im-

2181 5326 2271 5395 pio
2290 5319 2599 5395 Babylonia!
2624 5330 2750 5387 rege
2776 5314 2914 5370 facta
2942 5324 3044 5381 est,
3070 5324 3334 5372 venerunt
3361 5313 3559 5389 gentes'
3577 5316 3626 5373 in
3646 5314 3758 5370 hae-

2202 5490 2206 5494 -
2307 5457 2398 5511 'Et
2424 5453 2535 5523 jam
2566 5448 2813 5523 terrificis
2850 5447 3137 5523 diffuderat
3155 5449 3318 5523 Attila
3350 5448 3545 5504 turmis

2328 5527 2385 5581 ιη
2408 5518 2628 5593 campos
2677 5535 2757 5588 se,
2786 5518 2966 5590 Belga,
2999 5527 3138 5575 tuos.
3213 5519 3374 5575 Βοιι..

2733 5674 2765 5688 /
