  <div class='ocr_page' id='page_1' title='image "/cluster/home/n/w/nwhite01/storage/ocr_20150623/101/uva.x000834944/344.png"; bbox 0 0 4262 6206; ppageno 0'>
   <div class='ocr_carea' id='block_1_1' title="bbox 892 277 1088 345">
    <p class='ocr_par' dir='ltr' id='par_1_1' title="bbox 892 277 1088 345">
     <span class='ocr_line' id='line_1_1' title="bbox 892 277 1088 345; baseline 0.015 -3"><span class='ocrx_word' id='word_1_1' title='bbox 892 285 997 345; x_wconf 73' lang='lat'><strong>673</strong></span> <span class='ocrx_word' id='word_1_2' title='bbox 1083 277 1088 280; x_wconf 84' lang='grc'><em>’</em></span> 
     </span>
    </p>
   </div>
   <div class='ocr_carea' id='block_1_2' title="bbox 1812 283 3153 344">
    <p class='ocr_par' dir='ltr' id='par_1_2' title="bbox 1812 283 3153 344">
     <span class='ocr_line' id='line_1_2' title="bbox 1812 283 3153 344; baseline 0.002 -5"><span class='ocrx_word' id='word_1_3' title='bbox 1812 283 2393 342; x_wconf 63' lang='lat' dir='ltr'><strong>llAGlOGRAPHlCA.</strong></span> <span class='ocrx_word' id='word_1_4' title='bbox 2434 316 2502 326; x_wconf 89' lang='lat'>—</span> <span class='ocrx_word' id='word_1_5' title='bbox 2543 285 2701 343; x_wconf 74' lang='lat' dir='ltr'><strong>VlTA</strong></span> <span class='ocrx_word' id='word_1_6' title='bbox 2739 287 2799 344; x_wconf 92' lang='lat' dir='ltr'><strong>S.</strong></span> <span class='ocrx_word' id='word_1_7' title='bbox 2839 286 3153 344; x_wconf 76' lang='lat' dir='ltr'><strong>VEDASTI.</strong></span> 
     </span>
    </p>
   </div>
   <div class='ocr_carea' id='block_1_3' title="bbox 3957 292 4109 349">
    <p class='ocr_par' dir='ltr' id='par_1_3' title="bbox 3957 292 4109 349">
     <span class='ocr_line' id='line_1_3' title="bbox 3957 292 4109 349; baseline 0 -1"><span class='ocrx_word' id='word_1_8' title='bbox 3957 329 3964 336; x_wconf 88' lang='lat'><strong>-</strong></span> <span class='ocrx_word' id='word_1_9' title='bbox 4005 292 4109 349; x_wconf 59' lang='lat'><strong>67$</strong></span> 
     </span>
    </p>
   </div>
   <div class='ocr_carea' id='block_1_4' title="bbox 890 397 4113 482">
    <p class='ocr_par' dir='ltr' id='par_1_4' title="bbox 890 397 4113 482">
     <span class='ocr_line' id='line_1_4' title="bbox 890 397 4113 482; baseline 0.003 -28"><span class='ocrx_word' id='word_1_10' title='bbox 890 401 1171 458; x_wconf 83' lang='lat' dir='ltr'><strong>reditatem</strong></span> <span class='ocrx_word' id='word_1_11' title='bbox 1226 398 1350 463; x_wconf 89' lang='lat' dir='ltr'><strong>Dei,</strong></span> <span class='ocrx_word' id='word_1_12' title='bbox 1387 406 1442 453; x_wconf 92' lang='lat' dir='ltr'><strong>et</strong></span> <span class='ocrx_word' id='word_1_13' title='bbox 1490 397 1705 468; x_wconf 76' lang='lat' dir='ltr'><strong>pollutis</strong></span> <span class='ocrx_word' id='word_1_14' title='bbox 1754 399 1999 454; x_wconf 88' lang='lat' dir='ltr'><strong>manibus</strong></span> <span class='ocrx_word' id='word_1_15' title='bbox 2033 397 2451 469; x_wconf 88' lang='lat' dir='ltr'><strong>profanaverunt</strong></span> <span class='ocrx_word' id='word_1_16' title='bbox 2477 405 2519 461; x_wconf 75' lang='grc' dir='ltr'><strong>Α</strong></span> <span class='ocrx_word' id='word_1_17' title='bbox 2549 401 2749 458; x_wconf 79' lang='lat' dir='ltr'><strong>Christi</strong></span> <span class='ocrx_word' id='word_1_18' title='bbox 2773 405 3246 475; x_wconf 83' lang='lat' dir='ltr'><strong>secutusvcstigia,</strong></span> <span class='ocrx_word' id='word_1_19' title='bbox 3275 405 3572 482; x_wconf 88' lang='lat' dir='ltr'><strong>potentium</strong></span> <span class='ocrx_word' id='word_1_20' title='bbox 3601 408 3840 463; x_wconf 83' lang='lat' dir='ltr'><strong>convivia</strong></span> <span class='ocrx_word' id='word_1_21' title='bbox 3862 424 3965 464; x_wconf 90' lang='lat' dir='ltr'><strong>non</strong></span> <span class='ocrx_word' id='word_1_22' title='bbox 3985 426 4113 464; x_wconf 86' lang='lat' dir='ltr'><strong>con-</strong></span> 
     </span>
    </p>
   </div>
   <div class='ocr_carea' id='block_1_5' title="bbox 820 485 2449 559">
    <p class='ocr_par' dir='ltr' id='par_1_5' title="bbox 820 485 2449 559">
     <span class='ocr_line' id='line_1_5' title="bbox 820 485 2449 559; baseline 0 -16"><span class='ocrx_word' id='word_1_23' title='bbox 820 491 831 502; x_wconf 92' lang='lat'><strong>&#39;</strong></span> <span class='ocrx_word' id='word_1_24' title='bbox 889 488 1126 544; x_wconf 82' lang='lat' dir='ltr'><strong>sacraria</strong></span> <span class='ocrx_word' id='word_1_25' title='bbox 1153 485 1390 549; x_wconf 89' lang='lat' dir='ltr'><strong>Christi,</strong></span> <span class='ocrx_word' id='word_1_26' title='bbox 1418 485 1746 541; x_wconf 82' lang='lat' dir='ltr'><strong>ell&#39;undentes</strong></span> <span class='ocrx_word' id='word_1_27' title='bbox 1790 500 2065 542; x_wconf 84' lang='lat' dir='ltr'><strong>servorum</strong></span> <span class='ocrx_word' id='word_1_28' title='bbox 2103 487 2194 542; x_wconf 86' lang='lat' dir='ltr'><strong>Dei</strong></span> <span class='ocrx_word' id='word_1_29' title='bbox 2233 490 2449 559; x_wconf 86' lang='lat' dir='ltr'><strong>sangui-</strong></span> 
     </span>
    </p>
   </div>
   <div class='ocr_carea' id='block_1_6' title="bbox 891 575 2447 649">
    <p class='ocr_par' dir='ltr' id='par_1_6' title="bbox 891 575 2447 649">
     <span class='ocr_line' id='line_1_6' title="bbox 891 575 2447 649; baseline 0 -17"><span class='ocrx_word' id='word_1_30' title='bbox 891 592 1015 632; x_wconf 89' lang='lat' dir='ltr'><strong>nem</strong></span> <span class='ocrx_word' id='word_1_31' title='bbox 1042 577 1187 632; x_wconf 90' lang='lat' dir='ltr'><strong>circa</strong></span> <span class='ocrx_word' id='word_1_32' title='bbox 1212 576 1399 628; x_wconf 87' lang='lat' dir='ltr'><strong>altaria</strong></span> <span class='ocrx_word' id='word_1_33' title='bbox 1431 575 1674 629; x_wconf 73' lang='lat' dir='ltr'><strong>altissimi</strong></span> <span class='ocrx_word' id='word_1_34' title='bbox 1705 577 1845 647; x_wconf 89' lang='lat' dir='ltr'><strong>regis</strong></span> <span class='ocrx_word' id='word_1_35' title='bbox 1877 575 1982 647; x_wconf 85' lang='lat' dir='ltr'><strong>(IV</strong></span> <span class='ocrx_word' id='word_1_36' title='bbox 2009 577 2135 647; x_wconf 86' lang='lat' dir='ltr'><strong><em>Reg.</em></strong></span> <span class='ocrx_word' id='word_1_37' title='bbox 2154 579 2302 649; x_wconf 85' lang='lat' dir='ltr'><strong>xxv).</strong></span> <span class='ocrx_word' id='word_1_38' title='bbox 2332 577 2447 632; x_wconf 82' lang='lat' dir='ltr'><strong>Non</strong></span> 
     </span>
    </p>
   </div>
   <div class='ocr_carea' id='block_1_7' title="bbox 891 665 2445 747">
    <p class='ocr_par' dir='ltr' id='par_1_7' title="bbox 891 665 2445 747">
     <span class='ocr_line' id='line_1_7' title="bbox 891 665 2445 747; baseline 0.001 -25"><span class='ocrx_word' id='word_1_39' title='bbox 891 667 1005 722; x_wconf 79' lang='lat' dir='ltr'><strong>hzec</strong></span> <span class='ocrx_word' id='word_1_40' title='bbox 1031 682 1359 738; x_wconf 82' lang='lat' dir='ltr'><strong>paganorum</strong></span> <span class='ocrx_word' id='word_1_41' title='bbox 1384 665 1509 720; x_wconf 91' lang='lat' dir='ltr'><strong>fecit</strong></span> <span class='ocrx_word' id='word_1_42' title='bbox 1537 665 1810 731; x_wconf 75' lang='lat' dir='ltr'><strong>fortitudo,</strong></span> <span class='ocrx_word' id='word_1_43' title='bbox 1840 668 1932 722; x_wconf 88' lang='lat' dir='ltr'><strong>sed</strong></span> <span class='ocrx_word' id='word_1_44' title='bbox 1955 669 2132 737; x_wconf 89' lang='lat' dir='ltr'><strong>p0puli</strong></span> <span class='ocrx_word' id='word_1_45' title='bbox 2161 667 2445 747; x_wconf 75' lang='lat' dir='ltr'><strong>Christiani</strong></span> 
     </span>
    </p>
   </div>
   <div class='ocr_carea' id='block_1_8' title="bbox 888 748 2446 826">
    <p class='ocr_par' dir='ltr' id='par_1_8' title="bbox 888 748 2446 826">
     <span class='ocr_line' id='line_1_8' title="bbox 888 748 2446 826; baseline 0.003 -18"><span class='ocrx_word' id='word_1_46' title='bbox 888 765 1298 826; x_wconf 81' lang='lat' dir='ltr'><strong>pmmeruerunt</strong></span> <span class='ocrx_word' id='word_1_47' title='bbox 1323 748 1586 825; x_wconf 51' lang='lat' dir='ltr'><strong>peccata.‘</strong></span> <span class='ocrx_word' id='word_1_48' title='bbox 1614 756 1817 810; x_wconf 82' lang='lat' dir='ltr'><strong>invenit</strong></span> <span class='ocrx_word' id='word_1_49' title='bbox 1849 772 1976 810; x_wconf 92' lang='lat' dir='ltr'><strong>vero</strong></span> <span class='ocrx_word' id='word_1_50' title='bbox 1998 757 2226 812; x_wconf 85' lang='lat' dir='ltr'><strong>famulus</strong></span> <span class='ocrx_word' id='word_1_51' title='bbox 2247 758 2446 812; x_wconf 82' lang='lat' dir='ltr'><strong>Christi</strong></span> 
     </span>
    </p>
   </div>
   <div class='ocr_carea' id='block_1_9' title="bbox 890 844 2446 916">
    <p class='ocr_par' dir='ltr' id='par_1_9' title="bbox 890 844 2446 916">
     <span class='ocr_line' id='line_1_9' title="bbox 890 844 2446 916; baseline -0.001 -15"><span class='ocrx_word' id='word_1_52' title='bbox 890 848 1124 916; x_wconf 69' lang='lat' dir='ltr'><strong>antiqua:</strong></span> <span class='ocrx_word' id='word_1_53' title='bbox 1177 844 1367 900; x_wconf 81' lang='lat' dir='ltr'><strong>ruinas</strong></span> <span class='ocrx_word' id='word_1_54' title='bbox 1408 847 1644 901; x_wconf 70' lang='lat' dir='ltr'><strong>ecclesia:</strong></span> <span class='ocrx_word' id='word_1_55' title='bbox 1671 886 1685 911; x_wconf 92' lang='lat'><strong>,</strong></span> <span class='ocrx_word' id='word_1_56' title='bbox 1742 847 1882 900; x_wconf 89' lang='lat' dir='ltr'><strong>inter</strong></span> <span class='ocrx_word' id='word_1_57' title='bbox 1924 861 2302 915; x_wconf 84' lang='lat' dir='ltr'><strong>murorumque</strong></span> <span class='ocrx_word' id='word_1_58' title='bbox 2337 847 2446 900; x_wconf 87' lang='lat' dir='ltr'><strong>fra-</strong></span> 
     </span>
    </p>
   </div>
   <div class='ocr_carea' id='block_1_10' title="bbox 889 923 2447 1009">
    <p class='ocr_par' dir='ltr' id='par_1_10' title="bbox 889 923 2447 1009">
     <span class='ocr_line' id='line_1_10' title="bbox 889 923 2447 1009; baseline 0.002 -19"><span class='ocrx_word' id='word_1_59' title='bbox 889 923 1103 1009; x_wconf 72' lang='lat' dir='ltr'><strong>gmenta</strong></span> <span class='ocrx_word' id='word_1_60' title='bbox 1139 937 1377 1006; x_wconf 83' lang='lat' dir='ltr'><strong>veprium</strong></span> <span class='ocrx_word' id='word_1_61' title='bbox 1409 952 1654 992; x_wconf 81' lang='lat' dir='ltr'><strong>crescere</strong></span> <span class='ocrx_word' id='word_1_62' title='bbox 1678 938 1996 993; x_wconf 86' lang='lat' dir='ltr'><strong>densitates:</strong></span> <span class='ocrx_word' id='word_1_63' title='bbox 2051 939 2139 992; x_wconf 92' lang='lat' dir='ltr'><strong>ubi</strong></span> <span class='ocrx_word' id='word_1_64' title='bbox 2179 940 2447 1007; x_wconf 92' lang='lat' dir='ltr'><strong>quondam</strong></span> 
     </span>
    </p>
   </div>
   <div class='ocr_carea' id='block_1_11' title="bbox 889 1026 2446 1096">
    <p class='ocr_par' dir='ltr' id='par_1_11' title="bbox 889 1026 2446 1096">
     <span class='ocr_line' id='line_1_11' title="bbox 889 1026 2446 1096; baseline 0 -15"><span class='ocrx_word' id='word_1_65' title='bbox 889 1026 1434 1096; x_wconf 74' lang='lat' dir='ltr'><strong>psallentiumchori,</strong></span> <span class='ocrx_word' id='word_1_66' title='bbox 1487 1027 1560 1080; x_wconf 92' lang='lat' dir='ltr'><strong>ibi</strong></span> <span class='ocrx_word' id='word_1_67' title='bbox 1608 1029 1775 1095; x_wconf 89' lang='lat' dir='ltr'><strong>lustra</strong></span> <span class='ocrx_word' id='word_1_68' title='bbox 1817 1036 1872 1083; x_wconf 89' lang='lat' dir='ltr'><strong>et</strong></span> <span class='ocrx_word' id='word_1_69' title='bbox 1933 1028 2150 1082; x_wconf 91' lang='lat' dir='ltr'><strong>latibula</strong></span> <span class='ocrx_word' id='word_1_70' title='bbox 2210 1027 2446 1082; x_wconf 85' lang='lat' dir='ltr'><strong>ferarum</strong></span> 
     </span>
    </p>
   </div>
   <div class='ocr_carea' id='block_1_12' title="bbox 888 1115 2442 1184">
    <p class='ocr_par' dir='ltr' id='par_1_12' title="bbox 888 1115 2442 1184">
     <span class='ocr_line' id='line_1_12' title="bbox 888 1115 2442 1184; baseline 0.002 -18"><span class='ocrx_word' id='word_1_71' title='bbox 888 1115 1002 1168; x_wconf 85' lang='lat' dir='ltr'><strong>visa</strong></span> <span class='ocrx_word' id='word_1_72' title='bbox 1036 1123 1182 1178; x_wconf 81' lang='lat' dir='ltr'><strong>sunt,</strong></span> <span class='ocrx_word' id='word_1_73' title='bbox 1211 1116 1534 1169; x_wconf 86' lang='lat' dir='ltr'><strong>stercoribus</strong></span> <span class='ocrx_word' id='word_1_74' title='bbox 1561 1124 1615 1168; x_wconf 89' lang='lat' dir='ltr'><strong>et</strong></span> <span class='ocrx_word' id='word_1_75' title='bbox 1665 1117 2014 1170; x_wconf 89' lang='lat' dir='ltr'><strong>immunditiis</strong></span> <span class='ocrx_word' id='word_1_76' title='bbox 2053 1117 2228 1170; x_wconf 87' lang='lat' dir='ltr'><strong>omnia</strong></span> <span class='ocrx_word' id='word_1_77' title='bbox 2267 1117 2442 1184; x_wconf 90' lang='lat' dir='ltr'><strong>plena,</strong></span> 
     </span>
    </p>
   </div>
   <div class='ocr_carea' id='block_1_13' title="bbox 889 1186 2440 1274">
    <p class='ocr_par' dir='ltr' id='par_1_13' title="bbox 889 1186 2440 1274">
     <span class='ocr_line' id='line_1_13' title="bbox 889 1186 2440 1274; baseline 0.001 -17"><span class='ocrx_word' id='word_1_78' title='bbox 889 1203 960 1257; x_wconf 90' lang='lat' dir='ltr'><strong>ita</strong></span> <span class='ocrx_word' id='word_1_79' title='bbox 985 1186 1041 1257; x_wconf 78' lang='lat' dir='ltr'><strong>ut</strong></span> <span class='ocrx_word' id='word_1_80' title='bbox 1071 1205 1157 1258; x_wconf 85' lang='lat' dir='ltr'><strong>vix</strong></span> <span class='ocrx_word' id='word_1_81' title='bbox 1182 1205 1462 1274; x_wconf 83' lang='lat' dir='ltr'><strong>vestigium</strong></span> <span class='ocrx_word' id='word_1_82' title='bbox 1501 1206 1711 1274; x_wconf 82' lang='lat' dir='ltr'><strong>aliquod</strong></span> <span class='ocrx_word' id='word_1_83' title='bbox 1761 1207 2105 1258; x_wconf 79' lang='lat' dir='ltr'><strong>remansisset</strong></span> <span class='ocrx_word' id='word_1_84' title='bbox 2148 1221 2440 1260; x_wconf 91' lang='lat' dir='ltr'><strong>murorum.</strong></span> 
     </span>
    </p>
   </div>
   <div class='ocr_carea' id='block_1_14' title="bbox 889 1293 2440 1363">
    <p class='ocr_par' dir='ltr' id='par_1_14' title="bbox 889 1293 2440 1363">
     <span class='ocr_line' id='line_1_14' title="bbox 889 1293 2440 1363; baseline 0.001 -17"><span class='ocrx_word' id='word_1_85' title='bbox 889 1293 1013 1348; x_wconf 66' lang='lat' dir='ltr'><strong>llzec</strong></span> <span class='ocrx_word' id='word_1_86' title='bbox 1041 1309 1286 1357; x_wconf 90' lang='lat' dir='ltr'><strong>cernens,</strong></span> <span class='ocrx_word' id='word_1_87' title='bbox 1313 1295 1499 1350; x_wconf 90' lang='lat' dir='ltr'><strong>intimo</strong></span> <span class='ocrx_word' id='word_1_88' title='bbox 1525 1296 1701 1363; x_wconf 78' lang='lat' dir='ltr'><strong>cordis</strong></span> <span class='ocrx_word' id='word_1_89' title='bbox 1723 1295 1900 1349; x_wconf 86' lang='lat' dir='ltr'><strong>dolore</strong></span> <span class='ocrx_word' id='word_1_90' title='bbox 1930 1295 2204 1363; x_wconf 85' lang='lat' dir='ltr'><strong>ingemuit,</strong></span> <span class='ocrx_word' id='word_1_91' title='bbox 2229 1296 2440 1349; x_wconf 87' lang='lat' dir='ltr'><strong>dicens:</strong></span> 
     </span>
    </p>
   </div>
   <div class='ocr_carea' id='block_1_15' title="bbox 889 1382 2446 1452">
    <p class='ocr_par' dir='ltr' id='par_1_15' title="bbox 889 1382 2446 1452">
     <span class='ocr_line' id='line_1_15' title="bbox 889 1382 2446 1452; baseline -0.001 -15"><span class='ocrx_word' id='word_1_92' title='bbox 889 1382 932 1437; x_wconf 92' lang='grc' dir='ltr'>Ο</span> <span class='ocrx_word' id='word_1_93' title='bbox 958 1384 1198 1446; x_wconf 82' lang='lat' dir='ltr'><strong>Domine,</strong></span> <span class='ocrx_word' id='word_1_94' title='bbox 1231 1383 1343 1438; x_wconf 65' lang='lat' dir='ltr'><strong>haec</strong></span> <span class='ocrx_word' id='word_1_95' title='bbox 1365 1385 1542 1438; x_wconf 81' lang='lat' dir='ltr'><strong>omnia</strong></span> <span class='ocrx_word' id='word_1_96' title='bbox 1572 1392 1828 1436; x_wconf 91' lang='lat' dir='ltr'><strong>venerunt</strong></span> <span class='ocrx_word' id='word_1_97' title='bbox 1854 1397 2013 1450; x_wconf 85' lang='lat' dir='ltr'><strong>super</strong></span> <span class='ocrx_word' id='word_1_98' title='bbox 2033 1397 2148 1446; x_wconf 91' lang='lat' dir='ltr'><strong>nos,</strong></span> <span class='ocrx_word' id='word_1_99' title='bbox 2188 1384 2308 1450; x_wconf 89' lang='lat' dir='ltr'><strong>quia</strong></span> <span class='ocrx_word' id='word_1_100' title='bbox 2331 1400 2446 1452; x_wconf 84' lang='lat' dir='ltr'><strong>pec-</strong></span> 
     </span>
    </p>
   </div>
   <div class='ocr_carea' id='block_1_16' title="bbox 891 1473 2444 1544">
    <p class='ocr_par' dir='ltr' id='par_1_16' title="bbox 891 1473 2444 1544">
     <span class='ocr_line' id='line_1_16' title="bbox 891 1473 2444 1544; baseline 0.002 -20"><span class='ocrx_word' id='word_1_101' title='bbox 891 1475 1119 1527; x_wconf 82' lang='lat' dir='ltr'><strong>carimus</strong></span> <span class='ocrx_word' id='word_1_102' title='bbox 1142 1490 1257 1528; x_wconf 85' lang='lat' dir='ltr'><strong>cum</strong></span> <span class='ocrx_word' id='word_1_103' title='bbox 1279 1475 1510 1543; x_wconf 78' lang='lat' dir='ltr'><strong>patribus</strong></span> <span class='ocrx_word' id='word_1_104' title='bbox 1546 1473 1754 1537; x_wconf 85' lang='lat' dir='ltr'><strong>nostris,</strong></span> <span class='ocrx_word' id='word_1_105' title='bbox 1783 1473 1971 1542; x_wconf 78' lang='lat' dir='ltr'><strong>injuste</strong></span> <span class='ocrx_word' id='word_1_106' title='bbox 2005 1475 2218 1544; x_wconf 83' lang='lat' dir='ltr'><strong>egimus,</strong></span> <span class='ocrx_word' id='word_1_107' title='bbox 2253 1475 2444 1544; x_wconf 82' lang='lat' dir='ltr'><strong>iniqui-</strong></span> 
     </span>
    </p>
   </div>
   <div class='ocr_carea' id='block_1_17' title="bbox 885 1561 2446 1630">
    <p class='ocr_par' dir='ltr' id='par_1_17' title="bbox 885 1561 2446 1630">
     <span class='ocr_line' id='line_1_17' title="bbox 885 1561 2446 1630; baseline 0.001 -17"><span class='ocrx_word' id='word_1_108' title='bbox 885 1569 1041 1614; x_wconf 81' lang='lat' dir='ltr'><strong>tatem</strong></span> <span class='ocrx_word' id='word_1_109' title='bbox 1063 1562 1296 1630; x_wconf 79' lang='lat' dir='ltr'><strong>fecimus.</strong></span> <span class='ocrx_word' id='word_1_110' title='bbox 1327 1561 1428 1616; x_wconf 80' lang='lat' dir='ltr'><strong>Sed</strong></span> <span class='ocrx_word' id='word_1_111' title='bbox 1450 1573 1526 1627; x_wconf 88' lang='lat' dir='ltr'><strong>tu,</strong></span> <span class='ocrx_word' id='word_1_112' title='bbox 1543 1563 1776 1627; x_wconf 81' lang='lat' dir='ltr'><strong>Domine,</strong></span> <span class='ocrx_word' id='word_1_113' title='bbox 1803 1579 1997 1615; x_wconf 85' lang='lat' dir='ltr'><strong>memor</strong></span> <span class='ocrx_word' id='word_1_114' title='bbox 2023 1573 2128 1615; x_wconf 82' lang='lat' dir='ltr'><strong>esto</strong></span> <span class='ocrx_word' id='word_1_115' title='bbox 2151 1564 2446 1614; x_wconf 78' lang='lat' dir='ltr'><strong>miscricor-</strong></span> 
     </span>
    </p>
   </div>
   <div class='ocr_carea' id='block_1_18' title="bbox 886 1651 2444 1720">
    <p class='ocr_par' dir='ltr' id='par_1_18' title="bbox 886 1651 2444 1720">
     <span class='ocr_line' id='line_1_18' title="bbox 886 1651 2444 1720; baseline 0.001 -16"><span class='ocrx_word' id='word_1_116' title='bbox 886 1651 1134 1714; x_wconf 73' lang='lat' dir='ltr'><strong>ditetuw,</strong></span> <span class='ocrx_word' id='word_1_117' title='bbox 1163 1660 1210 1703; x_wconf 88' lang='lat' dir='ltr'><strong>et</strong></span> <span class='ocrx_word' id='word_1_118' title='bbox 1235 1652 1422 1704; x_wconf 81' lang='lat' dir='ltr'><strong>nostris</strong></span> <span class='ocrx_word' id='word_1_119' title='bbox 1461 1667 1612 1720; x_wconf 86' lang='lat' dir='ltr'><strong>parce</strong></span> <span class='ocrx_word' id='word_1_120' title='bbox 1663 1652 1901 1719; x_wconf 85' lang='lat' dir='ltr'><strong>peccatis,</strong></span> <span class='ocrx_word' id='word_1_121' title='bbox 1927 1660 1974 1703; x_wconf 86' lang='lat' dir='ltr'><strong>et</strong></span> <span class='ocrx_word' id='word_1_122' title='bbox 2022 1667 2084 1704; x_wconf 85' lang='lat' dir='ltr'><strong>ne</strong></span> <span class='ocrx_word' id='word_1_123' title='bbox 2127 1651 2444 1705; x_wconf 81' lang='lat' dir='ltr'><strong>obliviscaris</strong></span> 
     </span>
    </p>
   </div>
   <div class='ocr_carea' id='block_1_19' title="bbox 884 1736 2329 1823">
    <p class='ocr_par' dir='ltr' id='par_1_19' title="bbox 884 1736 2329 1823">
     <span class='ocr_line' id='line_1_19' title="bbox 884 1736 2329 1823; baseline 0.001 -33"><span class='ocrx_word' id='word_1_124' title='bbox 884 1753 1168 1809; x_wconf 80' lang='lat' dir='ltr'><strong>pauperum</strong></span> <span class='ocrx_word' id='word_1_125' title='bbox 1189 1747 1396 1790; x_wconf 86' lang='lat' dir='ltr'><strong>tuorum</strong></span> <span class='ocrx_word' id='word_1_126' title='bbox 1420 1739 1472 1791; x_wconf 88' lang='lat' dir='ltr'><strong>in</strong></span> <span class='ocrx_word' id='word_1_127' title='bbox 1496 1739 1649 1807; x_wconf 75' lang='lat' dir='ltr'><strong>ﬁnem</strong></span> <span class='ocrx_word' id='word_1_128' title='bbox 1678 1736 1844 1808; x_wconf 85' lang='lat' dir='ltr'><strong>(Psal.</strong></span> <span class='ocrx_word' id='word_1_129' title='bbox 1878 1755 1962 1802; x_wconf 86' lang='lat' dir='ltr'><strong>cv,</strong></span> <span class='ocrx_word' id='word_1_130' title='bbox 1989 1739 2063 1809; x_wconf 82' lang='lat'><strong>6).</strong></span> <span class='ocrx_word' id='word_1_131' title='bbox 2321 1817 2329 1823; x_wconf 31' lang='lat'><em>.</em></span> 
     </span>
    </p>
   </div>
   <div class='ocr_carea' id='block_1_20' title="bbox 959 1827 2445 1899">
    <p class='ocr_par' dir='ltr' id='par_1_20' title="bbox 959 1827 2445 1899">
     <span class='ocr_line' id='line_1_20' title="bbox 959 1827 2445 1899; baseline 0.001 -19"><span class='ocrx_word' id='word_1_132' title='bbox 959 1827 1071 1880; x_wconf 79' lang='lat' dir='ltr'><strong>XV.</strong></span> <span class='ocrx_word' id='word_1_133' title='bbox 1107 1828 1242 1881; x_wconf 87' lang='lat' dir='ltr'><strong>Dum</strong></span> <span class='ocrx_word' id='word_1_134' title='bbox 1267 1829 1381 1882; x_wconf 63' lang='lat' dir='ltr'><strong>haec</strong></span> <span class='ocrx_word' id='word_1_135' title='bbox 1402 1829 1580 1896; x_wconf 86' lang='lat' dir='ltr'><strong>itaque</strong></span> <span class='ocrx_word' id='word_1_136' title='bbox 1606 1829 1913 1899; x_wconf 55' lang='lat' dir='ltr'><strong>lacrimosis</strong></span> <span class='ocrx_word' id='word_1_137' title='bbox 1939 1834 2295 1883; x_wconf 82' lang='lat' dir='ltr'><strong>murmuraret</strong></span> <span class='ocrx_word' id='word_1_138' title='bbox 2315 1844 2445 1898; x_wconf 83' lang='lat' dir='ltr'><strong>que-</strong></span> 
     </span>
    </p>
   </div>
   <div class='ocr_carea' id='block_1_21' title="bbox 888 1921 2445 1994">
    <p class='ocr_par' dir='ltr' id='par_1_21' title="bbox 888 1921 2445 1994">
     <span class='ocr_line' id='line_1_21' title="bbox 888 1921 2445 1994; baseline 0.004 -20"><span class='ocrx_word' id='word_1_139' title='bbox 888 1921 1038 1986; x_wconf 89' lang='lat' dir='ltr'><strong>relis,</strong></span> <span class='ocrx_word' id='word_1_140' title='bbox 1063 1937 1188 1976; x_wconf 89' lang='lat' dir='ltr'><strong>ecce</strong></span> <span class='ocrx_word' id='word_1_141' title='bbox 1227 1923 1402 1977; x_wconf 87' lang='lat' dir='ltr'><strong>subito</strong></span> <span class='ocrx_word' id='word_1_142' title='bbox 1429 1938 1493 1977; x_wconf 82' lang='lat' dir='ltr'><strong>ex</strong></span> <span class='ocrx_word' id='word_1_143' title='bbox 1523 1925 1752 1979; x_wconf 88' lang='lat' dir='ltr'><strong>ruinosis</strong></span> <span class='ocrx_word' id='word_1_144' title='bbox 1783 1925 2048 1994; x_wconf 86' lang='lat' dir='ltr'><strong>speluncis</strong></span> <span class='ocrx_word' id='word_1_145' title='bbox 2081 1937 2244 1980; x_wconf 85' lang='lat' dir='ltr'><strong>ursus</strong></span> <span class='ocrx_word' id='word_1_146' title='bbox 2275 1927 2445 1994; x_wconf 78' lang='lat' dir='ltr'><strong>prdsi—</strong></span> 
     </span>
    </p>
   </div>
   <div class='ocr_carea' id='block_1_22' title="bbox 887 2011 2445 2088">
    <p class='ocr_par' dir='ltr' id='par_1_22' title="bbox 887 2011 2445 2088">
     <span class='ocr_line' id='line_1_22' title="bbox 887 2011 2445 2088; baseline 0.005 -23"><span class='ocrx_word' id='word_1_147' title='bbox 887 2011 1004 2066; x_wconf 85' lang='lat' dir='ltr'><strong>luit.</strong></span> <span class='ocrx_word' id='word_1_148' title='bbox 1076 2011 1173 2067; x_wconf 87' lang='lat' dir='ltr'><strong>Cui</strong></span> <span class='ocrx_word' id='word_1_149' title='bbox 1201 2015 1282 2068; x_wconf 90' lang='lat' dir='ltr'><strong>vir</strong></span> <span class='ocrx_word' id='word_1_150' title='bbox 1304 2016 1396 2069; x_wconf 89' lang='lat' dir='ltr'><strong>Dei</strong></span> <span class='ocrx_word' id='word_1_151' title='bbox 1420 2032 1538 2070; x_wconf 92' lang='lat' dir='ltr'><strong>cum</strong></span> <span class='ocrx_word' id='word_1_152' title='bbox 1561 2017 1919 2087; x_wconf 76' lang='lat' dir='ltr'><strong>indignatione</strong></span> <span class='ocrx_word' id='word_1_153' title='bbox 1946 2021 2200 2088; x_wconf 69' lang='lat' dir='ltr'><strong>praecepit</strong></span> <span class='ocrx_word' id='word_1_154' title='bbox 2230 2060 2244 2084; x_wconf 93' lang='lat'><strong>,</strong></span> <span class='ocrx_word' id='word_1_155' title='bbox 2285 2029 2344 2073; x_wconf 92' lang='lat' dir='ltr'><strong>ut</strong></span> <span class='ocrx_word' id='word_1_156' title='bbox 2391 2019 2445 2073; x_wconf 90' lang='lat' dir='ltr'><strong>in</strong></span> 
     </span>
    </p>
   </div>
   <div class='ocr_carea' id='block_1_23' title="bbox 887 2104 2445 2169">
    <p class='ocr_par' dir='ltr' id='par_1_23' title="bbox 887 2104 2445 2169">
     <span class='ocr_line' id='line_1_23' title="bbox 887 2104 2445 2169; baseline 0.002 -11"><span class='ocrx_word' id='word_1_157' title='bbox 887 2104 1098 2158; x_wconf 83' lang='lat' dir='ltr'><strong>deserta</strong></span> <span class='ocrx_word' id='word_1_158' title='bbox 1120 2105 1392 2159; x_wconf 86' lang='lat' dir='ltr'><strong>secederet</strong></span> <span class='ocrx_word' id='word_1_159' title='bbox 1420 2105 1554 2169; x_wconf 91' lang='lat' dir='ltr'><strong>loca,</strong></span> <span class='ocrx_word' id='word_1_160' title='bbox 1613 2115 1666 2160; x_wconf 92' lang='lat' dir='ltr'><strong>et</strong></span> <span class='ocrx_word' id='word_1_161' title='bbox 1689 2108 1788 2161; x_wconf 90' lang='lat' dir='ltr'><strong>sibi</strong></span> <span class='ocrx_word' id='word_1_162' title='bbox 1827 2110 2102 2162; x_wconf 82' lang='lat' dir='ltr'><strong>commoda</strong></span> <span class='ocrx_word' id='word_1_163' title='bbox 2148 2111 2286 2163; x_wconf 89' lang='lat' dir='ltr'><strong>inter</strong></span> <span class='ocrx_word' id='word_1_164' title='bbox 2314 2124 2445 2163; x_wconf 86' lang='lat' dir='ltr'><strong>con-</strong></span> 
     </span>
    </p>
   </div>
   <div class='ocr_carea' id='block_1_24' title="bbox 885 2193 2446 2262">
    <p class='ocr_par' dir='ltr' id='par_1_24' title="bbox 885 2193 2446 2262">
     <span class='ocr_line' id='line_1_24' title="bbox 885 2193 2446 2262; baseline 0.003 -16"><span class='ocrx_word' id='word_1_165' title='bbox 885 2193 1051 2247; x_wconf 90' lang='lat' dir='ltr'><strong>densa</strong></span> <span class='ocrx_word' id='word_1_166' title='bbox 1079 2194 1329 2248; x_wconf 85' lang='lat' dir='ltr'><strong>silvarum</strong></span> <span class='ocrx_word' id='word_1_167' title='bbox 1359 2204 1618 2262; x_wconf 63' lang='lat' dir='ltr'><strong>quaereret</strong></span> <span class='ocrx_word' id='word_1_168' title='bbox 1642 2196 1961 2260; x_wconf 83' lang='lat' dir='ltr'><strong>habitacula,</strong></span> <span class='ocrx_word' id='word_1_169' title='bbox 2016 2213 2114 2251; x_wconf 88' lang='lat' dir='ltr'><strong>nec</strong></span> <span class='ocrx_word' id='word_1_170' title='bbox 2138 2198 2276 2251; x_wconf 84' lang='lat' dir='ltr'><strong>ultra</strong></span> <span class='ocrx_word' id='word_1_171' title='bbox 2304 2198 2446 2251; x_wconf 87' lang='lat' dir='ltr'><strong>illius</strong></span> 
     </span>
    </p>
   </div>
   <div class='ocr_carea' id='block_1_25' title="bbox 887 2281 2447 2353">
    <p class='ocr_par' dir='ltr' id='par_1_25' title="bbox 887 2281 2447 2353">
     <span class='ocr_line' id='line_1_25' title="bbox 887 2281 2447 2353; baseline 0.003 -19"><span class='ocrx_word' id='word_1_172' title='bbox 887 2281 1120 2338; x_wconf 83' lang='lat' dir='ltr'><strong>fluminis</strong></span> <span class='ocrx_word' id='word_1_173' title='bbox 1151 2285 1296 2353; x_wconf 82' lang='lat' dir='ltr'><strong>ripas</strong></span> <span class='ocrx_word' id='word_1_174' title='bbox 1323 2287 1592 2340; x_wconf 89' lang='lat' dir='ltr'><strong>transiret.</strong></span> <span class='ocrx_word' id='word_1_175' title='bbox 1646 2285 1742 2351; x_wconf 90' lang='lat' dir='ltr'><strong>Qui</strong></span> <span class='ocrx_word' id='word_1_176' title='bbox 1766 2302 1885 2340; x_wconf 81' lang='lat' dir='ltr'><strong>mox</strong></span> <span class='ocrx_word' id='word_1_177' title='bbox 1914 2286 2003 2339; x_wconf 89' lang='lat' dir='ltr'><strong>tali</strong></span> <span class='ocrx_word' id='word_1_178' title='bbox 2036 2288 2256 2341; x_wconf 86' lang='lat' dir='ltr'><strong>territus</strong></span> <span class='ocrx_word' id='word_1_179' title='bbox 2282 2287 2447 2340; x_wconf 88' lang='lat' dir='ltr'><strong>mina-</strong></span> 
     </span>
    </p>
   </div>
   <div class='ocr_carea' id='block_1_26' title="bbox 889 2372 2448 2446">
    <p class='ocr_par' dir='ltr' id='par_1_26' title="bbox 889 2372 2448 2446">
     <span class='ocr_line' id='line_1_26' title="bbox 889 2372 2448 2446; baseline 0.004 -22"><span class='ocrx_word' id='word_1_180' title='bbox 889 2372 1036 2427; x_wconf 87' lang='lat' dir='ltr'><strong>tione‘</strong></span> <span class='ocrx_word' id='word_1_181' title='bbox 1063 2374 1214 2445; x_wconf 87' lang='lat' dir='ltr'><strong>fugit,</strong></span> <span class='ocrx_word' id='word_1_182' title='bbox 1240 2391 1336 2430; x_wconf 92' lang='lat' dir='ltr'><strong>nec</strong></span> <span class='ocrx_word' id='word_1_183' title='bbox 1369 2391 1602 2445; x_wconf 84' lang='lat' dir='ltr'><strong>unquam</strong></span> <span class='ocrx_word' id='word_1_184' title='bbox 1631 2384 1812 2445; x_wconf 86' lang='lat' dir='ltr'><strong>postea</strong></span> <span class='ocrx_word' id='word_1_185' title='bbox 1841 2376 1945 2431; x_wconf 91' lang='lat' dir='ltr'><strong>illis</strong></span> <span class='ocrx_word' id='word_1_186' title='bbox 1974 2377 2120 2430; x_wconf 90' lang='lat' dir='ltr'><strong>visus</strong></span> <span class='ocrx_word' id='word_1_187' title='bbox 2143 2386 2226 2431; x_wconf 87' lang='lat' dir='ltr'><strong>est</strong></span> <span class='ocrx_word' id='word_1_188' title='bbox 2248 2377 2300 2430; x_wconf 90' lang='lat' dir='ltr'><strong>in</strong></span> <span class='ocrx_word' id='word_1_189' title='bbox 2324 2393 2448 2446; x_wconf 86' lang='lat' dir='ltr'><strong>par-</strong></span> 
     </span>
    </p>
   </div>
   <div class='ocr_carea' id='block_1_27' title="bbox 890 2460 2447 2535">
    <p class='ocr_par' dir='ltr' id='par_1_27' title="bbox 890 2460 2447 2535">
     <span class='ocr_line' id='line_1_27' title="bbox 890 2460 2447 2535; baseline 0.004 -21"><span class='ocrx_word' id='word_1_190' title='bbox 890 2460 1050 2514; x_wconf 88' lang='lat' dir='ltr'><strong>tibus.</strong></span> <span class='ocrx_word' id='word_1_191' title='bbox 1112 2463 1156 2517; x_wconf 90' lang='lat'>0</span> <span class='ocrx_word' id='word_1_192' title='bbox 1181 2465 1313 2516; x_wconf 88' lang='lat' dir='ltr'><strong>mira</strong></span> <span class='ocrx_word' id='word_1_193' title='bbox 1342 2466 1720 2534; x_wconf 84' lang='lat' dir='ltr'><strong>omnipotentis</strong></span> <span class='ocrx_word' id='word_1_194' title='bbox 1762 2466 1853 2520; x_wconf 90' lang='lat' dir='ltr'><strong>Dei</strong></span> <span class='ocrx_word' id='word_1_195' title='bbox 1884 2467 1937 2520; x_wconf 92' lang='lat' dir='ltr'><strong>in</strong></span> <span class='ocrx_word' id='word_1_196' title='bbox 1970 2469 2169 2521; x_wconf 88' lang='lat' dir='ltr'><strong>sanctis</strong></span> <span class='ocrx_word' id='word_1_197' title='bbox 2216 2469 2327 2520; x_wconf 90' lang='lat' dir='ltr'><strong>suis</strong></span> <span class='ocrx_word' id='word_1_198' title='bbox 2353 2483 2447 2535; x_wconf 90' lang='lat' dir='ltr'><strong>po-</strong></span> 
     </span>
    </p>
   </div>
   <div class='ocr_carea' id='block_1_28' title="bbox 889 2550 2446 2619">
    <p class='ocr_par' dir='ltr' id='par_1_28' title="bbox 889 2550 2446 2619">
     <span class='ocr_line' id='line_1_28' title="bbox 889 2550 2446 2619; baseline 0.007 -18"><span class='ocrx_word' id='word_1_199' title='bbox 889 2550 1076 2613; x_wconf 88' lang='lat' dir='ltr'><strong>tentia,</strong></span> <span class='ocrx_word' id='word_1_200' title='bbox 1104 2552 1296 2619; x_wconf 88' lang='lat' dir='ltr'><strong>quibus</strong></span> <span class='ocrx_word' id='word_1_201' title='bbox 1319 2552 1504 2606; x_wconf 74' lang='lat' dir='ltr'><strong>bestia:</strong></span> <span class='ocrx_word' id='word_1_202' title='bbox 1532 2553 1876 2608; x_wconf 72' lang='lat' dir='ltr'><strong>ferocissima:</strong></span> <span class='ocrx_word' id='word_1_203' title='bbox 1900 2556 2116 2609; x_wconf 88' lang='lat' dir='ltr'><strong>obedire</strong></span> <span class='ocrx_word' id='word_1_204' title='bbox 2151 2556 2356 2610; x_wconf 88' lang='lat' dir='ltr'><strong>sciunt!</strong></span> <span class='ocrx_word' id='word_1_205' title='bbox 2402 2556 2446 2612; x_wconf 92' lang='grc' dir='ltr'><strong>Ο</strong></span> 
     </span>
    </p>
   </div>
   <div class='ocr_carea' id='block_1_29' title="bbox 887 2640 2447 2714">
    <p class='ocr_par' dir='ltr' id='par_1_29' title="bbox 887 2640 2447 2714">
     <span class='ocr_line' id='line_1_29' title="bbox 887 2640 2447 2714; baseline 0.005 -21"><span class='ocrx_word' id='word_1_206' title='bbox 887 2640 1209 2696; x_wconf 84' lang='lat' dir='ltr'><strong>miserabilis</strong></span> <span class='ocrx_word' id='word_1_207' title='bbox 1235 2643 1508 2697; x_wconf 85' lang='lat' dir='ltr'><strong>hominum</strong></span> <span class='ocrx_word' id='word_1_208' title='bbox 1535 2645 1774 2709; x_wconf 86' lang='lat' dir='ltr'><strong>audacia,</strong></span> <span class='ocrx_word' id='word_1_209' title='bbox 1827 2646 1919 2713; x_wconf 86' lang='lat' dir='ltr'><strong>qui</strong></span> <span class='ocrx_word' id='word_1_210' title='bbox 1946 2645 2230 2700; x_wconf 63' lang='lat' dir='ltr'><strong>salutiferae</strong></span> <span class='ocrx_word' id='word_1_211' title='bbox 2255 2648 2447 2714; x_wconf 68' lang='lat' dir='ltr'><strong>praedi-</strong></span> 
     </span>
    </p>
   </div>
   <div class='ocr_carea' id='block_1_30' title="bbox 889 2731 2447 2802">
    <p class='ocr_par' dir='ltr' id='par_1_30' title="bbox 889 2731 2447 2802">
     <span class='ocr_line' id='line_1_30' title="bbox 889 2731 2447 2802; baseline 0.002 -17"><span class='ocrx_word' id='word_1_212' title='bbox 889 2731 1118 2785; x_wconf 86' lang='lat' dir='ltr'><strong>cationis</strong></span> <span class='ocrx_word' id='word_1_213' title='bbox 1144 2733 1323 2795; x_wconf 88' lang='lat' dir='ltr'><strong>verba,</strong></span> <span class='ocrx_word' id='word_1_214' title='bbox 1365 2747 1393 2784; x_wconf 91' lang='lat' dir='ltr'><strong>a</strong></span> <span class='ocrx_word' id='word_1_215' title='bbox 1427 2735 1626 2796; x_wconf 81' lang='lat' dir='ltr'><strong>sanctis</strong></span> <span class='ocrx_word' id='word_1_216' title='bbox 1641 2734 1849 2802; x_wconf 87' lang='lat' dir='ltr'><strong>prolata</strong></span> <span class='ocrx_word' id='word_1_217' title='bbox 1875 2735 2180 2789; x_wconf 89' lang='lat' dir='ltr'><strong>doctoribus</strong></span> <span class='ocrx_word' id='word_1_218' title='bbox 2209 2744 2447 2790; x_wconf 89' lang='lat' dir='ltr'><strong>contem-</strong></span> 
     </span>
    </p>
   </div>
   <div class='ocr_carea' id='block_1_31' title="bbox 889 2821 2445 2891">
    <p class='ocr_par' dir='ltr' id='par_1_31' title="bbox 889 2821 2445 2891">
     <span class='ocr_line' id='line_1_31' title="bbox 889 2821 2445 2891; baseline 0.004 -17"><span class='ocrx_word' id='word_1_219' title='bbox 889 2835 1017 2874; x_wconf 89' lang='lat' dir='ltr'><strong>nere</strong></span> <span class='ocrx_word' id='word_1_220' title='bbox 1060 2821 1217 2891; x_wconf 77' lang='lat'><strong>169</strong></span> <span class='ocrx_word' id='word_1_221' title='bbox 1262 2837 1365 2875; x_wconf 92' lang='lat' dir='ltr'><strong>non</strong></span> <span class='ocrx_word' id='word_1_222' title='bbox 1396 2830 1655 2876; x_wconf 81' lang='lat' dir='ltr'><strong>metudnt.</strong></span> <span class='ocrx_word' id='word_1_223' title='bbox 1735 2823 2114 2878; x_wconf 88' lang='lat' dir='ltr'><strong>lrrationabilis</strong></span> <span class='ocrx_word' id='word_1_224' title='bbox 2148 2826 2337 2889; x_wconf 84' lang='lat' dir='ltr'><strong>bestia,</strong></span> <span class='ocrx_word' id='word_1_225' title='bbox 2390 2827 2445 2880; x_wconf 93' lang='lat' dir='ltr'><strong>in</strong></span> 
     </span>
    </p>
   </div>
   <div class='ocr_carea' id='block_1_32' title="bbox 888 2901 2444 2984">
    <p class='ocr_par' dir='ltr' id='par_1_32' title="bbox 888 2901 2444 2984">
     <span class='ocr_line' id='line_1_32' title="bbox 888 2901 2444 2984; baseline 0.004 -21"><span class='ocrx_word' id='word_1_226' title='bbox 888 2911 1302 2978; x_wconf 88' lang='lat' dir='ltr'><strong>obtemperando</strong></span> <span class='ocrx_word' id='word_1_227' title='bbox 1323 2901 1624 2968; x_wconf 88' lang='lat' dir='ltr'><strong>sanctorum</strong></span> <span class='ocrx_word' id='word_1_228' title='bbox 1639 2916 1916 2982; x_wconf 67' lang='lat' dir='ltr'><strong>praeceptis</strong></span> <span class='ocrx_word' id='word_1_229' title='bbox 1941 2917 2331 2984; x_wconf 89' lang='lat' dir='ltr'><strong>quodammodo</strong></span> <span class='ocrx_word' id='word_1_230' title='bbox 2356 2932 2444 2969; x_wconf 90' lang='lat' dir='ltr'><strong>ra-</strong></span> 
     </span>
    </p>
   </div>
   <div class='ocr_carea' id='block_1_33' title="bbox 889 2999 2442 3074">
    <p class='ocr_par' dir='ltr' id='par_1_33' title="bbox 889 2999 2442 3074">
     <span class='ocr_line' id='line_1_33' title="bbox 889 2999 2442 3074; baseline 0.006 -24"><span class='ocrx_word' id='word_1_231' title='bbox 889 2999 1033 3054; x_wconf 90' lang='lat' dir='ltr'><strong>tione</strong></span> <span class='ocrx_word' id='word_1_232' title='bbox 1063 3000 1504 3055; x_wconf 89' lang='lat' dir='ltr'><strong>utiturhumana:</strong></span> <span class='ocrx_word' id='word_1_233' title='bbox 1554 3003 1710 3056; x_wconf 90' lang='lat' dir='ltr'><strong>homo</strong></span> <span class='ocrx_word' id='word_1_234' title='bbox 1738 3019 1863 3057; x_wconf 88' lang='lat' dir='ltr'><strong>vero</strong></span> <span class='ocrx_word' id='word_1_235' title='bbox 1908 3005 1973 3057; x_wconf 88' lang='lat' dir='ltr'><strong>ad</strong></span> <span class='ocrx_word' id='word_1_236' title='bbox 2027 3005 2309 3074; x_wconf 87' lang='lat' dir='ltr'><strong>imaginem</strong></span> <span class='ocrx_word' id='word_1_237' title='bbox 2347 3005 2442 3059; x_wconf 91' lang='lat' dir='ltr'><strong>Dei</strong></span> 
     </span>
    </p>
   </div>
   <div class='ocr_carea' id='block_1_34' title="bbox 887 3065 4114 3180">
    <p class='ocr_par' dir='ltr' id='par_1_34' title="bbox 887 3065 4114 3180">
     <span class='ocr_line' id='line_1_34' title="bbox 887 3065 4114 3180; baseline 0.014 -55"><span class='ocrx_word' id='word_1_238' title='bbox 887 3087 1152 3154; x_wconf 54' lang='lat' dir='ltr'><strong>conditus,</strong></span> <span class='ocrx_word' id='word_1_239' title='bbox 1196 3091 1402 3145; x_wconf 60' lang='lat' dir='ltr'><strong>ratione</strong></span> <span class='ocrx_word' id='word_1_240' title='bbox 1437 3093 1707 3160; x_wconf 50' lang='lat' dir='ltr'><strong>praeditus.</strong></span> <span class='ocrx_word' id='word_1_241' title='bbox 1734 3091 1989 3146; x_wconf 65' lang='lat' dir='ltr'><strong>honor‘em</strong></span> <span class='ocrx_word' id='word_1_242' title='bbox 2022 3110 2176 3148; x_wconf 75' lang='lat' dir='ltr'><strong>suum</strong></span> <span class='ocrx_word' id='word_1_243' title='bbox 2215 3111 2319 3148; x_wconf 82' lang='grc' dir='ltr'><strong>ῃοη</strong></span> <span class='ocrx_word' id='word_1_244' title='bbox 2356 3096 2430 3149; x_wconf 78' lang='lat' dir='ltr'><strong>in.</strong></span> <span class='ocrx_word' id='word_1_245' title='bbox 2471 3065 2514 3125; x_wconf 64' lang='grc' dir='ltr'><strong>(ἶ</strong></span> <span class='ocrx_word' id='word_1_246' title='bbox 2549 3088 2732 3160; x_wconf 85' lang='lat' dir='ltr'><strong>[Boll.,</strong></span> <span class='ocrx_word' id='word_1_247' title='bbox 2765 3095 3206 3170; x_wconf 86' lang='lat' dir='ltr'><strong>convolaverunt]</strong></span> <span class='ocrx_word' id='word_1_248' title='bbox 3260 3103 3564 3170; x_wconf 86' lang='lat' dir='ltr'><strong>puritatem,</strong></span> <span class='ocrx_word' id='word_1_249' title='bbox 3622 3109 3975 3180; x_wconf 83' lang='lat' dir='ltr'><strong>intclligentes</strong></span> <span class='ocrx_word' id='word_1_250' title='bbox 4032 3117 4114 3170; x_wconf 87' lang='lat' dir='ltr'><strong>di-</strong></span> 
     </span>
    </p>
   </div>
   <div class='ocr_carea' id='block_1_35' title="bbox 889 3179 2446 3254">
    <p class='ocr_par' dir='ltr' id='par_1_35' title="bbox 889 3179 2446 3254">
     <span class='ocr_line' id='line_1_35' title="bbox 889 3179 2446 3254; baseline 0.004 -22"><span class='ocrx_word' id='word_1_251' title='bbox 889 3179 1149 3249; x_wconf 81' lang='lat' dir='ltr'><strong>telligens,</strong></span> <span class='ocrx_word' id='word_1_252' title='bbox 1189 3192 1512 3250; x_wconf 88' lang='lat' dir='ltr'><strong>comparatus</strong></span> <span class='ocrx_word' id='word_1_253' title='bbox 1534 3184 1874 3252; x_wconf 84' lang='lat' dir='ltr'><strong>estjumentis</strong></span> <span class='ocrx_word' id='word_1_254' title='bbox 1897 3185 2268 3254; x_wconf 81' lang='lat' dir='ltr'><strong>insipientibus,</strong></span> <span class='ocrx_word' id='word_1_255' title='bbox 2296 3196 2342 3239; x_wconf 88' lang='lat' dir='ltr'><strong>ct</strong></span> <span class='ocrx_word' id='word_1_256' title='bbox 2375 3188 2446 3239; x_wconf 85' lang='lat' dir='ltr'><strong>si-</strong></span> 
     </span>
    </p>
   </div>
   <div class='ocr_carea' id='block_1_36' title="bbox 889 3267 2006 3340">
    <p class='ocr_par' dir='ltr' id='par_1_36' title="bbox 889 3267 2006 3340">
     <span class='ocr_line' id='line_1_36' title="bbox 889 3267 2006 3340; baseline 0.006 -20"><span class='ocrx_word' id='word_1_257' title='bbox 889 3267 1026 3320; x_wconf 84' lang='lat' dir='ltr'><strong>milis</strong></span> <span class='ocrx_word' id='word_1_258' title='bbox 1056 3269 1224 3336; x_wconf 75' lang='lat' dir='ltr'><strong>factus</strong></span> <span class='ocrx_word' id='word_1_259' title='bbox 1248 3279 1322 3322; x_wconf 88' lang='lat' dir='ltr'><strong>est</strong></span> <span class='ocrx_word' id='word_1_260' title='bbox 1345 3269 1449 3323; x_wconf 80' lang='lat' dir='ltr'><strong>illis</strong></span> <span class='ocrx_word' id='word_1_261' title='bbox 1477 3269 1645 3340; x_wconf 86' lang='lat' dir='ltr'><strong>(Psal.</strong></span> <span class='ocrx_word' id='word_1_262' title='bbox 1679 3289 1868 3337; x_wconf 69' lang='lat' dir='ltr'><strong>xcvm,</strong></span> <span class='ocrx_word' id='word_1_263' title='bbox 1899 3274 2006 3340; x_wconf 77' lang='grc'><strong>15).</strong></span> 
     </span>
    </p>
   </div>
   <div class='ocr_carea' id='block_1_37' title="bbox 963 3374 2445 3456">
    <p class='ocr_par' dir='ltr' id='par_1_37' title="bbox 963 3374 2445 3456">
     <span class='ocr_line' id='line_1_37' title="bbox 963 3374 2445 3456; baseline 0.008 -29"><span class='ocrx_word' id='word_1_264' title='bbox 963 3374 1098 3428; x_wconf 78' lang='lat' dir='ltr'><strong>XVI.</strong></span> <span class='ocrx_word' id='word_1_265' title='bbox 1161 3376 1296 3431; x_wconf 90' lang='lat' dir='ltr'><strong>Dum</strong></span> <span class='ocrx_word' id='word_1_266' title='bbox 1350 3395 1478 3432; x_wconf 90' lang='lat' dir='ltr'><strong>vero</strong></span> <span class='ocrx_word' id='word_1_267' title='bbox 1524 3383 1870 3448; x_wconf 88' lang='lat' dir='ltr'><strong>comperisset</strong></span> <span class='ocrx_word' id='word_1_268' title='bbox 1925 3383 2007 3434; x_wconf 84' lang='lat' dir='ltr'><strong>vir</strong></span> <span class='ocrx_word' id='word_1_269' title='bbox 2030 3384 2136 3455; x_wconf 33' lang='lat' dir='ltr'><strong>‘Dei</strong></span> <span class='ocrx_word' id='word_1_270' title='bbox 2191 3385 2445 3456; x_wconf 80' lang='lat' dir='ltr'><strong>ecclesias</strong></span> 
     </span>
    </p>
   </div>
   <div class='ocr_carea' id='block_1_38' title="bbox 889 3463 2447 3538">
    <p class='ocr_par' dir='ltr' id='par_1_38' title="bbox 889 3463 2447 3538">
     <span class='ocr_line' id='line_1_38' title="bbox 889 3463 2447 3538; baseline 0.005 -20"><span class='ocrx_word' id='word_1_271' title='bbox 889 3463 1084 3518; x_wconf 84' lang='lat' dir='ltr'><strong>Christi</strong></span> <span class='ocrx_word' id='word_1_272' title='bbox 1113 3467 1365 3529; x_wconf 84' lang='lat' dir='ltr'><strong>desertas,</strong></span> <span class='ocrx_word' id='word_1_273' title='bbox 1402 3485 1496 3522; x_wconf 89' lang='lat' dir='ltr'><strong>cor</strong></span> <span class='ocrx_word' id='word_1_274' title='bbox 1530 3470 1702 3538; x_wconf 89' lang='lat' dir='ltr'><strong>populi</strong></span> <span class='ocrx_word' id='word_1_275' title='bbox 1743 3471 2051 3524; x_wconf 67' lang='lat' dir='ltr'><strong>idololatriae</strong></span> <span class='ocrx_word' id='word_1_276' title='bbox 2069 3473 2342 3528; x_wconf 87' lang='lat' dir='ltr'><strong>erroribus</strong></span> <span class='ocrx_word' id='word_1_277' title='bbox 2372 3474 2447 3526; x_wconf 92' lang='lat' dir='ltr'><strong>in-</strong></span> 
     </span>
    </p>
   </div>
   <div class='ocr_carea' id='block_1_39' title="bbox 891 3553 2450 3635">
    <p class='ocr_par' dir='ltr' id='par_1_39' title="bbox 891 3553 2450 3635">
     <span class='ocr_line' id='line_1_39' title="bbox 891 3553 2450 3635; baseline 0.009 -27"><span class='ocrx_word' id='word_1_278' title='bbox 891 3553 1108 3620; x_wconf 86' lang='lat' dir='ltr'><strong>fectum,</strong></span> <span class='ocrx_word' id='word_1_279' title='bbox 1147 3558 1454 3627; x_wconf 78' lang='lat' dir='ltr'><strong>ignorantiae</strong></span> <span class='ocrx_word' id='word_1_280' title='bbox 1478 3563 1709 3616; x_wconf 90' lang='lat' dir='ltr'><strong>tenebris</strong></span> <span class='ocrx_word' id='word_1_281' title='bbox 1731 3563 2077 3626; x_wconf 71' lang='lat' dir='ltr'><strong>obccccatum,</strong></span> <span class='ocrx_word' id='word_1_282' title='bbox 2130 3568 2340 3635; x_wconf 77' lang='lat' dir='ltr'><strong>gemino</strong></span> <span class='ocrx_word' id='word_1_283' title='bbox 2388 3581 2450 3622; x_wconf 90' lang='lat' dir='ltr'><strong>se</strong></span> 
     </span>
    </p>
   </div>
   <div class='ocr_carea' id='block_1_40' title="bbox 889 3647 2448 3726">
    <p class='ocr_par' dir='ltr' id='par_1_40' title="bbox 889 3647 2448 3726">
     <span class='ocr_line' id='line_1_40' title="bbox 889 3647 2448 3726; baseline 0.01 -27"><span class='ocrx_word' id='word_1_284' title='bbox 889 3647 1103 3714; x_wconf 84' lang='lat' dir='ltr'><strong>pietatis</strong></span> <span class='ocrx_word' id='word_1_285' title='bbox 1129 3652 1361 3706; x_wconf 82' lang='lat' dir='ltr'><strong>subdidit</strong></span> <span class='ocrx_word' id='word_1_286' title='bbox 1386 3653 1572 3707; x_wconf 85' lang='lat' dir='ltr'><strong>labori.</strong></span> <span class='ocrx_word' id='word_1_287' title='bbox 1652 3655 1907 3726; x_wconf 86' lang='lat' dir='ltr'><strong>Populum</strong></span> <span class='ocrx_word' id='word_1_288' title='bbox 1935 3657 2117 3710; x_wconf 87' lang='lat' dir='ltr'><strong>sedula</strong></span> <span class='ocrx_word' id='word_1_289' title='bbox 2151 3659 2448 3714; x_wconf 82' lang='lat' dir='ltr'><strong>intentione</strong></span> 
     </span>
    </p>
   </div>
   <div class='ocr_carea' id='block_1_41' title="bbox 889 3737 2448 3813">
    <p class='ocr_par' dir='ltr' id='par_1_41' title="bbox 889 3737 2448 3813">
     <span class='ocr_line' id='line_1_41' title="bbox 889 3737 2448 3813; baseline 0.009 -24"><span class='ocrx_word' id='word_1_290' title='bbox 889 3737 956 3790; x_wconf 87' lang='lat' dir='ltr'><strong>ad</strong></span> <span class='ocrx_word' id='word_1_291' title='bbox 993 3738 1314 3808; x_wconf 87' lang='lat' dir='ltr'><strong>agnitionem</strong></span> <span class='ocrx_word' id='word_1_292' title='bbox 1348 3743 1457 3796; x_wconf 87' lang='lat' dir='ltr'><strong>veri</strong></span> <span class='ocrx_word' id='word_1_293' title='bbox 1491 3743 1704 3806; x_wconf 85' lang='lat' dir='ltr'><strong>luminis</strong></span> <span class='ocrx_word' id='word_1_294' title='bbox 1752 3746 2014 3813; x_wconf 78' lang='lat' dir='ltr'><strong>perduxit,</strong></span> <span class='ocrx_word' id='word_1_295' title='bbox 2066 3748 2324 3803; x_wconf 88' lang='lat' dir='ltr'><strong>ccclesias</strong></span> <span class='ocrx_word' id='word_1_296' title='bbox 2381 3750 2448 3804; x_wconf 91' lang='lat' dir='ltr'><strong>ad</strong></span> 
     </span>
    </p>
   </div>
   <div class='ocr_carea' id='block_1_42' title="bbox 889 3825 2450 3903">
    <p class='ocr_par' dir='ltr' id='par_1_42' title="bbox 889 3825 2450 3903">
     <span class='ocr_line' id='line_1_42' title="bbox 889 3825 2450 3903; baseline 0.009 -27"><span class='ocrx_word' id='word_1_297' title='bbox 889 3825 1099 3879; x_wconf 88' lang='lat' dir='ltr'><strong>culmen</strong></span> <span class='ocrx_word' id='word_1_298' title='bbox 1124 3827 1315 3882; x_wconf 76' lang='lat' dir='ltr'><strong>summi</strong></span> <span class='ocrx_word' id='word_1_299' title='bbox 1347 3832 1564 3886; x_wconf 90' lang='lat' dir='ltr'><strong>honoris</strong></span> <span class='ocrx_word' id='word_1_300' title='bbox 1591 3836 1778 3896; x_wconf 82' lang='lat' dir='ltr'><strong>erexit,</strong></span> <span class='ocrx_word' id='word_1_301' title='bbox 1827 3836 2168 3903; x_wconf 84' lang='lat' dir='ltr'><strong>presbyteros</strong></span> <span class='ocrx_word' id='word_1_302' title='bbox 2189 3844 2244 3889; x_wconf 92' lang='lat' dir='ltr'><strong>et</strong></span> <span class='ocrx_word' id='word_1_303' title='bbox 2270 3837 2450 3891; x_wconf 89' lang='lat' dir='ltr'><strong>diaco-</strong></span> 
     </span>
    </p>
   </div>
   <div class='ocr_carea' id='block_1_43' title="bbox 893 3913 2446 3987">
    <p class='ocr_par' dir='ltr' id='par_1_43' title="bbox 893 3913 2446 3987">
     <span class='ocr_line' id='line_1_43' title="bbox 893 3913 2446 3987; baseline 0.011 -23"><span class='ocrx_word' id='word_1_304' title='bbox 893 3927 991 3966; x_wconf 90' lang='lat' dir='ltr'><strong>nos</strong></span> <span class='ocrx_word' id='word_1_305' title='bbox 1020 3913 1121 3967; x_wconf 85' lang='lat' dir='ltr'><strong>sibi</strong></span> <span class='ocrx_word' id='word_1_306' title='bbox 1149 3916 1200 3967; x_wconf 92' lang='lat' dir='ltr'><strong>in</strong></span> <span class='ocrx_word' id='word_1_307' title='bbox 1235 3917 1554 3984; x_wconf 75' lang='lat' dir='ltr'><strong>adiutorium</strong></span> <span class='ocrx_word' id='word_1_308' title='bbox 1585 3935 1680 3987; x_wconf 92' lang='lat' dir='ltr'><strong>per</strong></span> <span class='ocrx_word' id='word_1_309' title='bbox 1708 3923 1917 3976; x_wconf 88' lang='lat' dir='ltr'><strong>diversa</strong></span> <span class='ocrx_word' id='word_1_310' title='bbox 1946 3924 2304 3979; x_wconf 86' lang='lat' dir='ltr'><strong>Ecclesiarum</strong></span> <span class='ocrx_word' id='word_1_311' title='bbox 2332 3927 2446 3980; x_wconf 91' lang='lat' dir='ltr'><strong>dis-</strong></span> 
     </span>
    </p>
   </div>
   <div class='ocr_carea' id='block_1_44' title="bbox 890 4001 2444 4081">
    <p class='ocr_par' dir='ltr' id='par_1_44' title="bbox 890 4001 2444 4081">
     <span class='ocr_line' id='line_1_44' title="bbox 890 4001 2444 4081; baseline 0.011 -27"><span class='ocrx_word' id='word_1_312' title='bbox 890 4001 1068 4070; x_wconf 90' lang='lat' dir='ltr'><strong>posuit</strong></span> <span class='ocrx_word' id='word_1_313' title='bbox 1095 4002 1244 4066; x_wconf 89' lang='lat' dir='ltr'><strong>loca;</strong></span> <span class='ocrx_word' id='word_1_314' title='bbox 1270 4016 1325 4057; x_wconf 89' lang='lat' dir='ltr'><strong>et</strong></span> <span class='ocrx_word' id='word_1_315' title='bbox 1347 4005 1432 4058; x_wconf 91' lang='lat' dir='ltr'><strong>ubi</strong></span> <span class='ocrx_word' id='word_1_316' title='bbox 1463 4008 1610 4076; x_wconf 90' lang='lat' dir='ltr'><strong>prius</strong></span> <span class='ocrx_word' id='word_1_317' title='bbox 1633 4003 1897 4077; x_wconf 70' lang='lat' dir='ltr'><strong>spelunca:</strong></span> <span class='ocrx_word' id='word_1_318' title='bbox 1917 4010 2131 4067; x_wconf 89' lang='lat' dir='ltr'><strong>fuerunt</strong></span> <span class='ocrx_word' id='word_1_319' title='bbox 2155 4013 2444 4081; x_wconf 83' lang='lat' dir='ltr'><strong>latronum,</strong></span> 
     </span>
    </p>
   </div>
   <div class='ocr_carea' id='block_1_45' title="bbox 892 4091 2450 4181">
    <p class='ocr_par' dir='ltr' id='par_1_45' title="bbox 892 4091 2450 4181">
     <span class='ocr_line' id='line_1_45' title="bbox 892 4091 2450 4181; baseline 0.012 -37"><span class='ocrx_word' id='word_1_320' title='bbox 892 4091 963 4146; x_wconf 91' lang='lat' dir='ltr'><strong>ibi</strong></span> <span class='ocrx_word' id='word_1_321' title='bbox 984 4091 1283 4146; x_wconf 87' lang='lat' dir='ltr'><strong>orationum</strong></span> <span class='ocrx_word' id='word_1_322' title='bbox 1305 4094 1489 4150; x_wconf 88' lang='lat' dir='ltr'><strong>domos</strong></span> <span class='ocrx_word' id='word_1_323' title='bbox 1511 4100 1822 4164; x_wconf 75' lang='lat' dir='ltr'><strong>construxit,</strong></span> <span class='ocrx_word' id='word_1_324' title='bbox 1845 4102 2120 4173; x_wconf 87' lang='lat' dir='ltr'><strong>magisque</strong></span> <span class='ocrx_word' id='word_1_325' title='bbox 2147 4104 2342 4181; x_wconf 77' lang='lat' dir='ltr'><strong>divinis</strong></span> <span class='ocrx_word' id='word_1_326' title='bbox 2368 4108 2450 4162; x_wconf 88' lang='lat' dir='ltr'><strong>iu-</strong></span> 
     </span>
    </p>
   </div>
   <div class='ocr_carea' id='block_1_46' title="bbox 891 4181 2447 4262">
    <p class='ocr_par' dir='ltr' id='par_1_46' title="bbox 891 4181 2447 4262">
     <span class='ocr_line' id='line_1_46' title="bbox 891 4181 2447 4262; baseline 0.01 -28"><span class='ocrx_word' id='word_1_327' title='bbox 891 4181 1062 4236; x_wconf 87' lang='lat' dir='ltr'><strong>tendit</strong></span> <span class='ocrx_word' id='word_1_328' title='bbox 1089 4197 1182 4236; x_wconf 87' lang='lat' dir='ltr'><strong>eas</strong></span> <span class='ocrx_word' id='word_1_329' title='bbox 1210 4197 1402 4238; x_wconf 87' lang='lat' dir='ltr'><strong>ornare</strong></span> <span class='ocrx_word' id='word_1_330' title='bbox 1428 4184 1687 4252; x_wconf 83' lang='lat' dir='ltr'><strong>laudibus,</strong></span> <span class='ocrx_word' id='word_1_331' title='bbox 1718 4204 1878 4260; x_wconf 70' lang='lat' dir='ltr'><strong>quam</strong></span> <span class='ocrx_word' id='word_1_332' title='bbox 1907 4194 2224 4262; x_wconf 88' lang='lat' dir='ltr'><strong>pompaticis</strong></span> <span class='ocrx_word' id='word_1_333' title='bbox 2268 4197 2447 4251; x_wconf 68' lang='lat' dir='ltr'><strong>smculi</strong></span> 
     </span>
    </p>
   </div>
   <div class='ocr_carea' id='block_1_47' title="bbox 890 4265 2447 4354">
    <p class='ocr_par' dir='ltr' id='par_1_47' title="bbox 890 4265 2447 4354">
     <span class='ocr_line' id='line_1_47' title="bbox 890 4265 2447 4354; baseline 0.012 -33"><span class='ocrx_word' id='word_1_334' title='bbox 890 4265 1092 4324; x_wconf 83' lang='lat' dir='ltr'><strong>divitiis</strong></span> <span class='ocrx_word' id='word_1_335' title='bbox 1117 4285 1347 4327; x_wconf 90' lang='lat' dir='ltr'><strong>comere.</strong></span> <span class='ocrx_word' id='word_1_336' title='bbox 1408 4271 1530 4327; x_wconf 84' lang='lat' dir='ltr'><strong>Fuit</strong></span> <span class='ocrx_word' id='word_1_337' title='bbox 1567 4290 1693 4330; x_wconf 89' lang='lat' dir='ltr'><strong>vero</strong></span> <span class='ocrx_word' id='word_1_338' title='bbox 1720 4281 2042 4348; x_wconf 86' lang='lat' dir='ltr'><strong>pauperibus</strong></span> <span class='ocrx_word' id='word_1_339' title='bbox 2082 4284 2280 4354; x_wconf 84' lang='lat' dir='ltr'><strong>largus,</strong></span> <span class='ocrx_word' id='word_1_340' title='bbox 2313 4286 2447 4340; x_wconf 88' lang='lat' dir='ltr'><strong>divi-</strong></span> 
     </span>
    </p>
   </div>
   <div class='ocr_carea' id='block_1_48' title="bbox 890 4357 2442 4442">
    <p class='ocr_par' dir='ltr' id='par_1_48' title="bbox 890 4357 2442 4442">
     <span class='ocr_line' id='line_1_48' title="bbox 890 4357 2442 4442; baseline 0.014 -32"><span class='ocrx_word' id='word_1_341' title='bbox 890 4357 1035 4412; x_wconf 86' lang='lat' dir='ltr'><strong>tibus</strong></span> <span class='ocrx_word' id='word_1_342' title='bbox 1061 4357 1307 4426; x_wconf 85' lang='lat' dir='ltr'><strong>all‘abilis,</strong></span> <span class='ocrx_word' id='word_1_343' title='bbox 1361 4373 1626 4433; x_wconf 86' lang='lat' dir='ltr'><strong>quatenus</strong></span> <span class='ocrx_word' id='word_1_344' title='bbox 1652 4381 1839 4423; x_wconf 88' lang='lat' dir='ltr'><strong>omnes</strong></span> <span class='ocrx_word' id='word_1_345' title='bbox 1873 4369 1955 4424; x_wconf 91' lang='lat' dir='ltr'><strong>vel</strong></span> <span class='ocrx_word' id='word_1_346' title='bbox 1977 4371 2220 4442; x_wconf 77' lang='lat' dir='ltr'><strong>largitate</strong></span> <span class='ocrx_word' id='word_1_347' title='bbox 2257 4389 2442 4430; x_wconf 89' lang='lat' dir='ltr'><strong>mune-</strong></span> 
     </span>
    </p>
   </div>
   <div class='ocr_carea' id='block_1_49' title="bbox 894 4449 2444 4521">
    <p class='ocr_par' dir='ltr' id='par_1_49' title="bbox 894 4449 2444 4521">
     <span class='ocr_line' id='line_1_49' title="bbox 894 4449 2444 4521; baseline 0.011 -17"><span class='ocrx_word' id='word_1_348' title='bbox 894 4463 1030 4510; x_wconf 86' lang='lat' dir='ltr'><strong>rum,</strong></span> <span class='ocrx_word' id='word_1_349' title='bbox 1060 4449 1144 4504; x_wconf 89' lang='lat' dir='ltr'><strong>vel</strong></span> <span class='ocrx_word' id='word_1_350' title='bbox 1191 4452 1522 4521; x_wconf 65' lang='lat' dir='ltr'><strong>iucunditate</strong></span> <span class='ocrx_word' id='word_1_351' title='bbox 1557 4458 1838 4514; x_wconf 80' lang='lat' dir='ltr'><strong>verborum</strong></span> <span class='ocrx_word' id='word_1_352' title='bbox 1903 4462 1956 4517; x_wconf 92' lang='lat' dir='ltr'><strong>in</strong></span> <span class='ocrx_word' id='word_1_353' title='bbox 1988 4463 2128 4519; x_wconf 85' lang='lat' dir='ltr'><strong>viam</strong></span> <span class='ocrx_word' id='word_1_354' title='bbox 2158 4463 2444 4521; x_wconf 79' lang='lat' dir='ltr'><strong>deduceret</strong></span> 
     </span>
    </p>
   </div>
   <div class='ocr_carea' id='block_1_50' title="bbox 889 4538 2446 4625">
    <p class='ocr_par' dir='ltr' id='par_1_50' title="bbox 889 4538 2446 4625">
     <span class='ocr_line' id='line_1_50' title="bbox 889 4538 2446 4625; baseline 0.013 -33"><span class='ocrx_word' id='word_1_355' title='bbox 889 4539 1149 4594; x_wconf 82' lang='lat' dir='ltr'><strong>veritatis.</strong></span> <span class='ocrx_word' id='word_1_356' title='bbox 1200 4538 1387 4596; x_wconf 86' lang='lat' dir='ltr'><strong>Sciens</strong></span> <span class='ocrx_word' id='word_1_357' title='bbox 1435 4544 1921 4612; x_wconf 82' lang='lat' dir='ltr'><strong>itaquenullatenus</strong></span> <span class='ocrx_word' id='word_1_358' title='bbox 1944 4556 2168 4622; x_wconf 85' lang='lat' dir='ltr'><strong>superba</strong></span> <span class='ocrx_word' id='word_1_359' title='bbox 2195 4559 2446 4625; x_wconf 73' lang='lat' dir='ltr'><strong>potentia:</strong></span> 
     </span>
    </p>
   </div>
   <div class='ocr_carea' id='block_1_51' title="bbox 889 4627 2448 4704">
    <p class='ocr_par' dir='ltr' id='par_1_51' title="bbox 889 4627 2448 4704">
     <span class='ocr_line' id='line_1_51' title="bbox 889 4627 2448 4704; baseline 0.013 -20"><span class='ocrx_word' id='word_1_360' title='bbox 889 4628 1025 4684; x_wconf 80' lang='lat' dir='ltr'><strong>colla</strong></span> <span class='ocrx_word' id='word_1_361' title='bbox 1050 4629 1116 4684; x_wconf 90' lang='lat' dir='ltr'><strong>ad</strong></span> <span class='ocrx_word' id='word_1_362' title='bbox 1146 4627 1462 4685; x_wconf 68' lang='lat' dir='ltr'><strong>Christiana:</strong></span> <span class='ocrx_word' id='word_1_363' title='bbox 1482 4632 1750 4703; x_wconf 78' lang='lat' dir='ltr'><strong>religionis</strong></span> <span class='ocrx_word' id='word_1_364' title='bbox 1792 4637 2145 4698; x_wconf 86' lang='lat' dir='ltr'><strong>humilitatem</strong></span> <span class='ocrx_word' id='word_1_365' title='bbox 2186 4645 2448 4704; x_wconf 88' lang='lat' dir='ltr'><strong>inclinare</strong></span> 
     </span>
    </p>
   </div>
   <div class='ocr_carea' id='block_1_52' title="bbox 893 4714 2448 4802">
    <p class='ocr_par' dir='ltr' id='par_1_52' title="bbox 893 4714 2448 4802">
     <span class='ocr_line' id='line_1_52' title="bbox 893 4714 2448 4802; baseline 0.012 -32"><span class='ocrx_word' id='word_1_366' title='bbox 893 4714 1076 4788; x_wconf 81' lang='lat' dir='ltr'><strong>[Boll.,</strong></span> <span class='ocrx_word' id='word_1_367' title='bbox 1106 4721 1344 4774; x_wconf 86' lang='lat' dir='ltr'><strong>converti</strong></span> <span class='ocrx_word' id='word_1_368' title='bbox 1373 4721 1456 4775; x_wconf 87' lang='lat' dir='ltr'><strong>vel</strong></span> <span class='ocrx_word' id='word_1_369' title='bbox 1482 4722 1746 4794; x_wconf 90' lang='lat' dir='ltr'><strong>inclinari]</strong></span> <span class='ocrx_word' id='word_1_370' title='bbox 1784 4740 1961 4794; x_wconf 87' lang='lat' dir='ltr'><strong>posse,</strong></span> <span class='ocrx_word' id='word_1_371' title='bbox 1986 4731 2092 4798; x_wconf 86' lang='lat' dir='ltr'><strong>nisi</strong></span> <span class='ocrx_word' id='word_1_372' title='bbox 2123 4749 2220 4802; x_wconf 87' lang='lat' dir='ltr'><strong>per</strong></span> <span class='ocrx_word' id='word_1_373' title='bbox 2249 4740 2448 4794; x_wconf 82' lang='lat' dir='ltr'><strong>suavis-</strong></span> 
     </span>
    </p>
   </div>
   <div class='ocr_carea' id='block_1_53' title="bbox 893 4808 2445 4886">
    <p class='ocr_par' dir='ltr' id='par_1_53' title="bbox 893 4808 2445 4886">
     <span class='ocr_line' id='line_1_53' title="bbox 893 4808 2445 4886; baseline 0.016 -25"><span class='ocrx_word' id='word_1_374' title='bbox 893 4808 1055 4864; x_wconf 82' lang='lat' dir='ltr'><strong>simas</strong></span> <span class='ocrx_word' id='word_1_375' title='bbox 1078 4811 1292 4879; x_wconf 87' lang='lat' dir='ltr'><strong>pietatis</strong></span> <span class='ocrx_word' id='word_1_376' title='bbox 1355 4814 1778 4881; x_wconf 89' lang='lat' dir='ltr'><strong>admonitiones,</strong></span> <span class='ocrx_word' id='word_1_377' title='bbox 1820 4819 2110 4885; x_wconf 88' lang='lat' dir='ltr'><strong>apostolico</strong></span> <span class='ocrx_word' id='word_1_378' title='bbox 2152 4823 2445 4886; x_wconf 89' lang='lat' dir='ltr'><strong>instructus</strong></span> 
     </span>
    </p>
   </div>
   <div class='ocr_carea' id='block_1_54' title="bbox 893 4898 2447 4974">
    <p class='ocr_par' dir='ltr' id='par_1_54' title="bbox 893 4898 2447 4974">
     <span class='ocr_line' id='line_1_54' title="bbox 893 4898 2447 4974; baseline 0.015 -23"><span class='ocrx_word' id='word_1_379' title='bbox 893 4898 1155 4966; x_wconf 81' lang='lat' dir='ltr'><strong>exemplo,</strong></span> <span class='ocrx_word' id='word_1_380' title='bbox 1183 4901 1430 4957; x_wconf 88' lang='lat' dir='ltr'><strong>omnibus</strong></span> <span class='ocrx_word' id='word_1_381' title='bbox 1475 4906 1650 4960; x_wconf 88' lang='lat' dir='ltr'><strong>omnia</strong></span> <span class='ocrx_word' id='word_1_382' title='bbox 1680 4903 1872 4972; x_wconf 87' lang='lat' dir='ltr'><strong>factus,</strong></span> <span class='ocrx_word' id='word_1_383' title='bbox 1923 4916 1992 4963; x_wconf 74' lang='lat' dir='ltr'><strong>ut</strong></span> <span class='ocrx_word' id='word_1_384' title='bbox 2016 4925 2202 4968; x_wconf 89' lang='lat' dir='ltr'><strong>omnes</strong></span> <span class='ocrx_word' id='word_1_385' title='bbox 2229 4913 2447 4974; x_wconf 86' lang='lat' dir='ltr'><strong>lucrifa-</strong></span> 
     </span>
    </p>
   </div>
   <div class='ocr_carea' id='block_1_55' title="bbox 895 4985 2441 5074">
    <p class='ocr_par' dir='ltr' id='par_1_55' title="bbox 895 4985 2441 5074">
     <span class='ocr_line' id='line_1_55' title="bbox 895 4985 2441 5074; baseline 0.014 -33"><span class='ocrx_word' id='word_1_386' title='bbox 895 4995 1040 5041; x_wconf 87' lang='lat' dir='ltr'><strong>ceret</strong></span> <span class='ocrx_word' id='word_1_387' title='bbox 1065 4986 1110 5056; x_wconf 84' lang='grc' dir='ltr'><strong>(Ι</strong></span> <span class='ocrx_word' id='word_1_388' title='bbox 1133 4985 1254 5041; x_wconf 88' lang='lat' dir='ltr'><strong>Cor.</strong></span> <span class='ocrx_word' id='word_1_389' title='bbox 1286 5005 1362 5052; x_wconf 79' lang='lat' dir='ltr'><strong>ix,</strong></span> <span class='ocrx_word' id='word_1_390' title='bbox 1391 4990 1498 5060; x_wconf 75' lang='lat' dir='ltr'><strong>l2),</strong></span> <span class='ocrx_word' id='word_1_391' title='bbox 1523 4995 1760 5074; x_wconf 81' lang='lat' dir='ltr'><strong>seniores</strong></span> <span class='ocrx_word' id='word_1_392' title='bbox 1784 4998 2072 5055; x_wconf 88' lang='lat' dir='ltr'><strong>honoribus</strong></span> <span class='ocrx_word' id='word_1_393' title='bbox 2091 5006 2441 5074; x_wconf 75' lang='lat' dir='ltr'><strong>przeveniens,</strong></span> 
     </span>
    </p>
   </div>
   <div class='ocr_carea' id='block_1_56' title="bbox 888 5070 2444 5165">
    <p class='ocr_par' dir='ltr' id='par_1_56' title="bbox 888 5070 2444 5165">
     <span class='ocr_line' id='line_1_56' title="bbox 888 5070 2444 5165; baseline 0.017 -38"><span class='ocrx_word' id='word_1_394' title='bbox 888 5074 1129 5145; x_wconf 87' lang='lat' dir='ltr'><strong>juniores</strong></span> <span class='ocrx_word' id='word_1_395' title='bbox 1160 5085 1383 5146; x_wconf 85' lang='lat' dir='ltr'><strong>paterna</strong></span> <span class='ocrx_word' id='word_1_396' title='bbox 1422 5070 1704 5138; x_wconf 83' lang='lat' dir='ltr'><strong>dilectione</strong></span> <span class='ocrx_word' id='word_1_397' title='bbox 1739 5086 2052 5154; x_wconf 86' lang='lat' dir='ltr'><strong>admonens,</strong></span> <span class='ocrx_word' id='word_1_398' title='bbox 2100 5092 2296 5162; x_wconf 89' lang='lat' dir='ltr'><strong>ubique</strong></span> <span class='ocrx_word' id='word_1_399' title='bbox 2346 5070 2444 5165; x_wconf 81' lang='lat' dir='ltr'><strong>per</strong></span> 
     </span>
    </p>
   </div>
   <div class='ocr_carea' id='block_1_57' title="bbox 894 5164 2438 5251">
    <p class='ocr_par' dir='ltr' id='par_1_57' title="bbox 894 5164 2438 5251">
     <span class='ocr_line' id='line_1_57' title="bbox 894 5164 2438 5251; baseline 0.016 -33"><span class='ocrx_word' id='word_1_400' title='bbox 894 5164 1064 5219; x_wconf 90' lang='lat' dir='ltr'><strong>ollicia</strong></span> <span class='ocrx_word' id='word_1_401' title='bbox 1079 5166 1359 5221; x_wconf 88' lang='lat' dir='ltr'><strong>charitatis</strong></span> <span class='ocrx_word' id='word_1_402' title='bbox 1378 5182 1483 5222; x_wconf 88' lang='lat' dir='ltr'><strong>non</strong></span> <span class='ocrx_word' id='word_1_403' title='bbox 1509 5184 1602 5225; x_wconf 87' lang='lat' dir='ltr'><strong>sua</strong></span> <span class='ocrx_word' id='word_1_404' title='bbox 1625 5187 1891 5242; x_wconf 60' lang='lat' dir='ltr'><strong>querens,</strong></span> <span class='ocrx_word' id='word_1_405' title='bbox 1921 5180 2015 5233; x_wconf 85' lang='lat' dir='ltr'><strong>sed</strong></span> <span class='ocrx_word' id='word_1_406' title='bbox 2041 5195 2159 5251; x_wconf 70' lang='lat' dir='ltr'><strong>quae</strong></span> <span class='ocrx_word' id='word_1_407' title='bbox 2177 5181 2272 5238; x_wconf 86' lang='lat' dir='ltr'><strong>Dei</strong></span> <span class='ocrx_word' id='word_1_408' title='bbox 2298 5164 2438 5250; x_wconf 87' lang='lat' dir='ltr'><strong>sunt,</strong></span> 
     </span>
    </p>
   </div>
   <div class='ocr_carea' id='block_1_58' title="bbox 963 5317 2438 5396">
    <p class='ocr_par' dir='ltr' id='par_1_58' title="bbox 963 5317 2438 5396">
     <span class='ocr_line' id='line_1_58' title="bbox 963 5317 2438 5396; baseline 0.018 -27"><span class='ocrx_word' id='word_1_409' title='bbox 963 5329 992 5358; x_wconf 83' lang='grc' dir='ltr'>ι</span> <span class='ocrx_word' id='word_1_410' title='bbox 1031 5317 1553 5396; x_wconf 60' lang='lat' dir='ltr'><strong>Regcmﬂlotarium.</strong></span> <span class='ocrx_word' id='word_1_411' title='bbox 1620 5321 1884 5382; x_wconf 88' lang='lat' dir='ltr'><strong>Clodoveo</strong></span> <span class='ocrx_word' id='word_1_412' title='bbox 1919 5347 2059 5388; x_wconf 85' lang='lat' dir='ltr'><strong>anno</strong></span> <span class='ocrx_word' id='word_1_413' title='bbox 2085 5334 2188 5391; x_wconf 79' lang='lat'><strong>509</strong></span> <span class='ocrx_word' id='word_1_414' title='bbox 2263 5339 2348 5394; x_wconf 90' lang='lat' dir='ltr'><strong>die</strong></span> <span class='ocrx_word' id='word_1_415' title='bbox 2372 5341 2438 5396; x_wconf 73' lang='lat'><strong>27</strong></span> 
     </span>
    </p>
   </div>
   <div class='ocr_carea' id='block_1_59' title="bbox 896 5383 2441 5472">
    <p class='ocr_par' dir='ltr' id='par_1_59' title="bbox 896 5383 2441 5472">
     <span class='ocr_line' id='line_1_59' title="bbox 896 5383 2441 5472; baseline 0.017 -33"><span class='ocrx_word' id='word_1_416' title='bbox 896 5383 1177 5468; x_wconf 69' lang='lat' dir='ltr'><strong>Novembr.</strong></span> <span class='ocrx_word' id='word_1_417' title='bbox 1207 5389 1845 5472; x_wconf 57' lang='lat' dir='ltr'><strong>defirnctosuceessergnt</strong></span> <span class='ocrx_word' id='word_1_418' title='bbox 1866 5383 2114 5472; x_wconf 40' lang='lat' dir='ltr'><strong>quatuor.</strong></span> <span class='ocrx_word' id='word_1_419' title='bbox 2126 5383 2245 5472; x_wconf 74' lang='lat' dir='ltr'><strong>lilii,</strong></span> <span class='ocrx_word' id='word_1_420' title='bbox 2264 5383 2441 5466; x_wconf 54' lang='lat' dir='ltr'><strong>“i312;</strong></span> 
     </span>
    </p>
   </div>
   <div class='ocr_carea' id='block_1_60' title="bbox 894 5457 2432 5547">
    <p class='ocr_par' dir='ltr' id='par_1_60' title="bbox 894 5457 2432 5547">
     <span class='ocr_line' id='line_1_60' title="bbox 894 5457 2432 5547; baseline 0.018 -40"><span class='ocrx_word' id='word_1_421' title='bbox 894 5471 1032 5547; x_wconf 44' lang='lat' dir='ltr'><strong>quos.</strong></span> <span class='ocrx_word' id='word_1_422' title='bbox 1057 5457 1574 5547; x_wconf 37' lang='lat' dir='ltr'><strong>luimusiclotarius‘,‘</strong></span> <span class='ocrx_word' id='word_1_423' title='bbox 1590 5464 1726 5532; x_wconf 89' lang='lat' dir='ltr'><strong>apud</strong></span> <span class='ocrx_word' id='word_1_424' title='bbox 1748 5457 2432 5547; x_wconf 18' lang='lat' dir='ltr'><strong>Suessionasisedeﬂposita,</strong></span> 
     </span>
    </p>
   </div>
   <div class='ocr_carea' id='block_1_61' title="bbox 893 5525 1732 5594">
    <p class='ocr_par' dir='ltr' id='par_1_61' title="bbox 893 5525 1732 5594">
     <span class='ocr_line' id='line_1_61' title="bbox 893 5525 1732 5594; baseline 0.005 -18"><span class='ocrx_word' id='word_1_425' title='bbox 893 5525 1105 5594; x_wconf 55' lang='lat' dir='ltr'><strong>prsefuit</strong></span> <span class='ocrx_word' id='word_1_426' title='bbox 1128 5525 1486 5583; x_wconf 79' lang='lat' dir='ltr'><strong>Atrebatibus.</strong></span> <span class='ocrx_word' id='word_1_427' title='bbox 1536 5525 1695 5586; x_wconf 70' lang='lat' dir='ltr'><strong>BoLL.</strong></span> <span class='ocrx_word' id='word_1_428' title='bbox 1727 5572 1732 5580; x_wconf 47' lang='lat'><strong>.</strong></span> 
     </span>
    </p>
   </div>
   <div class='ocr_carea' id='block_1_62' title="bbox 967 5591 2435 5683">
    <p class='ocr_par' dir='ltr' id='par_1_62' title="bbox 967 5591 2435 5683">
     <span class='ocr_line' id='line_1_62' title="bbox 967 5591 2435 5683; baseline 0.019 -38"><span class='ocrx_word' id='word_1_429' title='bbox 967 5595 988 5635; x_wconf 76' lang='lat' dir='ltr'><strong>Iv</strong></span> <span class='ocrx_word' id='word_1_430' title='bbox 1028 5591 1388 5664; x_wconf 73' lang='lat' dir='ltr'><strong>Optimatibus.</strong></span> <span class='ocrx_word' id='word_1_431' title='bbox 1444 5597 1628 5655; x_wconf 82' lang='lat' dir='ltr'><strong>Plures</strong></span> <span class='ocrx_word' id='word_1_432' title='bbox 1659 5615 1722 5656; x_wconf 79' lang='lat' dir='ltr'><strong>ex</strong></span> <span class='ocrx_word' id='word_1_433' title='bbox 1745 5603 1826 5659; x_wconf 85' lang='lat' dir='ltr'><strong>his</strong></span> <span class='ocrx_word' id='word_1_434' title='bbox 1865 5619 2100 5683; x_wconf 71' lang='lat' dir='ltr'><strong>paganos</strong></span> <span class='ocrx_word' id='word_1_435' title='bbox 2122 5611 2435 5681; x_wconf 33' lang='lat' dir='ltr'><strong>fuisse,’eis-</strong></span> 
     </span>
    </p>
   </div>
   <div class='ocr_carea' id='block_1_63' title="bbox 2547 495 4105 570">
    <p class='ocr_par' dir='ltr' id='par_1_63' title="bbox 2547 495 4105 570">
     <span class='ocr_line' id='line_1_63' title="bbox 2547 495 4105 570; baseline 0.007 -23"><span class='ocrx_word' id='word_1_436' title='bbox 2547 495 2796 564; x_wconf 91' lang='lat' dir='ltr'><strong>tempsit,</strong></span> <span class='ocrx_word' id='word_1_437' title='bbox 2859 511 2964 555; x_wconf 85' lang='lat' dir='ltr'><strong>non</strong></span> <span class='ocrx_word' id='word_1_438' title='bbox 3002 497 3225 557; x_wconf 67' lang='lat' dir='ltr'><strong>luxuria:</strong></span> <span class='ocrx_word' id='word_1_439' title='bbox 3247 513 3428 562; x_wconf 89' lang='lat' dir='ltr'><strong>causa,</strong></span> <span class='ocrx_word' id='word_1_440' title='bbox 3470 499 3563 554; x_wconf 90' lang='lat' dir='ltr'><strong>sed</strong></span> <span class='ocrx_word' id='word_1_441' title='bbox 3584 501 3979 570; x_wconf 63' lang='lat' dir='ltr'><strong>praedicationis</strong></span> <span class='ocrx_word' id='word_1_442' title='bbox 4005 502 4105 558; x_wconf 82' lang='lat' dir='ltr'><strong>ob-</strong></span> 
     </span>
    </p>
   </div>
   <div class='ocr_carea' id='block_1_64' title="bbox 2545 582 4107 660">
    <p class='ocr_par' dir='ltr' id='par_1_64' title="bbox 2545 582 4107 660">
     <span class='ocr_line' id='line_1_64' title="bbox 2545 582 4107 660; baseline 0.01 -26"><span class='ocrx_word' id='word_1_443' title='bbox 2545 590 2718 646; x_wconf 90' lang='lat' dir='ltr'><strong>tentu,</strong></span> <span class='ocrx_word' id='word_1_444' title='bbox 2769 591 2827 635; x_wconf 93' lang='lat' dir='ltr'><strong>ut</strong></span> <span class='ocrx_word' id='word_1_445' title='bbox 2849 582 3212 640; x_wconf 84' lang='lat' dir='ltr'><strong>familiaritate</strong></span> <span class='ocrx_word' id='word_1_446' title='bbox 3232 588 3530 644; x_wconf 74' lang='lat' dir='ltr'><strong>concordia:</strong></span> <span class='ocrx_word' id='word_1_447' title='bbox 3555 588 3742 660; x_wconf 86' lang='lat' dir='ltr'><strong>[Boll.,</strong></span> <span class='ocrx_word' id='word_1_448' title='bbox 3773 590 4107 650; x_wconf 84' lang='lat' dir='ltr'><strong>familiarita—</strong></span> 
     </span>
    </p>
   </div>
   <div class='ocr_carea' id='block_1_65' title="bbox 2546 672 4113 745">
    <p class='ocr_par' dir='ltr' id='par_1_65' title="bbox 2546 672 4113 745">
     <span class='ocr_line' id='line_1_65' title="bbox 2546 672 4113 745; baseline 0.01 -21"><span class='ocrx_word' id='word_1_449' title='bbox 2546 672 2614 724; x_wconf 90' lang='lat' dir='ltr'><strong>tis</strong></span> <span class='ocrx_word' id='word_1_450' title='bbox 2637 674 2966 745; x_wconf 83' lang='lat' dir='ltr'><strong>concordia],</strong></span> <span class='ocrx_word' id='word_1_451' title='bbox 3000 674 3208 730; x_wconf 88' lang='lat' dir='ltr'><strong>facilius</strong></span> <span class='ocrx_word' id='word_1_452' title='bbox 3235 679 3454 733; x_wconf 82' lang='lat' dir='ltr'><strong>verbum</strong></span> <span class='ocrx_word' id='word_1_453' title='bbox 3490 679 3583 734; x_wconf 83' lang='lat' dir='ltr'><strong>Dei</strong></span> <span class='ocrx_word' id='word_1_454' title='bbox 3611 682 4004 738; x_wconf 84' lang='lat' dir='ltr'><strong>convivantium</strong></span> <span class='ocrx_word' id='word_1_455' title='bbox 4031 686 4113 740; x_wconf 89' lang='lat' dir='ltr'><strong>in—</strong></span> 
     </span>
    </p>
   </div>
   <div class='ocr_carea' id='block_1_66' title="bbox 2545 761 3086 818">
    <p class='ocr_par' dir='ltr' id='par_1_66' title="bbox 2545 761 3086 818">
     <span class='ocr_line' id='line_1_66' title="bbox 2545 761 3086 818; baseline 0.009 -5"><span class='ocrx_word' id='word_1_456' title='bbox 2545 761 2792 817; x_wconf 78' lang='lat' dir='ltr'><strong>funderet</strong></span> <span class='ocrx_word' id='word_1_457' title='bbox 2816 765 3086 818; x_wconf 85' lang='lat' dir='ltr'><strong>cordibus.</strong></span> 
     </span>
    </p>
   </div>
   <div class='ocr_carea' id='block_1_67' title="bbox 2615 851 4110 929">
    <p class='ocr_par' dir='ltr' id='par_1_67' title="bbox 2615 851 4110 929">
     <span class='ocr_line' id='line_1_67' title="bbox 2615 851 4110 929; baseline 0.009 -25"><span class='ocrx_word' id='word_1_458' title='bbox 2615 851 2771 905; x_wconf 77' lang='lat' dir='ltr'><strong>XVII.</strong></span> <span class='ocrx_word' id='word_1_459' title='bbox 2830 853 2995 922; x_wconf 81' lang='lat' dir='ltr'><strong>Igitur</strong></span> <span class='ocrx_word' id='word_1_460' title='bbox 3049 854 3262 923; x_wconf 90' lang='lat' dir='ltr'><strong>quidam</strong></span> <span class='ocrx_word' id='word_1_461' title='bbox 3315 857 3503 911; x_wconf 89' lang='lat' dir='ltr'><strong>nobilis</strong></span> <span class='ocrx_word' id='word_1_462' title='bbox 3540 857 3816 925; x_wconf 84' lang='lat' dir='ltr'><strong>Francus,</strong></span> <span class='ocrx_word' id='word_1_463' title='bbox 3874 862 4110 929; x_wconf 85' lang='lat' dir='ltr'><strong>potentia</strong></span> 
     </span>
    </p>
   </div>
   <div class='ocr_carea' id='block_1_68' title="bbox 2544 939 4112 1020">
    <p class='ocr_par' dir='ltr' id='par_1_68' title="bbox 2544 939 4112 1020">
     <span class='ocr_line' id='line_1_68' title="bbox 2544 939 4112 1020; baseline 0.008 -26"><span class='ocrx_word' id='word_1_464' title='bbox 2544 939 2744 1020; x_wconf 82' lang='lat' dir='ltr'><strong>clarus,</strong></span> <span class='ocrx_word' id='word_1_465' title='bbox 2773 942 2973 998; x_wconf 80' lang='lat' dir='ltr'><strong>Ocinus</strong></span> <span class='ocrx_word' id='word_1_466' title='bbox 3002 946 3235 1008; x_wconf 90' lang='lat' dir='ltr'><strong>nomine,</strong></span> <span class='ocrx_word' id='word_1_467' title='bbox 3278 961 3454 1015; x_wconf 86' lang='lat' dir='ltr'><strong>regem</strong></span> <span class='ocrx_word' id='word_1_468' title='bbox 3494 947 3786 1003; x_wconf 88' lang='lat' dir='ltr'><strong>Clotarium</strong></span> <span class='ocrx_word' id='word_1_469' title='bbox 3811 962 3836 990; x_wconf 77' lang='grc' dir='ltr'>ι</span> <span class='ocrx_word' id='word_1_470' title='bbox 3871 952 4112 1020; x_wconf 73' lang='lat' dir='ltr'><strong>przedicti</strong></span> 
     </span>
    </p>
   </div>
   <div class='ocr_carea' id='block_1_69' title="bbox 2546 1017 4111 1111">
    <p class='ocr_par' dir='ltr' id='par_1_69' title="bbox 2546 1017 4111 1111">
     <span class='ocr_line' id='line_1_69' title="bbox 2546 1017 4111 1111; baseline 0.011 -28"><span class='ocrx_word' id='word_1_471' title='bbox 2546 1017 2705 1100; x_wconf 69' lang='lat' dir='ltr'><strong>regis&#39;</strong></span> <span class='ocrx_word' id='word_1_472' title='bbox 2727 1030 2976 1086; x_wconf 89' lang='lat' dir='ltr'><strong>Clodovei</strong></span> <span class='ocrx_word' id='word_1_473' title='bbox 3007 1033 3196 1098; x_wconf 87' lang='lat' dir='ltr'><strong>lilium,</strong></span> <span class='ocrx_word' id='word_1_474' title='bbox 3248 1037 3340 1105; x_wconf 90' lang='lat' dir='ltr'><strong>qui</strong></span> <span class='ocrx_word' id='word_1_475' title='bbox 3372 1045 3496 1093; x_wconf 91' lang='lat' dir='ltr'><strong>tunc</strong></span> <span class='ocrx_word' id='word_1_476' title='bbox 3546 1041 3800 1109; x_wconf 85' lang='lat' dir='ltr'><strong>temporis</strong></span> <span class='ocrx_word' id='word_1_477' title='bbox 3835 1017 3984 1111; x_wconf 79' lang='lat' dir='ltr'><strong>regni</strong></span> <span class='ocrx_word' id='word_1_478' title='bbox 4019 1059 4111 1100; x_wconf 86' lang='lat' dir='ltr'><strong>no-</strong></span> 
     </span>
    </p>
   </div>
   <div class='ocr_carea' id='block_1_70' title="bbox 2544 1119 4112 1209">
    <p class='ocr_par' dir='ltr' id='par_1_70' title="bbox 2544 1119 4112 1209">
     <span class='ocr_line' id='line_1_70' title="bbox 2544 1119 4112 1209; baseline 0.011 -35"><span class='ocrx_word' id='word_1_479' title='bbox 2544 1119 2722 1177; x_wconf 87' lang='lat' dir='ltr'><strong>biliter</strong></span> <span class='ocrx_word' id='word_1_480' title='bbox 2768 1133 2982 1178; x_wconf 75' lang='lat' dir='ltr'><strong>rexerat</strong></span> <span class='ocrx_word' id='word_1_481' title='bbox 3027 1134 3238 1194; x_wconf 89' lang='lat' dir='ltr'><strong>sceptra</strong></span> <span class='ocrx_word' id='word_1_482' title='bbox 3293 1127 3476 1198; x_wconf 84' lang='lat' dir='ltr'><strong>[Boll.,</strong></span> <span class='ocrx_word' id='word_1_483' title='bbox 3531 1135 3750 1202; x_wconf 83' lang='lat' dir='ltr'><strong>regebat</strong></span> <span class='ocrx_word' id='word_1_484' title='bbox 3795 1135 4112 1209; x_wconf 89' lang='lat' dir='ltr'><strong>sceptrum],</strong></span> 
     </span>
    </p>
   </div>
   <div class='ocr_carea' id='block_1_71' title="bbox 2545 1214 4110 1291">
    <p class='ocr_par' dir='ltr' id='par_1_71' title="bbox 2545 1214 4110 1291">
     <span class='ocr_line' id='line_1_71' title="bbox 2545 1214 4110 1291; baseline 0.012 -28"><span class='ocrx_word' id='word_1_485' title='bbox 2545 1214 2754 1266; x_wconf 89' lang='lat' dir='ltr'><strong>vocavit</strong></span> <span class='ocrx_word' id='word_1_486' title='bbox 2783 1214 2848 1266; x_wconf 88' lang='lat' dir='ltr'><strong>ad</strong></span> <span class='ocrx_word' id='word_1_487' title='bbox 2873 1216 3174 1283; x_wconf 86' lang='lat' dir='ltr'><strong>prandium,</strong></span> <span class='ocrx_word' id='word_1_488' title='bbox 3205 1221 3344 1286; x_wconf 79' lang='lat' dir='ltr'><strong>quod</strong></span> <span class='ocrx_word' id='word_1_489' title='bbox 3373 1237 3564 1289; x_wconf 86' lang='lat' dir='ltr'><strong>magno</strong></span> <span class='ocrx_word' id='word_1_490' title='bbox 3588 1234 3840 1291; x_wconf 85' lang='lat' dir='ltr'><strong>apparatu</strong></span> <span class='ocrx_word' id='word_1_491' title='bbox 3868 1228 3918 1279; x_wconf 89' lang='lat' dir='ltr'><strong>in</strong></span> <span class='ocrx_word' id='word_1_492' title='bbox 3950 1227 4110 1281; x_wconf 91' lang='lat' dir='ltr'><strong>domo</strong></span> 
     </span>
    </p>
   </div>
   <div class='ocr_carea' id='block_1_72' title="bbox 2545 1301 4114 1384">
    <p class='ocr_par' dir='ltr' id='par_1_72' title="bbox 2545 1301 4114 1384">
     <span class='ocr_line' id='line_1_72' title="bbox 2545 1301 4114 1384; baseline 0.01 -30"><span class='ocrx_word' id='word_1_493' title='bbox 2545 1316 2640 1354; x_wconf 87' lang='lat' dir='ltr'><strong>sua</strong></span> <span class='ocrx_word' id='word_1_494' title='bbox 2673 1301 2780 1369; x_wconf 85' lang='lat' dir='ltr'><strong>regi</strong></span> <span class='ocrx_word' id='word_1_495' title='bbox 2828 1313 2885 1355; x_wconf 88' lang='lat' dir='ltr'><strong>et</strong></span> <span class='ocrx_word' id='word_1_496' title='bbox 2931 1305 3042 1357; x_wconf 90' lang='lat' dir='ltr'><strong>suis</strong></span> <span class='ocrx_word' id='word_1_497' title='bbox 3091 1317 3373 1373; x_wconf 85' lang='lat' dir='ltr'><strong>paraverat</strong></span> <span class='ocrx_word' id='word_1_498' title='bbox 3403 1311 3748 1376; x_wconf 85' lang='lat' dir='ltr'><strong>optimatibus</strong></span> <span class='ocrx_word' id='word_1_499' title='bbox 3779 1314 3823 1365; x_wconf 68' lang='grc' dir='ltr'><strong>ιι.</strong></span> <span class='ocrx_word' id='word_1_500' title='bbox 3874 1314 4114 1384; x_wconf 81' lang='lat' dir='ltr'><strong>Rogatus</strong></span> 
     </span>
    </p>
   </div>
   <div class='ocr_carea' id='block_1_73' title="bbox 2545 1394 4111 1471">
    <p class='ocr_par' dir='ltr' id='par_1_73' title="bbox 2545 1394 4111 1471">
     <span class='ocr_line' id='line_1_73' title="bbox 2545 1394 4111 1471; baseline 0.013 -32"><span class='ocrx_word' id='word_1_501' title='bbox 2545 1403 2756 1456; x_wconf 87' lang='lat' dir='ltr'><strong>quoque</strong></span> <span class='ocrx_word' id='word_1_502' title='bbox 2802 1400 2884 1443; x_wconf 86' lang='lat' dir='ltr'><strong>est</strong></span> <span class='ocrx_word' id='word_1_503' title='bbox 2913 1402 3131 1447; x_wconf 83' lang='lat' dir='ltr'><strong>sanctus</strong></span> <span class='ocrx_word' id='word_1_504' title='bbox 3166 1394 3232 1447; x_wconf 88' lang='lat' dir='ltr'><strong>ad</strong></span> <span class='ocrx_word' id='word_1_505' title='bbox 3281 1399 3583 1452; x_wconf 82' lang='lat' dir='ltr'><strong>convivium</strong></span> <span class='ocrx_word' id='word_1_506' title='bbox 3636 1399 3916 1457; x_wconf 70' lang='lat' dir='ltr'><strong>Vcalastus.</strong></span> <span class='ocrx_word' id='word_1_507' title='bbox 4007 1405 4111 1471; x_wconf 88' lang='lat' dir='ltr'><strong>Qui</strong></span> 
     </span>
    </p>
   </div>
   <div class='ocr_carea' id='block_1_74' title="bbox 2545 1475 4108 1560">
    <p class='ocr_par' dir='ltr' id='par_1_74' title="bbox 2545 1475 4108 1560">
     <span class='ocr_line' id='line_1_74' title="bbox 2545 1475 4108 1560; baseline 0.014 -32"><span class='ocrx_word' id='word_1_508' title='bbox 2545 1475 2760 1530; x_wconf 91' lang='lat' dir='ltr'><strong>domum</strong></span> <span class='ocrx_word' id='word_1_509' title='bbox 2791 1479 3020 1544; x_wconf 70' lang='lat' dir='ltr'><strong>intrans,</strong></span> <span class='ocrx_word' id='word_1_510' title='bbox 3053 1499 3200 1537; x_wconf 87' lang='lat' dir='ltr'><strong>more</strong></span> <span class='ocrx_word' id='word_1_511' title='bbox 3249 1486 3348 1538; x_wconf 91' lang='lat' dir='ltr'><strong>sibi</strong></span> <span class='ocrx_word' id='word_1_512' title='bbox 3380 1489 3556 1552; x_wconf 86' lang='lat' dir='ltr'><strong>solito,</strong></span> <span class='ocrx_word' id='word_1_513' title='bbox 3606 1491 3824 1547; x_wconf 80' lang='lat' dir='ltr'><strong>dextera</strong></span> <span class='ocrx_word' id='word_1_514' title='bbox 3873 1503 4108 1560; x_wconf 79' lang='lat' dir='ltr'><strong>extenta,</strong></span> 
     </span>
    </p>
   </div>
   <div class='ocr_carea' id='block_1_75' title="bbox 2545 1567 4111 1648">
    <p class='ocr_par' dir='ltr' id='par_1_75' title="bbox 2545 1567 4111 1648">
     <span class='ocr_line' id='line_1_75' title="bbox 2545 1567 4111 1648; baseline 0.017 -31"><span class='ocrx_word' id='word_1_515' title='bbox 2545 1567 2723 1621; x_wconf 92' lang='lat' dir='ltr'><strong>omnia</strong></span> <span class='ocrx_word' id='word_1_516' title='bbox 2755 1577 2956 1624; x_wconf 66' lang='lat' dir='ltr'><strong>sanctae</strong></span> <span class='ocrx_word' id='word_1_517' title='bbox 2985 1574 3162 1627; x_wconf 90' lang='lat' dir='ltr'><strong>crucis</strong></span> <span class='ocrx_word' id='word_1_518' title='bbox 3186 1575 3379 1629; x_wconf 75' lang='lat' dir='ltr'><strong>vexillo</strong></span> <span class='ocrx_word' id='word_1_519' title='bbox 3405 1578 3656 1647; x_wconf 87' lang='lat' dir='ltr'><strong>signavit.</strong></span> <span class='ocrx_word' id='word_1_520' title='bbox 3701 1583 3953 1648; x_wconf 61' lang='lat' dir='ltr'><strong>Quaedam</strong></span> <span class='ocrx_word' id='word_1_521' title='bbox 3984 1603 4111 1642; x_wconf 89' lang='lat' dir='ltr'><strong>vero</strong></span> 
     </span>
    </p>
   </div>
   <div class='ocr_carea' id='block_1_76' title="bbox 2546 1658 4111 1748">
    <p class='ocr_par' dir='ltr' id='par_1_76' title="bbox 2546 1658 4111 1748">
     <span class='ocr_line' id='line_1_76' title="bbox 2546 1658 4111 1748; baseline 0.015 -40"><span class='ocrx_word' id='word_1_522' title='bbox 2546 1658 2758 1711; x_wconf 84' lang='lat' dir='ltr'><strong>vascula</strong></span> <span class='ocrx_word' id='word_1_523' title='bbox 2788 1658 2858 1712; x_wconf 89' lang='lat' dir='ltr'><strong>ibi</strong></span> <span class='ocrx_word' id='word_1_524' title='bbox 2897 1662 3119 1715; x_wconf 86' lang='lat' dir='ltr'><strong>cervisia</strong></span> <span class='ocrx_word' id='word_1_525' title='bbox 3157 1665 3441 1720; x_wconf 86' lang='lat' dir='ltr'><strong>adstabant</strong></span> <span class='ocrx_word' id='word_1_526' title='bbox 3477 1670 3650 1737; x_wconf 87' lang='lat' dir='ltr'><strong>plena,</strong></span> <span class='ocrx_word' id='word_1_527' title='bbox 3704 1675 3798 1727; x_wconf 89' lang='lat' dir='ltr'><strong>sed</strong></span> <span class='ocrx_word' id='word_1_528' title='bbox 3823 1676 3960 1730; x_wconf 88' lang='lat' dir='ltr'><strong>male</strong></span> <span class='ocrx_word' id='word_1_529' title='bbox 3983 1694 4111 1748; x_wconf 81' lang='lat' dir='ltr'><strong>gen-</strong></span> 
     </span>
    </p>
   </div>
   <div class='ocr_carea' id='block_1_77' title="bbox 2471 1741 4110 1832">
    <p class='ocr_par' dir='ltr' id='par_1_77' title="bbox 2471 1741 4110 1832">
     <span class='ocr_line' id='line_1_77' title="bbox 2471 1741 4110 1832; baseline 0.016 -35"><span class='ocrx_word' id='word_1_530' title='bbox 2471 1741 2516 1797; x_wconf 85' lang='lat' dir='ltr'><strong>B</strong></span> <span class='ocrx_word' id='word_1_531' title='bbox 2546 1743 2623 1796; x_wconf 91' lang='lat' dir='ltr'><strong>tili</strong></span> <span class='ocrx_word' id='word_1_532' title='bbox 2654 1759 2840 1800; x_wconf 89' lang='lat' dir='ltr'><strong>errore</strong></span> <span class='ocrx_word' id='word_1_533' title='bbox 2866 1747 3206 1805; x_wconf 69' lang='lat' dir='ltr'><strong>daemoniacis</strong></span> <span class='ocrx_word' id='word_1_534' title='bbox 3244 1754 3691 1814; x_wconf 89' lang='lat' dir='ltr'><strong>incantationibus</strong></span> <span class='ocrx_word' id='word_1_535' title='bbox 3717 1762 3929 1818; x_wconf 88' lang='lat' dir='ltr'><strong>infecta.</strong></span> <span class='ocrx_word' id='word_1_536' title='bbox 3982 1741 4110 1832; x_wconf 73' lang='lat' dir='ltr'><strong>Qua:</strong></span> 
     </span>
    </p>
   </div>
   <div class='ocr_carea' id='block_1_78' title="bbox 2543 1836 4111 1924">
    <p class='ocr_par' dir='ltr' id='par_1_78' title="bbox 2543 1836 4111 1924">
     <span class='ocr_line' id='line_1_78' title="bbox 2543 1836 4111 1924; baseline 0.018 -39"><span class='ocrx_word' id='word_1_537' title='bbox 2543 1848 2666 1887; x_wconf 87' lang='lat' dir='ltr'><strong>mox</strong></span> <span class='ocrx_word' id='word_1_538' title='bbox 2705 1836 2774 1889; x_wconf 92' lang='lat' dir='ltr'><strong>ob</strong></span> <span class='ocrx_word' id='word_1_539' title='bbox 2802 1839 3100 1905; x_wconf 86' lang='lat' dir='ltr'><strong>potentiam</strong></span> <span class='ocrx_word' id='word_1_540' title='bbox 3127 1851 3326 1897; x_wconf 69' lang='lat' dir='ltr'><strong>sanctre</strong></span> <span class='ocrx_word' id='word_1_541' title='bbox 3369 1847 3546 1901; x_wconf 90' lang='lat' dir='ltr'><strong>crucis</strong></span> <span class='ocrx_word' id='word_1_542' title='bbox 3582 1848 3854 1906; x_wconf 88' lang='lat' dir='ltr'><strong>destructa</strong></span> <span class='ocrx_word' id='word_1_543' title='bbox 3885 1869 4111 1924; x_wconf 87' lang='lat' dir='ltr'><strong>crepue-</strong></span> 
     </span>
    </p>
   </div>
   <div class='ocr_carea' id='block_1_79' title="bbox 2543 1929 4114 2005">
    <p class='ocr_par' dir='ltr' id='par_1_79' title="bbox 2543 1929 4114 2005">
     <span class='ocr_line' id='line_1_79' title="bbox 2543 1929 4114 2005; baseline 0.017 -30"><span class='ocrx_word' id='word_1_544' title='bbox 2543 1933 2688 1988; x_wconf 93' lang='lat' dir='ltr'><strong>runt,</strong></span> <span class='ocrx_word' id='word_1_545' title='bbox 2752 1935 2806 1980; x_wconf 91' lang='lat' dir='ltr'><strong>et</strong></span> <span class='ocrx_word' id='word_1_546' title='bbox 2843 1929 3098 1997; x_wconf 89' lang='lat' dir='ltr'><strong>quidquid</strong></span> <span class='ocrx_word' id='word_1_547' title='bbox 3123 1932 3347 2002; x_wconf 88' lang='lat' dir='ltr'><strong>liquoris</strong></span> <span class='ocrx_word' id='word_1_548' title='bbox 3373 1937 3692 2005; x_wconf 87' lang='lat' dir='ltr'><strong>habuerunt,</strong></span> <span class='ocrx_word' id='word_1_549' title='bbox 3724 1943 3778 1997; x_wconf 92' lang='lat' dir='ltr'><strong>in</strong></span> <span class='ocrx_word' id='word_1_550' title='bbox 3805 1951 4003 1999; x_wconf 88' lang='lat' dir='ltr'><strong>terram</strong></span> <span class='ocrx_word' id='word_1_551' title='bbox 4034 1947 4114 2001; x_wconf 87' lang='lat' dir='ltr'><strong>ef-</strong></span> 
     </span>
    </p>
   </div>
   <div class='ocr_carea' id='block_1_80' title="bbox 2544 2008 4114 2106">
    <p class='ocr_par' dir='ltr' id='par_1_80' title="bbox 2544 2008 4114 2106">
     <span class='ocr_line' id='line_1_80' title="bbox 2544 2008 4114 2106; baseline 0.018 -43"><span class='ocrx_word' id='word_1_552' title='bbox 2544 2008 2811 2067; x_wconf 85' lang='lat' dir='ltr'><strong>fuderunt.</strong></span> <span class='ocrx_word' id='word_1_553' title='bbox 2865 2014 3108 2088; x_wconf 85' lang='lat' dir='ltr'><strong>Territus</strong></span> <span class='ocrx_word' id='word_1_554' title='bbox 3140 2036 3266 2102; x_wconf 85' lang='lat' dir='ltr'><strong>vero</strong></span> <span class='ocrx_word' id='word_1_555' title='bbox 3314 2039 3405 2077; x_wconf 80' lang='lat' dir='ltr'><strong>rex</strong></span> <span class='ocrx_word' id='word_1_556' title='bbox 3433 2035 3488 2079; x_wconf 90' lang='lat' dir='ltr'><strong>et</strong></span> <span class='ocrx_word' id='word_1_557' title='bbox 3515 2029 3798 2098; x_wconf 87' lang='lat' dir='ltr'><strong>optimates</strong></span> <span class='ocrx_word' id='word_1_558' title='bbox 3852 2035 3992 2090; x_wconf 90' lang='lat' dir='ltr'><strong>illius</strong></span> <span class='ocrx_word' id='word_1_559' title='bbox 4015 2037 4114 2106; x_wconf 84' lang='lat' dir='ltr'><strong>hu-</strong></span> 
     </span>
    </p>
   </div>
   <div class='ocr_carea' id='block_1_81' title="bbox 2537 2097 4113 2187">
    <p class='ocr_par' dir='ltr' id='par_1_81' title="bbox 2537 2097 4113 2187">
     <span class='ocr_line' id='line_1_81' title="bbox 2537 2097 4113 2187; baseline 0.018 -36"><span class='ocrx_word' id='word_1_560' title='bbox 2537 2097 2627 2167; x_wconf 87' lang='lat' dir='ltr'><strong>jus</strong></span> <span class='ocrx_word' id='word_1_561' title='bbox 2654 2101 2858 2157; x_wconf 90' lang='lat' dir='ltr'><strong>visione</strong></span> <span class='ocrx_word' id='word_1_562' title='bbox 2905 2097 3186 2171; x_wconf 29' lang='lat' dir='ltr'><strong>miraculi&#39;,‘</strong></span> <span class='ocrx_word' id='word_1_563' title='bbox 3226 2111 3603 2170; x_wconf 89' lang='lat' dir='ltr'><strong>sciscitabatur</strong></span> <span class='ocrx_word' id='word_1_564' title='bbox 3638 2121 3939 2187; x_wconf 77' lang='lat' dir='ltr'><strong>pontificem</strong></span> <span class='ocrx_word' id='word_1_565' title='bbox 3985 2101 4113 2179; x_wconf 82' lang='lat' dir='ltr'><strong>cau-</strong></span> 
     </span>
    </p>
   </div>
   <div class='ocr_carea' id='block_1_82' title="bbox 2543 2194 4114 2283">
    <p class='ocr_par' dir='ltr' id='par_1_82' title="bbox 2543 2194 4114 2283">
     <span class='ocr_line' id='line_1_82' title="bbox 2543 2194 4114 2283; baseline 0.018 -41"><span class='ocrx_word' id='word_1_566' title='bbox 2543 2204 2658 2243; x_wconf 85' lang='lat' dir='ltr'><strong>sam</strong></span> <span class='ocrx_word' id='word_1_567' title='bbox 2684 2194 2943 2261; x_wconf 89' lang='lat' dir='ltr'><strong>repentini</strong></span> <span class='ocrx_word' id='word_1_568' title='bbox 2971 2199 3217 2268; x_wconf 78' lang='lat' dir='ltr'><strong>prodigii.</strong></span> <span class='ocrx_word' id='word_1_569' title='bbox 3259 2199 3358 2256; x_wconf 89' lang='lat' dir='ltr'><strong>Cui</strong></span> <span class='ocrx_word' id='word_1_570' title='bbox 3378 2214 3593 2260; x_wconf 88' lang='lat' dir='ltr'><strong>sanctus</strong></span> <span class='ocrx_word' id='word_1_571' title='bbox 3616 2213 3886 2278; x_wconf 91' lang='lat' dir='ltr'><strong>respondit</strong></span> <span class='ocrx_word' id='word_1_572' title='bbox 3907 2215 4114 2283; x_wconf 87' lang='lat' dir='ltr'><strong>cpisco-</strong></span> 
     </span>
    </p>
   </div>
   <div class='ocr_carea' id='block_1_83' title="bbox 2542 2282 4115 2372">
    <p class='ocr_par' dir='ltr' id='par_1_83' title="bbox 2542 2282 4115 2372">
     <span class='ocr_line' id='line_1_83' title="bbox 2542 2282 4115 2372; baseline 0.021 -42"><span class='ocrx_word' id='word_1_573' title='bbox 2542 2295 2674 2346; x_wconf 88' lang='lat' dir='ltr'><strong>pus:</strong></span> <span class='ocrx_word' id='word_1_574' title='bbox 2713 2282 2830 2358; x_wconf 83' lang='lat' dir='ltr'><strong>_Per</strong></span> <span class='ocrx_word' id='word_1_575' title='bbox 2862 2288 3122 2354; x_wconf 88' lang='lat' dir='ltr'><strong>quasdam</strong></span> <span class='ocrx_word' id='word_1_576' title='bbox 3179 2292 3540 2350; x_wconf 86' lang='lat' dir='ltr'><strong>maleficorum</strong></span> <span class='ocrx_word' id='word_1_577' title='bbox 3585 2282 3994 2372; x_wconf 87' lang='lat' dir='ltr'><strong>incantationes,</strong></span> <span class='ocrx_word' id='word_1_578' title='bbox 4047 2311 4115 2364; x_wconf 89' lang='lat' dir='ltr'><strong>ad</strong></span> 
     </span>
    </p>
   </div>
   <div class='ocr_carea' id='block_1_84' title="bbox 2544 2369 4116 2454">
    <p class='ocr_par' dir='ltr' id='par_1_84' title="bbox 2544 2369 4116 2454">
     <span class='ocr_line' id='line_1_84' title="bbox 2544 2369 4116 2454; baseline 0.02 -32"><span class='ocrx_word' id='word_1_579' title='bbox 2544 2369 2885 2440; x_wconf 88' lang='lat' dir='ltr'><strong>decipiendas</strong></span> <span class='ocrx_word' id='word_1_580' title='bbox 2919 2380 3264 2435; x_wconf 86' lang='lat' dir='ltr'><strong>convivarum</strong></span> <span class='ocrx_word' id='word_1_581' title='bbox 3321 2386 3563 2450; x_wconf 87' lang='lat' dir='ltr'><strong>animas,</strong></span> <span class='ocrx_word' id='word_1_582' title='bbox 3618 2391 3877 2448; x_wconf 88' lang='lat' dir='ltr'><strong>diabolica</strong></span> <span class='ocrx_word' id='word_1_583' title='bbox 3933 2397 3984 2450; x_wconf 92' lang='lat' dir='ltr'><strong>in</strong></span> <span class='ocrx_word' id='word_1_584' title='bbox 4030 2400 4116 2454; x_wconf 89' lang='lat' dir='ltr'><strong>his</strong></span> 
     </span>
    </p>
   </div>
   <div class='ocr_carea' id='block_1_85' title="bbox 2542 2459 4108 2544">
    <p class='ocr_par' dir='ltr' id='par_1_85' title="bbox 2542 2459 4108 2544">
     <span class='ocr_line' id='line_1_85' title="bbox 2542 2459 4108 2544; baseline 0.02 -32"><span class='ocrx_word' id='word_1_585' title='bbox 2542 2459 2700 2517; x_wconf 90' lang='lat' dir='ltr'><strong>latuit</strong></span> <span class='ocrx_word' id='word_1_586' title='bbox 2725 2465 3023 2544; x_wconf 81' lang='lat' dir='ltr'><strong>liquoribus</strong></span> <span class='ocrx_word' id='word_1_587' title='bbox 3050 2475 3280 2539; x_wconf 84' lang='lat' dir='ltr'><strong>potentia</strong></span> <span class='ocrx_word' id='word_1_588' title='bbox 3309 2494 3321 2529; x_wconf 93' lang='lat'><strong>:</strong></span> <span class='ocrx_word' id='word_1_589' title='bbox 3354 2479 3445 2531; x_wconf 89' lang='lat' dir='ltr'><strong>sed</strong></span> <span class='ocrx_word' id='word_1_590' title='bbox 3470 2481 3666 2537; x_wconf 90' lang='lat' dir='ltr'><strong>virtute</strong></span> <span class='ocrx_word' id='word_1_591' title='bbox 3707 2487 3882 2541; x_wconf 85' lang='lat' dir='ltr'><strong>crucis</strong></span> <span class='ocrx_word' id='word_1_592' title='bbox 3907 2489 4108 2543; x_wconf 85' lang='lat' dir='ltr'><strong>Christi</strong></span> 
     </span>
    </p>
   </div>
   <div class='ocr_carea' id='block_1_86' title="bbox 2545 2554 4117 2641">
    <p class='ocr_par' dir='ltr' id='par_1_86' title="bbox 2545 2554 4117 2641">
     <span class='ocr_line' id='line_1_86' title="bbox 2545 2554 4117 2641; baseline 0.018 -37"><span class='ocrx_word' id='word_1_593' title='bbox 2545 2554 2752 2619; x_wconf 87' lang='lat' dir='ltr'><strong>territa,</strong></span> <span class='ocrx_word' id='word_1_594' title='bbox 2783 2557 2860 2610; x_wconf 92' lang='lat' dir='ltr'><strong>sic</strong></span> <span class='ocrx_word' id='word_1_595' title='bbox 2888 2558 3227 2616; x_wconf 87' lang='lat' dir='ltr'><strong>invisibiliter</strong></span> <span class='ocrx_word' id='word_1_596' title='bbox 3263 2565 3330 2619; x_wconf 89' lang='lat' dir='ltr'><strong>de</strong></span> <span class='ocrx_word' id='word_1_597' title='bbox 3369 2568 3528 2623; x_wconf 89' lang='lat' dir='ltr'><strong>domo</strong></span> <span class='ocrx_word' id='word_1_598' title='bbox 3577 2571 3758 2641; x_wconf 83' lang='lat' dir='ltr'><strong>cffugit</strong></span> <span class='ocrx_word' id='word_1_599' title='bbox 3789 2575 3888 2630; x_wconf 82' lang='lat' dir='ltr'><strong>ista</strong></span> <span class='ocrx_word' id='word_1_600' title='bbox 3909 2617 3922 2640; x_wconf 92' lang='lat'><strong>,</strong></span> <span class='ocrx_word' id='word_1_601' title='bbox 3977 2580 4117 2633; x_wconf 83' lang='lat' dir='ltr'><strong>sicut</strong></span> 
     </span>
    </p>
   </div>
   <div class='ocr_carea' id='block_1_87' title="bbox 2542 2639 4110 2723">
    <p class='ocr_par' dir='ltr' id='par_1_87' title="bbox 2542 2639 4110 2723">
     <span class='ocr_line' id='line_1_87' title="bbox 2542 2639 4110 2723; baseline 0.021 -33"><span class='ocrx_word' id='word_1_602' title='bbox 2542 2639 2825 2722; x_wconf 82' lang='lat' dir='ltr'><strong>visibiliter</strong></span> <span class='ocrx_word' id='word_1_603' title='bbox 2850 2647 3232 2703; x_wconf 87' lang='lat' dir='ltr'><strong>considerastis</strong></span> <span class='ocrx_word' id='word_1_604' title='bbox 3266 2652 3524 2721; x_wconf 88' lang='lat' dir='ltr'><strong>liquorem</strong></span> <span class='ocrx_word' id='word_1_605' title='bbox 3576 2639 3772 2715; x_wconf 81' lang='lat' dir='ltr'><strong>elfundi</strong></span> <span class='ocrx_word' id='word_1_606' title='bbox 3807 2665 3860 2717; x_wconf 92' lang='lat' dir='ltr'><strong>in</strong></span> <span class='ocrx_word' id='word_1_607' title='bbox 3891 2639 4110 2723; x_wconf 86' lang='lat' dir='ltr'><strong>terram.</strong></span> 
     </span>
    </p>
   </div>
   <div class='ocr_carea' id='block_1_88' title="bbox 2543 2729 4112 2812">
    <p class='ocr_par' dir='ltr' id='par_1_88' title="bbox 2543 2729 4112 2812">
     <span class='ocr_line' id='line_1_88' title="bbox 2543 2729 4112 2812; baseline 0.018 -30"><span class='ocrx_word' id='word_1_608' title='bbox 2543 2729 2667 2784; x_wconf 57' lang='lat' dir='ltr'><strong>Hac</strong></span> <span class='ocrx_word' id='word_1_609' title='bbox 2705 2747 2831 2785; x_wconf 89' lang='lat' dir='ltr'><strong>vero</strong></span> <span class='ocrx_word' id='word_1_610' title='bbox 2854 2750 2942 2788; x_wconf 90' lang='lat' dir='ltr'><strong>res</strong></span> <span class='ocrx_word' id='word_1_611' title='bbox 2998 2738 3180 2792; x_wconf 77' lang='lat' dir='ltr'><strong>multis</strong></span> <span class='ocrx_word' id='word_1_612' title='bbox 3205 2741 3517 2809; x_wconf 83' lang='lat' dir='ltr'><strong>proficiebat</strong></span> <span class='ocrx_word' id='word_1_613' title='bbox 3563 2747 3614 2801; x_wconf 93' lang='lat' dir='ltr'><strong>in</strong></span> <span class='ocrx_word' id='word_1_614' title='bbox 3655 2751 3900 2807; x_wconf 81' lang='lat' dir='ltr'><strong>salutem.</strong></span> <span class='ocrx_word' id='word_1_615' title='bbox 3976 2756 4112 2812; x_wconf 86' lang='lat' dir='ltr'><strong>Nam</strong></span> 
     </span>
    </p>
   </div>
   <div class='ocr_carea' id='block_1_89' title="bbox 2541 2819 4116 2914">
    <p class='ocr_par' dir='ltr' id='par_1_89' title="bbox 2541 2819 4116 2914">
     <span class='ocr_line' id='line_1_89' title="bbox 2541 2819 4116 2914; baseline 0.022 -45"><span class='ocrx_word' id='word_1_616' title='bbox 2541 2819 2780 2885; x_wconf 88' lang='lat' dir='ltr'><strong>plurimi,</strong></span> <span class='ocrx_word' id='word_1_617' title='bbox 2824 2824 3048 2879; x_wconf 79' lang='lat' dir='ltr'><strong>occultis</strong></span> <span class='ocrx_word' id='word_1_618' title='bbox 3072 2826 3347 2885; x_wconf 68' lang='lat' dir='ltr'><strong>diabolica:</strong></span> <span class='ocrx_word' id='word_1_619' title='bbox 3386 2832 3589 2891; x_wconf 88' lang='lat' dir='ltr'><strong>fraudis</strong></span> <span class='ocrx_word' id='word_1_620' title='bbox 3625 2843 3832 2897; x_wconf 89' lang='lat' dir='ltr'><strong>catenis</strong></span> <span class='ocrx_word' id='word_1_621' title='bbox 3862 2845 4116 2914; x_wconf 88' lang='lat' dir='ltr'><strong>absoluti,</strong></span> 
     </span>
    </p>
   </div>
   <div class='ocr_carea' id='block_1_90' title="bbox 2542 2912 4118 2993">
    <p class='ocr_par' dir='ltr' id='par_1_90' title="bbox 2542 2912 4118 2993">
     <span class='ocr_line' id='line_1_90' title="bbox 2542 2912 4118 2993; baseline 0.021 -33"><span class='ocrx_word' id='word_1_622' title='bbox 2542 2912 2886 2978; x_wconf 85' lang='lat' dir='ltr'><strong>auguriorum</strong></span> <span class='ocrx_word' id='word_1_623' title='bbox 2910 2917 3144 2970; x_wconf 86' lang='lat' dir='ltr'><strong>vanitate</strong></span> <span class='ocrx_word' id='word_1_624' title='bbox 3178 2929 3381 2990; x_wconf 91' lang='lat' dir='ltr'><strong>spreta,</strong></span> <span class='ocrx_word' id='word_1_625' title='bbox 3429 2924 3851 2986; x_wconf 89' lang='lat' dir='ltr'><strong>incantationum</strong></span> <span class='ocrx_word' id='word_1_626' title='bbox 3892 2912 4118 2993; x_wconf 33' lang='lat' dir='ltr'><strong>consues</strong></span> 
     </span>
    </p>
   </div>
   <div class='ocr_carea' id='block_1_91' title="bbox 2545 3000 4118 3085">
    <p class='ocr_par' dir='ltr' id='par_1_91' title="bbox 2545 3000 4118 3085">
     <span class='ocr_line' id='line_1_91' title="bbox 2545 3000 4118 3085; baseline 0.02 -33"><span class='ocrx_word' id='word_1_627' title='bbox 2545 3000 2727 3055; x_wconf 86' lang='lat' dir='ltr'><strong>tudine</strong></span> <span class='ocrx_word' id='word_1_628' title='bbox 2784 3004 3006 3070; x_wconf 90' lang='lat' dir='ltr'><strong>relicta,</strong></span> <span class='ocrx_word' id='word_1_629' title='bbox 3083 3012 3147 3063; x_wconf 89' lang='lat' dir='ltr'><strong>ad</strong></span> <span class='ocrx_word' id='word_1_630' title='bbox 3209 3027 3349 3068; x_wconf 67' lang='lat' dir='ltr'><strong>verte</strong></span> <span class='ocrx_word' id='word_1_631' title='bbox 3404 3015 3676 3085; x_wconf 85' lang='lat' dir='ltr'><strong>religionis</strong></span> <span class='ocrx_word' id='word_1_632' title='bbox 3733 3027 4118 3082; x_wconf 86' lang='lat' dir='ltr'><strong>convaluerunt</strong></span> 
     </span>
    </p>
   </div>
   <div class='ocr_carea' id='block_1_92' title="bbox 2543 3180 4115 3276">
    <p class='ocr_par' dir='ltr' id='par_1_92' title="bbox 2543 3180 4115 3276">
     <span class='ocr_line' id='line_1_92' title="bbox 2543 3180 4115 3276; baseline 0.02 -46"><span class='ocrx_word' id='word_1_633' title='bbox 2543 3180 2678 3233; x_wconf 77' lang='lat' dir='ltr'><strong>vina:</strong></span> <span class='ocrx_word' id='word_1_634' title='bbox 2720 3185 2969 3248; x_wconf 74' lang='lat' dir='ltr'><strong>potentia:</strong></span> <span class='ocrx_word' id='word_1_635' title='bbox 3009 3186 3242 3242; x_wconf 83' lang='lat' dir='ltr'><strong>etiicacia</strong></span> <span class='ocrx_word' id='word_1_636' title='bbox 3281 3190 3333 3242; x_wconf 91' lang='lat' dir='ltr'><strong>in</strong></span> <span class='ocrx_word' id='word_1_637' title='bbox 3373 3207 3467 3245; x_wconf 90' lang='lat' dir='ltr'><strong>suo</strong></span> <span class='ocrx_word' id='word_1_638' title='bbox 3514 3194 3710 3251; x_wconf 85' lang='lat' dir='ltr'><strong>famulo</strong></span> <span class='ocrx_word' id='word_1_639' title='bbox 3761 3200 3932 3264; x_wconf 86' lang='lat' dir='ltr'><strong>iacere</strong></span> <span class='ocrx_word' id='word_1_640' title='bbox 3965 3206 4115 3276; x_wconf 83' lang='lat' dir='ltr'><strong>signa</strong></span> 
     </span>
    </p>
   </div>
   <div class='ocr_carea' id='block_1_93' title="bbox 2545 3267 4115 3361">
    <p class='ocr_par' dir='ltr' id='par_1_93' title="bbox 2545 3267 4115 3361">
     <span class='ocr_line' id='line_1_93' title="bbox 2545 3267 4115 3361; baseline 0.023 -42"><span class='ocrx_word' id='word_1_641' title='bbox 2545 3267 2730 3361; x_wconf 62' lang='lat' dir='ltr'><strong>[Doll.,</strong></span> <span class='ocrx_word' id='word_1_642' title='bbox 2754 3271 3047 3327; x_wconf 78' lang='lat' dir='ltr'><strong>efficaciam</strong></span> <span class='ocrx_word' id='word_1_643' title='bbox 3080 3316 3091 3328; x_wconf 93' lang='lat'><strong>.</strong></span> <span class='ocrx_word' id='word_1_644' title='bbox 3128 3316 3141 3328; x_wconf 95' lang='lat'><strong>.</strong></span> <span class='ocrx_word' id='word_1_645' title='bbox 3172 3317 3184 3328; x_wconf 93' lang='lat'><strong>.</strong></span> <span class='ocrx_word' id='word_1_646' title='bbox 3207 3277 3384 3335; x_wconf 86' lang='lat' dir='ltr'><strong>facere</strong></span> <span class='ocrx_word' id='word_1_647' title='bbox 3410 3285 3607 3357; x_wconf 83' lang='lat' dir='ltr'><strong>signa],</strong></span> <span class='ocrx_word' id='word_1_648' title='bbox 3648 3289 3885 3361; x_wconf 88' lang='lat' dir='ltr'><strong>nihilque</strong></span> <span class='ocrx_word' id='word_1_649' title='bbox 3926 3267 4115 3356; x_wconf 71' lang='lat' dir='ltr'><strong>contra</strong></span> 
     </span>
    </p>
   </div>
   <div class='ocr_carea' id='block_1_94' title="bbox 2541 3354 4116 3445">
    <p class='ocr_par' dir='ltr' id='par_1_94' title="bbox 2541 3354 4116 3445">
     <span class='ocr_line' id='line_1_94' title="bbox 2541 3354 4116 3445; baseline 0.024 -37"><span class='ocrx_word' id='word_1_650' title='bbox 2541 3354 2654 3421; x_wconf 88' lang='lat' dir='ltr'><strong>ejus</strong></span> <span class='ocrx_word' id='word_1_651' title='bbox 2681 3362 3020 3416; x_wconf 74' lang='lat' dir='ltr'><strong>sanuitatcm</strong></span> <span class='ocrx_word' id='word_1_652' title='bbox 3069 3368 3272 3437; x_wconf 88' lang='lat' dir='ltr'><strong>antiqui</strong></span> <span class='ocrx_word' id='word_1_653' title='bbox 3302 3378 3565 3441; x_wconf 88' lang='lat' dir='ltr'><strong>serpentis</strong></span> <span class='ocrx_word' id='word_1_654' title='bbox 3631 3381 3814 3437; x_wconf 85' lang='lat' dir='ltr'><strong>valere</strong></span> <span class='ocrx_word' id='word_1_655' title='bbox 3843 3391 4116 3445; x_wconf 89' lang='lat' dir='ltr'><strong>machina-</strong></span> 
     </span>
    </p>
   </div>
   <div class='ocr_carea' id='block_1_95' title="bbox 2544 3454 4109 3541">
    <p class='ocr_par' dir='ltr' id='par_1_95' title="bbox 2544 3454 4109 3541">
     <span class='ocr_line' id='line_1_95' title="bbox 2544 3454 4109 3541; baseline 0.024 -42"><span class='ocrx_word' id='word_1_656' title='bbox 2544 3460 2740 3504; x_wconf 86' lang='lat' dir='ltr'><strong>menta.</strong></span> <span class='ocrx_word' id='word_1_657' title='bbox 2803 3454 2870 3507; x_wconf 87' lang='lat' dir='ltr'><strong>Et</strong></span> <span class='ocrx_word' id='word_1_658' title='bbox 2911 3459 3051 3524; x_wconf 88' lang='lat' dir='ltr'><strong>quod</strong></span> <span class='ocrx_word' id='word_1_659' title='bbox 3082 3460 3166 3512; x_wconf 78' lang='lat' dir='ltr'><strong>ille</strong></span> <span class='ocrx_word' id='word_1_660' title='bbox 3192 3456 3267 3515; x_wconf 31' lang='lat' dir='ltr'><strong>ad.</strong></span> <span class='ocrx_word' id='word_1_661' title='bbox 3289 3467 3640 3532; x_wconf 89' lang='lat' dir='ltr'><strong>perditionem</strong></span> <span class='ocrx_word' id='word_1_662' title='bbox 3680 3489 3961 3541; x_wconf 82' lang='lat' dir='ltr'><strong>paraverat</strong></span> <span class='ocrx_word' id='word_1_663' title='bbox 4009 3475 4109 3535; x_wconf 75' lang='lat' dir='ltr'><strong>a‘li-</strong></span> 
     </span>
    </p>
   </div>
   <div class='ocr_carea' id='block_1_96' title="bbox 2543 3545 4116 3627">
    <p class='ocr_par' dir='ltr' id='par_1_96' title="bbox 2543 3545 4116 3627">
     <span class='ocr_line' id='line_1_96' title="bbox 2543 3545 4116 3627; baseline 0.022 -35"><span class='ocrx_word' id='word_1_664' title='bbox 2543 3556 2793 3609; x_wconf 89' lang='lat' dir='ltr'><strong>quorum,</strong></span> <span class='ocrx_word' id='word_1_665' title='bbox 2820 3545 2919 3598; x_wconf 89' lang='lat' dir='ltr'><strong>hoc</strong></span> <span class='ocrx_word' id='word_1_666' title='bbox 2946 3545 3140 3602; x_wconf 83' lang='lat' dir='ltr'><strong>Christi</strong></span> <span class='ocrx_word' id='word_1_667' title='bbox 3165 3554 3334 3619; x_wconf 84' lang='lat' dir='ltr'><strong>gratia</strong></span> <span class='ocrx_word' id='word_1_668' title='bbox 3355 3557 3420 3608; x_wconf 89' lang='lat' dir='ltr'><strong>ad</strong></span> <span class='ocrx_word' id='word_1_669' title='bbox 3451 3559 4116 3627; x_wconf 76' lang='lat' dir='ltr'><strong>redemptiunemconvcr-</strong></span> 
     </span>
    </p>
   </div>
   <div class='ocr_carea' id='block_1_97' title="bbox 2545 3635 3007 3704">
    <p class='ocr_par' dir='ltr' id='par_1_97' title="bbox 2545 3635 3007 3704">
     <span class='ocr_line' id='line_1_97' title="bbox 2545 3635 3007 3704; baseline 0.011 -19"><span class='ocrx_word' id='word_1_670' title='bbox 2545 3635 2609 3686; x_wconf 88' lang='lat' dir='ltr'><strong>tit</strong></span> <span class='ocrx_word' id='word_1_671' title='bbox 2637 3635 3007 3704; x_wconf 87' lang='lat' dir='ltr'><strong>plurimorum.</strong></span> 
     </span>
    </p>
   </div>
   <div class='ocr_carea' id='block_1_98' title="bbox 3148 3735 3499 3796">
    <p class='ocr_par' dir='ltr' id='par_1_98' title="bbox 3148 3735 3499 3796">
     <span class='ocr_line' id='line_1_98' title="bbox 3148 3735 3499 3796; baseline 0.017 -6"><span class='ocrx_word' id='word_1_672' title='bbox 3148 3735 3372 3795; x_wconf 85' lang='lat' dir='ltr'><strong>CAPUT</strong></span> <span class='ocrx_word' id='word_1_673' title='bbox 3412 3741 3499 3796; x_wconf 79' lang='lat' dir='ltr'><strong>IV.</strong></span> 
     </span>
    </p>
   </div>
   <div class='ocr_carea' id='block_1_99' title="bbox 2861 3819 3790 3904">
    <p class='ocr_par' dir='ltr' id='par_1_99' title="bbox 2861 3819 3790 3904">
     <span class='ocr_line' id='line_1_99' title="bbox 2861 3819 3790 3904; baseline 0.022 -30"><span class='ocrx_word' id='word_1_674' title='bbox 2861 3819 3039 3876; x_wconf 85' lang='lat' dir='ltr'><strong>Sancti</strong></span> <span class='ocrx_word' id='word_1_675' title='bbox 3073 3822 3276 3881; x_wconf 59' lang='lat' dir='ltr'><strong>Vedxsti</strong></span> <span class='ocrx_word' id='word_1_676' title='bbox 3304 3831 3490 3895; x_wconf 85' lang='lat' dir='ltr'><strong>obitus,</strong></span> <span class='ocrx_word' id='word_1_677' title='bbox 3510 3836 3790 3904; x_wconf 74' lang='lat' dir='ltr'><strong>sepultura.</strong></span> 
     </span>
    </p>
   </div>
   <div class='ocr_carea' id='block_1_100' title="bbox 2614 3928 4117 4025">
    <p class='ocr_par' dir='ltr' id='par_1_100' title="bbox 2614 3928 4117 4025">
     <span class='ocr_line' id='line_1_100' title="bbox 2614 3928 4117 4025; baseline 0.025 -44"><span class='ocrx_word' id='word_1_678' title='bbox 2614 3928 2794 4025; x_wconf 61' lang='grc' dir='ltr'><strong>ξίνηι.</strong></span> <span class='ocrx_word' id='word_1_679' title='bbox 3031 3934 3326 4006; x_wconf 77' lang='lat' dir='ltr'><strong>[Bollaml.,</strong></span> <span class='ocrx_word' id='word_1_680' title='bbox 3358 3943 3610 4019; x_wconf 81' lang='lat' dir='ltr'><strong>Rexerat]</strong></span> <span class='ocrx_word' id='word_1_681' title='bbox 3663 3951 3825 4020; x_wconf 80' lang='lat' dir='ltr'><strong>igitur</strong></span> <span class='ocrx_word' id='word_1_682' title='bbox 3858 3959 4117 4025; x_wconf 64' lang='lat' dir='ltr'><strong>praifatus</strong></span> 
     </span>
    </p>
   </div>
   <div class='ocr_carea' id='block_1_101' title="bbox 2547 4017 4115 4110">
    <p class='ocr_par' dir='ltr' id='par_1_101' title="bbox 2547 4017 4115 4110">
     <span class='ocr_line' id='line_1_101' title="bbox 2547 4017 4115 4110; baseline 0.024 -40"><span class='ocrx_word' id='word_1_683' title='bbox 2547 4017 2639 4072; x_wconf 89' lang='lat' dir='ltr'><strong>Dei</strong></span> <span class='ocrx_word' id='word_1_684' title='bbox 2691 4022 2952 4077; x_wconf 86' lang='lat' dir='ltr'><strong>sacerdos</strong></span> <span class='ocrx_word' id='word_1_685' title='bbox 2984 4023 3278 4082; x_wconf 82' lang='lat' dir='ltr'><strong>Eeclesiam</strong></span> <span class='ocrx_word' id='word_1_686' title='bbox 3327 4030 3548 4100; x_wconf 75' lang='lat' dir='ltr'><strong>Christi,</strong></span> <span class='ocrx_word' id='word_1_687' title='bbox 3589 4017 3767 4095; x_wconf 79' lang='lat' dir='ltr'><strong>divina</strong></span> <span class='ocrx_word' id='word_1_688' title='bbox 3820 4017 4115 4110; x_wconf 76' lang='lat' dir='ltr'><strong>auxiliante</strong></span> 
     </span>
    </p>
   </div>
   <div class='ocr_carea' id='block_1_102' title="bbox 2545 4109 4115 4204">
    <p class='ocr_par' dir='ltr' id='par_1_102' title="bbox 2545 4109 4115 4204">
     <span class='ocr_line' id='line_1_102' title="bbox 2545 4109 4115 4204; baseline 0.022 -44"><span class='ocrx_word' id='word_1_689' title='bbox 2545 4109 2737 4177; x_wconf 86' lang='lat' dir='ltr'><strong>gratia,</strong></span> <span class='ocrx_word' id='word_1_690' title='bbox 2761 4113 2915 4165; x_wconf 90' lang='lat' dir='ltr'><strong>annis</strong></span> <span class='ocrx_word' id='word_1_691' title='bbox 2939 4113 3154 4170; x_wconf 87' lang='lat' dir='ltr'><strong>circiter</strong></span> <span class='ocrx_word' id='word_1_692' title='bbox 3172 4119 3525 4188; x_wconf 83' lang='lat' dir='ltr'><strong>quadraginta</strong></span> <span class='ocrx_word' id='word_1_693' title='bbox 3551 4136 3596 4188; x_wconf 75' lang='grc' dir='ltr'><strong>ο,</strong></span> <span class='ocrx_word' id='word_1_694' title='bbox 3620 4131 3720 4183; x_wconf 90' lang='lat' dir='ltr'><strong>sub</strong></span> <span class='ocrx_word' id='word_1_695' title='bbox 3738 4147 3929 4204; x_wconf 87' lang='lat' dir='ltr'><strong>magna</strong></span> <span class='ocrx_word' id='word_1_696' title='bbox 3951 4109 4115 4195; x_wconf 83' lang='lat' dir='ltr'><strong>evan-</strong></span> 
     </span>
    </p>
   </div>
   <div class='ocr_carea' id='block_1_103' title="bbox 2545 4197 4110 4293">
    <p class='ocr_par' dir='ltr' id='par_1_103' title="bbox 2545 4197 4110 4293">
     <span class='ocr_line' id='line_1_103' title="bbox 2545 4197 4110 4293; baseline 0.023 -43"><span class='ocrx_word' id='word_1_697' title='bbox 2545 4197 2661 4253; x_wconf 66' lang='lat' dir='ltr'><strong>licae</strong></span> <span class='ocrx_word' id='word_1_698' title='bbox 2696 4201 3095 4267; x_wconf 62' lang='lat' dir='ltr'><strong>praedicationis</strong></span> <span class='ocrx_word' id='word_1_699' title='bbox 3137 4206 3420 4264; x_wconf 86' lang='lat' dir='ltr'><strong>devotione</strong></span> <span class='ocrx_word' id='word_1_700' title='bbox 3449 4251 3464 4276; x_wconf 95' lang='lat'><strong>,</strong></span> <span class='ocrx_word' id='word_1_701' title='bbox 3512 4214 3613 4268; x_wconf 86' lang='lat' dir='ltr'><strong>sub</strong></span> <span class='ocrx_word' id='word_1_702' title='bbox 3657 4197 3855 4290; x_wconf 76' lang='lat' dir='ltr'><strong>magno</strong></span> <span class='ocrx_word' id='word_1_703' title='bbox 3887 4226 4110 4293; x_wconf 86' lang='lat' dir='ltr'><strong>pietatis</strong></span> 
     </span>
    </p>
   </div>
   <div class='ocr_carea' id='block_1_104' title="bbox 2545 4293 4111 4384">
    <p class='ocr_par' dir='ltr' id='par_1_104' title="bbox 2545 4293 4111 4384">
     <span class='ocr_line' id='line_1_104' title="bbox 2545 4293 4111 4384; baseline 0.022 -46"><span class='ocrx_word' id='word_1_704' title='bbox 2545 4301 2758 4342; x_wconf 90' lang='lat' dir='ltr'><strong>amore:</strong></span> <span class='ocrx_word' id='word_1_705' title='bbox 2793 4304 2858 4343; x_wconf 89' lang='lat' dir='ltr'><strong>ac</strong></span> <span class='ocrx_word' id='word_1_706' title='bbox 2882 4305 2979 4359; x_wconf 88' lang='lat' dir='ltr'><strong>per</strong></span> <span class='ocrx_word' id='word_1_707' title='bbox 3003 4293 3058 4347; x_wconf 91' lang='lat' dir='ltr'><strong>id</strong></span> <span class='ocrx_word' id='word_1_708' title='bbox 3081 4298 3336 4367; x_wconf 91' lang='lat' dir='ltr'><strong>temporis</strong></span> <span class='ocrx_word' id='word_1_709' title='bbox 3393 4302 3787 4364; x_wconf 89' lang='lat' dir='ltr'><strong>multitudinem</strong></span> <span class='ocrx_word' id='word_1_710' title='bbox 3811 4316 3990 4384; x_wconf 91' lang='lat' dir='ltr'><strong>populi</strong></span> <span class='ocrx_word' id='word_1_711' title='bbox 4022 4335 4111 4373; x_wconf 90' lang='lat' dir='ltr'><strong>ca-</strong></span> 
     </span>
    </p>
   </div>
   <div class='ocr_carea' id='block_1_105' title="bbox 2473 4376 4108 4464">
    <p class='ocr_par' dir='ltr' id='par_1_105' title="bbox 2473 4376 4108 4464">
     <span class='ocr_line' id='line_1_105' title="bbox 2473 4376 4108 4464; baseline 0.021 -36"><span class='ocrx_word' id='word_1_712' title='bbox 2473 4406 2521 4464; x_wconf 79' lang='lat' dir='ltr'><strong>.D</strong></span> <span class='ocrx_word' id='word_1_713' title='bbox 2547 4376 2744 4432; x_wconf 86' lang='lat' dir='ltr'><strong>tholico</strong></span> <span class='ocrx_word' id='word_1_714' title='bbox 2774 4380 3021 4451; x_wconf 87' lang='lat' dir='ltr'><strong>dogmate</strong></span> <span class='ocrx_word' id='word_1_715' title='bbox 3045 4385 3112 4439; x_wconf 90' lang='lat' dir='ltr'><strong>ad</strong></span> <span class='ocrx_word' id='word_1_716' title='bbox 3126 4384 3445 4446; x_wconf 65' lang='lat' dir='ltr'><strong>Christianae</strong></span> <span class='ocrx_word' id='word_1_717' title='bbox 3473 4391 3593 4449; x_wconf 87' lang='lat' dir='ltr'><strong>lldei</strong></span> <span class='ocrx_word' id='word_1_718' title='bbox 3623 4376 4108 4462; x_wconf 44' lang='lat' dir='ltr'><strong>convertit-sancti-</strong></span> 
     </span>
    </p>
   </div>
   <div class='ocr_carea' id='block_1_106' title="bbox 2547 4471 4112 4561">
    <p class='ocr_par' dir='ltr' id='par_1_106' title="bbox 2547 4471 4112 4561">
     <span class='ocr_line' id='line_1_106' title="bbox 2547 4471 4112 4561; baseline 0.024 -41"><span class='ocrx_word' id='word_1_719' title='bbox 2547 4475 2728 4523; x_wconf 89' lang='lat' dir='ltr'><strong>tatem.</strong></span> <span class='ocrx_word' id='word_1_720' title='bbox 2778 4471 2985 4528; x_wconf 87' lang='lat' dir='ltr'><strong>Claruit</strong></span> <span class='ocrx_word' id='word_1_721' title='bbox 3014 4477 3211 4548; x_wconf 84' lang='lat' dir='ltr'><strong>ubique</strong></span> <span class='ocrx_word' id='word_1_722' title='bbox 3231 4479 3424 4538; x_wconf 75' lang='lat' dir='ltr'><strong>divinae</strong></span> <span class='ocrx_word' id='word_1_723' title='bbox 3451 4489 3685 4556; x_wconf 89' lang='lat' dir='ltr'><strong>cognitio</strong></span> <span class='ocrx_word' id='word_1_724' title='bbox 3705 4491 3858 4561; x_wconf 74' lang='lat' dir='ltr'><strong>legis,</strong></span> <span class='ocrx_word' id='word_1_725' title='bbox 3883 4501 4112 4556; x_wconf 86' lang='lat' dir='ltr'><strong>sanctis-</strong></span> 
     </span>
    </p>
   </div>
   <div class='ocr_carea' id='block_1_107' title="bbox 2545 4558 4117 4660">
    <p class='ocr_par' dir='ltr' id='par_1_107' title="bbox 2545 4558 4117 4660">
     <span class='ocr_line' id='line_1_107' title="bbox 2545 4558 4117 4660; baseline 0.025 -49"><span class='ocrx_word' id='word_1_726' title='bbox 2545 4558 2740 4614; x_wconf 88' lang='lat' dir='ltr'><strong>simum</strong></span> <span class='ocrx_word' id='word_1_727' title='bbox 2763 4561 2962 4620; x_wconf 87' lang='lat' dir='ltr'><strong>Christi</strong></span> <span class='ocrx_word' id='word_1_728' title='bbox 2989 4583 3182 4623; x_wconf 85' lang='lat' dir='ltr'><strong>nomen</strong></span> <span class='ocrx_word' id='word_1_729' title='bbox 3211 4582 3526 4633; x_wconf 89' lang='lat' dir='ltr'><strong>cunctorum</strong></span> <span class='ocrx_word' id='word_1_730' title='bbox 3556 4558 3873 4643; x_wconf 74' lang='lat' dir='ltr'><strong>audiebatur</strong></span> <span class='ocrx_word' id='word_1_731' title='bbox 3900 4591 3952 4644; x_wconf 91' lang='lat' dir='ltr'><strong>in</strong></span> <span class='ocrx_word' id='word_1_732' title='bbox 3989 4608 4117 4660; x_wconf 67' lang='lat' dir='ltr'><strong>ore,</strong></span> 
     </span>
    </p>
   </div>
   <div class='ocr_carea' id='block_1_108' title="bbox 2545 4649 4110 4743">
    <p class='ocr_par' dir='ltr' id='par_1_108' title="bbox 2545 4649 4110 4743">
     <span class='ocr_line' id='line_1_108' title="bbox 2545 4649 4110 4743; baseline 0.025 -42"><span class='ocrx_word' id='word_1_733' title='bbox 2545 4649 2724 4704; x_wconf 85' lang='lat' dir='ltr'><strong>tloruit</strong></span> <span class='ocrx_word' id='word_1_734' title='bbox 2757 4653 2811 4706; x_wconf 87' lang='lat' dir='ltr'><strong>In</strong></span> <span class='ocrx_word' id='word_1_735' title='bbox 2841 4656 3078 4712; x_wconf 90' lang='lat' dir='ltr'><strong>moribus</strong></span> <span class='ocrx_word' id='word_1_736' title='bbox 3099 4661 3413 4718; x_wconf 57' lang='lat' dir='ltr'><strong>castissima:</strong></span> <span class='ocrx_word' id='word_1_737' title='bbox 3426 4667 3548 4724; x_wconf 70' lang='lat' dir='ltr'><strong>vita:</strong></span> <span class='ocrx_word' id='word_1_738' title='bbox 3588 4672 3858 4743; x_wconf 85' lang='lat' dir='ltr'><strong>honestas,</strong></span> <span class='ocrx_word' id='word_1_739' title='bbox 3885 4649 4110 4740; x_wconf 74' lang='lat' dir='ltr'><strong>ardebat</strong></span> 
     </span>
    </p>
   </div>
   <div class='ocr_carea' id='block_1_109' title="bbox 2546 4742 4107 4842">
    <p class='ocr_par' dir='ltr' id='par_1_109' title="bbox 2546 4742 4107 4842">
     <span class='ocr_line' id='line_1_109' title="bbox 2546 4742 4107 4842; baseline 0.022 -47"><span class='ocrx_word' id='word_1_740' title='bbox 2546 4742 2599 4795; x_wconf 91' lang='lat' dir='ltr'><strong>in</strong></span> <span class='ocrx_word' id='word_1_741' title='bbox 2626 4744 2933 4811; x_wconf 89' lang='lat' dir='ltr'><strong>pectoribus</strong></span> <span class='ocrx_word' id='word_1_742' title='bbox 2945 4748 3272 4818; x_wconf 87' lang='lat' dir='ltr'><strong>singulorum</strong></span> <span class='ocrx_word' id='word_1_743' title='bbox 3302 4756 3704 4828; x_wconf 77' lang='lat' dir='ltr'><strong>l700&lt;elestis</strong></span> <span class='ocrx_word' id='word_1_744' title='bbox 3720 4742 3908 4836; x_wconf 76' lang='lat' dir='ltr'><strong>patria:</strong></span> <span class='ocrx_word' id='word_1_745' title='bbox 3921 4787 4107 4842; x_wconf 68' lang='lat' dir='ltr'><strong>amor,</strong></span> 
     </span>
    </p>
   </div>
   <div class='ocr_carea' id='block_1_110' title="bbox 2544 4834 4104 4931">
    <p class='ocr_par' dir='ltr' id='par_1_110' title="bbox 2544 4834 4104 4931">
     <span class='ocr_line' id='line_1_110' title="bbox 2544 4834 4104 4931; baseline 0.022 -45"><span class='ocrx_word' id='word_1_746' title='bbox 2544 4834 2770 4903; x_wconf 84' lang='lat' dir='ltr'><strong>populus</strong></span> <span class='ocrx_word' id='word_1_747' title='bbox 2819 4839 3032 4890; x_wconf 90' lang='lat' dir='ltr'><strong>statutis</strong></span> <span class='ocrx_word' id='word_1_748' title='bbox 3066 4838 3254 4896; x_wconf 90' lang='lat' dir='ltr'><strong>diebus</strong></span> <span class='ocrx_word' id='word_1_749' title='bbox 3297 4845 3362 4898; x_wconf 90' lang='lat' dir='ltr'><strong>ad</strong></span> <span class='ocrx_word' id='word_1_750' title='bbox 3402 4850 3681 4908; x_wconf 89' lang='lat' dir='ltr'><strong>ecclesiam</strong></span> <span class='ocrx_word' id='word_1_751' title='bbox 3721 4834 4104 4931; x_wconf 68' lang='lat' dir='ltr'><strong>concurrebat,</strong></span> 
     </span>
    </p>
   </div>
   <div class='ocr_carea' id='block_1_111' title="bbox 2546 4922 4108 5021">
    <p class='ocr_par' dir='ltr' id='par_1_111' title="bbox 2546 4922 4108 5021">
     <span class='ocr_line' id='line_1_111' title="bbox 2546 4922 4108 5021; baseline 0.024 -47"><span class='ocrx_word' id='word_1_752' title='bbox 2546 4922 2678 4978; x_wconf 86' lang='lat' dir='ltr'><strong>festa</strong></span> <span class='ocrx_word' id='word_1_753' title='bbox 2707 4941 2826 4980; x_wconf 91' lang='lat' dir='ltr'><strong>cum</strong></span> <span class='ocrx_word' id='word_1_754' title='bbox 2859 4942 3054 4996; x_wconf 88' lang='lat' dir='ltr'><strong>magno</strong></span> <span class='ocrx_word' id='word_1_755' title='bbox 3077 4931 3272 4998; x_wconf 77' lang='lat' dir='ltr'><strong>gaudio</strong></span> <span class='ocrx_word' id='word_1_756' title='bbox 3316 4941 3484 4994; x_wconf 87' lang='lat' dir='ltr'><strong>nostri</strong></span> <span class='ocrx_word' id='word_1_757' title='bbox 3512 4941 3805 5002; x_wconf 87' lang='lat' dir='ltr'><strong>Salvatoris</strong></span> <span class='ocrx_word' id='word_1_758' title='bbox 3850 4922 4108 5021; x_wconf 55' lang='lat' dir='ltr'><strong>opportu;</strong></span> 
     </span>
    </p>
   </div>
   <div class='ocr_carea' id='block_1_112' title="bbox 2545 5015 4102 5104">
    <p class='ocr_par' dir='ltr' id='par_1_112' title="bbox 2545 5015 4102 5104">
     <span class='ocr_line' id='line_1_112' title="bbox 2545 5015 4102 5104; baseline 0.022 -37"><span class='ocrx_word' id='word_1_759' title='bbox 2545 5015 2628 5069; x_wconf 92' lang='lat' dir='ltr'><strong>nis</strong></span> <span class='ocrx_word' id='word_1_760' title='bbox 2670 5016 3080 5074; x_wconf 86' lang='lat' dir='ltr'><strong>celebrabantur</strong></span> <span class='ocrx_word' id='word_1_761' title='bbox 3101 5021 3309 5091; x_wconf 81' lang='lat' dir='ltr'><strong>diebus,</strong></span> <span class='ocrx_word' id='word_1_762' title='bbox 3356 5030 3704 5104; x_wconf 73' lang='lat' dir='ltr'><strong>eleemosynte</strong></span> <span class='ocrx_word' id='word_1_763' title='bbox 3739 5015 4102 5103; x_wconf 49' lang='lat' dir='ltr'><strong>circa-domos</strong></span> 
     </span>
    </p>
   </div>
   <div class='ocr_carea' id='block_1_113' title="bbox 2545 5104 4103 5192">
    <p class='ocr_par' dir='ltr' id='par_1_113' title="bbox 2545 5104 4103 5192">
     <span class='ocr_line' id='line_1_113' title="bbox 2545 5104 4103 5192; baseline 0.023 -37"><span class='ocrx_word' id='word_1_764' title='bbox 2545 5104 2812 5159; x_wconf 88' lang='lat' dir='ltr'><strong>uberrime</strong></span> <span class='ocrx_word' id='word_1_765' title='bbox 2845 5109 3170 5175; x_wconf 87' lang='lat' dir='ltr'><strong>pauperibus</strong></span> <span class='ocrx_word' id='word_1_766' title='bbox 3213 5115 3663 5186; x_wconf 86' lang='lat' dir='ltr'><strong>dispertiebantur</strong></span> <span class='ocrx_word' id='word_1_767' title='bbox 3685 5162 3700 5188; x_wconf 86' lang='lat'><strong>,</strong></span> <span class='ocrx_word' id='word_1_768' title='bbox 3742 5129 3960 5186; x_wconf 90' lang='lat' dir='ltr'><strong>verbum</strong></span> <span class='ocrx_word' id='word_1_769' title='bbox 4007 5136 4103 5192; x_wconf 88' lang='lat' dir='ltr'><strong>Dei</strong></span> 
     </span>
    </p>
   </div>
   <div class='ocr_carea' id='block_1_114' title="bbox 2544 5196 4106 5296">
    <p class='ocr_par' dir='ltr' id='par_1_114' title="bbox 2544 5196 4106 5296">
     <span class='ocr_line' id='line_1_114' title="bbox 2544 5196 4106 5296; baseline 0.022 -49"><span class='ocrx_word' id='word_1_770' title='bbox 2544 5196 2779 5264; x_wconf 88' lang='lat' dir='ltr'><strong>quotidie</strong></span> <span class='ocrx_word' id='word_1_771' title='bbox 2803 5212 2899 5267; x_wconf 91' lang='lat' dir='ltr'><strong>per</strong></span> <span class='ocrx_word' id='word_1_772' title='bbox 2914 5198 3027 5255; x_wconf 92' lang='lat' dir='ltr'><strong>loca</strong></span> <span class='ocrx_word' id='word_1_773' title='bbox 3051 5203 3255 5276; x_wconf 85' lang='lat' dir='ltr'><strong>singula</strong></span> <span class='ocrx_word' id='word_1_774' title='bbox 3281 5210 3491 5279; x_wconf 88' lang='lat' dir='ltr'><strong>populis</strong></span> <span class='ocrx_word' id='word_1_775' title='bbox 3511 5215 3918 5289; x_wconf 68' lang='lat' dir='ltr'><strong>praedicabatur,</strong></span> <span class='ocrx_word' id='word_1_776' title='bbox 3952 5226 4106 5296; x_wconf 84' lang='lat' dir='ltr'><strong>hym-</strong></span> 
     </span>
    </p>
   </div>
   <div class='ocr_carea' id='block_1_115' title="bbox 2543 5347 4106 5438">
    <p class='ocr_par' dir='ltr' id='par_1_115' title="bbox 2543 5347 4106 5438">
     <span class='ocr_line' id='line_1_115' title="bbox 2543 5347 4106 5438; baseline 0.027 -44"><span class='ocrx_word' id='word_1_777' title='bbox 2543 5361 2646 5438; x_wconf 49' lang='grc' dir='ltr'><strong>(ξμς</strong></span> <span class='ocrx_word' id='word_1_778' title='bbox 2667 5347 3053 5438; x_wconf 55' lang='lat' dir='ltr'><strong>pocilla‘gentili</strong></span> <span class='ocrx_word' id='word_1_779' title='bbox 3077 5359 3451 5438; x_wconf 67' lang='lat' dir='ltr'><strong>superstitione</strong></span> <span class='ocrx_word' id='word_1_780' title='bbox 3471 5374 3678 5421; x_wconf 83' lang='lat' dir='ltr'><strong>sacrata</strong></span> <span class='ocrx_word' id='word_1_781' title='bbox 3695 5367 3881 5438; x_wconf 87' lang='lat' dir='ltr'><strong>fuisse,</strong></span> <span class='ocrx_word' id='word_1_782' title='bbox 3905 5375 4106 5436; x_wconf 89' lang='lat' dir='ltr'><strong>indicat</strong></span> 
     </span>
    </p>
   </div>
   <div class='ocr_carea' id='block_1_116' title="bbox 2543 5418 3437 5486">
    <p class='ocr_par' dir='ltr' id='par_1_116' title="bbox 2543 5418 3437 5486">
     <span class='ocr_line' id='line_1_116' title="bbox 2543 5418 3437 5486; baseline 0.016 -15"><span class='ocrx_word' id='word_1_783' title='bbox 2543 5418 2646 5472; x_wconf 87' lang='lat' dir='ltr'><strong>alia</strong></span> <span class='ocrx_word' id='word_1_784' title='bbox 2675 5418 2824 5486; x_wconf 82' lang='lat' dir='ltr'><strong>priOr</strong></span> <span class='ocrx_word' id='word_1_785' title='bbox 2853 5418 2971 5473; x_wconf 83' lang='lat' dir='ltr'><strong>Vita</strong></span> <span class='ocrx_word' id='word_1_786' title='bbox 2997 5421 3053 5476; x_wconf 90' lang='lat' dir='ltr'><strong>S.</strong></span> <span class='ocrx_word' id='word_1_787' title='bbox 3089 5418 3323 5482; x_wconf 79' lang='lat' dir='ltr'><strong>Védasti.</strong></span> <span class='ocrx_word' id='word_1_788' title='bbox 3363 5429 3437 5484; x_wconf 85' lang='lat' dir='ltr'><strong>lo.</strong></span> 
     </span>
    </p>
   </div>
   <div class='ocr_carea' id='block_1_117' title="bbox 2615 5485 4123 5578">
    <p class='ocr_par' dir='ltr' id='par_1_117' title="bbox 2615 5485 4123 5578">
     <span class='ocr_line' id='line_1_117' title="bbox 2615 5485 4123 5578; baseline 0.029 -46"><span class='ocrx_word' id='word_1_789' title='bbox 2615 5498 2638 5578; x_wconf 58' lang='lat' dir='ltr'><strong>Ic</strong></span> <span class='ocrx_word' id='word_1_790' title='bbox 2665 5485 2854 5578; x_wconf 38' lang='lat' dir='ltr'><strong>annis“</strong></span> <span class='ocrx_word' id='word_1_791' title='bbox 2875 5489 3200 5578; x_wconf 48' lang='lat' dir='ltr'><strong>circiterﬂto.</strong></span> <span class='ocrx_word' id='word_1_792' title='bbox 3249 5498 3329 5551; x_wconf 85' lang='lat' dir='ltr'><strong>Ab</strong></span> <span class='ocrx_word' id='word_1_793' title='bbox 3344 5514 3491 5578; x_wconf 82' lang='lat' dir='ltr'><strong>anno</strong></span> <span class='ocrx_word' id='word_1_794' title='bbox 3517 5504 3731 5578; x_wconf 79' lang='lat' dir='ltr'><strong>circiter</strong></span> <span class='ocrx_word' id='word_1_795' title='bbox 3757 5509 3861 5565; x_wconf 81' lang='lat'><strong>500</strong></span> <span class='ocrx_word' id='word_1_796' title='bbox 3885 5516 3952 5570; x_wconf 89' lang='lat' dir='ltr'><strong>ad</strong></span> <span class='ocrx_word' id='word_1_797' title='bbox 3997 5516 4123 5578; x_wconf 64' lang='lat'><strong>540:</strong></span> 
     </span>
    </p>
   </div>
   <div class='ocr_carea' id='block_1_118' title="bbox 2540 5555 3736 5647">
    <p class='ocr_par' dir='ltr' id='par_1_118' title="bbox 2540 5555 3736 5647">
     <span class='ocr_line' id='line_1_118' title="bbox 2540 5555 3736 5647; baseline 0.018 -39"><span class='ocrx_word' id='word_1_798' title='bbox 2540 5557 2649 5611; x_wconf 92' lang='lat' dir='ltr'><strong>vid.</strong></span> <span class='ocrx_word' id='word_1_799' title='bbox 2677 5555 2961 5612; x_wconf 87' lang='lat' dir='ltr'><strong>Bollandus</strong></span> <span class='ocrx_word' id='word_1_800' title='bbox 2999 5561 3052 5614; x_wconf 90' lang='lat' dir='ltr'><strong>in</strong></span> <span class='ocrx_word' id='word_1_801' title='bbox 3079 5562 3374 5620; x_wconf 85' lang='lat' dir='ltr'><strong>Comment.</strong></span> <span class='ocrx_word' id='word_1_802' title='bbox 3408 5555 3736 5647; x_wconf 43' lang='grc' dir='ltr'><strong>ρι’-.ηίίξίξξ.</strong></span> 
     </span>
    </p>
   </div>
  </div>
