4262 6190
598 299 703 366 ῧἿΩ

1415 304 1474 363 Β.
1515 308 1576 365 F.
1615 303 1837 366 ALBlNl
1874 308 2004 367 SEU
2043 304 2317 366 ALCUINI
2355 307 2633 368 OPERUM
2669 308 2845 368 PARS
2882 308 2947 367 ν.

3689 320 3791 376 680

598 440 809 494 morum
863 424 1141 480 nobilitate
1204 422 1487 479 imitemur.
1538 419 1863 493 Abjiciamus
1909 440 1939 478 a
1985 424 2139 478 nobis
2166 425 2214 483 A
2240 423 2303 476 ab
2327 434 2500 476 errore
2528 424 2625 476 via:
2668 440 2811 490 sum,
2854 428 3115 495 cooperuit
3142 428 3523 485 multitudinem
3560 446 3795 503 peceato-

596 523 761 589 ope‘ra
788 518 1146 583 tenebrarum,
1178 524 1231 569 et
1266 515 1547 570 induamus
1574 529 1670 569 nos
1696 529 1843 569 arma
1887 515 2041 579 lucis,
2072 515 2145 568 si-

600 592 773 664 cutriu
795 608 882 664 die
901 608 1122 662 honeste
1147 607 1476 662 ambulemus
1512 623 1525 660 :
1550 605 1672 675 quia
1706 620 1810 659 nox
1834 605 2145 675 ignorantia:

601 699 846 764 recessit,
878 706 933 753 et
974 713 1112 752 veras
1158 697 1395 751 scientia:
1449 697 1602 751 nobis
1639 696 1816 750 lumen
1864 697 2054 759 illuxit,
2086 703 2147 748 ut

602 789 697 867 ﬁlii
742 785 877 842 lucis
905 787 957 840 in
984 787 1125 841 omni
1172 784 1427 840 castitate
1467 792 1521 840 et
1565 786 1763 854 pietate
1794 770 2142 864 ambulemus.

600 878 717 933 Non
746 879 855 932 sint
894 877 1114 946 alicujus
1165 876 1413 945 nequitia:
1456 875 1541 929 vel
1580 873 1796 929 malitiae
1843 874 2052 929 occulta
2094 874 2147 927 in

603 968 853 1023 cordibus
877 966 1074 1019 nostris
1094 955 1294 1019 semin'a
1327 982 1339 1016 :
1366 964 1489 1032 q‘uia
1512 964 1671 1018 homo
1690 962 1834 1016 videt
1861 962 1915 1014 in
1926 960 2146 1026 faciem,

604 1056 744 1111 Deus
793 1063 968 1109 autem
1021 1056 1180 1109 corda
1229 1046 1568 1117 considerat,
1625 1066 1725 1107 nec
1773 1052 1971 1120 aliquid
2010 1051 2149 1106 illius

602 1144 997 1214 omnipotentiae
1044 1143 1214 1197 oculis
1262 1127 1519 1196 occultari
1546 1149 1737 1211 potest.
1781 1140 2151 1209 Przeparemus

600 1252 697 1292 nos
726 1238 777 1290 in
805 1236 947 1308 omni
972 1214 1237 1298 bonitate,
1287 1233 1661 1301 utpraeclarus
1687 1232 1926 1301 pontifex
1950 1240 2005 1287 et
2032 1234 2151 1302 pius

599 1324 917 1394 praedicator
940 1330 1119 1375 noster
1142 1322 1401 1377 Vedastus
1438 1322 1672 1388 gaudens
1697 1336 1794 1375 nos
1834 1330 1955 1376 ante
1983 1323 2153 1376 tribu-

602 1412 688 1465 nal
718 1412 910 1465 summi
934 1409 1129 1476 iudicis
1158 1409 1210 1462 in
1239 1409 1325 1462 die
1353 1408 1538 1461 ultimo
1566 1408 1809 1473 deducat,
1840 1408 1993 1477 173
2023 1423 2155 1478 qua-

605 1509 762 1554 tenus
792 1516 858 1554 ex
880 1499 1264 1553 numerositate
1283 1498 1506 1552 ﬁliorum
1526 1497 1665 1552 illius
1685 1498 2016 1552 cumulemur
2042 1499 2163 1567 glo—'

2243 527 2349 565 rem
2374 528 2582 567 suorum
2611 514 2750 584 (Jac.
2773 532 2828 580 v,
2853 517 2963 585 20).
2993 516 3143 572 Scire
3190 519 3466 586 debemus,
3495 522 3795 581 charissimi

2242 599 2459 668 fratres,
2482 605 2621 671 quod
2648 616 2876 674 quantas
2897 607 3105 662 animas
3124 610 3346 676 quisque
3370 612 3606 669 lucratus
3634 615 3797 672 fuerit

2244 690 2373 756 Deo,
2404 700 2581 747 tantas
2607 706 2922 765 accepturus
2967 701 3071 753 erit
3099 702 3369 758 mercedes
3394 719 3424 758 a
3445 702 3574 761 Deo.
3625 707 3798 775 Quan-

2246 786 2355 833 tam
2384 781 2606 851 gloriam
2652 783 2848 840 habere
2874 788 3073 856 putatis
3117 800 3358 853 sanctum
3407 795 3694 852 Vedastum
3742 799 3797 853 in

2246 870 2454 925 cmlesti
2481 887 2643 941 regno
2663 888 2784 927 cum
2818 874 3055 943 Christo,
3089 880 3179 948 qui
3216 887 3325 936 tam
3355 883 3798 942 innumerabilem

2246 962 2497 1029 populum
2521 963 2697 1031 sedula
2719 967 3093 1035 praedicatione
3116 971 3332 1027 Christo
3360 974 3416 1028 in
3440 976 3602 1030 terris
3623 978 3801 1046 acqui-

2249 1049 2409 1103 sivit?
2425 1051 2517 1105 νει
2540 1061 2737 1120 quanta
2762 1055 2833 1108 sit
2856 1056 3018 1127 gloria
3043 1059 3233 1115 animae
3249 1060 3390 1118 illius
3411 1064 3640 1132 speratis
3661 1066 3800 1121 inter

2250 1140 2487 1207 angelos,
2518 1141 2639 1195 dum
2669 1150 2874 1198 tantum
2904 1147 3159 1203 hononem
3202 1151 3364 1206 habet
3409 1166 3605 1223 corpus
3656 1155 3799 1212 illius

2250 1228 2395 1283 inter
2413 1228 2690 1287 homines?
2717 1235 2808 1289 Vel
2835 1237 2963 1305 quid
2980 1240 3291 1309 nonpotest
3313 1244 3532 1313 pictatis
3551 1246 3800 1315 precibus

2254 1319 2542 1387 impetrare
2569 1323 2622 1375 in
2645 1324 2817 1390 caelis,
2845 1328 2934 1394 qui
2970 1331 3135 1383 tantis
3177 1332 3231 1385 in
3261 1334 3458 1389 mundo
3493 1335 3686 1390 claruit
3708 1338 3803 1392 mi.

2253 1404 2479 1463 raculis?
2505 1409 2608 1465 Sed
2629 1414 2874 1469 omnibus
2894 1418 3161 1475 miraculis
3186 1422 3356 1491 major
3381 1430 3464 1479 est
3485 1428 3801 1497 evangelicae

2252 1499 2641 1564 prmdicationis
2668 1504 2947 1571 instantia,
2964 1517 3017 1562 et
3041 1519 3238 1565 sanctae
3264 1512 3545 1569 eharitatis
3566 1517 3620 1571 in
3644 1519 3803 1574 corde

602 1589 700 1652 ria,
734 1596 787 1641 et
818 1602 913 1640 nos
937 1602 1057 1641 cum
1079 1587 1168 1640 illo
1197 1585 1599 1641 desiderabilem
1641 1586 1825 1641 audire
1851 1600 2156 1640 mereamur
2255 1586 2566 1659 ll‘agrantia.
2600 1593 2763 1649 Valde
2801 1599 2940 1651 enim
2984 1601 3213 1657 viriliter
3260 1614 3478 1675 accepta
3514 1606 3805 1666 Dominicre

602 1682 917 1736 sententiam
958 1699 971 1735 :
1014 1680 1207 1742 Venite,
1238 1680 1489 1737 benedicti
1528 1675 1708 1733 Patris
1750 1681 1883 1742 mei,
1913 1679 2155 1749 percipite
2188 1750 2224 1760 _
2254 1680 2491 1745 pecunize
2520 1682 2715 1736 talenta
2761 1687 3113 1755 multiplicare
3141 1695 3372 1760 studuit;
3413 1698 3531 1753 ideo
3576 1698 3803 1757 feliciter

602 1786 813 1840 regnum
840 1811 854 1835 ,
902 1771 1039 1840 quod
1074 1770 1211 1823 vobis
1243 1778 1484 1837 paratum
1525 1778 1599 1821 est
1628 1770 1691 1822 ab
1742 1770 2151 1836 origine‘mundi
2184 1750 2227 1807 Β
2257 1768 2356 1821 sibi
2383 1769 2661 1824 Dominum
2690 1775 2868 1829 audiet
2896 1750 3157 1834 dicentem
3186 1800 3199 1835 :
3232 1750 3378 1854 Euge
3411 1750 3551 1841 serue
3854 1808 3859 1814 ’

600 1857 815 1926 (Matth.
839 1876 964 1923 xxv,
988 1860 1099 1930 5i).
1121 1854 1212 1912 ille
1239 1860 1304 1914 de
1328 1858 1528 1913 caelesti
1569 1859 1741 1926 patria
1765 1859 1867 1928 piis
1898 1858 2154 1913 orationi-

603 1948 702 2002 bus
728 1956 966 2003 nostrum
988 1948 1223 2017 quotidie
1250 1961 1470 2016 agonem
1492 1946 1742 2015 adjuvare
1787 1962 1891 2001 non
1921 1948 2150 2012 desiStit,

603 2039 909 2094 desiderans
920 2055 1017 2092 nos
1034 2036 1114 2109 [Μ
1118 2056 1185 2101 s.,
1208 2035 1759 2101 Vedast.,desiderans
1788 2034 1933 2106 suos]
1952 2037 2153 2090 charis-

601 2128 769 2182 simos
795 2124 951 2190 ﬁlios,
968 2142 1099 2195 quos
1114 2133 1333 2196 paterna
1356 2126 1553 2194 pietate
1573 2124 1756 2194 genuit
1771 2125 1823 2177 in
1839 2122 2070 2187 Christo,
2089 2123 2157 2176 ad

604 2202 826 2285 gloriam
872 2224 1140 2283 perpetua:
1182 2215 1364 2289 venire
1409 2213 1772 2267 beatitudinis.
1805 2206 2185 2281 Quapropter,-

602 2304 908 2361 charissimi
930 2304 1145 2366 fratres,
1172 2302 1536 2371 unusquisqde
1560 2302 1611 2355 in
1638 2316 1735 2356 suo
1762 2301 1944 2364 ordine
1966 2315 2155 2355 secun-

605 2394 728 2448 dum
764 2393 954 2446 virium
1007 2391 1333 2454 facultatem,
1385 2391 1595 2445 iortiter
1628 2390 1903 2444 diabolicis
1945 2391 2157 2444 resistat

592 2482 1052 2557 puggestionibus,
1084 2490 1141 2534 ut
1182 2489 1431 2533 aeternam
1458 2480 1710 2547 triumphi
1756 2493 2007 2531 coronam
2034 2492 2155 2531 eum

606 2572 696 2640 pio
723 2577 942 2639 parente
970 2578 1153 2622 nostro
1196 2570 1438 2636 accipere
1480 2568 1672 2637 dignus
1717 2566 1994 2621 efﬁciatur.
2036 2566 2158 2619 Non

605 2671 724 2714 sunt
741 2640 874 2713 enim
904 2659 1190 2729 condignis,
1213 2667 1272 2712 ut
1296 2660 1373 2713 ait
1389 2658 1691 2729 Apostolus,
1714 2658 1975 2727 passiones
2002 2658 2158 2726 hujus

604 2750 849 2817 temporis
877 2748 944 2800 ad
987 2758 1403 2817 superventurum
1433 2746 1672 2816 gloriam,
1698 2761 1812 2815 qua:
1854 2746 2159 2800 revelabitur

606 2840 661 2892 in
708 2840 850 2892 nobis
898 2837 1071 2908 (Rom.
1100 2854 1219 2896 vtu.
1270 2837 1376 2905 l8).
1409 2838 1573 2907 igitur
1598 2836 1760 2891 breve
1787 2835 1982 2890 laboris
2022 2844 2157 2891 tem-

606 2944 706 3001 pus
726 2928 901 2982 divina
924 2927 1077 2980 nobis
1122 2927 1283 2979 voluit
1308 2941 1426 2979 esse
1459 2928 1649 2995 pietas,
1676 2932 1729 2979 et
1757 2926 1942 2994 agonis
1984 2926 2156 2981 nostri

614 3019 1017 3073 retributionem
1041 3032 1157 3071 esse
1187 3026 1514 3085 perpetuam,
1542 3024 1594 3070 et
1620 3029 1716 3085 pro
1753 3017 2029 3084 temporali
2060 3018 2158 3072 tri-

610 3109 912 3172 bulatione,
954 3108 1313 3177 permanentis
1355 3108 1533 3176 gloriae
1558 3106 1803 3161 mercede
1834 3108 2083 3175 gaudere.

675 3199 739 3253 ll.
778 3198 1089 3251 Audivimus
1114 3197 1312 3265 itaque,
1347 3211 1466 3249 cum
1508 3196 1615 3248 Deo
1644 3195 1824 3249 dilecti
1867 3197 2160 3254 sacerdotis

611 3285 732 3339 Vita
758 3285 1045 3355 legeretur,
1070 3293 1322 3353 quantam
1353 3286 1404 3337 in
1428 3286 1571 3340 omni
1604 3276 1844 3341 bonitate
1869 3286 2053 3341 habuit
2078 3290 2164 3344 de-

610 3375 875 3429 votionem
903 3413 917 3435 ,
979 3372 1241 3439 quomodo
1268 3386 1365 3439 per
1396 3372 1729 3425 abstinentia:
1750 3374 1979 3441 rigorem
2008 3390 2161 3428 suum

608 3461 889 3530 castigavit
914 3475 1127 3529 corpus,
1156 3458 1382 3528 qualiter
1429 3474 1527 3528 per
1553 3460 1831 3515 cbaritatis
1857 3460 2027 3515 ofﬁcia
2053 3477 2164 3516 om-

611 3554 765 3606 nibus
790 3552 1041 3621 prodesse
1071 3551 1365 3607 contendit.
1398 3550 1707 3606 incedamus
1732 3567 1851 3606 cum
1877 3553 2022 3607 omni
2062 3553 2166 3607 ala-

609 3643 803 3696 critate
838 3644 1052 3705 mentis,
1096 3650 1150 3695 et
1195 3649 1310 3697 tota
1350 3641 1543 3695 virium
1578 3640 1830 3697 facultate
1867 3642 2007 3696 illius
2042 3644 2163 3697 vitae

610 3732 854 3801 vestigia,
883 3739 941 3783 ut
964 3719 1332 3794 beatitudinis,
1356 3731 1411 3784 in
1439 3746 1542 3799 qua
1574 3739 1759 3802 regnat
1783 3748 1902 3787 cum
1924 3732 2161 3797 Christo,

609 3827 884 3877 consortes
912 3819 1050 3873 silici
1081 3832 1397 3895 mereamur.
1438 3818 1589 3873 Nulla
1641 3820 1871 3873 carnalis
1922 3821 2166 3888 concupi-

612 3913 836 3974 scentia,
867 3910 1008 3964 nulla
1071 3909 1344 3964 saecularis
1378 3910 1621 3973 ambitio,
1657 3910 1911 3978 impediat
1937 3911 2044 3965 iter
2078 3927 2165 3966 no-

613 4008 802 4053 strum.
832 3997 1119 4055 Curramus
1143 4012 1239 4066 per
1273 4011 1434 4067 opera
1460 3998 1674 4067 pietatis
1704 4000 1769 4052 ad
1798 3999 2035 4054 caelestis
2080 3998 2176 4071 pa?

616 4089 731 4142 tria:
759 4095 963 4158 portas.
990 4087 1312 4155 Exspectant
1355 4102 1451 4142 nos
1479 4088 1622 4141 cives
1649 4094 1863 4141 aeterna:
1891 4090 2130 4145 civitatis
2147 4132 2161 4154 ,

614 4185 670 4233 et
724 4193 819 4232 rex
855 4176 989 4245 ipse,
1020 4176 1113 4244 qui
1144 4175 1254 4228 vult
1296 4187 1483 4230 omnes
1512 4174 1753 4230 homines
1800 4175 1974 4230 salvos
2004 4177 2123 4233 ﬁeri
2148 4219 2162 4243 ,

614 4274 850 4335 nostram
876 4280 995 4319 cum
1018 4266 1219 4319 sanctis
1244 4264 1355 4318 suis
1384 4264 1723 4319 vehementer
1770 4263 2040 4319 desiderat
2086 4281 2169 4320 sa-

612 4353 794 4409 lutem.
814 4352 979 4407 Decet
1000 4354 1141 4406 enim
1170 4365 1266 4407 nos
1291 4352 1431 4407 illius
1451 4366 1577 4407 esse
1596 4363 1970 4427 cooperatores
2000 4355 2053 4408 in
2082 4369 2165 4409 sa-

614 4446 724 4503 lute
750 4453 955 4510 nostra,
982 4447 1071 4515 qui
1112 4461 1206 4500 nos
1230 4446 1285 4499 in
1332 4451 1540 4499 tantum
1564 4444 1786 4510 dilexit,
1841 4454 1900 4499 ut
1944 4449 2159 4517 proprio

612 4528 749 4592 Filio
773 4550 870 4589 suo
896 4550 1000 4590 non
1023 4542 1292 4603 parceret,
1324 4536 1415 4590 sed
1449 4550 1547 4605 pro
1584 4535 1735 4589 nobis
1783 4535 2027 4591 omnibus
2054 4545 2162 4591 tra-

615 4627 750 4680 didit
771 4625 937 4680 illum.
965 4625 1255 4696 Diligamus
1272 4641 1393 4680 eum
1420 4667 1435 4691 ,
1479 4626 1603 4696 quia
1652 4625 1738 4680 ille
1771 4627 1920 4695 prior
1974 4626 2161 4684 dilexit

614 4730 711 4769 nos
736 4730 751 4767 :
779 4714 1033 4769 iaciamus
1057 4715 1200 4768 illius
1220 4715 1567 4780 voluntatem,
1593 4715 1718 4785 quia
1752 4716 1995 4771 voluntas
2021 4717 2164 4772 illius

616 4800 840 4858 felicitas
864 4811 946 4858 est
962 4810 1161 4858 nostra.
1180 4802 1480 4859 Habeamus
1504 4818 1712 4875 semper
1735 4806 1791 4860 in
1810 4814 1988 4860 mente
2024 4809 2162 4876 quod

617 4893 733 4962 ipsa
756 4889 967 4951 Veritas
1014 4884 1413 4952 cuidam‘divi‘ti'
1451 4890 1724 4963 respondit
1761 4896 1819 4949 in
1847 4895 2161 4967 Evangelio:

619 4980 679 5035 Si
705 4982 780 5035 vis
802 4981 956 5034 vitam
980 4982 1197 5052 ingredi,
1228 4971 1381 5035 aerea
1408 4982 1654 5035 mandata
1676 4982 1885 5053 (Matth.
1908 5001 2025 5049 xix,
2054 4984 2159 5054 l7).

620 5070 748 5137 Quae
808 5078 934 5125 sunt
988 5072 1257 5137 mandata,
1308 5074 1413 5129 nisi
1471 5072 1709 5127 charitas
1735 5073 1826 5128 Dei
1856 5085 1909 5131 et
1950 5077 2167 5143 dilectio

616 5160 879 5229 proximi?
911 5159 965 5214 lu
986 5160 1095 5214 his.
1116 5163 1317 5217 duobus
1371 5162 1651 5234 prteceptis
1698 5170 1806 5217 tota
1846 5166 1930 5221 lex
1967 5166 2166 5238 pende!

619 5257 673 5301 et
720 5249 1009 5317 propheta.
1067 5238 1286 5302 Dilectio
1354 5248 1531 5320 itaque
1597 5251 1826 5321 proximi
1874 5254 1956 5323 in,
1986 5255 2163 5324 aperi-

620 5338 719 5391 bus
772 5338 1153 5392 misericordia:
1195 5340 1605 5407 comprobatur:
1635 5341 1723 5409 qui
1776 5342 1955 5396 saeculi
2000 5345 2162 5399 habet

623 5426 975 5482 substantiam
1011 5470 1028 5495 ,
1092 5429 1380 5486 auxilietur
1414 5476 1422 5485 .
1452 5446 1556 5485 non
1614 5429 1851 5486 habenti.
1918 5433 2017 5500 Qui
2067 5416 2163 5488 do-

621 5513 808 5568 ctrinae
858 5515 1018 5571 habet
1075 5517 1351 5572 scientiam
1379 5558 1394 5582 ,
1444 5518 1677 5590 corrigat
1715 5524 2034 5585 errantem,
2084 5521 2163 5575 di—

622 5612 777 5658 cente
801 5608 1037 5674 apostolo
1089 5607 1286 5666 Iacobo
1315 5628 1326 5664 :
1360 5607 1463 5675 Qui
1518 5606 1816 5664 converterit
1844 5619 2159 5679 peccatorem

2181 3065 2229 3127 C

2254 1859 2441 1927 ﬁdelis,
2464 1864 2585 1930 quia
2614 1880 2768 1934 super
2786 1883 2951 1936 pauca
2989 1870 3132 1937 fuisti
3157 1873 3346 1941 ﬁdelis,
3368 1891 3522 1947 super
3564 1880 3731 1935 multa
3756 1892 3804 1938 te

2253 1952 2579 2019 constituam,
2608 1954 2746 2008 intra
2768 1955 2823 2010 in
2846 1960 3093 2027 gaudium
3116 1961 3325 2018 Domini
3346 1968 3422 2019 tui
3440 1965 3649 2036 (Matth.
3676 1986 3801 2036 xxv,

2252 2038 2363 2110 25).
2396 2039 2564 2095 Parva
2600 2053 2724 2098 sunt
2757 2050 3036 2115 praesentis
3089 2052 3211 2106 vitm
3254 2055 3393 2108 bona
3439 2057 3492 2109 in
3532 2073 3806 2129 compara-

2257 2129 2403 2183 tione
2427 2130 2723 2186 futurorum
2749 2135 3025 2191 bonorum.
3053 2139 3157 2194 Sed
3179 2144 3267 2209 qui
3296 2144 3349 2197 in
3370 2143 3455 2199 bis
3482 2148 3707 2204 ﬁdeliter
3734 2151 3825 2205 la-'

2254 2216 2431 2281 borat,
2464 2220 2519 2271 in
2548 2220 2651 2274 illis
2676 2221 2901 2278 ﬁdeliter
2928 2228 3246 2296 requiescet.

2323 2305 2407 2359 lli.
2446 2308 2551 2362 istc
2590 2318 2828 2379 sanctus,
2863 2312 2927 2367 ad
2946 2314 3098 2382 cujus
3117 2333 3440 2378 concurrere
3463 2323 3597 2380 festa
3640 2329 3808 2384 volui-

2255 2394 2377 2459 stis,
2406 2408 2503 2463 pro
2527 2397 2813 2453 multorum
2841 2400 3103 2458 laboravit
3150 2406 3318 2463 salute
3338 2449 3352 2473 ,
3388 2411 3507 2466 ideo
3552 2412 3805 2482 plurimo-

2257 2499 2375 2537 rum
2404 2488 2619 2553 praemia
2645 2489 2699 2542 in
2727 2490 2812 2544 die
2829 2491 3016 2559 judicii
3046 2504 3389 2566 suscepturus
3417 2503 3538 2556 erit.
3564 2502 3806 2575 Seipsum

2255 2588 2353 2641 per
2372 2576 2706 2631 abstinentia:
2725 2582 3013 2635 maceravit
3040 2584 3289 2654 rigorem,
3328 2588 3447 2644 aliis
3472 2595 3807 2660 praedicatio-

2257 2662 2342 2715 nis
2394 2664 2592 2731 prefuit
2628 2668 2929 2735 sedulitate,
2959 2672 3077 2726 ideo
3132 2673 3410 2732 laudabilis
3433 2682 3681 2737 omnibus
3720 2701 3810 2740 ex.

2257 2758 2388 2815 stat,
2412 2751 2785 2835 juxta‘vocem
2831 2760 3211 2827 sapientissimi
3261 2764 3592 2824 Salomonis:
3620 2771 3812 2827 Memo-

2258 2843 2339 2895 ria
2375 2844 2511 2933 justi
2546 2862 2660 2899 cum
2715 2848 2999 2914 laudibus,
3057 2863 3104 2904 et
3156 2862 3337 2910 nomen
3390 2860 3666 2929 impiorum
3713 2879 3809 2933 pa.

2258 2940 2439 2986 trescet
2466 2932 2642 3004 (Prov.
2674 2950 2731 2999 x,
2757 2936 2833 3005 7).
2880 2938 3014 2992 Dum
3052 2942 3162 2994 vita
3201 2942 3467 3012 iustorum
3523 2932 3767 3007 laudatur
3792 2991 3807 3018 ,

2260 3020 2515 3090 iniquitas
2546 3023 2828 3091 impiorum
2853 3027 3005 3093 quasi
3044 3038 3249 3084 stercus
3275 3032 3570 3089 detestatur
3611 3039 3678 3091 ab
3696 3055 3811 3093 om-

2261 3111 2438 3166 nibus.
2486 3112 2623 3178 Quid
2668 3121 2748 3169 est
2785 3114 2991 3172 felicius
3041 3134 3200 3187 quam
3246 3122 3301 3175 in
3345 3124 3482 3178 bona
3522 3141 3810 3182 conversa-

2261 3202 2406 3256 tione
2435 3218 2464 3255 a
2504 3202 2616 3255 Deo
2656 3213 2923 3272 perpetua:
2975 3212 3267 3274 promereri
3323 3214 3672 3272 beatitudinis
3709 3218 3816 3288 glo-

2262 3290 2418 3354 riam,
2448 3298 2503 3344 et
2528 3292 2764 3345 omnium
2784 3305 2876 3347 ore
2900 3293 3138 3349 laudari?
3180 3297 3490 3375 Cogitemus
3535 3308 3771 3373 quotidie
3794 3345 3810 3372 ,

2260 3396 2364 3450 qua
2394 3382 2585 3435 ﬁducia
2612 3381 2889 3438 veniamus
2933 3394 3057 3440 ante
3088 3388 3316 3442 tribunal
3346 3394 3539 3447 summi
3580 3395 3777 3462 judicis
3796 3439 3811 3463 ,

2261 3469 2387 3537 quid
2410 3470 2535 3523 boni
2561 3470 2739 3537 operis
2758 3472 3034 3527 nobiscum
3061 3474 3380 3533 deferamus.
3408 3478 3658 3551 Equitas
3673 3485 3814 3545 illius

2261 3559 2456 3613 nullius
2494 3560 2719 3629 accipiet
2742 3574 3057 3630 personam;
3088 3568 3181 3619 sed
3216 3569 3503 3639 unicuique
3528 3576 3712 3629 reddet
3736 3592 3815 3631 seu

2260 3650 2489 3704 cundum
2508 3664 2670 3718 opera
2698 3666 2791 3705 sua
2818 3669 2830 3704 :
2861 3659 2915 3706 et
2944 3653 3037 3722 qui
3062 3654 3180 3722 plus
3208 3655 3413 3711 laborat
3436 3659 3488 3712 in
3510 3675 3671 3729 opere
3693 3662 3813 3730 Dei,

2260 3738 2379 3806 plus
2410 3740 2672 3794 mercedis
2718 3743 2945 3811 accipiet
2978 3743 3034 3796 in
3062 3758 3224 3815 regno
3270 3746 3383 3801 Dei.
3440 3749 3816 3822 Unusquisque

2263 3829 2317 3881 in
2343 3844 2447 3897 qua
2474 3830 2755 3887 vocatione
2781 3840 3001 3888 vocatus
3033 3842 3138 3899 est,
3168 3837 3223 3890 in
3275 3852 3338 3892 ea
3391 3839 3620 3895 viriliter
3662 3858 3814 3899 suam

2261 3927 2512 3987 operetur
2545 3919 2792 3976 salutem.
2817 3921 3075 3979 Omnibus
3102 3926 3337 3983 cmlestis
3367 3932 3512 4000 regni
3536 3932 3698 4002 janua
3721 3949 3818 4004 pa-

2262 4009 2441 4073 tescit,
2475 4010 2631 4093 174
2658 4012 2753 4067 sed
2798 4014 3113 4069 meritorum
3142 4017 3368 4084 qualitas
3392 4020 3552 4073 alium
3580 4022 3817 4079 introdu-

2261 4098 2358 4162 cit,
2381 4099 2546 4153 alium
2595 4100 2829 4169 expellit.
2876 4100 3043 4167 Quam
3073 4103 3325 4161 miserum
3353 4115 3437 4161 est
3480 4108 3749 4166 hominem
3784 4128 3816 4167 a

2263 4191 2429 4261 gloria
2457 4193 2664 4248 excludi
2700 4201 3007 4252 sanctorum
3034 4236 3049 4261 ,
3100 4204 3153 4251 et
3185 4199 3400 4253 aeternis
3440 4215 3561 4255 cum
3606 4202 3818 4259 diabolo

2263 4284 2506 4351 deputari
2532 4283 2792 4339 ﬂammis!
2820 4284 3175 4341 Peccatorum‘
3196 4291 3409 4342 sarcina
3438 4291 3672 4344 animam
3694 4293 3819 4346 sub-

2192 4401 2238 4463 D
2264 4376 2457 4444 mergit
2480 4376 2534 4428 in
2559 4382 2797 4428 tartara:
2824 4373 3055 4441 justitite
3096 4377 3420 4433 abundantia
3449 4380 3515 4434 ad
3542 4379 3817 4435 ctelestem

2262 4466 2438 4519 evehit
2496 4463 2738 4534 gloriam.
2794 4463 3220 4533 Frequentemus
3272 4468 3467 4537 saepius
3531 4468 3815 4525 ecclesiam

2262 4553 2497 4619 Christi;
2540 4554 2817 4608 audiamus
2850 4553 2904 4607 in
2947 4568 3012 4609 ea
3052 4555 3361 4625 diligentius
3402 4558 3561 4612 verba
3599 4559 3725 4625 Dei;
3761 4568 3819 4616 et

2261 4643 2403 4713 quod
2424 4658 2551 4699 aure
2571 4642 2897 4711 percipimus
2921 4682 2937 4708 ,
2979 4643 3080 4698 hoc
3127 4645 3287 4701 corde
3330 4647 3658 4703 retineamus
3684 4686 3700 4711 ,
3758 4654 3818 4702 ut

2264 4731 2491 4786 fructum
2519 4732 2643 4787 boni
2665 4733 2845 4800 Operis
2867 4732 3100 4786 feramus
3120 4733 3175 4786 in
3189 4732 3470 4801 patientia,
3497 4740 3552 4787 et
3579 4732 3818 4790 fraterno

2265 4833 2445 4874 amore
2473 4820 2835 4889 unusquisque
2859 4817 3022 4872 alium
3067 4818 3316 4888 adjuvare
3357 4819 3593 4874 studeat.
3642 4820 3819 4877 Habe-

2265 4926 2383 4964 mus
2404 4896 2656 4979 pmclara
2680 4907 3006 4979 sanctissimi
3047 4907 3223 4962 Patris
3272 4909 3441 4965 nostri
3486 4900 3819 4983 abundanter

2265 4999 2506 5069 exempla
2536 4998 2589 5050 in
2611 4997 2757 5052 omni
2796 4997 3080 5052 cbaritatis
3102 4994 3299 5064 cilicio,
3320 5000 3383 5053 in
3413 4992 3539 5057 ﬁdei
3566 4997 3776 5063 fervore
3799 5040 3815 5066 ,

2267 5090 2320 5142 in
2340 5090 2454 5158 spei
2482 5088 2905 5158 longanimitate,
2925 5088 2984 5140 in
2995 5089 3397 5155 perseverantia
3420 5090 3587 5144 totius
3613 5089 3819 5145 bonita-

2265 5181 2335 5234 tis
2360 5180 2519 5234 illius.
2550 5178 2715 5246 Quem
2744 5186 2892 5233 tanta
2920 5174 3251 5235 celebramus
3283 5179 3459 5243 laude,
3484 5186 3541 5233 et
3560 5185 3713 5252 tanto
3745 5180 3819 5236 die

2266 5268 2476 5339 ligimus
2497 5283 2697 5334 amore,
2741 5276 2851 5323 tota
2882 5269 3077 5323 mentis
3108 5270 3406 5325 intentione
3431 5271 3488 5323 in
3523 5269 3670 5325 omni
3692 5284 3819 5327 eon-

2265 5360 2570 5413 versatione
2613 5364 2797 5411 sancta
2833 5344 3118 5425 sequamur
3141 5359 3365 5428 vestigia
3388 5356 3524 5424 ejus,
3554 5366 3818 5428 quatenus

2265 5452 2406 5505 viam
2430 5454 2554 5506 vitre
2572 5448 2714 5504 illius
2733 5456 3013 5504 currentes
3049 5458 3265 5505 aeterna:
3310 5449 3662 5505 beatitudinis
3693 5461 3817 5505 cum

2267 5539 2356 5595 illo
2374 5540 2594 5611 gloriam
2623 5537 2862 5609 accipere
2901 5540 3222 5603 mereamur,
3249 5530 3541 5596 auxiliante
3566 5542 3664 5594 nos
3692 5552 3817 5606 rege

2266 5628 2717 5683 aeternoDomino
2744 5634 2929 5682 nostro
2950 5626 3073 5684 Jesu
3100 5628 3314 5684 Christo
3331 5668 3347 5696 ,
3385 5628 3475 5696 qui
3508 5644 3628 5684 cum
3656 5627 3816 5681 Patre
