4262 6192
798 318 885 373 681
1722 311 2297 371 HAGIOGRAPHICA.
2334 342 2405 351 —
2447 311 2600 366 VITA
2646 312 2702 367 S.
2751 310 3069 367 RlCllARll.
3915 308 4021 364 68‘!

790 524 905 578 cata
933 524 1263 579 seculorum.
1298 523 1477 578 Amen.

999 673 1267 731 VERSUS
1302 674 1391 731 AD
1432 673 1754 729 RADONESI
1805 673 2141 727 ABBATEM.

860 785 998 848 Noli,
1027 786 1417 856 qua:so,Pater,
1436 785 1748 840 munuscula
1772 800 2024 855 spernere
2051 794 2235 841 nostra
2266 803 2277 835 :

859 879 1084 933 Parvula
1115 881 1159 933 si
1187 880 1392 942 videas,
1423 894 1611 949 magna
1642 879 1755 932 haec
1785 878 2002 932 dilectio
2023 878 2209 931 mittit.

974 967 1242 1024 ALCUINI
1281 967 1567 1024 HYMNUS
1602 968 1689 1021 DE
1728 967 1785 1022 S.
1826 965 2160 1021 \‘EDASTO.

1054 1058 1160 1128 (Ea:
1196 1058 1490 1122 Lambecio,
1520 1058 1618 1112 loc.
1647 1060 1761 1119 cit.,
1787 1073 1907 1126 pag.
1930 1056 2078 1127 H3.)

928 1146 1144 1202 Christe
1169 1148 1415 1203 Salvator
1438 1148 1670 1202 hominis
1692 1147 1760 1201 ab
1793 1162 1889 1199 ore

927 1233 1108 1289 Hostis
1143 1237 1351 1304 antiqui
1385 1236 1689 1305 superantis
1724 1236 1891 1288 Adam
1914 1274 1929 1297 ,

926 1325 1117 1381 Nostra
1152 1328 1465 1389 clementer,
1498 1328 1740 1396 Domine,
1765 1340 2076 1395 precamur,

1126 1415 1352 1487 Suscipe
1381 1425 1523 1471 vota.
1932 1402 1944 1415 ’

925 1504 1085 1560 Multa
1121 1506 1296 1561 fecisti
1334 1508 1542 1562 meritis
1577 1515 1789 1561 tuorum

926 1588 1091 1660 Dona,
1120 1596 1351 1652 Vedasto
1385 1598 1599 1667 propria
1640 1596 1857 1659 dedisti,

923 1680 1027 1737 Nos
1052 1685 1128 1738 tui
1152 1686 1292 1739 servi
1323 1693 1413 1739 tua
1441 1685 1609 1756 larga,
1635 1683 1870 1747 Christe,

1134 1771 1305 1827 Corde
1326 1788 1593 1843 rogamus.

921 1860 1084 1915 Terra
1122 1860 1446 1915 Francorum
1489 1862 1738 1916 tenebras
1765 1862 1991 1917 habebat

923 1949 1208 2015 Horridas;
1235 1952 1465 2020 dempsit
1494 1952 1672 2006 radios
1702 1951 1888 2006 salutis

923 2039 1138 2093 Viscera
1176 2047 1359 2092 nostra
1384 2052 1409 2078 ι
1445 2040 1646 2108 pietate
1670 2039 1870 2103 Patris,

1127 2132 1363 2195 Christe,
1392 2124 1612 2209 relulge.

918 2222 1166 2277 Vultihus
1188 2222 1344 2277 caecis
1378 2223 1581 2291 pietate
1608 2234 1783 2277 motus

920 2309 1145 2365 Lumina
1168 2311 1309 2365 clara
1337 2312 1484 2367 dedit
1517 2312 1630 2379 ipse
1659 2322 1901 2374 sanctus,

879 2386 886 2403 ’
918 2397 1115 2452 Lucida
1147 2396 1581 2477 fecittenebrosa
1610 2400 1768 2453 corda

1120 2490 1317 2561 lgnil‘er
1344 2491 1450 2546 ille.

847 2634 873 2694 ἒ
909 2622 985 2694 Ita
1015 2624 1311 2693 quidemin
1337 2625 1521 2679 codice
1569 2626 1828 2694 scriptum
1854 2631 1957 2683 est.
1988 2623 2083 2679 sed
2128 2623 2196 2694 de
2243 2636 2333 2693 ge-

778 2692 937 2746 nuina
966 2692 1122 2763 hujus
1176 2694 1279 2749 loci
1328 2694 1555 2767 lectione
1590 2692 1825 2749 nondum
1874 2694 2004 2749 milii
2049 2693 2186 2759 satis
2210 2692 2340 2749 cen-

744 478 747 479 ν
789 445 840 488 et
877 432 1081 503 Spiritu
1108 441 1294 489 sancto
1309 433 1440 487 vivit
1462 442 1515 488 et
1538 441 1719 502 regnat
1751 432 1891 487 Deus
1917 447 2012 501 per
2045 432 2224 486 omnia
2254 445 2350 484 επ·
2601 430 2809 485 Debiles
2835 431 3044 494 turbas,
3081 429 3237 483 solita
3268 427 3461 490 salute,

2606 522 2855 576 Reddidit
2889 536 3049 575 sanas
3083 519 3277 589 populo
3310 518 3553 580 vidente;

2602 608 2763 661 Multa
2789 608 3070 676 przeclara,
3103 606 3327 660 Domino
3364 604 3608 666 favente,

2808 697 3043 750 Fortiter
3066 695 3196 765 egit.

2602 785 2847 841 Mortifer
2875 800 3035 840 ursus
3060 786 3284 839 timidus
3316 782 3561 844 recessit,

2603 877 2741 929 \‘oce
2772 876 2990 929 Vedasti
3021 875 3379 944 prohibentis,
3411 874 3553 927 ultra

2599 967 2911 1020 Terminum
2933 967 3193 1034 scriptum
3220 962 3509 1034 penetrare
3539 964 3713 1017 dirum

2805 1056 2975 1112 Omne
3004 1072 3099 1126 per
3132 1072 3326 1111 :evum.

2597 1148 2820 1203 Pectore
2854 1164 2990 1220 puro
3013 1150 3101 1219 pia
3135 1150 3295 1205 verba
3318 1162 3444 1202 vera

2590 1241 2826 1294 Auribus
2850 1239 2986 1295 fudit
3016 1240 3195 1310 populi
3224 1239 3395 1293 fidelis
3423 1258 3436 1291 ε

2590 1330 2831 1383 Auxerat
2862 1330 2985 1384 inde
3010 1344 3294 1384 numerum
3323 1329 3533 1397 piorum

2800 1416 3031 1472 Sedibus
3053 1417 3197 1472 altis.

2521 1581 2525 1584 ν
2589 1505 2755 1560 Obvia
2788 1507 2936 1561 venit
2970 1506 3191 1567 radians
3224 1506 3517 1568 columna“

2583 1596 2870 1667 Splendida
2890 1598 3011 1653 caeli
3039 1600 3298 1652 comitata
3325 1596 3500 1667 plebe,

2530 1698 2533 1701 ‘
2588 1684 2853 1755 Spiritum
2875 1701 3071 1755 purum
3098 1686 3326 1740 Domino
3348 1693 3593 1747 vocante,

2799 1775 2932 1830 Fine
2954 1777 3130 1829 beato.

2587 1864 2615 1902 ιι
2649 1865 2850 1920 Zabulo
2883 1866 3030 1920 victo
3060 1864 3164 1921 ﬁde
3192 1882 3314 1921 cum
3346 1866 3529 1922 labors

2580 1953 2811 2025 Belliger
2833 1954 2987 2009 miles
3012 1958 3316 2024 penetravit
3345 1965 3522 2020 astra;

2582 2044 2809 2100 Praemia
2837 2044 3001 2115 digno
3025 2047 3235 2101 obtinet
3255 2047 3461 2102 honore

2799 2134 2960 2204 Regis
2989 2135 3042 2189 in
3077 2136 3217 2190 aula.

2586 2223 2767 2279 Gloria
2802 2224 2976 2281 laudis
2998 2236 3213 2283 resonet
3250 2228 3303 2281 ir.
3332 2243 3427 2281 ore

2583 2314 2841 2369 Omnium
2865 2313 3067 2380 Patris,
3104 2317 3404 2388 geniusque
3440 2317 3635 2381 Prolis.

2587 2404 2823 2473 Spiritus
2858 2405 3034 2458 sancti
3063 2406 3271 2473 pariter
3304 2409 3529 2462 resultet

2796 2492 2977 2547 Laude
3000 2494 3243 2563 perenni.
3271 2494 3458 2550 Amen.

2446 2629 2575 2693 stat.
2593 2622 2861 2693 -Ιιμίιιεο,
2920 2621 3079 2693 Forte
3108 2622 3386 2693 legendum
3411 2641 3425 2679 :
3456 2624 3713 2680 Miseram
3741 2629 3921 2681 nostri.

2517 2692 2544 2731 ιι
2582 2689 2783 2743 Zabqu
2812 2691 2951 2759 apud
2978 2689 3187 2747 veteres
3225 2709 3324 2762 pro
3355 2694 3584 2749 diabolo.
3616 2694 3733 2749 Vid.
3760 2694 4006 2750 Lambec.

3880 2830 3996 2848 ~

1473 2949 1628 3021 175
1683 2917 2522 3037 OPUSCULUM
2610 2917 3297 3033 TERTIUM.

1332 3138 1578 3217 VITA
1635 3134 2220 3215 BEATISSIMI
2275 3137 2730 3215 RICHARII
2793 3135 3478 3215 PRESBYTER]-

2208 3294 2556 3309 ﬂ

842 3360 1203 3419 PR/EFM‘IO
1232 3361 1323 3415 an
1358 3361 1684 3418 caseum
1726 3331 2238 3414 IMPERATOREM.

844 3464 1064 3527 Domino
1088 3471 1605 3540 sempervenerabili
1622 3483 1939 3538 semperque
1961 3467 2325 3531 desiderabili,

771 3564 1009 3633 piissimo
1035 3570 1235 3637 sancta:
1268 3560 1520 3613 Ecclesia:
1550 3559 1737 3622 tutori,
1763 3558 1935 3627 gratia
1984 3556 2076 3609 Dei
2118 3571 2328 3625 semper

771 3654 1007 3723 Angusto
1032 3649 1244 3714 Carolo,
1266 3657 1459 3703 vestra:
1504 3648 1695 3703 salutis
1722 3662 1913 3717 perpes
1937 3647 2142 3700 amicus
2182 3646 2327 3699 Albi-

770 3759 891 3797 IIIIS.

840 3830 1159 3884 Rcmorante
1187 3838 1375 3884 vestra:
1401 3827 1730 3884 excellentize
1752 3827 1949 3896 pietate
1972 3826 2025 3879 in
2063 3824 2181 3879 loco
2206 3839 2329 3879 san-

768 3930 856 3975 cto
888 3930 942 3974 et
970 3923 1161 3977 merito
1182 3921 1472 3975 venerabili
1507 3920 1730 3975 Centula
1753 3931 1801 3981 ι,
1834 3934 1955 3973 cum
2010 3928 2066 3972 et
2091 3934 2191 3988 ego
2239 3933 2329 3972 ve.
2370 3969 2375 3973 .

770 4018 894 4064 stt-re
922 4010 1335 4081 glorizeservus,
1374 4015 1566 4061 vestrm
1594 4005 1811 4076 pietatis
1856 4006 2077 4076 vestigia
2130 4005 2326 4059 ibidem

768 4110 1120 4173 prosecutus,
1176 4101 1559 4170 aliquantisper
1622 4114 2022 4164 commorarer;
2080 4106 2330 4153 oraverat

771 4207 942 4249 meam
972 4193 1282 4263 parvitatem
1310 4192 1392 4245 vir
1416 4206 1636 4261 magnus
1663 4190 1715 4243 in
1753 4189 1968 4244 Christo
1997 4189 2244 4243 dominus
2273 4198 2328 4243 et

770 4287 1085 4344 venerabilis
1109 4287 1271 4340 abbas
1300 4283 1637 4354 Angilbertus
1663 4282 1714 4347 δ,
1742 4296 1849 4351 quo
1877 4280 1930 4334 in
1952 4280 2163 4334 laudem
2183 4278 2324 4334 Cou-

770 4375 979 4435 ditoris,
1002 4372 1376 4442 quimirabilis
1401 4385 1611 4440 semper
1640 4376 1861 4440 apparet
1896 4368 1947 4422 in
1987 4368 2171 4423 electis
2195 4369 2324 4428 suis,

770 4463 1052 4534 quemdam
1080 4460 1313 4515 libellum
1365 4460 1505 4530 ston
1558 4459 1870 4530 simpliciori
1913 4458 2216 4529 digestum,
2262 4458 2330 4511 de

771 4554 879 4606 vita
906 4548 1228 4605 sanctissimi
1272 4562 1335 4600 ac
1381 4562 1506 4601 vere
1556 4546 1823 4616 magniﬁci
1850 4614 1855 4625 η
1885 4544 2212 4601 confessoris
2242 4544 2331 4599 Ri-

770 4640 941 4695 cbarii
968 4637 1161 4692 cultius
1198 4635 1530 4689 adnotarem.
1594 4634 1835 4703 Dumque
1868 4635 2132 4690 exauditis
2158 4636 2330 4690 conti-

772 4742 878 4784 nuo
900 4728 1147 4798 precibus
1171 4726 1307 4795 ejus,
1334 4740 1451 4795 quae
1480 4725 1578 4795 ipsi
1604 4723 1799 4789 divina:
1818 4721 2085 4789 maiestati
2111 4724 2330 4781 exaudi.

771 4817 907 4873 biles
927 4826 983 4872 et
1004 4820 1180 4873 chara:
1201 4824 1512 4879 noscuntur,
1539 4814 1785 4870 eumdem
1835 4813 1965 4868 mihi
1993 4814 2235 4869 exhiberi
2272 4814 2332 4868 li-

776 4905 965 4960 bellum
989 4905 1293 4974 petiissem;
1335 4920 1438 4958 non
1458 4918 1645 4974 parum
1675 4902 1902 4956 miratus
1936 4915 2054 4955 sum
2076 4914 2173 4955 cur
2194 4903 2331 4955 tanti

774 4995 1002 5051 nominis
1029 4994 1322 5058 confessor,
1356 5009 1512 5063 quem
1546 5004 1813 5049 tantarum
1867 4993 2123 5047 virtutum
2150 5006 2332 5061 opera-

778 5095 949 5142 torem
970 5098 1088 5140 esse
1108 5083 1406 5145 constabat,
1429 5098 1693 5153 quemque
1719 5084 1895 5153 prisca
1920 5082 2060 5136 fama
2101 5082 2331 5137 miracu-

846 5216 1195 5272 IVAccessum
1223 5210 1398 5280 Caroli
1429 5211 1600 5280 Magni
1626 5212 1691 5267 ad
1724 5213 2107 5268 monasterium
2128 5210 2329 5266 Centu-

772 5285 936 5347 lenae,
962 5285 1139 5352 ibique
1165 5284 1233 5352 ab
1252 5279 1919 5352 eo_Pascba_Acelebratum
1945 5298 2034 5336 an.
2058 5281 2161 5352 800
2178 5321 2199 5352 ν,
2255 5289 2332 5335 te-

696 5412 703 5419 ,
776 5363 986 5412 stantur
1028 5348 1261 5406 Annales
1296 5348 1602 5419 Eginhardi,
1626 5349 1817 5405 ‘l‘iliani
1844 5392 1861 5415 ,
1903 5350 2186 5406 Loiseliani
2210 5390 2225 5414 ,
2281 5358 2336 5404 et

776 5422 973 5494 passim
1028 5419 1117 5473 alii
1143 5489 1155 5494 _
1178 5414 1483 5494 scriptores.
1537 5414 1643 5494 Sed
1690 5414 1863 5488 potuit
1890 5431 2094 5494 postea
2137 5419 2330 5477 ibidem

778 5488 963 5555 fuisse,
991 5503 1111 5543 cum
1136 5489 1249 5558 iam
1285 5488 1429 5544 esset
1451 5488 1505 5542 in
1542 5488 1837 5558 Augustum
1881 5488 2147 5545 Casuram
2180 5503 2337 5542 coro-

776 5571 1084 5680 mituibbas
1110 5624 1453 5695 Angilbertus.
1476 5624 1635 5692 Cuius
1665 5626 1836 5680 Vitam
1864 5628 2199 5683 illustrarunt
2213 5628 2333 5681 Bol-

1166 5721 1438 5780 PATROL.
1476 5718 1575 5780 Cl.

2354 3360 2399 3420 ε
2429 3376 2601 3431 lorum
2653 3379 2951 3447 patratione
2991 3390 3111 3448 post
3135 3382 3279 3451 ipsos
3320 3386 3589 3454 apostolos
3624 3388 3752 3444 nulli
3802 3391 4007 3450 ferelxit

2427 3468 2743 3549 secundum,
2770 3478 2877 3522 tam
2892 3471 3112 3525 modico
3127 3481 3403 3542 gestorum
3431 3476 3700 3532 volumine
3714 3482 4000 3547 pot’retur.

2428 3558 2588 3627 quue
2612 3560 2739 3612 mibi
2766 3560 3092 3627 stupescenti
3127 3561 3361 3616 innotuit
3384 3563 3495 3631 iam
3528 3566 3703 3620 dictus
3734 3584 3785 3621 m
3806 3582 4000 3629 :zro‘rar

2426 3640 2549 3699 bilis
2572 3647 2654 3699 vir
2682 3648 3053 3716 Angilbertus,
3100 3664 3163 3702 ac
3194 3649 3501 3717 spirituales
3531 3651 3725 3709 fratres
3754 3656 3997 3725 ejusdem

2428 3736 2600 3788 sancti
2628 3734 2754 3797 loci,
2782 3735 2966 3787 haberi
2991 3734 3127 3805 apud
3161 3751 3234 3799 se,
3265 3739 3393 3806 quin
3447 3741 3610 3795 etiam
3644 3745 3783 3813 apud
3818 3747 3997 3806 diver.

2427 3842 2516 3881 sas
2561 3826 2836 3890 ecclesias,
2858 3827 3098 3881 codicem
3132 3828 3294 3882 alium
3330 3840 3351 3869 ε
3402 3833 3706 3900 grandioris
3738 3842 4009 3907 quantita-
4100 3830 4104 3835 i

2428 3916 2517 3979 tis,
2540 3916 2593 3970 in
2619 3932 2725 3986 quo
2745 3916 2949 3971 scilicet
3000 3917 3087 3971 illa
3132 3918 3388 3974 miracula
3436 3920 3773 3991 legebantur,
3811 3929 4006 3997 quibus

2428 4022 2533 4060 non
2561 4007 2830 4061 immerito
2871 4015 3123 4062 sanctum
3164 4008 3363 4065 Christi
3412 4012 3777 4071 confessorem
3830 4024 4008 4075 omnis

2428 4096 2597 4152 Gallia
2643 4094 2939 4155 attollebat.
2978 4095 3158 4165 Cujusc
3174 4098 3402 4166 simplex
3440 4109 3495 4155 et
3525 4102 3702 4157 minus
3731 4106 3895 4174 polita
3924 4110 4001 4165 lu—

2428 4188 2577 4241 cutio
2604 4186 2728 4254 quia
2751 4185 3010 4239 fratribus
3056 4186 3124 4239 ad
3153 4187 3484 4243 recitandum
3523 4191 3575 4245 in
3605 4195 3800 4263 populo
3828 4201 4008 4267 aptior

2430 4276 2563 4348 [Al.,
2593 4276 2646 4330 in
2673 4275 2925 4346 populum
2968 4277 3227 4350 apertior]
3270 4279 3552 4336 videbatur
3600 4283 3849 4341 sufﬁcere
3901 4293 4005 4347 sil~i

2427 4364 2669 4421 eamdem
2700 4365 3112 4436 descriptionem
3144 4380 3550 4428 consenserunt.
3588 4374 3830 4444 Dumque
3865 4380 3918 4434 in
3939 4381 4009 4437 iis

2428 4470 2547 4524 qua:
2570 4455 2828 4523 rogabant
2852 4458 3215 4525 prrenotandis
3244 4456 3574 4533 iamiamque
3616 4466 3823 4521 animos
3847 4468 4007 4538 appli-

2428 4558 2630 4608 carem,
2661 4555 2880 4614 repente
2914 4554 3108 4609 vestra:
3132 4548 3348 4615 pietatis
3400 4553 3589 4605 nuntio
3622 4569 4004 4613 sum'conren.

2433 4642 2539 4699 tus,
2572 4636 2651 4690 uti
2686 4649 2748 4691 ea
2769 4649 2891 4704 quae
2919 4619 3221 4690 tractabam
3244 4636 3325 4691 sic
3350 4646 3616 4703 notarem,
3649 4644 3789 4701 sicut
3819 4626 4004 4700 revera

2432 4724 2709 4793 sapientize
2735 4731 2928 4779 vestra:
2949 4723 3167 4777 auribus
3190 4717 3487 4781 inferenda.
3516 4729 3650 4785 Hinc
3695 4746 3796 4800 ego
3816 4743 4003 4788 vocata

2434 4816 2669 4880 notario,
2698 4824 2753 4870 et
2783 4814 2888 4868 tlxo
2909 4827 3019 4882 prze
3051 4813 3221 4868 oculis
3249 4814 3363 4884 jazn
3393 4818 3537 4871 dicto
3571 4819 3772 4882 libello,
3798 4835 3861 4874 ea
3885 4837 3999 4890 quze

2436 4903 2636 4960 referre
2666 4905 2945 4961 videbatur
2963 4900 3030 4957 de
3064 4906 3414 4965 convensione
3440 4946 3454 4969 ,
3510 4908 3575 4961 de
3610 4908 3879 4973 moribus,
3936 4913 4002 4966 de

2434 4992 2767 5047 continentia
2800 4998 2855 5046 et
2874 4992 3165 5049 sanctitate
3196 5008 3320 5049 vere
3351 4995 4003 5064 incomparabili,necnon

2435 5083 2503 5139 de
2526 5082 2757 5152 glorioso
2784 5082 3013 5136 transitu
3052 5083 3168 5154 ejus
3198 5086 3264 5139 ad
3294 5084 3563 5140 Christum
3582 5093 3605 5152 ',
3659 5102 3751 5143 seu
3779 5090 3846 5145 de
3872 5092 4007 5147 rela-

2435 5212 2625 5267 landus
2670 5211 2924 5280 adidicm
2958 5214 3022 5269 l8
3052 5214 3209 5269 Febr.
3260 5225 3311 5271 et
3360 5214 3697 5274 Mabiltonius
3751 5221 3807 5275 in
3850 5223 4007 5280 Actis

2441 5281 2539 5361 SS..-
2566 5281 2631 5361 Ω·
2662 5280 2734 5361 3-.
2750 5279 2880 5361 Bee-
2899 5297 3030 5361 .m-
3073 5283 3527 5361 ινιΛηβίιδετιυξ,
3546 5292 3878 5361 semanimi
3901 5293 3974 5347 Ca

2438 5350 2537 5424 ro_li
2566 5349 2738 5417 Magni
2766 5347 3106 5424 adfuit_anno
3126 5347 3309 5424 809i}:
3360 5352 3625 5410 Natalitiis
3671 5357 3901 5424 Christi,
3948 5374 4002 5417 et

2439 5420 2763 5504 ad_super_os
2782 5422 2996 5504 transiit
3023 5436 3163 5504 anno

2512 5489 2816 5564 c_t_;odic_e_m
2833 5490 3251 5564 alium.Excjdit
3263 5492 3426 5547 codex
3455 5493 3574 5557 iste,
3598 5495 3686 5562 qui
3711 5506 3857 5564 gesta
3879 5514 3932 5552 sa
3942 5517 4002 5552 n-

2439 5557 2795 5632 rti_Richarli,
2826 5560 3027 5632 rudiori
3050 5559 3184 5632 stylo
3204 5560 3404 5632 digesta
3434 5601 3449 5625 ,
3494 5557 3630 5617 cum'
3650 5557 3787 5621 tibia
3838 5570 4003 5624 mit...

2440 5628 2679 5683 culorum
2710 5629 3034 5682 continebat.
3060 5628 3322 5683 Bbuan'o.
3356 5631 3577 5686 Μηιω..

3563 5727 3645 5787 22
