4262 6214
603 257 706 315 683

1441 256 1499 307 Β.
1539 255 1602 309 F.
1642 253 1863 337 ALBlNl
1901 253 2029 307 εει]
2068 251 2338 308 ALCUlNl
2373 251 2653 308 OPERUM
2690 252 2868 306 PARS
2904 252 2966 306 ν.

3708 254 3815 311 688

605 376 747 425 tione
768 367 984 437 pretiosi
1009 357 1249 434 corporis
1276 365 1329 420 in
1359 365 1537 422 locum
1568 367 1821 433 priorem,
1839 363 2042 418 dictatu
2065 362 2158 415 ad-
2184 365 2231 422 Α
2258 363 2580 430 salvaretur,
2603 365 2848 421 obtinuit.
2882 366 2989 421 Nec
3015 364 3229 420 lucerna
3253 367 3438 436 gratia
3463 366 3555 421 Dei
3586 382 3812 423 accensa

605 461 818 515 modum
863 457 1257 525 compendiosa,
1284 456 1440 511 titulo
1476 457 1612 510 Vita:
1646 455 1938 509 beatissimi
1966 455 2158 508 Richa-

608 549 672 603 rii
701 549 823 602 almi
847 547 1021 600 Patris
1050 544 1182 616 [Al.,
1210 545 1504 600 beatissimi
1529 545 1702 598 Patris
1723 543 1982 614 Richarii]
2015 552 2159 613 apta-

606 642 818 693 vimus:
853 646 908 691 et
948 637 1053 689 nisi
1107 636 1319 704 propria
1379 634 1615 702 decipior
1644 633 1907 700 imperitia
1935 671 1950 696 ,
1995 631 2159 685 veluti

609 729 896 798 pretiosum
920 740 1107 779 aurum
1138 722 1272 794 [.4l.,
1295 721 1573 793 ohryzum]
1624 730 1816 776 vestras
1862 723 2162 790 prudentis-

610 825 758 876 simze
789 824 1086 892 sapientiae,
1113 821 1178 874 ad
1221 818 1519 874 ornandum
1569 818 1813 872 diadema
1841 815 2162 870 Christianze

611 911 972 980 philosophiae,
995 909 1095 962 fide
1120 907 1301 962 humili
1339 906 1682 960 devotissime
1706 904 2157 958 commendamus.

613 998 676 1052 Et
709 998 830 1066 quia
852 998 902 1050 in
926 997 1088 1050 vestri
1118 994 1352 1064 pectoris
1387 994 1546 1048 cubili
1583 993 1805 1061 gloriam
1825 990 2051 1052 Christi,
2108 998 2162 1042 et

613 1097 916 1143 sanctorum
951 1085 1064 1155 ejus
1084 1087 1341 1140 honorem
1365 1098 1590 1153 regnare
1621 1082 2009 1152 cognoscimus.
2028 1081 2163 1134 hanc

613 1180 778 1234 nostri
809 1187 915 1233 tam
935 1177 1077 1233 beati
1121 1175 1360 1245 opusculi
1389 1174 1754 1246 praefationem
1777 1182 1966 1228 vestra:
1991 1173 2043 1227 in
2071 1174 2166 1226 Do-

615 1273 759 1326 mino
783 1266 1389 1325 heatathonoriﬁcentia:
1411 1266 1737 1321 dedicamus.

967 1389 1232 1466 VlT/E
1289 1388 1802 1480 HISTORIA.

619 1531 849 1578 ’δεδι-Α
873 1535 1248 1581 SACERDOTIS
1270 1534 1466 1579 MAG!"
1488 1535 1694 1577 TENET
1714 1535 1850 1577 ISTE
1874 1535 2168 1578 LIBELLUS

700 1615 999 1669 ιιιειιΑιιιι,
1041 1613 1226 1658 CUJUS
1268 1612 1552 1658 (ιιιιιτυιλ
1599 1611 1835 1656 CORPUS
1879 1613 2106 1656 ΗΔΒΕΤ.

1037 1733 1194 1803 ι-ιθ
1225 1730 1448 1787 CAPUT
1484 1717 1793 1786 pumuu.’

626 1825 802 1886 Ortus,
831 1821 1087 1874 conversio
1115 1820 1184 1872 ad
1232 1805 1388 1874 vitam
1434 1821 1595 1888 piam,
1625 1818 1968 1872 sacerdotium
1989 1859 2002 1883 ,
2053 1834 2175 1888 pro-

977 1889 1100 1943 ximi
1123 1889 1314 1957 adjuti,
1343 1889 1497 1942 etiam
1524 1889 1783 1942 Britanni.

696 2001 732 2055 l.
774 2001 1118 2082 Temporibus
1147 1999 1254 2072 [ΑΙ.
1290 2039 1304 2063 ,
1348 1999 1606 2070 tempore]
1631 1999 2000 2070 gloriosissimi
2040 1999 2178 2069 regis

631 2092 955 2146 Francorum
982 2090 1393 2160 Dagoberti,qui
1415 2098 1468 2144 et
1491 2091 1732 2144 saeculari
1768 2097 2032 2159 potestate
2051 2105 2180 2157 pra:-

626 2182 823 2242 clarus,
843 2187 897 2232 et
919 2178 1224 2232 Christiana
1281 2177 1536 2247 religione
1569 2177 1763 2231 nobilis
1813 2175 2008 2230 effulsit
2034 2177 2189 2248 (nam.

627 2278 681 2322 et
715 2269 994 2336 optimates
1023 2281 1147 2322 suos
1172 2266 1518 2336 dignitatibus
1543 2266 1797 2321 exaltavit
1823 2301 1838 2328 ,
1885 2273 1940 2319 et
1996 2280 2180 2334 servos

630 2356 721 2409 Dei
757 2355 1042 2409 honoribus
1073 2355 1302 2410 excoluit
1331 2353 1841 2426 [Al.‘,sublimavit]),
1877 2355 1928 2406 in
1957 2353 2083 2416 illis,
2106 2354 2182 2406 in-

629 2459 809 2513 quam.
845 2444 1029 2498 diebus
1053 2442 1277 2512 plurima
1310 2441 1508 2510 ubique
1553 2442 1877 2496 monasteria
1905 2456 1934 2492 a
1982 2442 2182 2494 sanctis

632 2533 878 2586 Patribus
898 2538 1175 2600 ceperunt
1217 2529 1498 2594 construi,
1545 2544 1642 2583 nec
1697 2545 1802 2583 non
1834 2537 1888 2582 et
1918 2529 2067 2582 multi
2119 2544 2183 2583 ex

630 2622 767 2676 laico
790 2621 972 2675 habitu
1019 2620 1120 2674 viri
1171 2618 1402 2689 relig'msi
1451 2619 1646 2673 inventi
1689 2625 1830 2671 sunt.
1871 2618 1947 2671 Ex
1993 2618 2184 2685 quibus

633 2713 907 2768 Richarius
940 2712 1350 2780 quidam,natus
1377 2710 1431 2765 in
1451 2709 1574 2762 villa
1591 2708 1812 2764 Centula
1841 2710 1868 2748 ιδ
1896 2708 2184 2779 provincite

632 2801 866 2855 Pontiva:
921 2797 990 2869 [le
1019 2797 1297 2867 Ponthieu]
1324 2837 1340 2861 ,
1396 2797 1540 2850 velut
1563 2798 1750 2852 lucifer
1795 2799 1935 2852 inter
1967 2799 2185 2851 umbras

631 2891 812 2944 oriens
835 2887 1070 2951 emicuit,
1095 2899 1118 2926 α
1153 2901 1258 2941 non
1286 2895 1394 2940 tam
1428 2887 1693 2941 nobilibus
1735 2887 1886 2955 juxta
1933 2887 2186 2940 Steculum

2257 451 2456 508 diutius
2478 454 2730 510 abscondi
2763 457 2936 523 potuit
2961 495 2975 520 ,
3021 456 3112 512 sed
3136 455 3459 526 patefactum
3480 457 3657 513 lumen
3685 473 3814 513 san-
3848 454 3856 458 ’

2257 542 2461 597 ctitatis
2485 550 2539 597 et
2566 545 2960 612 praedicationis
2987 585 3001 610 ,
3048 546 3204 616 longe
3245 545 3455 616 lateque
3479 548 3544 602 ad
3590 548 3816 603 salutem

2258 630 2547 685 multorum
2574 631 2720 688 fulsit
2745 632 2876 705 [Al.,
2903 635 2995 689 sed
3043 642 3104 689 ut
3150 635 3414 705 patefacta
3459 643 3584 701 est,
3636 638 3816 692 lumen

2259 722 2563 776 sanctitatis
2577 762 2590 775 .
2612 763 2638 796 ι
2657 725 2898 797 sparsit].
2919 726 3054 780 Nam
3080 726 3412 781 introductos
3433 727 3672 796 hospites
3691 742 3817 796 suos

2261 825 2383 863 cum
2410 825 2616 881 magna:
2636 814 2919 870 charitatis
2961 815 3164 870 honore
3192 817 3399 870 curavit
3427 857 3441 878 ,
3488 817 3816 885 eosquesihi

2261 899 2482 953 verbum
2507 900 2600 954 Dei
2648 904 3020 970 prtcdicantes,
3043 919 3164 957 cum
3193 912 3302 959 tota
3330 905 3630 959 humilitate
3653 918 3708 960 et
3735 905 3819 958 in-

2263 988 2500 1042 tentione
2523 991 2745 1044 audivit.
2773 990 2881 1044 Nec
2903 989 3102 1045 frustra
3129 992 3183 1045 in
3207 1000 3405 1046 terram
3418 994 3610 1047 bonam
3637 1008 3821 1047 semen

2261 1080 2410 1133 verbi
2445 1079 2537 1134 Dei
2582 1095 2824 1149 sparsum
2858 1089 2982 1136 est:
3023 1082 3117 1136 sed
3160 1083 3301 1150 quod
3360 1097 3488 1136 aure
3542 1084 3822 1146 audiebat,

2265 1169 2366 1223 hoc
2393 1160 2654 1225 radicitus
2684 1173 2843 1227 corde
2867 1172 3155 1237 retinebat,
3177 1180 3231 1226 et
3249 1180 3501 1227 centenos
3530 1174 3584 1226 in
3628 1173 3820 1226 horrea

2265 1256 2489 1322 Christi,
2520 1267 2580 1312 ut
2603 1267 2786 1328 postea
2814 1250 2941 1314 luce‘
2951 1255 3167 1324 clarius,
3193 1267 3246 1315 et
3268 1261 3553 1315 sanctitate
3583 1270 3638 1314 et
3668 1263 3826 1314 mira-

2267 1350 2508 1404 culorum
2537 1353 2863 1418 ostensione,
2896 1351 3114 1418 claruit,
3147 1353 3350 1407 fructus
3376 1354 3714 1422 geminavit.
3795 1339 3802 1346 ’

2337 1458 2398 1512 ll.
2439 1459 2604 1529 Igitur
2631 1475 2698 1514 ex
2732 1463 3110 1529 praedicatione
3155 1461 3469 1516 famulorum
3496 1460 3589 1514 Dei
3614 1467 3668 1514 et
3692 1462 3827 1529 aspi-

2259 1550 2476 1605 ratione
2497 1552 2682 1622 gratiae
2703 1553 2896 1607 divina:
2919 1559 3291 1624 compunctus,
3316 1554 3381 1605 ad
3406 1551 3670 1620 lacrymas
3697 1567 3825 1604 con-

2197 1677 2246 1738 Β
2270 1657 2480 1708 versus,
2505 1642 2892 1698 confessionem
2923 1657 3158 1698 ‘suorum
3191 1644 3316 1699 fecit
3337 1652 3678 1714 peccatorum
3700 1685 3714 1706 ,
3775 1654 3829 1698 et

2276 1730 2332 1782 in
2368 1738 2654 1798 conspectu
2683 1731 3063 1798 omnipotentis
3093 1731 3185 1784 Dei
3222 1732 3473 1785 ardenter
3495 1732 3705 1786 veniam
3732 1745 3826 1798 pe-

2275 1827 2417 1883 tens,
2443 1819 2690 1887 lacrymis
2738 1819 2984 1884 absolvit,
3015 1819 3156 1888 quod
3191 1820 3496 1888 ignoranter
3543 1821 3617 1874 ab
3649 1819 3828 1873 adole-

2277 1899 2493 1962 scentiae
2519 1907 2782 1962 illecebris
2803 1907 3071 1977 peccavit;
3126 1915 3181 1961 et
3213 1908 3304 1976 qui
3345 1908 3624 1962 Dominum
3656 1923 3834 1961 susce-

2276 1996 2356 2063 pit
2380 1997 2434 2048 in
2465 1995 2676 2052 famulis
2700 1997 2812 2052 suis
2832 1996 3206 2065 hospitalitatis
3228 1999 3420 2066 gratia,
3447 2006 3727 2066 susceptus
3751 2006 3834 2050 est

2279 2101 2309 2138 a
2331 2084 2556 2138 Domino
2593 2087 2645 2138 in
2677 2086 3044 2140 misericordia
3089 2082 3144 2139 et
3189 2087 3344 2155 177
3377 2089 3578 2156 pietate
3601 2087 3737 2158 [Al.,
3778 2088 3832 2140 in

2281 2174 2646 2228 misericordia
2669 2174 2995 2243 poenitentia:
3041 2183 3130 2227 aut
3163 2175 3544 2230 misericordiae
3591 2174 3832 2248 pietate].

2281 2263 2412 2329 Nam
2440 2277 2507 2316 ex
2533 2277 2598 2317 eo
2622 2272 2862 2332 tempore
2888 2273 2911 2301 ο
2934 2263 3143 2316 initium
3165 2278 3331 2319 sacrae
3373 2264 3650 2335 religionis
3684 2281 3835 2319 sum-

2280 2355 2404 2423 psit,
2434 2362 2488 2407 et
2512 2353 2578 2406 ad
2600 2353 2786 2406 altiora
2815 2353 3028 2422 pietatis
3057 2352 3267 2423 fastigia
3295 2354 3549 2425 gradibus
3594 2355 3834 2424 quotidie

2283 2443 2600 2496 humilitatis
2625 2443 2882 2496 scandere
2915 2444 3219 2496 nitebatur:
3247 2452 3303 2498 et
3352 2452 3623 2513 arreptum
3672 2447 3836 2499 semel
3911 2435 3914 2438 ’

2283 2532 2405 2585 vitm
2428 2531 2532 2586 iter
2561 2530 2682 2586 fidei
2711 2531 2957 2600 passibus
2981 2545 3234 2601 peragere
3269 2542 3492 2589 conatus
3514 2543 3631 2599 est,
3679 2543 3840 2603 atque

2284 2622 2579 2690 posteriora
2609 2621 2950 2686 obliviscens,
2986 2637 3044 2676 se
3077 2623 3129 2675 in
3157 2623 3423 2679 anteriora
3451 2639 3570 2679 cum
3602 2625 3838 2695 apostolo

2285 2711 2526 2768 extendit
2555 2710 2802 2782 (Philipp.
2829 2728 2914 2776 ιιι,
2940 2711 3049 2782 15),
3066 2711 3204 2767 illius
3227 2713 3587 2782 versiculiper
3608 2713 3839 2782 singulos

2288 2803 2485 2871 gradus
2511 2817 2715 2858 memor
2741 2819 2752 2853 :
2783 2801 2940 2855 Ibunt
2968 2803 3134 2854 sancti
3181 2803 3244 2854 de
3275 2803 3460 2855 virtute
3503 2802 3556 2855 in
3579 2805 3838 2863 virtutem,

2289 2894 2555 2967 quatenus
2587 2890 2900 2959 perveniant
2947 2887 3082 2957 [Αι.,
3133 2889 3454 2960 perveniret]
3495 2889 3560 2942 ad
3601 2890 3654 2944 id
3702 2891 3840 2958 quoi

633 2978 938 3048 parentibus
968 2985 1140 3040 ortus,
1170 2991 1331 3043 quam
1374 2976 1614 3030 moribus
1652 2978 1930 3040 hciiestus,
1965 2985 2019 3029 et
2042 2971 2184 3029 omni
2213 2996 2260 3058 ρ
2291 2980 2570 3049 sequitur:
2609 2977 2873 3032 Videbitur
2925 2979 3065 3032 Deus
3113 2979 3325 3033 deorum
3376 2980 3431 3032 in
3494 2978 3624 3034 Sion
3670 2979 3841 3050 (Psal.

631 3070 896 3139 probitate
919 3068 1330 3123 devotissimus:
1363 3068 1434 3120 ita
1467 3074 1525 3120 ut
1554 3065 1858 3137 -[Quercet.,
1891 3066 1989 3120 llic
2021 3066 2100 3138 ut]
2135 3067 2188 3119 in

637 3161 835 3217 rustica
858 3159 969 3215 vita
993 3159 1231 3230 quredam
1258 3157 1516 3230 praesagia
1547 3157 1737 3214 futui-2e
1759 3157 2065 3214 sanctitatis
2096 3172 2188 3226 ge-

641 3251 814 3328 rebat.
833 3249 1067 3318 Contigit
1097 3257 1273 3302 autem
1296 3248 1386 3302 illo
1429 3257 1666 3316 tempore
1699 3249 1842 3327 duos
1885 3250 2190 3303 sacerdotes

639 3323 920 3393 sanctitate
953 3337 1225 3400 florentes,
1251 3345 1305 3392 et
1351 3339 1610 3391 virtutum
1655 3323 1861 3392 meritis
1889 3338 2150 3407 fulgentes
2176 3381 2191 3403 ,

638 3443 860 3498 quorum
887 3429 1034 3498 prior
1071 3427 1333 3483 Caidocus
1367 3429 1660 3483 vocabatur
1687 3429 1732 3499 [δ
1767 3430 1902 3482 alter
1924 3444 2050 3482 vero
2079 3428 2195 3481 Fri-

641 3517 896 3587 ehorius],
929 3517 992 3571 de
1027 3516 1292 3572 Hibernia!
1337 3519 1581 3587 partibus
1629 3518 1681 3570 in
1712 3517 1964 3572 Pontivas
2007 3533 2195 3586 perve-

643 3607 784 3660 nisse
811 3607 1083 3676 regiones;
1125 3606 1218 3660 sed
1246 3621 1276 3660 a
1319 3608 1536 3662 rusticis
1561 3616 1616 3662 et
1661 3608 2002 3676 popularibus
2053 3607 2196 3661 illius

647 3695 766 3757 loci,
789 3704 1005 3762 propter
1037 3694 1373 3750 insolentiam
1395 3711 1625 3762 morum,
1650 3712 1754 3750 non
1788 3706 1912 3752 sunt
1938 3691 2194 3764 suscepti,

647 3797 743 3835 nec
771 3781 927 3851 digno
953 3797 1135 3836 eorum
1170 3783 1451 3837 sanctitate
1480 3785 1682 3838 honore
1699 3786 1915 3838 tractati
1942 3804 1952 3836 :
1978 3786 2070 3838 sed
2092 3800 2198 3838 ma-

647 3871 725 3940 gis
752 3870 958 3938 injuriis
982 3869 1203 3925 afﬂictos
1245 3878 1300 3924 et
1341 3871 1646 3940 opprobriis
1666 3872 1978 3940 castigatos,
2015 3887 2044 3923 a
2085 3872 2200 3926 fini-

648 3958 746 4010 bus
772 3959 882 4012 suis
904 3967 1180 4028 coeperunt
1199 3973 1292 4013 eos
1335 3958 1620 4028 expellere.
1653 3957 1886 4024 Quorum
1934 3961 2200 4015 violentias

650 4055 704 4100 et
730 4047 1001 4101 sceleratis
1042 4048 1541 4117 przesumptionibus
1579 4046 1790 4101 futurus
1818 4046 1911 4100 Dei
1973 4046 2202 4101 famulus

654 4136 932 4190 Richarius
955 4137 1189 4190 obviavit
1215 4177 1230 4201 ,
1282 4137 1586 4207 Christique
1617 4150 1798 4191 servos
1847 4139 1912 4192 de
1959 4137 2205 4191 manibus

2290 3069 2615 3141 txxxm,8).
2660 3069 2842 3137 itaque
2888 3084 3012 3123 mox
3051 3069 3118 3122 ab
3141 3069 3289 3124 initio
3328 3070 3694 3124 conversionis
3737 3085 3846 3124 suae

2292 3166 2399 3210 tam
2426 3158 2556 3210 dura
2583 3172 2641 3212 se
2666 3157 3013 3226 castigatione
3041 3159 3382 3222 constrinxit,
3413 3167 3469 3213 ut
3523 3167 3640 3228 post
3689 3158 3844 3228 longa

2292 3255 2345 3301 et
2371 3243 2623 3300 diuturna
2649 3243 2882 3316 jejunia,
2936 3261 3073 3317 pane
3121 3247 3416 3301 hordeaceo
3471 3249 3649 3312 cinere
3698 3263 3846 3302 com-

2277 3339 2480 3404 mixto,
2507 3348 2562 3393 et
2607 3355 2743 3409 aqua
2781 3339 3030 3410 lacrymis
3075 3347 3390 3409 temperata,
3417 3338 3613 3395 fessum
3632 3338 3849 3410 jejuniis

2293 3429 2665 3497 corpusculum
2697 3429 3016 3485 refocillaret
3043 3456 3055 3484 .
3091 3429 3258 3502 [omni
3313 3433 3564 3501 deinceps
3587 3433 3712 3488 vita:
3738 3448 3851 3488 sua;

2296 3525 2535 3585 tempore
2586 3517 2720 3572 nihil
2771 3519 3056 3574 admittens
3100 3521 3342 3575 lautioris
3385 3521 3568 3593 edulii]
3595 3531 3651 3577 et
3694 3521 3853 3591 hujus

2295 3608 2398 3660 cibi
2421 3607 2781 3661 sustentaculo
2802 3607 2908 3677 [bis
2932 3600 3135 3662 tantum
3164 3610 3216 3662 in
3262 3603 3592 3664 hebdomada
3616 3622 3850 3679 sumpto,

2297 3694 2382 3748 die
2403 3694 2606 3749 scilicet
2633 3695 2906 3748 Dominica
2932 3705 2987 3749 et
3005 3697 3192 3764 quinta
3221 3697 3376 3768 feria]
3407 3698 3630 3753 devotus
3651 3699 3852 3754 Christi

2297 3785 2494 3840 athleta
2514 3785 2712 3857 vigiliis
2734 3794 2788 3840 et
2812 3787 3142 3844 orationibus
3178 3789 3264 3844 die
3304 3799 3570 3860 noctuque
3627 3793 3852 3846 Domino

2298 3879 2591 3944 militabat;
2631 3894 2736 3932 non
2766 3895 2943 3933 aerem
2976 3881 3286 3946 verberans,
3317 3884 3409 3936 sed
3455 3899 3648 3952 corpus
3695 3899 3851 3938 suum

2298 3970 2586 4036 castigans,
2615 3985 2684 4022 ne
2728 3968 2937 4022 futurus
2962 3970 3162 4024 Christi
3211 3973 3531 4041 praedicator
3573 3976 3625 4027 in
3677 3974 3854 4043 aliquo

2301 4056 2557 4123 reprobus
2570 4056 2927 4128 inveniretur.

2368 4145 2452 4198 lli.
2495 4144 2599 4200 Sed
2640 4147 2724 4200 his
2763 4155 2924 4216 atque
2952 4146 3250 4215 huiusmodi
3279 4151 3535 4204 virtutum
3564 4151 3852 4220 gradibus,

654 4227 934 4294 impiorum
961 4228 1178 4294 eripuit,
1205 4235 1259 4279 et
1293 4243 1413 4284 cum
1435 4230 1583 4282 omni
1625 4229 1955 4297 benignitate
1976 4243 2069 4282 eos
2115 4228 2206 4282 de-
2302 4242 2358 4288 et
2379 4237 2724 4291 sanctissima:
2747 4237 2869 4289 vita
2894 4237 3130 4291 moribus
3152 4238 3263 4292 Deo
3285 4240 3625 4308 acceptabilis
3641 4282 3656 4306 ,
3684 4243 3858 4312 dignis

654 4318 850 4384 ducens
881 4315 1011 4386 HL,
1060 4316 1307 4379 deduxil;
1348 4315 1515 4380 Μαδο,
1564 4317 1847 4388 deducere]
1892 4319 1945 4371 in
1987 4317 2201 4371 domum
2227 4321 2278 4380 υ
2304 4325 2641 4383 successibus
2681 4325 2748 4377 ad
2783 4325 3164 4378 sacerdotalem
3199 4329 3442 4394 pervenit
3478 4329 3769 4394 honorem;
3799 4341 3860 4391 ut

655 4424 826 4471 suam,
858 4408 964 4463 Deo
987 4410 1297 4477 providente
1316 4447 1331 4473 ,
1369 4417 1429 4462 ut
1460 4407 1532 4462 illi
1567 4415 1992 4478 protegerentur,
2019 4419 2073 4464 et
2093 4411 2206 4478 ipse

725 4530 750 4557 ι
789 4514 941 4569 Gesta
969 4519 1270 4572 sacerdotis.
1313 4518 1425 4574 Hoc
1439 4517 1704 4573 distichon
1728 4533 1833 4572 non
1858 4534 1976 4575 esse
1998 4519 2204 4575 Alcuini

656 4586 847 4640 asserit
879 4585 1236 4649 Mabillouius;
1266 4587 1606 4642 Bollandistis
1630 4595 1810 4640 tamen
1855 4590 2075 4642 dubium
2101 4599 2203 4643 est.

726 4657 753 4695 1³
795 4654 858 4725 In
888 4653 1007 4708 villa
1035 4652 1271 4707 Centula.
1300 4655 1699 4725 Dontivensiurn
1734 4657 1894 4724 .regio
1919 4697 1933 4725 ,
1977 4658 2132 4725 vulgo
2161 4658 2208 4710 le

663 4722 935 4786 Ponthieu,
966 4729 1168 4776 tractus
1205 4732 1288 4776 est
1314 4723 1566 4778 Picarditn
1608 4726 1745 4778 intra
1759 4722 2222 4780 finesAtnhianen-

661 4792 824 4852 sium,
869 4792 1189 4846 Morinorum
1225 4801 1279 4843 et
1316 4790 1786 4858 Nettstrianoruut;
1832 4792 1979 4858 cujus
2010 4801 2212 4848 tractus

662 4869 817 4928 eaput
832 4860 1102 4914 Abbavilla
1127 4857 1448 4928 (Abbeoille),
1463 4877 1491 4913 a
1513 4877 1612 4928 qua
1636 4862 1839 4914 duabus
1859 4857 2023 4914 leucis
2042 4864 2214 4917 orien-

663 4927 770 4981 tem
790 4942 975 4997 versus
1009 4927 1172 4983 distat
1221 4927 1440 4981 Centufa
1471 4927 1562 4982 seu
1591 4929 1868 4983 Centulum
1921 4929 2170 4997 oppidum
2199 4972 2212 4994 ,

665 4997 751 5049 ubi
775 4996 1091 5064 Centulense
1119 4997 1521 5059 nmuasterium,
1552 5008 1834 5064 utrumque
1859 4996 2006 5051 nunc
2031 4999 2084 5051 S.
2125 5001 2214 5053 Ri-

665 5064 834 5136 charii
864 5063 1288 5136 (Saint-Riquier)
1324 5063 1870 5136 nomjncinsignitutn
1895 5107 1910 5129 ,
1953 5068 2022 5136 ad
2067 5069 2216 5123 Scar-

665 5135 890 5186 duonem
943 5134 1015 5204 (la
1065 5133 1241 5204 riviére
1272 5133 1389 5189 ὀυδ’
1429 5133 1705 5204 ςαγάοηεῖ.
1749 5135 1967 5201 Mabill.,
1991 5133 2210 5192 Observ;

666 5217 852 5268 prtem,
880 5202 1023 5254 num.
1055 5202 1107 5255 6.
1669 5202 1675 5204 ⁷

787 5267 926 5355 ιὶγορ
958 5282 1072 5355 t‘mn
1091 5271 1362 5355 nobili-bus.
1404 5273 1518 5328 Non
1551 5275 1729 5355 itaque
1753 5277 2009 5355 probandi
2048 5276 2178 5355 sunt.
2201 5316 2216 5339 ,

670 5338 758 5416 qui
787 5338 927 5418 beati
958 5339 1189 5419 Richarii
1217 5348 1440 5395 stemma
1479 5338 1796 5413 gentilitiuth
1821 5361 1886 5399 ex
1918 5338 2218 5423 Raganario

670 5403 914 5482 glodpvei
951 5405 1120 5477 Magni
1141 5407 1331 5482 __fratre
1373 5410 1656 5482 deducunt.
1685 5413 1832 5468 lianc
1854 5414 2217 5482 genealogiam

675 5469 964 5558 fabulosam
1007 5469 1552 5558 appellate}
1595 5469 1944 5558 Mabillonijus.
1986 5469 2119 5535 Hinc
2167 5492 2220 5534 et

675 5541 995 5607 epitaphium
1019 5541 1185 5599 sancti
1209 5541 1462 5610 Rfcltirii,
1482 5547 1534 5601 in
1560 5563 1665 5615 quo
1685 5552 1926 5617 prtecelso
1955 5561 2220 5604 stemmate

2302 4414 2390 4468 cui
2429 4411 2822 4481 pradicationis
2862 4411 3075 4468 devotio
3117 4415 3318 4481 inerat,
3367 4418 3584 4474 honoris
3627 4420 3860 4488 dignitas

2303 4534 2453 4580 ortus
2478 4525 2676 4580 dicitur
2697 4525 2782 4579 vir
2803 4535 3048 4593 sanctus,
3109 4527 3389 4582 Alcuinum
3439 4538 3711 4584 auctorem
3753 4546 3858 4585 nun

2304 4594 2503 4648 habere
2530 4594 2765 4659 credam,
2789 4597 3032 4663 quamvis
3051 4605 3237 4652 auctor
3270 4596 3469 4651 Chron.
3493 4596 3700 4652 Centul.
3733 4599 3860 4654 illud

2303 4665 2354 4718 ei
2392 4664 2624 4719 tribuere
2651 4663 2914 4718 videatur.

2375 4732 2401 4771 ἀ
2441 4733 2586 4787 Alter
2620 4749 2735 4787 vero
2781 4733 3102 4787 Friehorius.
3143 4732 3266 4788 Haec
3311 4734 3505 4790 omissa
3555 4751 3585 4788 a
3632 4735 3865 4802 Querce-

2310 4811 2452 4864 tano,
2479 4811 2534 4858 et
2554 4818 2747 4856 nomen
2765 4802 3054 4871 Frichorii,
3085 4811 3216 4856 teste
3244 4802 3568 4871 Mabillonio,
3592 4805 3862 4860 desidera-

2312 4879 2397 4923 tur
2419 4873 2472 4942 in
2499 4872 2766 4942 plerisque
2801 4870 3089 4942 codicibus.
3129 4871 3350 4942 Caidoci
3386 4881 3441 4926 et
3471 4870 3734 4939 Frichorii
3757 4875 3864 4942 epi-

2312 4941 2487 5011 taphia
2525 4941 2740 5011 scripsit
2761 4946 2978 5011 sanctus
3009 4940 3371 5011 Angilbertus,
3399 4957 3518 5011 qua:
3557 4950 3771 5011 exstant
3792 4940 3864 5011 iin

2311 5007 2507 5062 Chron.
2531 5008 2861 5077 Centulensi,
2891 5007 2980 5077 lib.
3028 5025 3068 5072 ι,
3097 5007 3212 5077 cap.
3245 5009 3330 5071 ll,
3359 5007 3432 5062 et’
3444 5008 3584 5076 apud
3635 5010 3868 5064 Mahillo-

2313 5079 2459 5129 nium
2487 5078 2538 5132 in
2563 5076 2667 5129 fine
2705 5075 2862 5142 hujus
2892 5076 3025 5130 Vita
3077 5075 3245 5131 sanai
3289 5075 3544 5131 Richarii.
3601 5077 3868 5133 Cervinus

2315 5146 2476 5198 abbas
2505 5145 2675 5226 sancti
2703 5143 3259 5226 confessorisCaidoci
3305 5146 3541 5226 sociique
3566 5145 3709 5226 illius
3752 5163 3869 5226 cor-

2315 5229 2440 5282 pora
2459 5230 2499 5266 -e
2527 5222 2669 5266 terra
2711 5214 2938 5282 levavit,
2983 5223 3044 5268 .et
3061 5226 3246 5268 eorum
3289 5214 3540 5282 reliquias
3589 5217 3869 5272 decentius

2315 5280 2600 5344 collocaris,
2633 5280 2876 5350 fidelibus
2913 5282 3122 5349 populis
3163 5280 3499 5337 honorandae
3531 5286 3758 5350 censuit,
3788 5284 3868 5337 in-

2317 5353 2430 5417 quit
2451 5348 2724 5421 llariulfus
2749 5352 2804 5402 in
2830 5348 3026 5421 Chron.
3051 5351 3169 5421 cit.,
3196 5350 3287 5404 lib.
3321 5368 3397 5421 tv,
3416 5364 3533 5421 cap.
3560 5355 3647 5408 33.
3665 5348 3872 5409 Utrius-

2317 5434 2419 5485 que
2436 5420 2566 5472 Acta
2593 5417 2712 5470 vide
2732 5418 2869 5485 apud
2902 5418 3258 5472 Bollandistas
3280 5420 3346 5471 ad
3367 5417 3508 5474 diem
3531 5421 3598 5474 30
3619 5422 3760 5476 Maii.

2393 5499 2415 5525 ο
2457 5487 2673 5538 Initium
2693 5501 2856 5540 sacrm
2882 5486 3161 5554 religionis.
3184 5488 3384 5542 Auctor
3404 5489 3600 5544 Chron.
3631 5489 3820 5544 Ceutul

2319 5555 2456 5610 libro
2483 5570 2528 5620 I,
2560 5568 2678 5622 cap.
2707 5554 2759 5619 6,
2791 5555 2976 5608 scribit
3003 5573 3015 5607 :
3052 5555 3280 5608 habitant
3309 5557 3587 5626 religionis.
