4262 6194
649 303 750 385 σει

1490 327 1550 383 Β.
1588 329 1648 383 F.
1689 328 1911 383 ALBINI
1951 327 2083 384 SEU
2120 305 2707 383 KLCUINI‘OPERUM
2746 327 2928 383 PARS
2965 325 3026 382 V.

3719 331 3862 394 ,688

645 439 875 510 patriam
903 452 1049 501 :ne,
1099 439 1222 491 dum
1264 438 1317 491 in
1353 437 1524 492 aliena
1565 455 1738 494 messe
1776 448 2040 508 quaareret
2066 453 2206 492 mer-
2234 447 2276 498 Α
2306 439 2584 492 cadentem
2613 439 2941 503 sublevabat,
2987 452 3053 492 ne
3083 437 3391 492 allideretur
3427 437 3480 490 in
3508 437 3689 494 terris.
3732 439 3866 494 Nam

645 528 864 591 cedem,
895 527 946 580 in
978 527 1189 596 propria
1230 527 1492 595 perderet.
1542 528 1609 581 Et
1648 536 1797 581 tanto
1839 544 1897 582 se
1931 529 2207 583 ardentius

649 617 890 671 servituti
934 617 1024 670 Dei
1068 617 1310 686 subegit,
1357 625 1558 690 quanto
1599 617 1907 670 vicit-iorem
1943 615 2043 670 sibi
2067 616 2207 670 diem

649 707 1097 762 remunerationis
1143 721 1261 762 esse
1285 707 1578 776 praesensit.
1607 706 1740 760 Nam
1769 708 2002 777 seipsum
2029 707 2207 776 quoti-

647 795 819 850 dianis
850 795 1072 866 jejuniis
1097 796 1418 860 maceravit,
1445 796 1856 851 mortiﬁcatione
1881 797 2058 851 carnis
2083 811 2210 850 con-

647 887 862 942 strinxit
881 927 895 950 ,
924 886 1119 955 vigiliis
1145 885 1331 939 alllixit
1349 926 1361 948 ,
1391 887 1722 941 orationibus
1752 887 2004 948 munivit,
2032 886 2209 940 chari-

649 983 759 1030 tate
783 974 1149 1041 confirmavit,
1185 991 1278 1046 spe
1314 978 1620 1041 roboravit,
1648 978 1751 1032 fide
1782 979 2048 1042 armavit;
2079 977 2206 1031 nulli

648 1065 844 1121 malum
870 1080 966 1134 pro
989 1065 1131 1120 malo
1155 1065 1402 1129 reddens,
1429 1065 1625 1119 nullius
1650 1066 1910 1129 adulator,
1942 1066 2208 1120 neminem

647 1165 993 1208 contemnens
1018 1170 1032 1217 ;
1061 1163 1121 1232 ut
1155 1155 1298 1206 viam
1325 1154 1567 1208 ven’tatis
1591 1155 1737 1223 prior
1763 1156 1876 1222 ipse
1904 1154 2205 1216 incederet,

646 1259 806 1312 quam
836 1245 1042 1298 exteris
1067 1244 1404 1312 praedicando
1429 1252 1839 1298 monstraverat.
1876 1243 1966 1298 Sic
1999 1245 2082 1296 vir
2114 1244 2209 1298 Dei

647 1332 796 1402 galea
821 1333 1008 1387 salutis
1033 1333 1270 1386 induitur
1295 1327 1440 1403 [Αι.,
1471 1332 1753 1404 indutus],
1782 1341 1836 1387 et
1861 1333 2032 1401 gladio
2060 1334 2208 1389 verbi

540 1415 562 1432 ⁶
649 1420 742 1474 Dei
764 1423 1052 1485 accinctus,
1076 1431 1130 1476 et
1151 1422 1315 1486 lorica
1335 1420 1555 1489 iustitiae
1578 1424 1810 1493 undique
1831 1424 2206 1488 circumdatus,

651 1520 810 1580 atque
838 1520 991 1565 scuto
1019 1512 1142 1566 fidei
1169 1521 1436 1576 armatus,
1467 1513 1836 1582 calceatusque
1864 1514 1918 1566 in
1945 1527 2210 1583 praepara-

649 1599 844 1653 tionem
895 1599 1170 1670 Evangelii
1219 1600 1366 1669 pacis
1415 1600 1644 1670 (Ephes.
1680 1601 1802 1672 Vl),
1851 1601 2112 1669 processit
2155 1600 2210 1653 in

646 1688 886 1757 praelium
913 1689 1181 1758 publicum
1211 1699 1398 1744 contra
1432 1690 1710 1759 antiquum
1747 1692 1983 1753 hostem,
2031 1690 2208 1743 omnia

647 1778 751 1832 tela
798 1776 913 1844 ejus
954 1779 1108 1847 ignea
1151 1778 1444 1832 fortissimo
1484 1779 1603 1833 fidei
1646 1781 1872 1833 umbone
1903 1779 2198 1848 repellens:
2236 1770 2276 1828 Β

647 1867 1077 1934 quotidianisque
1126 1867 1411 1934 triumphis
1444 1866 1610 1936 spolia
1653 1866 1820 1920 multa
1868 1869 2006 1922 victo
2053 1869 2205 1924 hoste

651 1957 978 2025 reportavit,
1010 1957 1063 2010 in
1093 1957 1333 2011 Ecclesia
1362 1956 1492 2028 [AI.,
1523 1957 1839 2029 Ecclesiam]
1867 1957 2069 2012 Christi
2096 1967 2205 2012 tam

650 2047 968 2103 metuendus
1005 2050 1223 2104 humani
1259 2051 1471 2119 generis
1502 2051 1751 2115 inimico,
1782 2067 1940 2119 quam
1971 2052 2205 2107 humano

647 2139 833 2218 generi
871 2141 1342 2207 pernecessarius;
1384 2149 1444 2194 ut
1486 2149 1607 2211 pote
1642 2141 1734 2209 qui
1776 2156 1879 2196 non
1907 2156 2056 2197 suam
2083 2149 2204 2196 tan-

648 2235 796 2290 tum,
824 2227 914 2280 sed
942 2228 1228 2282 multorum
1272 2231 1517 2298 quaesivit
1559 2231 1804 2285 salutem.
1846 2229 1966 2286 ldeo
2002 2229 2205 2298 justum

648 2322 729 2369 est
765 2323 824 2368 ut
860 2314 1148 2370 multorum
1183 2332 1276 2372 ore
1306 2318 1357 2371 in
1383 2317 1597 2374 Christo
1627 2319 1890 2385 laudetur,
1919 2321 2205 2376 multorum

647 2416 745 2470 pro
783 2401 997 2457 Christo
1032 2403 1300 2475 [Al.,.per
1325 2405 1638 2480 Christum]
1677 2411 2016 2478 redemptor:
2057 2410 2208 2479 cujus

647 2506 752 2545 non
777 2493 910 2546 tanti
937 2501 1019 2547 est
1047 2494 1306 2548 miracula
1332 2511 1555 2550 narrare
1575 2512 1692 2565 qua:
1719 2498 1785 2551 ab
1807 2512 1871 2551 eo
1893 2506 2037 2568 gesta
2061 2509 2204 2564 sunt,

647 2583 834 2651 quanti
872 2583 1251 2639 miraculorum
1291 2601 1613 2655 cognoscere
1642 2589 1926 2652 virtutem,
1957 2606 2061 2658 qua
2098 2607 2206 2646 caa-

648 2671 765 2725 lesti
802 2663 1024 2741 Regiin
1062 2673 1249 2728 diebus
1290 2676 1401 2729 suis
1447 2677 1670 2734 multum
1725 2679 1880 2748 179
1922 2681 2206 2748 acquisivit

647 2760 916 2829 populum.
944 2761 1077 2814 Nam
1103 2759 1748 2832 otliciumprzedicationis
1769 2768 2004 2819 omnium
2033 2767 2208 2836 signo-

649 2865 766 2901 rum
800 2852 1106 2904 ostensione
1135 2854 1309 2922 majus
1351 2868 1469 2908 esse
1508 2871 1612 2909 non
1653 2857 1873 2910 dubium
1919 2867 2037 2922 est;
2085 2859 2208 2915 licet

651 2952 756 2991 non
798 2937 1044 3001 defuerit,
1084 2955 1182 3007 pro
1229 2949 1524 3010 temporum
1562 2943 1640 2996 vel
1679 2959 1856 3000 rerum
1890 2949 2206 3002 convenien-

649 3028 719 3080 tia
738 3068 752 3091 ,
785 3028 1055 3096 signorum
1085 3031 1430 3100 perpetratio,
1463 3047 1581 3100 qua:
1611 3047 1704 3102 per
1731 3049 1854 3088 eum
1883 3035 2204 3103 divinaper-

646 3117 757 3185 egit
791 3115 1092 3171 clementia.

715 3206 802 3260 IX.
869 3206 1106 3272 Quodam
1157 3225 1384 3279 namque
1433 3219 1670 3280 tempore
1715 3213 1931 3282 maligni
1984 3214 2202 3282 spiritus

649 3300 868 3352 tentatio
903 3301 968 3353 ad
987 3302 1360 3356 verecundiam
1406 3303 1598 3357 accidit
1638 3304 1739 3356 viri
1771 3303 1885 3366 Dei,
1916 3320 2075 3372 quam
2103 3304 2199 3358 Dei

653 3389 1014 3443 misericordia
1040 3392 1106 3445 ad
1131 3392 1338 3447 laudem
1373 3395 1423 3446 ei
1449 3395 1717 3449 concessit
1741 3395 1975 3448 evenire.
2011 3395 2204 3449 Visita-

650 3479 723 3531 vit
748 3479 888 3533 enim
939 3480 1227 3548 equitando
1271 3484 1560 3552 quamdam
1604 3484 1712 3538 Deo
1761 3484 2005 3538 devotam
2055 3484 2204 3538 femi-

650 3582 790 3630 nam,
817 3579 840 3606 α
875 3567 1179 3624 Rictrudem
1207 3572 1422 3628 nomine
1453 3589 1464 3624 :
1495 3582 1550 3624 et
1578 3587 1698 3624 cum
1725 3568 1838 3649 jam
1868 3579 1987 3638 post
2025 3571 2204 3625 dulces

651 3658 770 3710 vitae
789 3657 991 3726 epulas,
1039 3668 1093 3713 et
1118 3670 1235 3728 post
1259 3661 1525 3732 colloquia
1557 3661 1809 3724 salubria,
1841 3662 1953 3729 ipse
1980 3662 2062 3713 vir
2087 3661 2200 3725 Dei,

657 3761 878 3801 ascenso
925 3763 1093 3814 equo,
1143 3751 1209 3803 ad
1254 3751 1470 3818 propria
1523 3766 1765 3805 remeare
1811 3750 2201 3819 disposuisset:

655 3830 847 3886 femina
889 3836 1164 3902 praedicta,
1203 3837 1355 3905 juxta
1404 3851 1628 3902 morem,
1675 3839 1964 3906 equitantis
1987 3836 2206 3905 vestigia

654 3922 826 3975 Patris
856 3934 1038 3978 secuta
1069 3935 1169 3989 est,
1216 3927 1242 3964 ι)
1269 3927 1471 3983 habens
1498 3928 1549 3980 in
1597 3927 1737 3980 ulnis
1780 3926 1943 3979 ﬁlium
1981 3925 2113 3995 [Al.,
2145 3926 2205 3978 ti-

654 4010 856 4082 liolum]
888 4028 1062 4080 suum,
1104 4024 1161 4068 ut
1185 4017 1439 4085 parvulus
1468 4031 1680 4086 quoque
1708 4017 2076 4071 benedictione
2113 4018 2207 4071 ho-

656 4100 812 4154 minis
841 4095 933 4154 Dei
956 4103 1316 4168 roboraretur,
1360 4119 1516 4174 quem
1542 4106 1654 4174 ipse
1681 4113 1810 4160 ante
1829 4119 1982 4160 sacro
2009 4106 2208 4174 baptis-

659 4200 799 4246 mate
852 4203 1276 4260 regeneraverat.
1332 4196 1639 4264 Accipiente
1709 4197 1888 4265 itaque
1952 4196 2208 4250 infantem

655 4283 832 4351 equite
865 4285 1187 4347 venerando,
1215 4299 1308 4338 seu
1323 4286 1406 4337 ‘ad
1435 4285 1877 4348 benedicendum,
1903 4301 1998 4340 seu
2025 4286 2093 4339 ad
2122 4300 2209 4339 os-

656 4374 958 4434 culandum,
989 4374 1240 4442 antiquus
1267 4374 1455 4435 hostis,
1481 4373 1729 4428 omnibus
1763 4373 1916 4426 bonis
1937 4373 2206 4437 inimicus,

658 4465 880 4518 immisit
905 4477 1042 4532 equo
1071 4461 1401 4518 ferocitatem
1433 4481 1446 4515 :
1478 4464 1568 4531 qui
1592 4464 1694 4524 huc
1720 4463 1946 4532 illucque
1966 4464 2211 4519 dentibus

660 4553 930 4617 frendens,
960 4555 1286 4623 pedibusque
1314 4554 1620 4619 ealcitrans,
1656 4563 1710 4610 et
1738 4562 1849 4609 toto
1879 4569 2100 4625 corpore
2130 4557 2212 4610 inv

659 4645 893 4706 saniens,
921 4645 1232 4699 inconsueto
1268 4645 1466 4714 impetu
1486 4661 1596 4716 ,per
1627 4661 1873 4716 campum
1909 4646 2212 4701 discurrere

661 4733 838 4802 cmpit.
867 4731 1015 4799 Quod
1051 4734 1506 4801 pavida-cernens
1552 4744 1741 4800 mater,
1783 4736 1964 4798 oculos
1992 4738 2210 4801 avertit,

664 4837 729 4874 ne
755 4822 1066 4875 morientem
1096 4822 1300 4875 videret
1329 4822 1516 4888 tilium,
1543 4841 1701 4893 quem
1732 4841 1921 4881 servus
1960 4826 2076 4890 Dei,
2108 4842 2210 4881 sa:-

667 4912 838 4964 viente
866 4928 1024 4981 equo,
1055 4929 1213 4967 manu
1247 4914 1480 4968 tenebat.
1509 4915 1732 4969 Familia
1757 4931 1886 4971 vero
1910 4932 2004 4985 pro
2043 4926 2214 4971 morte

666 5000 832 5068 pueri,
860 5003 942 5054 vel
975 5018 1099 5056 casu
1131 5004 1230 5057 viri
1263 5004 1376 5067 Dei,
1408 5013 1665 5072 strepere,
1711 5005 1984 5075 plangere,
2014 5006 2215 5074 ejulare

666 5105 771 5143 non
798 5090 1018 5146 destitit.
1047 5090 1150 5146 Sed
1177 5094 1394 5148 dextera
1416 5093 1637 5157 Christi,
1665 5110 1780 5163 qum
1808 5094 2022 5150 Petrum
2053 5097 2216 5164 trepi-

668 5181 882 5236 dantem
931 5179 1145 5243 levavit,
1190 5197 1256 5236 ne
1303 5194 1633 5255 mergeretur
1679 5187 1731 5238 in
1769 5186 1947 5249 undis,
1993 5198 2215 5254 puerum

737 5325 763 5353 ι
803 5312 1097 5366 Rictrudem
1145 5315 1364 5365 nomine.
1405 5314 1609 5368 Colitur
1652 5315 1719 5367 12
1751 5314 1890 5368 Maii.
1945 5315 2212 5368 BOLLAND.

673 5412 739 5422 —
760 5381 887 5447 Quae
911 5396 978 5435 an
1012 5384 1200 5436 eadem
1225 5383 1292 5435 sit
1315 5397 1434 5435 cum
1461 5391 1640 5437 sancta
1670 5384 1923 5438 Bictrude
1949 5384 2217 5438 abbatissa

676 5452 1019 5504 Mareianensi
1047 5453 1098 5504 in
1133 5453 1295 5519 ipsius
1324 5452 1594 5506 Rictrudis
1625 5453 1743 5506 Vita
1770 5453 1988 5506 discutit
2018 5451 2214 5505 Mabill.

678 5523 790 5571 Act.
815 5536 934 5590 δέξο.
966 5538 1037 5583 ιι,
1068 5530 1202 5590 part.
1230 5538 1278 5584 ι,
1311 5537 1430 5590 pag.
1470 5521 1574 5575 946
1614 5530 1725 5575 not.

755 5537 790 5571 ι.
815 5537 934 5574 stne.
966 5538 1037 5583 ιι,
1068 5537 1202 5600 part.
1230 5538 1288 5602 |,.
1311 5537 1430 5641 pag:
1470 5537 1574 5575 uso
1614 5537 1725 5575 nor.
1821 5591 1831 5601 ο

748 5590 771 5625 δ
832 5588 1035 5642 Habeas
1082 5606 1134 5642 ιη
1179 5590 1315 5642 ulms
1342 5592 1378 5658 ﬂ
1405 5607 1510 5658 tum
1557 5606 1728 5644 suum.
1770 5589 1866 5644 Htc
1891 5599 1972 5645 est
2002 5599 2220 5644 sanctus

682 5656 1003 5720 Mantontus,
1036 5659 1122 5726 qui
1162 5656 1359 5713 colitur
1382 5657 1418 5712 5
1445 5660 1602 5714 Maii:
1651 5673 1808 5731 quem
1850 5677 1878 5713 a
1915 5666 2099 5716 sancto
2124 5659 2219 5712 Ri-

2306 536 2549 591 oratione
2573 551 2603 588 a
2629 536 2848 590 famulo
2893 535 2987 589 Dei
3009 534 3174 599 facta,
3206 551 3354 605 .puer
3401 536 3683 591 incolumis
3711 539 3863 605 quasi

2307 626 2516 681 avicula
2554 627 2802 695 pervenit
2829 626 2895 681 ad
2937 634 3160 692 terram,
3208 635 3262 679 et
3293 635 3477 696 equus
3505 627 3745 683 redditus
3784 637 3866 682 est

2307 717 2699 773 mansuetudini
2748 733 2875 771 suae.
2928 715 2996 771 Et
3039 726 3212 771 mater
3253 717 3467 786 quidem
3509 718 3675 770 ﬁlium
3709 733 3865 770 suum

2307 824 2468 878 super
2514 817 2713 864 terram
2755 824 2942 863 sanum
2990 817 3044 863 et
3071 808 3332 864 ridentem
3370 811 3604 878 suscepit
3629 809 3681 862 in
3713 809 3866 862 ulnas

2306 913 2449 951 suas.
2479 898 2596 968 Ipse
2621 906 2798 952 tamen
2827 898 3077 952 sacerdos
3102 897 3196 952 Dei
3236 913 3341 953 non
3376 913 3516 968 equo
3551 899 3654 951 iter
3683 913 3863 966 agere,

2305 990 2400 1044 sed
2426 990 2591 1044 asello
2627 989 3061 1048 mansuetissimo
3097 1004 3164 1043 ex
3203 1004 3268 1044 eo
3297 998 3537 1058 tempore
3556 989 3740 1043 voluit.
3774 988 3866 1042 Sic

2307 1093 2434 1147 ergo
2459 1079 2747 1133 miserante
2769 1078 2898 1143 Deo,
2923 1079 3146 1132 tentatio
3173 1078 3389 1149 maligni
3417 1079 3585 1132 hostis
3613 1077 3686 1131 illi
3712 1093 3865 1132 versa

2306 1179 2388 1224 est
2422 1171 2474 1223 in
2514 1169 2684 1225 laudis
2714 1170 3006 1232 honorem:
3058 1179 3113 1226 et
3151 1171 3399 1240 superbia
3446 1171 3566 1240 equi
3611 1170 3752 1225 facta
3780 1180 3866 1226 est

2308 1260 2624 1315 humilitatis
2653 1262 2825 1330 gratia
2847 1270 2904 1316 'et
2927 1260 3203 1331 magistra.
3237 1260 3370 1314 Nam
3410 1276 3514 1314 non
3541 1270 3656 1314 erat
3678 1261 3866 1314 imme-

2307 1366 2428 1405 mor
2466 1350 2750 1404 Dominum
2798 1350 3104 1413 Christum,
3150 1349 3276 1404 dum
3330 1350 3398 1404 ad
3446 1349 3866 1417 redemptionem

2305 1449 2619 1508 properaret
2637 1441 2852 1494 humani
2875 1442 3103 1512 generis,
3133 1441 3296 1495 asello
3318 1441 3418 1494 iter
3445 1441 3618 1510 egisse
3648 1439 3862 1511 (Matth.

2306 1532 2583 1601 xxx),non
2627 1546 2808 1600 equo:
2861 1533 2941 1586 sic
2987 1541 3041 1586 et
3090 1533 3224 1601 ipse,
3271 1541 3490 1602 propter
3533 1530 3866 1586 salutiferam

2307 1608 2758 1690 praedicationem,
2793 1622 2919 1676 dum
2955 1637 3058 1692 per
3100 1623 3266 1677 multa
3307 1623 3546 1691 quotidie
3591 1622 3869 1678 festinaret

2309 1713 2448 1778 loca,
2479 1713 2700 1768 asellum
2750 1713 2865 1768 sibi
2906 1713 3238 1782 portitorem
3292 1712 3535 1768 sullicere
3586 1712 3864 1783 judicavit.

2304 1803 2632 1871 Qu‘ocunque
2655 1811 2834 1856 autem
2859 1803 2972 1876 iter.
2986 1804 3196 1872 agebat,
3220 1810 3313 1856 aut
3346 1803 3535 1872 psalmi
3563 1804 3614 1856 in
3637 1818 3730 1857 ore
3750 1801 3866 1870 ejus

2304 1894 2640 1957 resonabant,
2673 1903 2767 1947 ant
2805 1893 2992 1948 salutis
3029 1907 3096 1946 ex
3125 1908 3218 1947 ore
3264 1891 3378 1960 ejus
3417 1892 3728 1962 praedicatio
3767 1906 3866 1944 au-

2301 1987 2562 2042 diebatur.
2587 1985 2696 2040 Nec
2723 1986 2916 2056 mirum
2945 1985 2989 2040 si
3014 1983 3286 2039 Christum
3307 1998 3516 2052 semper
3545 1982 3867 2052 praedicaret

2303 2078 2504 2148 lingua,
2549 2091 2706 2146 quem
2753 2091 2965 2146 semper
3002 2077 3223 2146 gerebat
3251 2075 3302 2129 in
3332 2076 3509 2137 corde,
3567 2089 3664 2142 per
3708 2088 3865 2142 quem

2302 2169 2421 2239 pius
2445 2167 2752 2222 consolator
2774 2163 3108 2219 miseris-fuit
3127 2173 3181 2219 et
3210 2164 3644 2218 durus-invector
3663 2172 3866 2232 .poten-

2305 2263 2486 2316 tibus:
2535 2260 2747 2313 illorum
2774 2258 3016 2326 inopiam
3058 2257 3308 2311 clementi
3353 2256 3697 2308 miseratione
3734 2251 3871 2308 rele-

2303 2366 2450 2413 vans,
2484 2349 2706 2403 istorum
2747 2347 3050 2417 superbiam
3081 2359 3266 2400 severa
3309 2343 3662 2412 castigatione
3693 2343 3862 2411 repri-

2305 2459 2476 2500 mens.

2375 2583 2440 2636 X.
2482 2581 2613 2635 Nam
2643 2580 2870 2650 quodam
2910 2586 3147 2649 tempore
3189 2592 3284 2631 rex
3329 2574 3737 2654 petentissimus
3761 2563 3870 2624 Da-

2307 2670 2583 2738 gobertus,
2628 2674 2850 2735 rogante
2887 2667 3004 2720 viro
3047 2664 3238 2719 illustri
3285 2663 3604 2725 Gislemaro,
3652 2660 3866 2716 easdem

2305 2760 2487 2814 venire
2515 2757 2648 2830 [Αι.,
2675 2757 2840 2828 venit]
2871 2758 2922 2811 in
2953 2765 3152 2825 partes,
3183 2766 3238 2809 et
3260 2756 3436 2822 virum
3465 2755 3577 2817 Dei,
3607 2757 3666 2806 ut
3688 2766 3744 2806 se
3771 2757 3858 2805 sa-

2305 2849 2601 2905 crosanctis
2644 2847 2758 2915 ejus
2803 2847 3138 2901 orationibus
3164 2846 3588 2905 commendaret,
3636 2843 3868 2898 invisere

2307 2941 2548 3011 contigit.
2578 2939 2744 3005 Quem
2774 2938 2887 3006 ipse
2927 2937 3157 2997 famulus
3185 2937 3276 2991 Dei
3318 2945 3373 2989 et
3413 2934 3714 2991 sanctitatis
3759 2945 3870 2986 sum

2308 3030 2676 3086 benedictione
2706 3027 3001 3091 roboravit,
3030 3036 3083 3081 et
3112 3025 3429 3081 sacerdotali
3461 3024 3777 3078 auctoritate
3798 3023 3867 3076 li-

2228 3093 2276 3156 c
2306 3119 2430 3172 hera
2469 3131 2597 3171 voce
2644 3115 2942 3185 castigavit,
2989 3115 3308 3168 denuntians
3335 3115 3382 3168 ei
3425 3128 3492 3167 ne
3522 3113 3576 3166 in
3610 3103 3865 3166 'steculari
3916 3159 3922 3164 .

2305 3208 2606 3278 superbiret
2629 3207 2887 3277 potentia,
2919 3220 2986 3258 ne
3015 3205 3068 3258 in
3096 3203 3334 3274 fugitivis
3378 3210 3620 3272 speraret
3651 3200 3870 3265 divitiis,
3897 3219 3903 3226 ν

2305 3313 2371 3351 ne
2397 3296 2548 3349 vanis
2576 3293 2906 3348 adulantium
2937 3286 3284 3366 estolleretur
3321 3291 3647 3354 rumoribus,
3687 3304 3753 3343 ne
3780 3305 3872 3342 ca-

2305 3386 2454 3439 ducis
2495 3378 3132 3454 ,gaudcret-honoribus;
3187 3382 3278 3436 sed
3326 3381 3498 3450 magis
3529 3380 3620 3433 Dei
3664 3380 3873 3432 timeret

2305 3480 2621 3548 potentiam,
2672 3477 2917 3547 illiusque
2954 3477 3272 3530 immensam
3321 3475 3565 3530 laudaret
3609 3469 3869 3544 gldriam;

2305 3568 2590 3621 humanam
2617 3581 2745 3621 vero
2772 3567 3066 3633 potentiam
3090 3566 3172 3620 vel
3214 3565 3441 3635 gloriam
3476 3565 3676 3618 nullam
3719 3571 3874 3632 puta-

2307 3667 2408 3721 ret,
2453 3673 2572 3726 quae
2611 3658 2791 3712 subito
2827 3649 2972 3711 velut
3011 3656 3242 3710 volatilis
3288 3657 3476 3710 umbra
3530 3653 3766 3715 recedat,
3820 3662 3874 3708 et

2303 3758 2559 3817 tanquam
2586 3763 2771 3816 spuma
2794 3762 2953 3816 super
2974 3763 3186 3816 aquam,
3209 3746 3520 3800 tentationis
3542 3744 3702 3798 ﬂante
3737 3759 3866 3798 ven-

2305 3846 2376 3901 to,
2405 3845 2724 3893 evanescat:
2767 3845 2925 3906 atque
2957 3838 3058 3891 hoc
3082 3837 3260 3905 potius
3305 3835 3540 3889 timendo
3583 3833 3863 3903 cogitaret,

2305 3927 2428 3996 quia
2442 3934 2669 3996 potentes
2691 3933 2923 3995 potenter
2942 3933 3197 3977 lamenta
3210 3920 3642 3993 patientur(Sap.
3669 3938 3746 3987 vr,
3775 3923 3804 3974 7
3832 3921 3873 3990 ),

2303 4024 2376 4080 et,
2410 4017 2493 4069 cui
2517 4013 2634 4085 plus
2659 4008 2836 4078 datur,
2867 4012 2982 4084 plus
3004 4014 3231 4084 exigitur
3250 4013 3314 4066 ab
3343 4029 3401 4067 eo
3433 4011 3581 4083 (Luc.
3608 4027 3682 4065 ιιι
3704 4051 3718 4071 .
3759 4011 3870 4081 48).

2305 4105 2408 4170 Qui
2440 4093 2734 4157 autem’vix
2764 4087 2959 4156 sufficit
2981 4118 3078 4172 pro
3107 4116 3165 4156 se
3207 4102 3322 4156 solo
3349 4101 3610 4156 rationem
3643 4100 3868 4155 reddere

2309 4195 2418 4248 Deo
2448 4193 2502 4246 in
2534 4193 2620 4247 die
2645 4192 2853 4260 judicii,
2883 4192 3012 4261 quid
3039 4189 3200 4246 faciet
3226 4206 3324 4261 pro
3353 4199 3429 4245 tot
3454 4185 3728 4245 hominum
3758 4188 3876 4243 mil-

2307 4275 2444 4337 libus
2474 4282 2574 4351 ipsi
2602 4282 2903 4343 commissis
2930 4281 3063 4351 [Αι.,
3099 4280 3368 4350 quomodo
3396 4278 3602 4348 poterit
3651 4291 3877 4345 suppor-

2311 4386 2428 4430 tare
2457 4375 2719 4430 rationem
2745 4372 2970 4427 reddere
2999 4382 3097 4440 pro
3127 4366 3292 4425 tantis
3315 4363 3548 4423 millibus
3564 4367 3743 4438 populi
3774 4367 3875 4422 sibi

2310 4463 2642 4534 commissi]?
2679 4463 2918 4527 idcirco,
2971 4463 3196 4531 quisque
3248 4460 3422 4532 magis
3464 4460 3654 4515 timere
3699 4466 3876 4528 potest

2310 4568 2568 4624 praeesse,
2588 4568 2748 4623 quam
2783 4553 3035 4607 subesse:
3061 4548 3186 4622 quia
3211 4554 3302 4622 qui
3327 4553 3532 4616 subest,
3558 4565 3657 4620 pro
3683 4565 3740 4604 se
3762 4547 3876 4604 solo

2313 4645 2578 4698 rationem
2613 4645 2797 4699 reddet
2823 4643 2931 4699 Deo
2959 4665 2970 4697 :
3022 4639 3112 4714 qui
3144 4655 3324 4699 autem
3353 4651 3611 4714 praesunt,
3643 4656 3742 4709 pro
3760 4655 3879 4695 om-

2311 4733 2471 4789 nibus
2504 4735 2762 4789 reddituri
2800 4744 2945 4800 sunt,
2968 4751 3059 4805 qut
3099 4735 3196 4789 sub
3220 4749 3404 4790 eorum
3449 4740 3574 4788 sunt
3612 4739 3878 4801 potestate

2312 4826 2608 4880 constituti.
2639 4825 2753 4892 Qua
2777 4826 3132 4896 castigatione
3161 4840 3274 4887 rex,
3316 4833 3374 4878 ut
3401 4824 3500 4878 fuit
3529 4823 3866 4893 sapientissi-

2317 4933 2457 4980 mus,
2482 4919 2710 4990 benigne
2738 4926 3004 4987 suscepta,
3033 4918 3270 4988 gaudens
3293 4916 3410 4986 ejus
3433 4916 3601 4972 libera
3630 4916 3875 4972 veritatis

2317 5009 2528 5073 fiducia,
2561 5009 2720 5081 180
2763 5009 3094 5063 sacerdotem
3133 5007 3332 5067 Christi
3373 5023 3553 5063 secum
3581 5008 3647 5062 ad
3687 5007 3872 5063 eonvi-

2317 5101 2459 5154 vinm
2489 5101 2676 5155 venire
2711 5099 2932 5168 rogavit.
2966 5098 3068 5165 Qui
3098 5097 3296 5156 Christi
3327 5098 3658 5153 confortatus
3694 5111 3876 5150 exem-

2318 5188 2424 5255 plo,
2451 5185 2785 5243 saecularium
2825 5201 2931 5241 non
2959 5188 3254 5256 respuentis
3281 5187 3544 5250 convivia,
3589 5192 3649 5238 ut
3674 5185 3872 5257 pradi-

2319 5317 2501 5370 chario
2532 5330 2646 5386 per
2688 5330 2903 5386 sacnnn
2959 5318 3230 5386 baptisma
3290 5317 3454 5372 fuisse
3505 5325 3873 5386 regeneratum

2319 5387 2506 5439 scribit
2531 5385 2831 5440 Hucbaldns
2855 5385 3148 5443 monachus
3178 5387 3493 5443 Elnenensis
3518 5385 3571 5438 in
3600 5386 3718 5438 Vita
3747 5400 3872 5439 san-

2319 5463 2418 5508 cta:
2446 5454 2734 5508 Rictnndls.
2774 5455 2870 5511 Est
2893 5463 3070 5510 autem
3109 5458 3245 5511 alius
3269 5471 3298 5509 a
3341 5455 3578 5508 Maronto
3617 5454 3872 5508 silvarum

2324 5525 2464 5604 regis
2513 5533 2639 5604 tunc
2679 5527 3089 5604 servatore,__de
3115 5540 3235 5604 quo
3263 5521 3582 5604 _t-itox__.in‘fra
3623 5535 3786 5604 num:
3810 5519 3874 5602 ιι

2321 5590 2512 5660 agitur.
2539 5592 2802 5646 Bottaztn.
2829 5623 2896 5632 —
2922 5594 3051 5648 Vide
3075 5590 3235 5648 etiam
3263 5593 3458 5648 labill.
3485 5592 3602 5648 loco
3626 5593 3680 5646 in
3706 5590 3876 5661 priori

2324 5669 2449 5714 nota
2485 5662 2668 5714 citato.
