4268 6198
560 167 668 224 695
1408 172 1470 229 Β.
1512 173 1571 227 F.
1610 170 1837 228 ALBINI
1880 168 2009 226 SEU
2051 169 2325 229 ALCUINI
2364 170 2646 229 OPERUM
2686 170 2863 233 PARS
2902 172 2963 229 γ.
3284 238 3299 247 ,
3703 174 3807 232 696

556 284 702 344 chre
726 282 925 341 fucum
951 291 1052 341 est.
1083 283 1193 340 Nec
1213 285 1545 344 conﬂuentes
1571 288 1822 343 cessabat
1841 288 1907 342 ad
1934 304 1993 344 se
2019 296 2131 341 tur-
2163 290 2207 347 Α
2234 288 2394 343 minis
2434 290 2738 359 splendore.
2769 290 2983 359 plenum
3031 304 3143 345 sua:
3175 289 3517 359 perfectionis
3561 293 3810 348 ostendet

555 375 653 432 bas
676 375 994 432 suavissima
1019 375 1165 433 verbi
1192 376 1286 431 Dei
1307 377 1678 433 admonitione
1705 378 2001 434 cohortari.
2028 376 2136 432 Sed

554 475 613 521 et
658 464 802 522 illius
830 466 1005 538 gentis
1037 460 1148 537 regi
1173 475 1228 523 et
1268 466 1618 538 optimatibus
1667 466 2002 523 honorabilis
2050 464 2133 521 ef-

556 556 733 617 foctus
764 568 869 623 est,
921 558 982 613 in
1014 564 1249 622 tantum,
1279 566 1340 612 ut
1365 556 1415 613 ei
1456 556 1665 627 aliquas
1695 566 1963 611 terrarum
2006 571 2132 627 pos-

486 622 938 716 Jsessiunculas,
977 650 1083 705 illis
1111 650 1497 719 promontoriis
1531 622 1858 717 adjacentes,
1902 649 1969 705 ad
2001 622 2131 704 mdi-

557 742 819 798 tlcandam
850 742 960 799 Deo
982 743 1294 807 ecclesiam,
1317 742 1461 797 dono
1481 751 1741 813 perpetuo
1768 742 2130 807 contulerint;

556 833 609 887 in
649 848 757 903 qua
778 833 899 904 pius
935 842 1091 905 pater
1113 834 1379 889 modicam
1421 834 1659 904 quidem,
1705 834 1800 889 sed
1848 835 2132 888 honestam

556 924 664 979 Deo
705 925 1052 981 servientium
1090 924 1348 981 adunavit
1391 926 1890 997 congregationem,
1937 925 1993 980 in
2023 938 2130 995 qua

552 1028 605 1073 et
629 1028 751 1089 post
775 1016 1100 1087 multiplices
1124 1017 1299 1073 sancti
1320 1018 1519 1073 laboris
1539 1032 1763 1088 agones,
1792 1032 1822 1072 a
1845 1017 1957 1072 Deo
1977 1031 2131 1072 coro—

553 1115 710 1163 natus
737 1119 969 1176 corpore
992 1107 1305 1184 requiescit,
1329 1115 1385 1160 et
1405 1106 1609 1175 posteri
1639 1105 1758 1179 ejus
1778 1121 1948 1176 usque
1971 1103 2130 1184 hodie

550 1215 613 1253 rs
646 1196 946 1254 sanctitatis
973 1178 1095 1266 ejus
1120 1198 1408 1253 traditione
1435 1197 1732 1266 possident.
1764 1196 2003 1264 Quorum
2029 1178 2143 1266 ego-

550 1289 757 1343 mcritis
794 1288 1066 1352 eto_rdine
1092 1294 1400 1352 extremus,
1448 1287 1695 1343 eamdem
1741 1286 1988 1342 cellulam
2031 1301 2129 1357 per

550 1379 923 1434 successiones
958 1378 1224 1451 legitimas
1282 1378 1493 1448 suscepi
1547 1378 1987 1449 guhcmandam,
2034 1378 2125 1447 qui

549 1470 688 1524 hanc
731 1469 1014 1526 historiam
1062 1467 1391 1524 sanctissimi
1434 1467 1609 1523 Patris
1637 1478 1693 1524 et
1718 1469 1914 1524 summi
1946 1483 2125 1525 sacer-

548 1558 690 1614 dotis
735 1558 1095 1622 Willibrordi,
1144 1567 1195 1614 te
1232 1555 1483 1629 jubente,
1527 1558 1837 1613 beatissime
1882 1556 2124 1629 pontifex

547 1647 877 1713 Beorurade,
916 1647 1211 1718 conscripsi
1242 1664 1257 1704 :
1287 1646 1381 1717 qui
1413 1654 1565 1701 tanto
1612 1645 1783 1709 Patri,
1830 1655 1884 1700 et
1927 1646 2124 1701 summi

547 1739 833 1795 sacerdotii
868 1739 1152 1810 dignitate,
1194 1746 1249 1793 et
1294 1738 1507 1809 generis
1550 1738 1884 1805 posteritate,
1913 1744 1969 1792 et
1996 1752 2124 1797 sano

547 1840 759 1887 ctorum
785 1830 1026 1902 locorum
1068 1828 1445 1883 observatione
1474 1841 1592 1895 quae
1618 1827 1687 1882 ab
1711 1841 1777 1881 eo
1807 1827 1859 1880 in
1886 1826 1980 1882 Dei
2022 1826 2123 1884 bo-

548 1935 733 1975 norem
756 1928 1064 1977 constructa
1093 1932 1213 1973 esse
1255 1910 1575 1980 noscuntur,
1605 1916 1897 1970 secundum
1944 1916 2123 1972 datam

548 2011 643 2068 tibi
670 2029 701 2067 a
724 2004 836 2066 Deo
866 2011 1123 2083 gratiam,
1146 2010 1320 2064 haeres
1348 2008 1699 2079 dignissimus
1724 2006 2006 2063 exstitisti!

612 2101 744 2158 Car.
769 2102 831 2156 II.
858 2100 916 2157 S.
941 2100 1270 2175 Willibrordi
1295 2103 1430 2153 mira
1449 2100 1734 2168 conceptio.
1774 2096 1925 2151 Visio
1938 2098 2121 2151 matris

541 2194 675 2263 ejus.
717 2190 941 2250 I'isiouis
969 2191 1347 2260 interpretatio.
1376 2189 1530 2243 ——Et
1576 2197 1635 2243 ut
1669 2187 1908 2256 ejusdem
1949 2186 2120 2241 sancti

543 2284 711 2355 patris
732 2282 1064 2337 Willihrordi
1092 2280 1585 2341 altiusrnativitatis
1604 2279 1892 2347 originem,
1917 2285 1973 2331 et
1997 2292 2119 2332 mox

545 2378 598 2430 iu
627 2383 781 2430 utero
814 2373 1001 2427 matris
1028 2371 1219 2426 divina:
1246 2370 1527 2426 electionis
1555 2377 1793 2439 repetam
1838 2367 2118 2439 praesagia,

544 2475 786 2523 revertar
831 2465 971 2519 unde
995 2477 1245 2534 egressus
1268 2472 1408 2516 sitm.
1432 2460 1567 2515 Nam
1586 2461 1726 2514 sicut
1748 2457 2121 2513 sanctissimus

542 2574 842 2627 praecurso:
869 2556 1080 2611 Domini
1105 2556 1274 2609 nostri
1300 2553 1425 2608 Jcsu
1448 2552 1648 2608 Christi
1671 2553 1860 2605 beatus
1886 2548 2120 2604 Joannes

541 2651 803 2720 Baptista,
826 2664 892 2704 ex
920 2657 1071 2702 utero
1094 2646 1280 2701 matris
1310 2645 1418 2701 Deo
1441 2643 1829 2707 sanetilicatus,
1858 2641 2120 2711 religiosis

537 2745 869 2813 parentibus,
908 2751 965 2795 ut
1013 2738 1321 2809 evangelica
1372 2745 1555 2791 narrat
1604 2736 1829 2790 historia
1874 2733 2023 2803 (Luc.
2055 2733 2115 2803 ι),

538 2835 811 2889 tIhristnm
853 2838 950 2887 cc‘u
982 2832 1149 2885 solem
1204 2831 1510 2900 praecedens
1560 2825 1783 2889 lucifer,
1834 2824 2014 2878 multis
2063 2824 2118 2888 in

538 2926 764 2980 salutem
793 2922 1127 2994 profuturus,
1169 2931 1325 2975 natus
1354 2932 1437 2973 est
1472 2937 1482 2970 :
1510 2919 1583 2972 ita
1608 2928 1663 2972 et
1691 2926 1909 2971 sanctus
1942 2912 2114 2966 Willi-

538 3017 767 3071 hrordus
801 2991 865 3068 diu
912 3013 1269 3084 plurimorum
1313 3011 1527 3080 genitus
1568 3009 1790 3062 salutem
1832 3003 2025 3076 [.Ilab.,
2066 2991 2191 3065 inC

536 3108 891 3177 plurimarum
920 3104 1157 3173 gentium
1198 3100 1474 3170 salutem],
1508 3097 1774 3165 religiosis
1805 3094 2118 3166 parentibus

535 3208 692 3252 natus
725 3212 841 3252 esse
873 3195 1223 3264 dignescitur.
1263 3192 1394 3245 Nam
1441 3191 1522 3242 vir
1552 3187 1872 3242 venerabilis
1903 3185 2114 3255 Wilgis,

536 3290 601 3341 de
629 3302 734 3357 quo
757 3288 911 3340 nobis
953 3285 1111 3353 paulo
1154 3292 1273 3338 ante
1302 3296 1479 3336 sermo
1510 3279 1629 3339 fuit,
1662 3280 1727 3330 ad
1758 3278 1857 3329 hoc
1887 3284 2114 3334 tantum,

538 3379 645 3430 Deo
674 3377 1103 3446 praedestinante.
1136 3373 1477 3426 matrimonio
1501 3369 1720 3437 junctus
1761 3376 1871 3429 est,
1900 3373 1958 3417 ut
1996 3363 2117 3417 talis

537 3469 601 3523 ad
634 3467 929 3538 profectum
980 3467 1266 3520 multorum
1309 3463 1624 3533 populorum
1666 3477 1733 3517 ex
1777 3474 1841 3513 eo
1866 3456 2116 3512 ederetur

535 3562 730 3631 proles.
776 3561 940 3629 Igitur
967 3575 1100 3613 uxor
1136 3557 1269 3625 ejus,
1303 3565 1473 3609 mater
1522 3553 1726 3607 scilicet
1772 3552 1912 3605 beati
1945 3548 2126 3605 Willi-.

535 3652 711 3705 hrordi
756 3653 945 3721 patris,
996 3653 1313 3719 intempesta
1346 3650 1519 3702 noctis
1550 3646 1749 3715 quiete,
1795 3642 2014 3695 cmlcste
2061 3640 2114 3693 in

534 3744 735 3796 somnis
763 3743 891 3795 vidit
920 3756 1107 3794 orama
1141 3739 1357 3813 (ὅραμα,
1388 3740 1438 3789 id
1468 3747 1539 3789 est
1572 3736 1787 3799 visum).
1820 3726 2001 3785 Visum
2034 3739 2117 3783 est

532 3834 579 3885 ei
600 3834 767 3900 ,quasi
824 3848 1014 3886 novam
1066 3835 1121 3887 in
1166 3833 1302 3885 cmlu
1350 3831 1557 3882 videret
1608 3829 1807 3885 lunam,
1840 3833 2117 3877 crescente

535 3926 645 3988 illa,
675 3940 845 3993 usque
874 3926 997 3979 dum
1030 3924 1183 3994 plena
1210 3924 1489 3974 videbatur
1521 3936 1657 3973 esse.
1687 3921 1857 3984 Quam
1890 3918 2113 3984 diligen-

535 4020 637 4072 tius
678 4020 905 4079 intuens,
958 4016 1247 4085 repentino.
1267 4028 1426 4067 cursu
1463 4012 1607 4079 lapsa
1650 4011 1755 4062 ruit
1804 4010 1854 4060 in
1886 4024 1946 4061 os
1976 4007 2111 4075 ejus.
2146 3999 2157 4009 ’

532 4114 643 4176 Qua
675 4112 940 4167 devorata,
990 4107 1105 4175 ejus
1150 4106 1335 4159 intima
1381 4103 1661 4172 splendore
1713 4100 1923 4172 perfusa
1969 4110 2110 4153 sunt.

510 4188 801 4273 "Evigilaus
831 4220 979 4263 vero.
1020 4180 1211 4256 timore
1259 4200 1569 4269 perterrita,
1614 4198 1826 4251 cuidam
1860 4198 1961 4251 hoc
1991 4195 2115 4249 reli-

533 4298 679 4363 gioso
724 4297 1037 4365 presbytero
1071 4293 1249 4345 retulit
1294 4292 1591 4353 somnium;
1640 4290 1835 4359 illoque
1878 4287 2106 4341 interro-

532 4399 687 4457 gante
714 4392 753 4442 si
784 4405 845 4441 ea
894 4395 1049 4439 nocte
1089 4400 1192 4452 qua
1240 4385 1288 4437 ei
1325 4385 1459 4437 visio
1500 4383 1635 4435 facta
1666 4392 1769 4444 est,
1816 4396 1913 4435 suo
1962 4395 2110 4434 more

532 4474 1029 4541 solitojungcretur
1073 4474 1209 4535 viro,
1263 4478 1589 4539 acceptaque
1643 4470 1708 4521 ab
1750 4485 1812 4522 ea
1864 4468 1977 4543 ejus
2035 4471 2107 4522 rei

534 4568 883 4623 confessione.
932 4564 1001 4618 ita
1032 4564 1345 4631 respondit:
1383 4562 1553 4623 Luna,
1585 4576 1748 4628 quam
1788 4575 1853 4613 et
1902 4559 2108 4614 modica

532 4663 579 4710 vi
606 4656 709 4712 listi
744 4660 794 4709 in
836 4670 1082 4724 magnam
1113 4653 1305 4723 [Mab.,
1351 4668 1415 4707 ex
1451 4650 1727 4705 modico...
1755 4652 1806 4703 in
1834 4648 2110 4719 magnum]

531 4754 781 4811 crevisse,
815 4750 954 4805 Illius
986 4756 1067 4803 est
1096 4764 1253 4815 quem
1288 4749 1339 4802 in
1369 4762 1433 4800 ea
1462 4753 1618 4799 nocte
1647 4742 1941 4812 concepisti
1974 4759 1984 4791 :
2019 4741 2107 4808 qui

534 4844 648 4894 lucc
678 4841 919 4893 veritatis
947 4839 1271 4907 caliginosos
1311 4837 1653 4892 tenebrarum
1680 4847 1892 4889 errores
1929 4830 2108 4883 discu-

534 4934 647 4993 tict,
675 4941 729 4985 et
756 4945 1077 5000 quocunque
1100 4928 1418 4997 perrexerit,
1452 4927 1744 4981 comitante
1782 4921 1997 4991 superni
2031 4920 2110 4973 hl-

602 5104 625 5130 α
660 5088 892 5157 Ripcnsis
921 5084 1049 5157 [Μ.⁹
1088 5079 1395 5157 Δῌνξιιιτριείες]
1426 5080 1653 5157 ecclesia:
1688 5079 1958 5157 fratribus.
1996 5074 2108 5128 Hoc

530 5150 937 5217 monasterium
965 5155 1033 5209 ab
1074 5152 1307 5207 Alcfrido
1338 5150 1934 5204 Northanhumbrorum
1984 5162 2107 5213 rege

530 5232 800 5286 conditum
830 5229 993 5283 fuisse
1028 5238 1170 5277 anno
1216 5221 1338 5284 651,
1371 5221 1525 5274 docet
1552 5219 1744 5272 Mabill.
1788 5234 1910 5273 suae.
1943 5234 1979 5271 ιι
2012 5218 2100 5269 lie-

530 5304 672 5361 nml.,
715 5302 764 5352 in
797 5299 912 5352 Vita
943 5295 1117 5350 sancti
1145 5288 1534 5365 Gutbberti,‘ad
1556 5303 1673 5357 cap.
1704 5290 1755 5340 7.
1788 5358 1799 5365 _
1930 5359 1940 5365 _
1969 5358 1978 5365 _
2058 5356 2067 5365 _

602 5374 626 5409 δ
655 5358 895 5437 Episcopi
926 5366 1153 5437 Eqberti.
1182 5362 1355 5437 lianc
1384 5360 1691 5437 episcopum
1721 5358 2097 5437 velarehicpi-

529 5429 745 5506 scopum
776 5429 936 5490 fuisse
968 5429 1282 5506 subdubitat
1307 5429 1659 5506 Mabill._s_:ee.
1694 5444 1752 5506 ιιι
1783 5430 1912 5506 Ben.
1948 5438 2088 5506 part.

534 5530 567 5567 ι,
602 5498 650 5563 in
682 5508 795 5572 t'jus
836 5508 1019 5575 Elogio
1071 5520 1215 5557 num.
1258 5504 1310 5567 6,
1362 5516 1481 5571 pag.
1511 5499 1634 5575 490,
1692 5500 1760 5575 ob
1815 5498 2090 5575 silentium

538 5582 661 5631 \F‘u.
698 5567 864 5640 Ivi-ulte,
906 5567 993 5647 qvui
1038 5576 1183 5628 illum
1226 5567 1488 5642 nusquam
1527 5569 1823 5622 antistitem
1867 5568 1947 5621 vel
1980 5567 2091 5633 cpi.

2237 376 2451 449 globum
2490 390 2957 449 :coruscanthue
3018 380 3252 434 rumoris
3310 379 3424 448 ejus
3478 380 3711 437 candore
3751 392 3808 438 et

2235 484 2445 524 morum
2475 470 2891 544 pulchritudine,
2918 471 3206 526 multorum
3242 472 3294 529 in
3335 486 3392 527 se
3433 473 3629 530 alliciet
3653 489 3809 544 aspco

2233 569 2399 616 ctum.
2447 560 2617 631 Hujus
2659 580 2789 635 ergo
2838 564 3032 620 somnii
3082 565 3576 634 interpretationem
3626 582 3805 622 rerum

2232 652 2437 708 veritas
2472 654 2755 709 subsecuta
2782 662 2887 710 est.

2272 742 2428 800 ,αλιι
2456 745 2540 801 III.
2577 744 2844 801 Natiritas
2867 752 2929 802 et
2953 747 3236 819 baptisma
3272 748 3438 801 sancti
3458 744 3804 803 Willibrordi.

2234 833 2323 889 Fit
2347 835 2567 891 clericus
2594 848 2644 893 et
2667 836 2973 893 monachus.
3012 867 3084 877 —
3120 836 3346 892 Factum
3370 847 3456 894 est
3487 847 3608 910 post
3633 840 3806 894 circu-

2230 926 2339 980 lum
2361 926 2588 991 dierum,
2616 936 2673 983 et
2694 926 2890 983 mulier
2907 928 3119 999 peperit
3144 925 3332 992 lilium,
3358 943 3622 1000 sacroque
3655 927 3806 985 fonte

2227 1015 2562 1088 baptismatis
2581 1025 2897 1089 regenerato
2920 1017 3170 1088 imposuit
3182 1018 3230 1072 ei
3247 1025 3418 1073 mater
3430 1034 3624 1074 nomen
3639 1016 3809 1073 Willi-

2210 1092 2416 1172 brord,
2436 1117 2491 1162 et
2512 1109 2695 1163 statim
2719 1108 3047 1163 ablactatum
3090 1107 3411 1163 infantulum
3435 1109 3650 1163 tradidit
3681 1123 3803 1165 eum

2227 1207 2382 1268 pater
2395 1210 2420 1238 ι
2438 1198 2687 1267 Ripensis
2711 1198 2954 1253 ecclesia:
2983 1196 3260 1263 fratribus,
3271 1197 3535 1269 religiosis
3547 1199 3739 1253 studiis
3752 1207 3807 1254 et

2227 1288 2396 1343 sacris
2420 1286 2613 1342 litteris
2624 1286 2978 1343 erudiendum
3001 1304 3015 1340 :
3040 1296 3098 1340 ut
3121 1285 3364 1358 fragilior
3382 1297 3513 1342 etas
3533 1287 3803 1343 validiori-

2225 1381 2325 1437 bus
2372 1379 2725 1434 iuvalesceret
2768 1377 3089 1448 disciplinis,
3136 1377 3226 1435 ubi
3277 1377 3411 1436 nihil
3452 1377 3660 1432 videret
3700 1378 3801 1433 nisi

2227 1473 2477 1535 honesta,
2510 1469 2645 1525 nihil
2670 1470 2881 1525 audiret
2911 1470 3014 1524 nisi
3039 1477 3245 1525 sancta.
3273 1468 3447 1536 Quem,
3471 1469 3650 1531 divina
3678 1485 3799 1524 mox

2228 1567 2398 1638 gratia
2429 1566 2497 1621 ah
2519 1567 2738 1621 ineunte
2775 1565 3004 1637 pueritia
3024 1574 3081 1621 et
3104 1580 3263 1621 sensu
3291 1564 3574 1635 prolicere,
3610 1575 3663 1619 et
3688 1580 3800 1622 mo-

2230 1660 2377 1715 ribus
2402 1658 2622 1729 pollere,
2645 1665 2905 1728 quantum
2929 1656 2996 1711 ad
3019 1657 3153 1713 tales
3173 1657 3423 1729 congruit
3449 1672 3637 1720 annos,
3668 1672 3799 1712 con-

2228 1752 2392 1808 cessit
2421 1768 2433 1804 :
2465 1750 2537 1805 ita
2563 1758 2622 1805 ut
2647 1750 2848 1805 nostris
2874 1750 3210 1818 temporibus
3233 1764 3429 1805 novum
3460 1748 3674 1803 Samuel
3706 1765 3801 1805 na-

2228 1844 2305 1899 sci
2337 1850 2572 1912 putares,
2606 1842 2674 1898 de
2696 1856 2803 1912 quo
2830 1840 3031 1899 dictum
3060 1848 3143 1896 est
3176 1859 3189 1893 :
3218 1839 3361 1894 Puer
3386 1848 3560 1893 autem
3588 1837 3804 1895 Samuel

2226 1938 2531 2009 proﬁciebat
2561 1947 2719 2007 atque
2742 1934 3021 2000 crescebat,
3047 1944 3095 1989 et
3119 1934 3355 2005 placebat
3378 1944 3484 1989 tam
3510 1934 3616 1989 Deo
3644 1951 3801 2005 quam

2225 2025 2519 2083 hominibus
2548 2024 2600 2096 (1
2632 2024 2760 2096 Reg.
2790 2041 2853 2090 tt,
2893 2023 3008 2092 26).
3041 2024 3222 2093 Ibique
3255 2024 3307 2079 in
3332 2025 3587 2102 praedicto
3611 2038 3800 2078 mona-

2225 2120 2390 2174 sterio
2420 2118 2603 2172 multis
2626 2116 2940 2189 profuturus
2966 2134 3119 2187 puer,
3148 2117 3431 2177 clericatus
3458 2116 3662 2187 accepit
3683 2126 3799 2172 ton-

2223 2226 2425 2272 suram,
2449 2218 2504 2263 et
2526 2210 2612 2278 pia
2642 2208 2976 2280 professione
3003 2208 3325 2264 monachum
3352 2222 3410 2263 se
3434 2206 3560 2262 fecit
3581 2222 3722 2272 esse,
3745 2220 3802 2264 et

2226 2304 2365 2357 inter
2406 2313 2632 2358 czeteros
2670 2301 2910 2372 ejusdem
2947 2300 3275 2357 sanctissimi
3312 2299 3619 2355 monasterii
3665 2299 3796 2355 ado-

2224 2394 2484 2448 lescentes
2510 2392 2776 2447 enutritus
2814 2399 2929 2456 est;
2976 2392 3069 2446 sed
3108 2390 3240 2445 nulli
3272 2389 3549 2445 alacritate
3596 2389 3795 2454 minor,

2222 2487 2350 2542 nulli
2373 2486 2691 2542 humilitatis
2714 2484 2888 2540 oﬂicio
2909 2484 3192 2547 secundus,
3213 2484 3343 2539 nulli
3368 2483 3613 2538 lectionis
3638 2480 3795 2552 185

2220 2576 2399 2631 studio
2436 2575 2656 2629 inferior
2691 2593 2703 2629 :
2731 2574 2824 2629 sed
2858 2575 2936 2629 sic
2966 2574 3205 2643 quotidie
3241 2573 3395 2629 bona:
3437 2572 3630 2627 indolis
3663 2586 3796 2640 puer

2218 2663 2552 2732 proﬁciebat,
2578 2673 2637 2718 ut
2668 2673 2883 2717 teneros
2906 2664 3149 2732 pueritia:
3170 2677 3342 2715 annos
3369 2676 3574 2714 mormn
3611 2662 3792 2729 gravi-

2224 2762 2333 2806 tate
2364 2754 2812 2821 transcenderet:
2846 2752 3127 2820 factusque
3165 2759 3246 2806 est
3274 2752 3592 2819 grandaevus
3630 2767 3789 2807 sensu

2219 2844 2308 2910 qui
2346 2844 2663 2913 corpusculo
2691 2843 2933 2898 modicus
2970 2841 3069 2896 fuit
3095 2851 3149 2896 et
3182 2842 3402 2911 fragilis.

2290 2932 2415 2990 CAP.
2466 2932 2553 2987 IV.
2596 2932 2660 2986 In
2694 2933 2997 2985 Hiberniam
3028 2932 3392 3001 proﬁciscitur.
3425 2964 3494 2983 τ-
3524 2934 3688 3002 Igitur
3734 2932 3789 2984 in

2223 3024 2391 3078 sacris
2421 3024 2830 3087 eruditionibus,
2867 3033 2921 3078 et
2959 3025 3011 3077 in
3040 3025 3184 3077 omni
3220 3024 3529 3087 sobrietate,
3558 3038 3791 3077 morum-

2221 3126 2326 3180 que
2350 3112 2649 3175 honestate,
2680 3112 2998 3173 heatissimo
3024 3128 3193 3182 usque
3221 3113 3287 3166 ad
3313 3114 3629 3167 vicesimum
3662 3120 3792 3166 tcta-

2222 3201 2291 3255 tis
2347 3214 2457 3265 suae
2507 3215 2706 3257 annum
2758 3200 3096 3255 adolescente
3151 3200 3494 3271 proliciente,
3543 3200 3789 3255 arctioris

2220 3294 2343 3346 vita:
2377 3293 2567 3347 ardore
2599 3308 2889 3347 succensus
2916 3304 3018 3356 est,
3047 3302 3103 3346 et
3127 3293 3572 3363 peregrinationis
3608 3307 3790 3347 amore

2220 3384 2526 3453 instigatus.
2561 3383 2625 3437 Et
2650 3384 2775 3453 quia
2815 3383 2867 3437 in
2899 3383 3151 3438 Hibernia
3195 3384 3570 3439 scholasticam
3610 3382 3791 3438 erudi-

2222 3475 2420 3529 tionem
2452 3476 2687 3543 viguisse
2722 3475 2944 3538 audivit,
2985 3475 3145 3529 etiam
3180 3475 3533 3545 quorumdam
3578 3482 3789 3528 sancto-

2219 3582 2336 3619 rum
2370 3567 2628 3629 virorum,
2660 3565 2801 3619 fama
2844 3574 3114 3628 narrante,
3147 3567 3555 3621 conversatione
3598 3564 3788 3619 incita-

2218 3670 2323 3721 tus,
2342 3659 2671 3728 etpnecipue
2697 3660 2991 3714 beatissimi
3008 3659 3181 3713 Patris
3203 3667 3257 3713 et
3281 3659 3513 3728 episcopi
3527 3657 3741 3727 Egberti
3758 3658 3786 3696 δ

2218 3747 2413 3821 [Μαὸ.,
2447 3747 2684 3819 Eeberti]
2711 3790 2725 3812 ,
2770 3749 2859 3817 qui
2897 3755 3250 3817 cognomento
3288 3746 3518 3801 Sanctus
3553 3748 3784 3801 vocaba-

2216 3850 2331 3917 tur;
2368 3855 2467 3895 nee
2506 3856 2611 3894 non
2653 3849 2709 3895 et
2735 3839 2991 3894 Wicberti
3035 3837 3357 3892 venerabilis
3386 3838 3485 3891 viri
3521 3846 3575 3892 et
3610 3852 3787 3893 sacer-

2217 3933 2357 3987 dotis
2388 3930 2500 3995 Dei,
2526 3946 2754 4001 quorum
2788 3939 3012 3999 uterque
3038 3930 3108 3985 ob
3142 3927 3379 3984 caelestis
3422 3927 3609 3998 patria:
3637 3942 3784 3981 amo-

2217 4039 2350 4085 rem,
2375 4024 2552 4084 domo,
2574 4023 2768 4091 patria,
2793 4021 3217 4091 cognationeque
3242 4020 3446 4081 relicta,
3473 4018 3781 4072 Hiberniam

2214 4112 2454 4173 secessit,
2485 4111 2663 4179 ibique
2688 4110 3025 4163 dulcissimos
3051 4123 3295 4178 superna:
3319 4104 3783 4175 contemplationis

2215 4204 2439 4267 fructus,
2467 4202 2659 4257 sarculo
2689 4202 2879 4265 nudus,
2912 4202 3020 4270 Deo
3047 4201 3254 4270 plenus,
3282 4200 3522 4255 solitaria
3543 4194 3805 4263 quotidie

2212 4294 2495 4349 hauriebat
2529 4294 2953 4349 conversatione.
2986 4286 3208 4349 "lorum
3247 4291 3436 4344 beatus
3472 4286 3779 4341 adolescens

2212 4385 2451 4440 zemulari
2501 4384 2723 4453 cupiens
2756 4383 3089 4451 religionem,
3145 4394 3267 4433 cum
3317 4377 3656 4432 conniventia
3696 4378 3777 4430 sui

2213 4476 2422 4539 abbatis
2459 4482 2513 4527 et
2546 4472 2791 4533 fratrum,
2828 4472 2879 4522 in
2908 4470 3217 4523 Hiberniam
3255 4468 3421 4532 veloci
3453 4483 3611 4523 cursu
3646 4482 3779 4522 con-

2212 4563 2421 4620 scendit
2459 4559 2649 4633 [Mab.,
2676 4558 2993 4629 contendit],
3044 4560 3420 4628 prmdictorum
3453 4559 3675 4613 Palmm
3721 4572 3780 4612 se

2213 4649 2561 4708 familiaritati
2603 4647 2956 4719 coniungens;
3003 4658 3289 4717 quatenus,
3332 4665 3427 4703 ceu
3475 4646 3779 4716 prudentis-

2212 4744 2347 4798 sima
2375 4741 2507 4809 apis,
2534 4755 2596 4793 ex
2628 4755 2809 4793 eorum
2836 4741 3231 4810 prepinquitate
3260 4736 3539 4793 melliﬂuos
3566 4735 3778 4804 pietatis

2217 4839 2464 4901 carperet
2491 4830 2675 4895 flores;
2730 4838 2783 4884 et
2817 4832 2869 4883 in
2902 4831 2981 4884 sui
3008 4829 3244 4908 pectoris
3268 4827 3504 4880 alvcario
3534 4823 3776 4879 dulcissi-

2218 4938 2333 4978 mos
2376 4924 2634 4978 virtutum
2678 4922 2823 4978 favos
2863 4927 3227 4983 construeret;
3278 4918 3457 4985 ibique
3498 4915 3777 4971 duodecim

2217 5094 2455 5140 scepum,
2486 5077 2579 5130 sed
2607 5082 2811 5127 tantum
2842 5070 3171 5140 sacerdotem
3200 5068 3459 5140 nominat.
3506 5068 3643 5140 Hinc
3666 5083 3778 5140 non

2217 5138 2510 5202 audiendus
2538 5140 3109 5216 pseudo-Marcellinus
3154 5138 3208 5191 in
3239 5138 3295 5192 S.
3324 5138 3596 5216 Suidher‘ti
3638 5138 3775 5216 actis

2206 5218 2482 5276 fabulosis,
2528 5208 2619 5283 qui
2652 5213 2948 5283 Egbertum
2986 5208 3376 5283 Eboracensem
3415 5208 3775 5283 arclﬂepisco-

2200 5302 2324 5369 pum
2358 5288 2503 5369 dicit.
2538 5277 2870 5369 confundens
2922 5294 3043 5358 eum
3072 5277 3772 5369 vidcl'icetncpm‘ﬁ'cibert‘o

2200 5346 2341 5413 illius
2380 5356 2523 5410 sedis
2572 5350 2831 5411 antistite,
2862 5349 2953 5417 qui
2984 5358 3103 5417 post
3135 5348 3293 5416 hujus
3318 5346 3535 5417 Egberti
3566 5346 3777 5417 obitum

2200 5364 2341 5413 illius
2380 5364 2523 5410 sedis
2572 5364 2831 5411 anusme,
2862 5364 2953 5471 qui
2982 5364 3103 5470 p051
3136 5364 3293 5416 nujns
3320 5364 3535 5417 agnem
3566 5364 3773 5399 outtum

2198 5443 2338 5481 anno
2376 5426 2533 5479 tertio
2577 5422 2629 5475 in
2662 5419 2835 5473 locum
2894 5418 2973 5472 Vil
3005 5420 3100 5472 ridi
3144 5418 3375 5487 junioris
3419 5414 3773 5471 Eboracensis

2200 5492 2586 5563 archiepiscopi
2632 5487 2886 5544 suffectus
2920 5497 3020 5543 est.
