4268 6202
832 194 935 253 697
1238 150 1239 155 γ
1517 190 2089 249 BAGIOGRAPHICA.
2127 220 2200 235 —
2232 187 2389 246 VITA
2431 187 2491 245 S.
2532 158 3009 247 WILLIBRDRDI.
3046 220 3117 231 -—
3151 187 3275 244 LIB.
3307 186 3350 242 ι.
3708 174 3709 179 “
3938 189 4044 245 698

834 310 1009 375 annis,
1050 310 1191 365 inter
1224 306 1451 366 eximios
1490 309 1648 364 simul
1688 310 1789 380 piae
1816 308 2090 380 religionis
2130 313 2187 362 et
2219 320 2388 361 sacrm
2413 309 2456 361 Α
2484 306 2655 357 serere
2690 322 2847 376 super
2876 307 3053 377 spinas
3091 304 3306 377 (Jerem.
3344 296 3421 369 iv,
3440 304 3519 376 3).
3559 302 3801 373 Cumque
3844 302 4049 359 studio-

1130 398 1449 469 magistros,
1495 397 1709 453 futurus
1751 396 2037 452 multorum
2076 394 2392 466 populorum

836 487 1154 559 pradicator
1186 485 1552 553 erudiebatur,
1596 486 1766 543 donec
1790 493 2102 543 occurreret
2122 478 2394 559 'Eviru’m

838 553 1132 665 perfectum
1160 583 1228 665 et
1243 575 1301 649 in
1326 583 1539 665 (etatem
1563 574 1915 647 plenitudinis
1939 553 2219 665 Christi?

906 665 1036 722 Car.
1077 663 1140 720 ν.
1181 662 1366 720 Ferret
1400 664 1658 720 desiderio
1692 681 1924 735 pagum
1960 662 2305 719 convertendi.
2326 691 2405 703 —

841 756 1137 812 Tricesimo
1167 756 1432 826 itaque-et
1465 755 1625 811 tertio
1660 754 1836 810 artatis
1874 767 1988 811 sua
2022 768 2187 818 anno,
2226 750 2404 823 maior

838 843 1196 919 egregioviro
1215 843 1337 900 tidei
1376 842 1597 913 damma
1636 844 1917 901 crescebat
1954 843 2281 912 in‘pectore,
2322 843 2399 896 ita

841 944 902 992 ut
918 949 1108 1007 parum
1131 934 1183 990 ei
1206 933 1478 990 videretur
1501 933 1605 989 sibi
1649 933 1753 991 soli
1777 932 2145 989 tantummodo
2177 932 2234 986 in
2265 930 2401 988 reli-

841 1024 1015 1098 gionis
1034 1023 1320 1081 sanctitate
1356 1024 1599 1091 sudasse,
1624 1018 1673 1079 si
1699 1038 1808 1080 non
1845 1031 1900 1077 et
1940 1022 2063 1087 aliis
2097 1036 2314 1092 quoque
2346 1020 2401 1077 in

838 1117 1237 1190 pradicationis
1258 1115 1484 1172 veritate
1503 1115 1802 1186 prodesset.
1834 1112 2055 1171 Audivit
2078 1112 2269 1186 [Halm
2295 1112 2405 1168 Au-

842 1208 996 1265 diens
1018 1206 1223 1283 itaque]
1257 1208 1312 1263 in
1353 1207 1658 1264 borealibus
1682 1205 1865 1262 mundi
1906 1206 2149 1277 partibus
2173 1218 2405 1261 messem

842 1298 1057 1370 quidem
1091 1297 1318 1353 multam
1351 1296 1927 1379 csse,_sedpoperarios
1952 1308 2173 1366 patiens.
2214 1292 2321 1350 Sed
2346 1294 2410 1349 ut'

841 1390 1057 1456 somnii,
1090 1390 1201 1445 Deo
1233 1375 1595 1458 dispensante:
1630 1375 1955 1458 impleretur
2003 1386 2224 1451 veritas,
2263 1383 2407 1455 quod

844 1490 1018 1537 mater
1043 1481 1173 1537 olim
1191 1480 1257 1536 de
1282 1494 1349 1537 eo
1391 1495 1450 1538 se
1474 1481 1674 1537 vidisse
1700 1478 2146 1553 testatur{lfab.,
2172 1479 2407 1534 testaba-

2454 388 2459 399 ’
2493 395 2707 451 sissime
2731 397 2815 451 vir
2839 395 2931 451 Dei
2968 412 3067 467 per
3098 397 3215 452 loca
3248 396 3457 467 singula
3492 394 3866 459 discurrendo,
3896 402 4051 464 opta-

2494 494 2607 541 tum
2633 485 3029 557 evangelizaudi
3057 500 3195 555 opus
3215 484 3563 548 exercuisset,
3589 492 3647 538 et
3672 482 3878 539 semina
3900 483 4047 547 vitm,

2494 588 2741 645 superna
2787 574 2976 644 gratia:
3024 587 3147 629 rore
3192 572 3482 643 irrigaute,
3538 572 3696 642 longe
3738 571 3951 641 latoque
3994 571 4049 628 in

2495 665 2641 735 agris
2696 665 2989 721 multorum
3042 663 3285 722 cordium
3341 665 3409 720 ad
3458 662 3577 733 ejus
3618 664 4053 735 praedicationem

2495 753 2769 809 uberrime
2790 754 3164 825 pullulascat,
3203 754 3540 825 congaudens
3573 753 3862 823 pndis-tus
3883 752 4054 809 Fraus-

2497 861 2685 903 corum
2726 847 2835 903 dux
2876 846 2994 916 ejus
3036 847 3388 904 sanctissimae
3425 846 3695 902 devotioni
3721 844 3910 919 [l¢b.,
3939 845 4061 916 eius

2498 937 2841 992 sanctissima
2872 932 3202 1009 devotione],
3223 944 3280 992 et
3296 936 3445 992 verbi
3471 936 3567 993 Dei
3589 936 3900 995 clarissim
3922 937 4057 991 mul-

2460 1084 2469 1095 κ
2499 1026 2839 1097 tiplicationi,
2886 1026 3108 1096 maioris
3152 1025 3426 1099 profectus
3446 1029 3769 1094 ‘occasione,
3809 1028 4067 1098 prudenti

2501 1120 2770 1190 cogitabat
2794 1121 3021 1179 consilio
3052 1136 3175 1177 eum
3201 1119 3425 1177 Romam
3453 1119 3689 1187 mittere,
3719 1129 3779 1176 ut
3806 1136 3838 1175 a
3862 1121 4058 1177 domno

2502 1211 2795 1283 apostolico
2829 1209 3037 1282 Sergio,
3072 1210 3191 1267 viro
3228 1211 3571 1268 sanctissimo
3607 1221 3737 1269 tunc
3776 1213 4056 1283 temporis,

2503 1300 2560 1356 in
2587 1300 2782 1355 summi
2806 1301 3073 1371 sacerdoti
3098 1300 3359 1358 honorem
3382 1302 3723 1359 ordinaretur
3748 1321 3763 1357 :
3793 1312 4058 1374 quatenus

2504 1389 2795 1461 apostolica
2823 1389 3199 1447 benedictione
3224 1397 3281 1446 et
3298 1390 3541 1461 iussione
3571 1402 3840 1463 suscepta,
3867 1392 4059 1461 maiori

2505 1481 2578 1537 ab
2615 1494 2681 1535 eo
2719 1479 2913 1536 missus
2953 1479 3146 1537 ﬁducia
3188 1482 3502 1551 roboratus,
3547 1485 3604 1539 in
3622 1498 3756 1555 opus
3787 1478 4062 1555 Evangelii

844 1571 978 1645 tur],
1015 1588 1139 1628 sum;
1169 1572 1418 1628 conscius
1461 1571 1772 1639 voluntatis,
1820 1573 1947 1629 licet
1993 1568 2170 1627 adhuc
2214 1568 2408 1626 divina:
2438 1634 2478 1645 _
2508 1578 2895 1634 reverteretur,
2946 1567 3099 1639 juxta
3149 1572 3499 1641 apostolicum
3560 1572 3689 1629 illud
3728 1591 3741 1626 :
3791 1568 4063 1640 Quémodo

844 1634 1256 1731 dispensationis
1295 1661 1537 1735 ignarus,
1578 1664 1700 1720 illas
1714 1634 1788 1718 «in
1824 1670 2011 1733 partes
2032 1661 2287 1730 navigare
2309 1662 2403 1716 co—
2437 1634 2482 1696 Β
2505 1659 2866 1733 praedicabunt
2893 1634 2996 1716 nisi
3019 1634 3298 1725 mittantur
3333 1661 3503 1733 (Rom.
3527 1679 3585 1728 ι,
3607 1662 3735 1734 l5)?
3760 1634 3911 1730 Quod
3940 1680 4061 1721 cum

844 1751 1056 1822 gitavit,
1078 1759 1134 1808 et
1170 1750 1470 1809 clarissima
1501 1752 1819 1823 evangelicae
1844 1749 2242 1822 praedicationis
2264 1747 2402 1813 luce,

845 1856 1123 1917 torpentes
1170 1848 1329 1920 longa
1373 1847 1687 1904 infidelitate
1730 1846 1972 1918 p0pulos,
2029 1845 2075 1899 si
2121 1842 2216 1899 Dei
2261 1850 2406 1899 esset

790 1928 803 1964 ί
846 1939 1110 2005 voluntas,
1143 1939 1445 1994 illustrare»
1472 1938 1878 2014 Assumptisque
1915 1950 2096 1991 secum
2125 1933 2405 1989 duodecim

848 2034 1041 2108 [Hab.,
1064 2031 1334 2105 undecim]
1369 2031 1641 2097 fratribus,
1675 2045 1741 2086 eo
1770 2029 1892 2084 fidei
1928 2027 2139 2084 fervore
2162 2025 2402 2089 armatis,

846 2141 952 2197 quo
978 2135 1032 2183 et
1058 2127 1191 2195 ipse,
1223 2122 1402 2180 navim
1430 2122 1740 2178 conscendit
1771 2138 1784 2172 :
1813 2133 2043 2189 quorum
2078 2117 2238 2187 aliqui
2257 2124 2406 2187 post-

845 2233 931 2282 ca,
967 2217 1037 2272 ob
1077 2210 1833 2291 priedicationis-evangelicxe
1874 2210 2208 2273 instantiam,
2261 2220 2405 2270 mar-

848 2308 993 2379 tyrio
1028 2306 1269 2362 coronati
1307 2315 1458 2370 sunt;
1506 2303 1668 2373 aliqui
1710 2316 1837 2357 vero
1884 2301 2221 2371 episcopatus
2264 2298 2407 2353 ordi-

848 2412 971 2453 nem
1000 2396 1342 2466 accipientes,
1374 2401 1493 2465 post
1526 2401 1726 2447 sanet-.c
1757 2389 2148 2463 praedicationis
2174 2387 2404 2453 labores,

849 2489 903 2543 iu
931 2502 1067 2560 pace
1095 2486 1428 2559 quieverunt.
1532 2474 1535 2477 “

917 2575 1047 2632 Car.
1087 2574 1172 2631 Vl.
1214 2571 1345 2630 Cum
1388 2573 1659 2641 duodecim
1706 2572 1861 2627 sociis
1902 2570 2195 2641 Trajccmm
2251 2568 2403 2622 venit.

839 2667 983 2723 lude
1010 2668 1188 2722 abiens
1218 2665 1501 2722 Francia»!
1529 2666 1671 2736 petit,
1711 2668 1760 2719 Et
1808 2681 1840 2718 a
1875 2660 2099 2735 Pippino
2129 2661 2409 2730 honoriﬁce

849 2762 1119 2831 excipitur.
1151 2758 1326 2835 suasu
1358 2755 1572 2829 Pippini
1604 2756 1825 2811 Romam
1870 2756 1994 2825 petit
2032 2756 2086 2808 in
2114 2754 2408 2824 episcopum

851 2850 1281 2927 ordinandumf-
1301 2849 1468 2920 igitur
1498 2847 1578 2901 vir
1604 2847 1699 2901 Dei
1744 2860 1865 2901 cum
1905 2845 2086 2908 sociis,
2113 2845 2250 2897 sicut
2274 2859 2411 2913 pra:-

850 2945 1100 3008 diximus,
1122 2942 1361 2999 Fresiam
1389 2941 1661 3019 navigavit
1688 2952 1745 3019 0,
1768 2940 1934 2995 donec
1958 2954 2212 3010 prospero
2246 2954 2403 2993 cursu

851 3038 917 3092 ad
950 3036 1085 3092 ostia
1107 3031 1287 3088 Rheni
1315 3017 1548 3089 fluminis
1570 3031 1682 3086 vela
1712 3017 1984 3101 deposuit;
2023 3030 2197 3097 ibique
2226 3038 2406 3097 optata

852 3128 1056 3183 telluris
1083 3125 1312 3182 statione
1334 3122 1611 3178 refocillati
1638 3131 1783 3185 sunt,
1814 3130 1868 3175 et
1891 3136 2013 3176 mox
2042 3122 2107 3174 ad
2128 3119 2405 3174 castellum

851 3215 1174 3287 Traiectum,
1218 3213 1359 3285 quod
1404 3214 1456 3267 in
1505 3213 1617 3283 ipsa
1652 3210 1885 3265 ﬂuminis
1934 3211 2044 3279 ripa
2095 3210 2404 3270 situm’est,

850 3317 1239 3380 pervenerunt;
1296 3308 1348 3362 in
1398 3323 1504 3377 quo
1550 3306 1710 3360 etiam
1760 3312 1881 3376 post
1914 3305 2125 3375 aliquoi
2174 3313 2404 3372 tempus,

852 3399 961 3456 Deo
986 3387 1239 3464 donante,
1261 3407 1313 3453 et
1334 3399 1498 3452 verbo
1524 3396 1646 3451 fidei
1691 3402 1986 3458 crescente,
2020 3394 2160 3447 idem
2193 3401 2408 3447 sanctus

852 3491 1222 3549 Willibrordus
1266 3490 1451 3553 sedem
1503 3490 1838 3558 episcopatus
1894 3489 1975 3541 sui
2029 3488 2232 3540 habuit.
2302 3487 2406 3541 Sed

850 3585 972 3658 quia
1001 3582 1185 3637 eadem
1212 3595 1342 3651 gens
1375 3577 1678 3642 Frisouum,
1707 3578 1757 3645 in
1784 3592 1890 3647 quo
1924 3576 2062 3629 idem
2091 3576 2408 3629 mdilicattim

852 3684 931 3731 est
957 3671 1253 3737 castellum,
1277 3686 1397 3726 cum
1435 3684 1558 3741 rege
1588 3684 1685 3723 suo
1710 3667 1967 3723 Radbodo
1990 3668 2210 3737 paganis
2238 3666 2411 3719 adhuc

852 3764 1042 3819 ritibus
1074 3761 1284 3817 sorduit
1327 3758 1523 3832 [Mab.,
1548 3757 1837 3830 sordebat],
1874 3758 2046 3812 visum
2074 3766 2156 3811 est
2182 3757 2293 3810 viro
2316 3755 2410 3809 Dei

848 3858 1131 3914 Franciam
1162 3853 1515 3917 contendere,
1546 3864 1608 3905 ac
1636 3852 1824 3907 ducem
1869 3849 2257 3909 illorunuwlire
2283 3847 2408 3914 Pip-

849 3947 1065 4019 pinum,
1097 3944 1269 3998 virum
1306 3951 1613 4011 strenuum,
1641 3940 1925 4007 triumphis
1958 3939 2159 3993 clarum
2200 3945 2255 3991 et
2297 3940 2410 3987 mo—

852 4036 1001 4090 ribus
1041 4033 1266 4104 probum
1302 4029 1432 4098 :qui
1474 4043 1595 4084 eum
1634 4042 1755 4081 cum
1799 4027 1941 4081 omni
1988 4026 2188 4080 honore
2235 4023 2408 4078 susci-

851 4126 1025 4200 piens,
1053 4121 1149 4177 sed
1179 4120 1364 4176 nolens
1394 4127 1544 4175 tanto
1577 4117 1797 4180 doctore
1828 4131 1885 4171 se
1912 4116 1994 4171 vel
2023 4132 2173 4171 suam
2197 4116 2413 4185 privare

853 4223 1095 4288 gentem,
1128 4209 1245 4277 loca
1275 4212 1324 4264 ei
1354 4217 1653 4279 opportuna
1688 4210 1826 4262 intra
1857 4208 2111 4261 terminos
2144 4206 2291 4274 regni
2327 4203 2410 4258 sui

2502 1753 2621 1807 viro
2642 1752 2737 1808 Dei
2764 1737 3088 1822 persuadere
3116 1759 3369 1817 tentaret,
3397 1755 3577 1809 renuit
3598 1755 3849 1825 primum,
3878 1771 3980 1812 nec
4006 1770 4064 1812 se
4104 1776 4111 1777 ί

2505 1849 2668 1897 tantm
2708 1841 3042 1897 auctoritatis
3085 1842 3295 1898 honore
3333 1844 3549 1915 dignum
3597 1858 3716 1901 esse
3760 1844 4061 1902 referebat:

2503 1932 2940 2002 enumeratisque
2968 1922 2981 1930 ’
3003 1933 3311 2003 apostolicae
3385 1936 3684 1993 sanctionis
3752 1938 4063 2009 prmeeptis,

2505 2023 2662 2095 longe
2685 2038 2745 2079 se
2778 2023 3090 2080 inferiorem
3121 2024 3250 2081 huic
3290 2027 3546 2082 virtutum
3575 2028 3818 2099 catalogo
3855 2044 4067 2087 assere—

2502 2114 2615 2174 bat,
2643 2128 2804 2185 quem
2839 2116 3085 2186 egregius
3115 2115 3298 2171 mundi
3332 2117 3670 2199 prmdicatpr,
3716 2117 3880 2173 filium
3911 2134 4065 2174 suum

2505 2200 2841 2260 Timotheum
2885 2206 3169 2271 erudiens,
3223 2215 3469 2277 oportere
3509 2208 3818 2279 episcopum
3865 2209 4067 2264 habere

2503 2293 2711 2348 censuit
2740 2293 2793 2362 (1
2811 2292 2944 2348 Tim.
2974 2292 3079 2362 tu).
3103 2294 3220 2349 Dux
3243 2310 3371 2351 vero
3397 2304 3581 2352 contra
3605 2298 3853 2369 religiose
3876 2299 4064 2363 suasit,

2504 2382 2646 2452 quod
2689 2383 2771 2437 vir
2800 2382 2893 2438 Dei
2931 2385 3231 2443 verecunde
3266 2386 3497 2458 negavit.
3546 2386 3782 2442 Tandem
3828 2388 4064 2443 omnium

2504 2471 2855 2528 unanimitate
2892 2474 3084 2537 victus,
3124 2481 3179 2528 et
3209 2474 3351 2544 quod
3381 2472 3554 2543 majus
3584 2482 3689 2539 est,
3719 2474 3816 2531 Dei
3852 2476 4068 2545 dispen-

2506 2564 2714 2619 satione
2755 2574 2994 2631 coaetus,
3036 2565 3341 2629 consensit;
3376 2564 3547 2634 magis
3586 2563 3771 2620 volens
3812 2564 4067 2635 plurimo-

2505 2672 2624 2710 rum
2662 2649 2940 2711 humiliter
2974 2655 3193 2710 obedire
3231 2654 3471 2717 consilio,
3515 2668 3676 2723 quam
3723 2669 3874 2709 suam
3905 2656 4069 2724 perti-

2506 2746 2715 2800 naciter
2734 2744 3021 2800 defendere
3047 2744 3394 2798 voluntatem.
3423 2743 3491 2797 Et
3519 2744 3598 2797 sic
3625 2758 3746 2798 cum
3774 2743 4064 2799 honoriﬁca

2506 2835 2791 2905 legatione,
2819 2842 2874 2888 et
2903 2834 3236 2896 muneribus,
3269 2831 3573 2887 auctoritati
3597 2832 3904 2902 apostolica?
3936 2849 4064 2889 cou-

2508 2928 2703 2997 dignis,
2732 2926 2956 2981 Romam
2982 2925 3218 2979 directus
3248 2930 3330 2978 est
3351 2923 3400 2977 ι’.

2580 3037 2707 3092 (Συ).
2748 3035 2855 3090 VII.
2902 3034 3045 3103 Vitio
3067 3033 3318 3105 angelica.
3343 3032 3633 3088 Ordinatur
3657 3034 4065 3104 archiepiscomn
4174 3034 4177 3037 ’

2502 3138 2558 3181 et
2583 3126 2820 3181 Clemens
2843 3124 3154 3197 appellatur.
3176 3156 3244 3164 -—
3265 3123 3369 3177 Sed
3393 3124 3478 3178 die
3514 3134 3722 3192 quarta,
3755 3123 4067 3193 priusquam

2512 3217 2604 3270 illo
2662 3216 2900 3277 veniret,
2948 3213 3293 3269 beatissimus
3350 3212 3672 3283 apostolicus
3733 3212 3968 3283 angelica
4017 3214 4070 3267 in

2513 3310 2717 3366 somnis
2765 3307 3111 3378 responsione
3148 3307 3452 3364 admonitus
3498 3313 3603 3371 est,
3651 3315 3713 3360 ut
3758 3306 3903 3360 illum
3948 3321 4070 3359 cum

2514 3417 2724 3458 summo
2769 3401 2971 3455 honore
3015 3399 3307 3467 susciperet
3352 3396 3541 3467 [Mab.,
3588 3395 3967 3467 suscepisset],
4002 3382 4073 3450 iet

2511 3500 2653 3569 quod
2682 3499 2969 3552 multarum
2999 3496 3295 3551 animarum
3326 3502 3464 3549 esset
3492 3493 3820 3548 illuminator
3839 3492 4068 3558 futurus,

2512 3608 2540 3645 a
2567 3591 2781 3660 Deoque
2801 3590 3023 3653 electus,
3051 3596 3105 3643 et
3134 3588 3321 3643 adhoc
3340 3587 3593 3650 venisset,
3616 3595 3677 3640 ut
3704 3587 3897 3640 summi
3920 3587 3986 3640 ab
4008 3601 4073 3641 eo

2512 3681 2799 3737 sacerdotii
2828 3680 3085 3733 honorem
3131 3677 3425 3743 susciperet
3465 3673 3658 3745 [Μαῡ.,
3688 3674 4066 3746 suscepisset];

2512 3772 2748 3838 nihilque
2783 3771 2832 3823 ei
2864 3766 3170 3837 negandum
3198 3781 3338 3827 esse,
3373 3764 3626 3834 quidquid
3649 3766 3909 3834 petiisset.
3954 3765 4068 3831 Qua

2511 3859 2683 3913 factus
2719 3836 3040 3926 apostolicus
3079 3853 3439 3909 admonitione
3478 3865 3681 3918 certus,
3716 3870 3837 3913 cum
3878 3870 4069 3926 magno

2470 3976 2483 3981 ο
2511 3947 2703 4019 gaudio
2746 3953 2801 4001 et
2828 3960 3037 4000 summo
3068 3960 3187 3999 eum
3229 3945 3461 4013 suscepit
3491 3944 3693 3998 honore
3720 3963 3731 3996 :
3757 3952 3893 3999 etut
3925 3946 3976 3998 in
4005 3960 4070 3999 co
4092 3952 4102 4004 ξ

2513 4036 2637 4092 fidei
2673 4036 2890 4107 agnovit
2922 4034 3183 4089 fervorem
3207 4075 3221 4097 ,
3265 4034 3534 4104 religionis
3575 4032 3940 4099 devotionem,
3985 4050 4069 4089 sa-

2510 4128 2725 4198 pientia:
2773 4126 3193 4197 plenitudinem,
3243 4125 3329 4176 die
3385 4125 3703 4192 competenti
3732 4126 3926 4194 populo
3977 4128 4068 4180 ad-
4173 4160 4179 4166 ο

2510 4216 2776 4275 veniente,
2809 4213 3080 4266 advocatis
3117 4212 3507 4266 venerabilibns
3535 4213 3600 4266 ad
3629 4214 3940 4279 societatem
3969 4218 4069 4270 mi-

852 4304 1115 4385 przevidit,
1141 4318 1249 4373 quo
1272 4300 1531 4371 potuisset
1558 4298 1869 4370 idololatriae
1892 4299 2069 4365 spinas
2092 4297 2405 4363 exstirpare.
2439 4310 2488 4368 υ
2512 4303 2717 4357 nisterii
2753 4301 3139 4365 sacerdotibus,
3178 4300 3385 4369 publice
3423 4303 3475 4355 in
3514 4303 3741 4358 ecclesia
3772 4303 4067 4377 beatissimi

750 4460 761 4465 ,
853 4383 909 4454 et
938 4396 1221 4470 purissima
1262 4390 1410 4447 verbi
1447 4388 1542 4443 Dei
1587 4388 1791 4442 semina
1833 4398 1929 4455 per
1966 4385 2157 4439 munda
2198 4383 2405 4438 novalia

852 4486 1213 4558 abundantius
1255 4496 1526 4555 spargere,
1568 4488 1627 4534 ut
1664 4479 1909 4550 impleret
1945 4478 2102 4549 186
2141 4477 2409 4546 prepheti-

855 4593 978 4632 cum
1022 4580 1349 4647 praeceptum
1379 4590 1393 4625 :
1422 4572 1624 4628 Novate
1664 4571 1803 4626 vobis
1853 4570 2088 4635 novalia,
2145 4578 2191 4622 et
2254 4568 2413 4622 nolite

925 4768 951 4798 ο
979 4752 1217 4807 Fresiam
1246 4749 1519 4820 navigavit.
1552 4742 1705 4805 Ὰηηο
1729 4748 1903 4820 rotatis
1929 4764 2037 4802 sum
2058 4748 2151 4820 57;,
2171 4754 2229 4820 ut
2254 4746 2409 4817 paulo

852 4833 976 4881 ante
1003 4823 1242 4879 narravit
1263 4816 1539 4881 Alcuinus,
1556 4824 1695 4871 anno
1710 4831 1838 4885 vero
1862 4816 2069 4871 lncarn.
2096 4817 2217 4879 690,
2248 4816 2407 4885 prout

854 4908 976 4949 cum
1020 4893 1267 4948 omnibus
1313 4890 1432 4945 aliis
1472 4896 1702 4942 testatur
1741 4882 1895 4941 Joan.
1924 4885 1990 4939 de
2034 4886 2173 4939 Beka
2213 4882 2403 4942 canon.

854 4962 1088 5032 Traject.
1129 4963 1185 5017 in
1208 4961 1517 5032 Chronicg,_
1544 4959 1650 5032 imo
1691 4953 2009 5032 ipsemet_S_.
2032 4954 2409 5032 Willibrordus

855 5025 1057 5096 verbis,
1087 5032 1144 5085 in
1180 5039 1395 5086 vetusto
1426 5027 1764 5089 Calendario,
1798 5025 1940 5094 quod
1984 5025 2038 5096 iu
2074 5025 2409 5096 monasterio

935 5094 1236 5157 ternacensi
1266 5107 1529 5162 servatur,
1558 5098 1624 5152 ad
1654 5096 1947 5167 marginem
1972 5095 2039 5148 ah
2072 5094 2317 5167 ipsemet,
2344 5105 2408 5167 ut

856 5162 1089 5234 videtur,
1129 5168 1248 5222 viro
1294 5176 1483 5221 sancto
1525 5162 1826 5234 ascriptis':
1877 5163 1944 5234 in
1969 5164 2172 5217 nomine
2198 5162 2410 5234 Domini

857 5231 1088 5297 Clemens
1110 5235 1478 5292 Willibrordu
1498 5252 1637 5289 anno
1660 5231 1765 5292 690
1785 5234 1850 5289 ab
1871 5231 2239 5287 Incaruatioue
2263 5231 2408 5288 Chri-

856 5311 923 5364 sti
964 5307 1194 5364 ueniebat
1247 5305 1388 5359 ultra
1429 5320 1573 5358 mare
1595 5306 1651 5359 in
1675 5304 1977 5365 Francicam,
2002 5310 2105 5357 etc.
2143 5300 2262 5356 Vid.
2291 5302 2406 5357 Cal-

858 5387 984 5435 met.
1014 5377 1151 5434 Hist.
1188 5377 1254 5432 de
1280 5373 1565 5437 Lomine,
1603 5380 1730 5429 tom.
1775 5372 1860 5440 lli,
1888 5372 2058 5428 Listcs
2086 5371 2404 5443 Chronolog.
2454 5418 2479 5441 ,

862 5447 1456 5593 ,ᾖξ’ἒὲιῇρρῃ-ὀξηςεῳέ
1482 5522 1575 5566 est.
1607 5510 1739 5593 Ven.
1771 5513 2059 5593 Bedanlibr.
2088 5526 2289 5593 τιμίῳ.
2322 5512 2403 5575 l2,

858 5576 961 5646 duo
990 5586 1045 5641 S.
1063 5573 1656 5642 Willibrordi'llomana
1682 5582 1872 5638 itinera
1893 5582 2195 5649 distinguit;
2238 5573 2405 5633 unum

2503 4394 2647 4450 Petri
2677 4406 2698 4434 ο
2729 4394 2984 4465 principis
3021 4393 3380 4464 apostolorum
3413 4409 3534 4447 cum
3566 4409 3755 4464 magna
3785 4394 4063 4464 dignitate.

2505 4501 2650 4540 more
2682 4468 2993 4555 apostolico,
3020 4499 3138 4537 eum
3171 4484 3436 4538 ordinavit
3477 4484 3964 4554 archiepiscopum;
3999 4498 4061 4538 ac

2505 4578 2749 4635 ordinato
2788 4590 2980 4630 nomen
3028 4576 3276 4644 imposuit
3319 4574 3583 4640 Clemens,
3628 4576 4067 4645 vestimentisque

2506 4754 2684 4827 primis
2700 4750 3017 4827 temporibus
3044 4749 3290 4827 aduentus
3316 4749 3456 4827 illius
3486 4753 3539 4827 iu
3562 4751 3811 4827 Frisium,
3848 4753 4063 4827 quando

2506 4819 2536 4879 a
2564 4824 2749 4892 Sergio
2774 4819 2907 4895 papa
2952 4819 3221 4895 licentiam
3265 4830 3315 4874 et
3342 4822 3767 4895 benedictionem
3792 4819 4061 4895 evangeli-

2508 4889 2688 4949 zandi"
2713 4889 2980 4962 gentibus,
3020 4889 3174 4962 simul
3210 4898 3263 4944 et
3294 4891 3547 4960 reliquias
3583 4889 4059 4947 ecclesiarum'de-

2507 4958 2762 5018 dieationi
2793 4958 3122 5017 adhibendas
3169 4962 3393 5029 accepit,
3411 4958 3563 5015 anno
3592 4962 3799 5016 Incarn.
3828 4962 3955 5026 692,
3983 4965 4060 5017 uti

2507 5034 2693 5102 prohat
2727 5029 2922 5083 Mahill.
2951 5029 3053 5083 hoc
3073 5030 3199 5102 loco
3245 5031 3589 5102 interﬂuens;
3638 5032 3887 5102 alterum,
3913 5042 4060 5102 post-

2546 5118 2662 5154 uam
2705 5114 2800 5170 per
2830 5114 2994 5171 annos
3038 5098 3240 5171 aliquot
3284 5100 3337 5153 in
3362 5098 3529 5171 Frisia
3568 5100 3820 5171 populum
3846 5098 4055 5164 docuit;

2555 5168 2733 5244 omam
2771 5184 2807 5244 _a
2831 5168 3052 5239 Pippino
3100 5168 3331 5244 missus,_
3356 5176 3415 5244 ut
3443 5169 3514 5244 ibi
3555 5168 3622 5226 ab
3644 5168 3839 5244 eodem
3871 5171 4060 5244 Sergio

2507 5256 2641 5312 papa
2683 5237 2980 5312 ⁸Ρευίεοηυάῐι
3027 5239 3171 5312 genti
3225 5237 3651 5312 archiepiscOpus
3680 5237 4060 5312 ordinaretur,

2507 5308 2873 5379 quodfac'tum
2901 5324 3019 5379 esse
3041 5308 3191 5379 Beda
3211 5308 3405 5379 asserit
3430 5308 3572 5364 anno
3593 5311 3715 5367 696.

2580 5390 2600 5415 ε
2640 5377 2703 5430 In
2744 5377 2957 5432 ecclesia
3000 5378 3133 5431 beati
3155 5375 3319 5432 Petri.
3365 5377 3498 5434 Ven.
3524 5381 3664 5435 Beda
3686 5389 3861 5436 tamen
3893 5379 3929 5433 l.
3960 5380 4051 5437 cit.

2507 5456 2747 5504 sanctum
2764 5447 3163 5503 Willihrordum
3185 5449 3485 5503 ordinatum
3507 5464 3627 5503 esse
3652 5450 3728 5503 ait
3751 5451 3806 5505 in
3831 5449 4051 5508 ecclesia

2506 5526 2703 5573 sancta:
2733 5517 2981 5586 martyris
3004 5515 3227 5572 Ceciliae
3253 5518 3339 5571 die
3361 5517 3554 5571 natalis
3580 5516 3713 5589 ejus.
