4268 6204
543 295 647 349 699
1155 348 1160 352 _
1370 282 1432 335 Β.
1474 280 1536 334 F.
1575 277 1800 333 ALBINI
1838 276 1973 334 SEU
2012 271 2289 330 ALCUINI
2321 268 2607 327 OPERUM
2645 268 2825 329 PARS
2861 269 2925 324 ν.
3675 265 3780 319 700

542 404 657 457 suis
692 394 1113 454 sacerdotalibus
1141 393 1312 448 induit
1337 406 1482 450 αιιιι.
1513 398 1569 446 et
1602 402 1810 455 saneto,
1836 389 1990 459 quasi
2017 402 2106 442 su-
2141 389 2181 440 Α
2214 383 2412 452 navigii
2449 381 2644 453 [καί.
2674 381 2931 451 longioris
2968 377 3110 449 vim],
3161 378 3244 433 vel
3280 393 3349 433 ex
3393 376 3603 432 insidiis
3639 376 3783 432 fero-

541 485 903 560 perbumerali
926 485 1130 546 Aaron,
1160 479 1321 550 pallio
1370 480 1669 550 dignitatis,
1714 489 1770 534 et
1812 475 2118 533 indumenti

539 575 883 633 eonﬁrnnvit
931 572 1100 643 gloria
1158 569 1354 641 [Hab.,
1396 568 1712 624 indumento
1760 565 1996 638 gloriae];
2060 574 2116 620 et

540 666 800 738 quidquid
823 664 992 718 voluit
1027 661 1111 716 vel
1134 661 1308 732 potuit
1357 658 1550 732 [ιιι.
1575 657 1810 730 petivit],
1832 665 1926 712 aut
1951 658 2003 710 in
2023 670 2116 725 pa-

540 757 786 814 trociniis
826 763 1153 819 sanctorum,
1177 759 1270 807 aut
1294 752 1352 806 in
1375 752 1538 806 rebus
1559 749 1962 814 ecclesiasticis,
1990 764 2113 807 eum

542 859 654 904 tota
681 847 880 903 mentis
909 843 1194 899 alacritate
1228 840 1452 898 tradidit
1483 839 1580 905 illi,
1609 839 1993 908 ﬁrmatumque
2021 823 2115 892 be-

541 938 868 1002 nedictione,
904 935 1060 992 donis
1090 933 1352 997 ditatum,
1390 947 1514 988 cum
1550 930 1874 986 salutaribus
1915 936 2117 1000 praco-

533 1031 649 1098 ptis
683 1030 878 1084 iterum
897 1040 1023 1083 eum
1055 1026 1110 1081 in
1134 1039 1270 1094 opus
1295 1022 1566 1098 Evangelii
1597 1020 1827 1076 remisit.

608 1120 738 1176 Car.
761 1117 891 1173 Vill.
913 1116 983 1172 In
998 1114 1285 1171 Prusiam
1309 1113 1462 1169 rediit
1484 1125 1534 1168 et
1552 1128 1669 1166 cum
1691 1112 1915 1180 plurimo
1936 1111 2115 1180 fructu

539 1215 596 1267 iu
625 1227 754 1282 opus
786 1207 1058 1279 Evangelii
1085 1206 1357 1263 incumbit.
1379 1235 1449 1247 -—-
1468 1205 1704 1275 Accepta
1737 1220 1868 1274 ergo
1899 1212 2116 1273 aposto-

540 1302 659 1357 licze
691 1299 1032 1355 auctoritatis
1077 1297 1473 1360 boedietione.
1520 1308 1648 1351 cum'
1689 1295 1881 1365 majori
1901 1294 2113 1349 ﬁducia

539 1393 771 1448 devotus
795 1390 945 1446 verbi
969 1389 1069 1444 Dei
1107 1389 1447 1460 pradieator,
1476 1387 1546 1443 ad
1562 1385 1859 1458 prtefatum
1877 1384 2116 1439 Franco-

541 1495 662 1536 rum
687 1479 1184 1548 ducenrregrcssus
1206 1485 1313 1533 est.
1351 1476 1454 1544 Qui
1481 1490 1602 1531 uim
1628 1481 1752 1530 eum
1781 1488 1994 1528 summa
2018 1473 2116 1526 ho-

502 1620 508 1627 .
541 1569 692 1622 noris
721 1565 1130 1637 magniﬁcentia
1174 1573 1471 1634 receptum,
1515 1579 1638 1619 cum
1679 1578 1792 1616 sua:
1829 1561 2115 1631 potestatis

540 1656 784 1724 iussione
822 1656 878 1710 in
917 1669 1054 1724 opus
1078 1654 1353 1725 Evangelii
1389 1654 1624 1708 direxit:
1653 1652 1888 1706 maxime
1934 1639 2114 1705 tamen

2214 474 2551 528 cissimorum
2584 481 2742 527 terra:
2774 473 2918 526 illius
2951 470 3312 524 habitatorum
3345 469 3600 524 damnum
3629 476 3780 538 pate-

2217 576 2369 621 retur
2400 566 2453 620 in
2481 566 2604 628 illis,
2638 565 2822 620 volens
2853 563 3063 632 antiqui
3097 561 3268 615 hostis
3300 559 3598 631 praevenire
3633 566 3782 613 astu-

2216 655 2343 719 tias,
2368 665 2424 710 et
2442 655 2653 709 Domini
2688 653 3040 710 sacramentis
3071 651 3277 704 animas
3305 649 3516 704 munire
3549 648 3783 717 acquisi-

2216 753 2332 798 tas.

2284 831 2414 888 Car.
2454 831 2522 885 Χ.
2561 831 2813 885 Barbara:
2833 832 2999 900 gentis
3024 827 3441 898 superstitionem
3479 825 3782 880 contemnit.

2215 922 2365 978 Unus
2406 923 2668 977 sociorum
2715 938 2934 977 suorum
2973 921 3268 990 perimitur,
3309 926 3509 988 martyr
3544 915 3779 985 eiectus.

2215 1015 2349 1086 Regi
2376 1012 2643 1070 Christum
2681 1031 2872 1084 magna
2909 1013 3107 1088 ﬁducia
3145 1011 3445 1065 adnuntiat.
3485 1008 3529 1061 Α
3559 1024 3676 1078 rege
3711 1007 3785 1063 ad

2217 1103 2499 1174 Pippinum
2521 1103 2820 1156 remittitur.
2837 1132 2908 1141 —
2921 1101 2988 1155 Et
3002 1101 3129 1155 dum
3147 1100 3271 1170 pius
3291 1097 3486 1170 [Παὺη
3509 1112 3631 1152 cum
3653 1111 3786 1168 ergo

2213 1195 2357 1263 pius,
2386 1193 2511 1264 etc.]
2543 1191 2693 1246 verbi
2729 1191 2827 1264 Dei
2861 1191 3181 1261 przedicator
3215 1190 3320 1244 iter
3356 1187 3564 1258 agebat,
3597 1201 3785 1256 perve-

2215 1285 2298 1340 nit
2333 1283 2388 1338 in
2420 1283 2657 1339 conﬁnio
2683 1281 2966 1337 Frisonum
2993 1288 3051 1335 et
3098 1279 3370 1333 Danorum
3403 1275 3471 1331 ad
3496 1274 3784 1346 quamdam

2215 1374 2468 1438 insulam,
2493 1389 2615 1444 qua:
2658 1388 2691 1429 a
2721 1373 2959 1441 quodam
2994 1369 3099 1424 deo
3137 1371 3237 1423 suo
3262 1367 3461 1432 Fosite,
3491 1367 3560 1421 ab
3583 1365 3784 1425 accolis

2218 1475 2377 1521 terra
2402 1461 2742 1520 Fositcsland
2767 1474 2790 1501 ε
2826 1462 3105 1516 dicantur
3134 1477 3149 1513 :
3187 1458 3315 1529 quia
3351 1458 3408 1512 in
3443 1472 3507 1513 ea
3542 1455 3782 1524 ejusdem
3883 1463 3886 1465 ‘

2218 1554 2314 1610 Dei
2353 1553 2477 1609 fana
2515 1551 2668 1608 fuere
2703 1557 3039 1635 constructa.
3079 1547 3182 1615 Qui
3221 1546 3373 1602 locus
3407 1560 3440 1600 a
3468 1543 3693 1635 paganis
3726 1542 3787 1597 in

2219 1651 2371 1702 tanta
2400 1642 2754 1715 veneratione
2780 1631 3100 1704 habebatur,
3134 1645 3194 1692 ut
3215 1636 3349 1692 nihil
3377 1637 3432 1690 in
3458 1649 3526 1690 ea
3551 1631 3636 1686 vel
3664 1631 3782 1686 atii-

538 1720 596 1804 in
642 1720 1142 1816 borealibus-.rcgni
1186 1720 1271 1800 sui
1307 1745 1578 1815 partibus,
1625 1757 1734 1813 quo
1777 1749 2004 1814 eatenus
2045 1742 2118 1795 ob
2148 1738 2188 1794 Β
2217 1733 2440 1788 malium
2484 1732 2559 1786 ibi
2599 1731 2932 1800 pascentium
2955 1769 2972 1792 ,
2996 1726 3112 1802 _vel
3152 1720 3784 1812 aliarumquarumlibet

544 1836 818 1890 raritatem
852 1835 1133 1890 doctorum
1166 1834 1252 1889 vel
1290 1834 1541 1889 duritiam
1579 1829 1942 1898 habitatorum
1987 1829 2112 1885 ﬁdei

542 1924 754 1980 ﬁamma
794 1925 975 1980 inus
1005 1923 1298 1978 relucebat.
1337 1922 1419 1979 Eo
1443 1923 1527 1976 vir
1554 1918 1651 1976 Dei
1690 1920 1976 1976 instantius
2006 1919 2114 1975 illis

541 2016 598 2070 in
643 2014 954 2085 regionibus
995 2014 1204 2068 semina
1250 2014 1376 2066 vita:
1392 2020 1686 2082 sparserat,
1713 2027 1823 2081 quo
1857 2011 1979 2081 plus
2025 2025 2118 2065 ne-

486 2110 490 2113 ’
543 2105 862 2168 cessarium,
904 2103 1181 2173 antiquam
1229 2103 1544 2172 ignorantiae
1587 2100 1785 2155 famem
1825 2100 2135 2169 depellere;

543 2203 909 2266 perspexerat.
948 2193 1195 2261 Qualem,
1234 2193 1415 2248 divina
1451 2191 1626 2262 gratia
1667 2190 1974 2260 adiuvante,
2011 2189 2117 2244 illis

545 2285 736 2339 incolis
777 2283 1011 2340 fructum
1060 2283 1299 2347 fecisset,
1349 2289 1516 2336 testes
1561 2287 1689 2334 sunt
1735 2292 1906 2348 usque
1958 2277 2118 2331 hodie

546 2374 725 2444 populi
768 2388 868 2443 per
903 2374 1173 2436 civitates,
1203 2373 1353 2426 vicos
1379 2376 1436 2426 et
1464 2368 1708 2434 castella,
1742 2383 1880 2436 quos
1920 2367 1989 2420 ad
2026 2379 2121 2420 ve-

545 2465 724 2519 ritatis
770 2463 1121 2534 agnitionem,
1170 2470 1227 2517 et
1273 2462 1342 2517 ad
1387 2462 1548 2516 unius
1591 2459 1978 2529 omnipotentis
2022 2445 2119 2512 Dei

545 2555 748 2608 cultum
782 2545 870 2624 pia
899 2553 1270 2608 admonitione
1297 2552 1644 2621 perduxerat.
1688 2549 1879 2605 Testes
1903 2562 2119 2618 quoque

547 2641 822 2706 Ecclesiae,
853 2655 988 2712 quas
1014 2656 1112 2709 per
1135 2639 1252 2694 loca
1275 2639 1484 2710 singula
1506 2633 1916 2700 construxerat;
1951 2643 2121 2691 testes

548 2739 608 2784 ct
629 2730 740 2782 Deo
777 2727 1152 2782 famulantium
1185 2728 1652 2798 eongregationes,
1691 2741 1827 2797 quas
1854 2726 2121 2797 aliquibus

549 2820 806 2874 adunavit
825 2817 1020 2891 μω..
1041 2815 1408 2889 congregavit]
1431 2818 1488 2872 in
1508 2817 1662 2873 locis.

626 2909 785 2979 187
819 2906 950 2961 Car.
990 2907 1082 2962 lX.
1110 2907 1376 2961 Christum
1399 2907 1651 2978 praedicat
1679 2907 1735 2960 iu
1760 2904 1963 2958 Frisia.
1985 2904 2121 2969 Item

2213 1841 2417 1889 rerum,
2459 1825 2746 1895 quisquam
2787 1821 3070 1892 gentilium
3110 1829 3332 1889 tangere
3377 1804 3630 1881 auderet;
3683 1829 3784 1869 nec

2211 1918 2376 1973 etiam
2417 1931 2452 1970 a
2490 1915 2660 1979 fonte,
2684 1914 2782 1985 qui
2827 1914 2901 1968 ibi
2946 1910 3254 1975 diulliebat,
3302 1922 3498 1977 aquam
3545 1901 3801 1964 haurire.

2212 2011 2316 2066 nisi
2355 2018 2572 2072 tacens,
2609 2013 2981 2077 prcsumeret.
3025 2002 3146 2070 Quo
3179 2015 3305 2056 eum
3343 1999 3426 2053 vir
3452 1997 3549 2051 Dei
3579 2003 3786 2066 tempe-

2214 2111 2356 2158 state
2385 2102 2624 2171 jactatus
2645 2104 2752 2162 est,
2776 2096 2977 2149 mansit
3022 2093 3220 2149 ibidem
3249 2090 3454 2160 aliquot
3480 2087 3617 2152 dies,
3654 2099 3787 2155 quo-

2213 2207 2388 2264 usque
2439 2190 2693 2261 sepositis
2752 2185 3182 2257 tempestatibus.
3208 2189 3578 2264 opportunum
3632 2177 3785 2234 navi-

2216 2262 2376 2354 gandi
2410 2290 2620 2351 tempus
2651 2279 2949 2348 adveniret.
2997 2275 3106 2331 Sed
3140 2262 3532 2344 pa'rvipendcns
3562 2267 3785 2354 suillam

2217 2353 2320 2426 loci
2368 2369 2511 2425 illius
2564 2368 2900 2437 religionem,
2931 2364 3015 2418 vel
3056 2362 3450 2418 ferocissimum
3496 2357 3637 2428 regis
3671 2353 3788 2409 ani-

2217 2476 2366 2516 mum
2387 2501 2402 2525 ,
2460 2460 2555 2529 qui
2594 2457 2883 2512 violatores
2934 2461 3212 2510 sacrarum
3262 2451 3405 2506 illius
3447 2445 3787 2502 atrocissima

2217 2559 2393 2606 morte
2432 2549 2694 2604 damnare
2732 2546 2961 2610 solebat,
2999 2553 3112 2599 tres
3156 2541 3403 2598 homines
3437 2540 3499 2596 in
3541 2551 3610 2590 eo
3643 2533 3791 2590 fonte

2217 2657 2344 2698 cum
2388 2639 2732 2696 invocatione
2768 2646 2970 2694 sancta:
3003 2633 3283 2690 Trinitatis
3328 2628 3658 2699 baptizavit.
3694 2626 3792 2682 sed

2218 2740 2276 2789 et
2314 2731 2569 2787 animalia
2609 2731 2665 2784 in
2705 2745 2770 2782 ea
2811 2737 2957 2790 terra
2998 2723 3296 2800 pascentia,
3346 2721 3402 2774 in
3439 2718 3643 2774 cibaria
3679 2716 3794 2773 suis

2219 2830 2460 2879 mactare
2485 2820 2761 2892 praecepit.
2793 2817 2947 2885 Quod
2986 2813 3184 2886 pagani
3225 2813 3518 2875 intuentes,
3562 2808 3794 2863 arbitra-

2219 2913 2420 2968 bantur
2457 2925 2554 2968 eos
2594 2909 2679 2966 vel
2723 2908 2780 2963 in
2819 2907 3056 2962 furorem
3093 2903 3254 2968 verti,
3294 2900 3378 2955 vel
3417 2900 3580 2954 etiam
3614 2894 3788 2958 veloci

550 2999 606 3050 in
627 2996 836 3061 Dauid;
877 2997 999 3052 inde
1032 2998 1249 3066 triginta
1273 3013 1464 3067 puros
1492 2997 1550 3050 is
1572 2995 1858 3049 Francia»!
1886 2995 2125 3069 ducit-5
2160 3067 2193 3074 _
2225 3013 2402 3062 morte
2442 3003 2641 3074 perire.
2681 3000 2827 3068 Quos
2855 3014 2980 3053 eum
3010 2995 3147 3052 nihil
3176 2993 3304 3050 mali
3332 2991 3627 3047 cernebant
3652 2985 3781 3074 pati,

553 3087 806 3142 Tentavit
824 3102 1038 3158 quoque
1062 3087 1203 3141 idem
1227 3088 1307 3142 vir
1325 3087 1422 3140 Dei
1445 3085 1584 3140 ultra
1610 3086 1942 3139 Francon
1973 3067 2123 3164 regni
2150 3067 2196 3129 (ἶ
2228 3091 2416 3147 furore
2443 3067 2676 3161 perciti,
2714 3067 2841 3157 regi
2881 3095 2993 3140 tum
3041 3081 3234 3156 [Halm
3265 3076 3470 3148 tamen]
3513 3069 3795 3137 ιιιὼοὰο.

553 3178 690 3235 ﬁnes
714 3177 953 3236 calestis
990 3180 1251 3248 doctrinae
1280 3178 1498 3233 ﬁumina
1526 3178 1790 3232 derivare.
1831 3175 1966 3230 Nam
1996 3184 2126 3232 tunc

553 3273 812 3341 temporis
871 3287 1055 3343 regem
1105 3268 1392 3326 Frisonum
1433 3269 1751 3326 Radbodum
1795 3285 1918 3325 eum
1967 3277 2127 3341 gente

554 3373 651 3412 sua
677 3373 947 3428 paganum
986 3375 1094 3414 non
1122 3359 1302 3414 timuit
1331 3359 1503 3424 adire,
1524 3367 1581 3414 et
1598 3374 1918 3429 quocunque
1942 3374 2129 3429 perre-

556 3456 741 3513 xerat,
785 3449 1006 3505 verbum
1044 3449 1146 3505 Dei
1185 3465 1326 3504 eum'
1348 3450 1497 3504 omni
1540 3449 1736 3503 ﬁducia
1782 3447 2124 3516 loquebatur.

558 3537 665 3593 Sed
690 3537 949 3608 przefatus
975 3538 1263 3596 Frisonum
1294 3553 1410 3603 rex,
1435 3538 1566 3592 licet
1591 3538 1766 3609 virum
1795 3537 1890 3591 Dei
1913 3535 2130 3591 humili-

557 3633 686 3688 tatis
728 3632 901 3704 gratia
939 3631 1175 3702 benigne
1223 3631 1544 3707 susciperet,
1586 3626 1745 3683 nullis
1791 3638 1970 3684 tamen
2007 3628 2130 3683 vita:

558 3720 809 3776 fomentis
841 3735 1064 3776 saxeum
1093 3719 1209 3788 ejus
1243 3735 1337 3774 cor
1364 3718 1589 3773 emolliri
1619 3717 1811 3786 potuit.
1838 3715 1973 3782 Cum
2001 3731 2131 3787 ergo

545 3811 699 3883 apud
715 3826 838 3864 eum
867 3811 950 3865 vir
971 3797 1069 3862 Dei
1096 3808 1423 3864 fructiﬁcare
1451 3823 1511 3862 se
1537 3823 1644 3861 non
1665 3821 1827 3876 posse
1857 3805 2082 3860 sentiret
2103 3815 2129 3844 ι

559 3893 755 3971 [Ηαὺη
781 3899 1042 3969 agnovit],
1082 3900 1150 3952 ad
1187 3898 1556 3954 ferocissimos
1583 3897 1856 3951 Danorum
1904 3895 2131 3968 populos

546 3987 666 4044 iter
692 3986 1095 4059 evangelizandi
1129 3988 1411 4040 convertit.
1440 3987 1518 4039 ibi
1556 3986 1688 4049 tum,
1723 3994 1783 4038 ut
1818 3986 2010 4050 fertur,
2052 4001 2137 4040 re-

560 4076 758 4149 gnabat
798 4074 1139 4146 [lugendush
1163 4071 1394 4144 [Surius,
1434 4070 1748 4144 Ongendes]
1786 4071 1948 4125 homo
1987 4074 2136 4141 omni

557 4167 679 4221 'fera
728 4165 994 4220 crudelior
1021 4171 1078 4219 et
1117 4162 1262 4217 omni
1310 4162 1486 4232 lapide
1529 4161 1750 4216 durior:
1791 4162 1885 4230 qui
1929 4169 2132 4228 tamen,

516 4279 526 4286 ·
563 4262 781 4330 iubente
811 4261 950 4324 Deo,
988 4259 1232 4312 veritatis
1259 4270 1558 4325 pmonem
1605 4252 1900 4309 honoriﬁce
1937 4261 2138 4309 tracta-

566 4351 674 4404 bat.
723 4349 893 4417 Quem
921 4349 1049 4402 dum
1090 4347 1412 4402 obduratum
1442 4343 1700 4408 moribus,
1728 4352 1783 4397 et
1823 4343 2137 4399 idololatriae

565 4443 828 4506 deditum,
872 4449 927 4495 ct
968 4438 1168 4492 nullam
1208 4436 1446 4491 melioris
1488 4436 1610 4489 vitae
1653 4449 1804 4504 spem
1844 4435 2137 4494 habentem

565 4530 819 4593 oﬁ'endit;
851 4527 1084 4595 acceptis
1111 4533 1238 4576 tunc
1263 4523 1480 4593 triginta
1504 4521 1746 4590 ejusdem
1780 4523 1973 4590 patria:
2007 4539 2137 4592 pue-

569 4620 665 4684 ris,
696 4619 764 4672 ad
800 4617 1000 4671 electos
1039 4631 1068 4668 a
1100 4615 1208 4684 Deo
1245 4611 1468 4682 populos
1503 4611 1652 4682 regni
1675 4611 2005 4666 Francorum
2053 4627 2139 4666 re-

572 4710 707 4765 verti
738 4707 1033 4763 festinavit.
1068 4705 1174 4760 Sed
1211 4705 1263 4757 in
1302 4718 1367 4758 eo
1402 4703 1518 4771 ipso
1556 4703 1750 4757 itinere
1772 4701 2140 4756 catechizatos

573 4803 787 4856 eosdem
823 4782 1020 4868 pu'cros
1049 4797 1171 4850 vita:
1205 4795 1350 4850 fonte
1377 4793 1569 4866 [Πειρη
1591 4806 1786 4863 pueros
1818 4791 1965 4845 fonte
1996 4788 2139 4844 salu-

573 4890 680 4960 bri]
720 4890 906 4953 abluit,
947 4904 1013 4941 ne
1054 4886 1267 4957 aliquod
1303 4892 1525 4954 propter
1567 4881 1803 4953 pericula
1839 4880 2137 4951 longissimi

651 5033 675 5060 ι
705 5020 946 5075 Sentirct.
992 5016 1657 5091 Compendicnaiswdeg,
1687 5023 1750 5070 ut
1783 5021 2011 5091 testatur
2035 5013 2142 5091 Ma-

578 5091 850 5149 billonius.
882 5093 982 5145 hoc
1019 5084 1142 5146 loco
1171 5092 1272 5144 ista
1293 5087 1522 5153 inserit:
1555 5105 1575 5135 ι
1602 5085 1732 5141 Erat
1755 5086 1900 5142 enim
1931 5094 2057 5153 tunc
2082 5084 2138 5137 in

579 5161 696 5227 ejus
718 5160 974 5214 comitatu
1002 5158 1322 5218 venerabilis
1342 5151 1454 5210 vita
1486 5163 1542 5211 et
1563 5156 1778 5227 nomine
1801 5155 1994 5227 dignus
2019 5151 2143 5206 Vul-

581 5222 841 5290 framnus,
857 5232 944 5298 qui
968 5239 1244 5283 venerata
1267 5226 1537 5291 Senonum
1550 5224 1766 5298 civitate
1786 5222 2027 5298 pontifex
2045 5238 2142 5298 eo:

584 5302 706 5354 dem
731 5293 983 5355 desiderii
1013 5299 1224 5354 fervens
1261 5311 1464 5359 amore,
1496 5295 1702 5363 Scilicet
1727 5293 2019 5363 ut'aliquas
2045 5293 2145 5363 Do;

589 5372 736 5424 mino
769 5371 1002 5424 lucraret
1028 5369 1254 5422 animas.
1287 5387 1305 5417 ι
1333 5365 1465 5419 Vide
1487 5366 1652 5419 vitam
1674 5361 2046 5417 S.Vulframni
2075 5361 2143 5416 ad

590 5456 789 5524 angunt
811 5441 933 5505 720,
957 5439 1075 5495 Act.
1101 5437 1199 5494 SS.
1224 5435 1351 5505 0rd.
1380 5435 1511 5492 Ben.
1534 5449 1658 5492 saec.
1687 5448 1769 5497 ιιι,
1795 5440 1935 5502 part.
1960 5449 1998 5497 1,
2020 5447 2142 5501 pag.

591 5511 714 5572 555,
742 5521 846 5566 etc.
1001 5564 1003 5567 .

659 5580 687 5652 ἕ
711 5579 1004 5652 Ungcttdus.
1026 5579 1238 5652 Hicirex
1264 5575 1425 5652 Danis
1447 5572 1578 5644 ipsis
1603 5580 1764 5652 notus
1792 5587 1898 5652 non
1923 5581 2023 5632 est,
2049 5584 2146 5652 nec

591 5646 734 5701 illius
768 5639 1015 5721 meminit
1057 5650 1243 5704 Ericus
1267 5639 1575 5700 Dante—rex
1619 5641 1670 5695 in
1715 5643 1932 5696 historia
1971 5639 2145 5712 gentis

2225 3183 2369 3253 quod
2394 3182 2646 3236 viderant
2687 3178 2909 3241 factum,
2951 3169 3269 3230 retulerunt.
3301 3166 3478 3241 (Apud
3505 3162 3650 3219 Italo.
3676 3177 3795 3232 cap.

2229 3274 2343 3343 ll.)
2391 3273 2494 3339 Qui
2548 3271 2719 3326 nimio
2751 3268 2957 3323 furore
3013 3276 3328 3324 succensus,
3358 3259 3414 3313 in
3464 3254 3798 3343 sacerdotem

2225 3342 2330 3418 Dei
2355 3361 2486 3425 vivi,
2516 3372 2738 3414 suorum
2768 3354 2994 3424 injurias
3017 3352 3242 3406 deorum
3272 3345 3462 3402 ulcisci
3483 3342 3794 3425 cogitabat:
3820 3350 3822 3352 '

2227 3461 2285 3508 et
2316 3465 2414 3521 per
2461 3449 2579 3504 dies
2636 3445 2832 3520 [Hab.,
2874 3459 2976 3514 per
3014 3444 3128 3497 tres
3178 3437 3317 3510 dies]
3367 3449 3582 3521 semper
3629 3424 3801 3499 tribus

2228 3519 2461 3606 vicibus,
2517 3554 2617 3594 suo
2640 3519 2836 3602 more,
2887 3534 3138 3607 mittebat
3190 3540 3387 3595 sortes,
3415 3519 3490 3582 'et
3525 3521 3801 3595 nunquam

2229 3633 2606 3695 damnatorum
2655 3643 2795 3693 sors,
2821 3627 2933 3682 Deo
2960 3640 3090 3679 vero
3115 3621 3435 3679 defendente
3459 3631 3607 3680 suos,
3637 3627 3803 3682 super

2231 3734 2450 3776 servum
2495 3717 2593 3772 Dei
2621 3716 2708 3771 vel
2735 3716 2967 3782 aliquem
2991 3729 3060 3768 ex
3089 3711 3202 3766 suis
3228 3710 3425 3775 cadere
3449 3704 3626 3774 potuit
3655 3719 3670 3756 :
3701 3715 3804 3768 nec

2231 3807 2336 3861 nisi
2392 3819 2533 3859 unus
2579 3811 2789 3862 tantum
2835 3817 2904 3855 ex
2953 3800 3115 3855 sociis
3159 3805 3305 3852 sorte
3348 3801 3700 3854 monstratus,
3747 3797 3804 3845 et

2232 3893 2493 3964 martyrio
2524 3899 2818 3952 coronatus
2848 3896 2949 3944 est.
2989 3887 3296 3950 Vocabatur
3323 3898 3452 3938 vero
3472 3883 3557 3936 vir
3581 3888 3804 3936 sanctus

2233 3986 2304 4050 ad
2342 3999 2546 4054 regem,
2583 3991 2638 4038 et
2675 3967 2902 4036 multum
2945 3979 3013 4034 ab
3047 3971 3114 4032 eo
3153 3983 3239 4031 est
3278 3976 3606 4044 increpatus,
3633 3985 3804 4041 quare

2209 4076 2330 4137 ‘m
2365 4091 2522 4134 sacra
2559 4075 2839 4140 violasset,
2886 4077 2942 4128 et
2985 4068 3236 4138 iniuriam
3264 4067 3377 4128 Deo
3401 4079 3522 4121 ~suo
3565 4063 3802 4119 fecisset.

2231 4164 2334 4221 Cui
2373 4181 2557 4234 prteeo
2610 4164 2857 4222 veritatis
2923 4158 3190 4218 constanti
3257 4154 3438 4222 animo
3498 4152 3801 4223 respondit:

2242 4274 2263 4312 ι
2306 4255 2426 4310 Non
2464 4262 2549 4308 est
2576 4253 2740 4317 Deus,
2783 4265 2944 4320 quem
2990 4249 3145 4314 colis,
3181 4247 3277 4303 sed
3313 4244 3575 4308 diabolus,
3613 4243 3708 4311 qui
3753 4248 3808 4296 te

2235 4346 2471 4422 pessimo
2513 4357 2700 4398 errore
2743 4342 3024 4410 deceptum
3074 4337 3257 4401 habet,
3290 4349 3325 4391 ο
3352 4349 3469 4422 rex,
3517 4328 3568 4402 [tl
3603 4336 3663 4382 ut

2165 4414 2216 4472 θ
2235 4414 2389 4496 mam
2419 4445 2567 4491 tuam
2604 4433 2822 4491 aeternis
2859 4432 3034 4491 tradat
3069 4423 3346 4494 ﬂammis].
3392 4420 3508 4475 Non
3545 4424 3631 4472 est
3659 4414 3805 4470 enim

2241 4528 2407 4593 Deus,
2448 4525 2555 4580 nisi
2589 4537 2751 4584 unus,
2788 4519 2882 4588 qui
2913 4517 3120 4572 creauit
3147 4511 3354 4588 caelum
3402 4514 3459 4563 et
3493 4514 3716 4570 terram,
3750 4511 3808 4560 et

2241 4615 2424 4671 omnia
2457 4625 2578 4682 quae
2616 4611 2671 4664 in
2711 4609 2790 4661 eis
2828 4613 2984 4671 sunt;
3037 4616 3197 4673 quem
3230 4600 3332 4670 qui
3361 4612 3487 4654 vera
3517 4595 3623 4651 ﬁde
3653 4593 3807 4659 colit,

2242 4705 2408 4758 vitam
2433 4699 2654 4755 habebit
2691 4696 3106 4765 sempiternam;
3143 4692 3297 4763 cujus
3324 4705 3423 4761 ego
3466 4698 3676 4747 servus,
3704 4684 3804 4737 ho—

2243 4795 2331 4850 die
2378 4791 2477 4850 tibi
2528 4788 2812 4852 testiﬁcor,
2861 4795 2920 4841 ut
2971 4788 3039 4842 ab
3074 4783 3282 4853 antiqui
3331 4778 3534 4836 erroris
3568 4773 3810 4828 vanitate

2243 4898 2404 4955 quam
2435 4881 2720 4937 coluerunt
2745 4887 2929 4950 patres
2957 4877 3054 4942 tui,
3084 4875 3302 4930 tandem
3337 4863 3639 4935 aliquando
3667 4859 3804 4916 resi-

2241 5041 2510 5095 Danorum
2531 5051 2576 5090 ‘a
2607 5053 2666 5091 se
2690 5035 3015 5103 conscripta.
3041 5030 3277 5103 μλῆιιιιι..
3302 5093 3316 5103 _
3386 5091 3419 5103 υ

2291 5083 3014 5162 ῗὲῖνὲἓῖιεὲιῗιάῖἷᾱὲίιῖίιέ
3040 5083 3368 5152 Bremensis-
3386 5091 3509 5162 li_br.
3539 5101 3629 5162 ΔινΔ
3664 5083 3804 5162 Hist.

2245 5151 3098 5233 rasiEeIIJJEEKés'n'Jén'ésse
3125 5165 3204 5217 ait
3243 5178 3365 5217 cum
3391 5159 3587 5233 Farria
3609 5151 3803 5233 ἐπίεζε,

2240 5227 2613 5319 aanimi:
2633 5227 2864 5319 inuria-ir
2890 5237 3070 5319 Albia
3115 5227 3677 5319 longonrecessuftug:

2245 5293 2613 5371 ἷῖἶὶἀιέίί
2632 5293 2856 5378 Bima
2881 5293 3565 5378 Dnnorutne'tFresonunt.

2248 5367 2421 5441 iam;
2452 5367 2517 5438 λιι)
2547 5367 2946 5456 ἁιειῆςῂὶεορρρ
2975 5373 3280 5456 habitabilis
3322 5372 3463 5425 facta
3498 5367 3720 5425 dicitur,
3753 5367 3808 5414 et

2250 5455 2576 5509 monasterio
2599 5443 3174 5503 Heiloensi-illustrata.
3199 5443 3424 5498 ΙΙΑιιιιι..

2320 5486 2512 5588 3'33;
2728 5486 2864 5571 infra
2895 5516 3104 5570 uncinis
3126 5486 3330 5570 inciti-sa
3353 5515 3499 5572 sunt,
3527 5505 3720 5562 desunt
3753 5497 3823 5551 in:

2253 5594 2390 5647 Mab.
