4268 6200
488 205 594 262 703

1337 209 1399 265 ιι.
1441 210 1504 266 r.
1544 208 1779 267 ALBINI
1814 209 1947 267 seu
1986 203 2263 262 ALCUlNl
2299 188 2592 265 orsnuu
2619 192 2799 266 PARS
2837 208 2903 265 v.

3634 206 3738 265 705

484 322 580 394 qui
605 320 806 376 famulo
843 323 938 377 Dei
967 324 1207 380 convicia
1236 324 1417 381 dicere
1445 322 1627 396 [Μαι.
1666 325 1784 380 viro
1810 322 1909 380 Dei
1936 337 2065 379 con-
2091 320 2141 377 Δ
2167 335 2482 394 memorque
2521 322 2813 384 Domi‘nica:
2831 321 3115 396 jussionis,
3134 324 3428 396 discipulis
3454 326 3566 383 suis
3595 342 3737 398 pra:-

486 412 626 466 viria
658 410 858 486 facere]
883 429 989 469 non
1015 414 1321 480 abhorruit,
1359 412 1581 489 [multis
1605 414 1981 479 cernentibus,
2011 414 2065 469 in

486 505 677 559 eodem
701 503 867 577 loco]
889 508 1161 583 repentina
1195 514 1370 563 morte
1400 507 1582 577 periit.

557 594 684 651 Car.
736 594 829 655 XV
871 594 1053 668 [Μαι.
1088 596 1240 670 ιιι]
1264 598 1468 670 Aquam
1495 598 1703 654 dulcem
1732 616 1762 654 ο
1785 608 1930 668 petra
1964 598 2065 653 cli-

488 689 577 742 rit.
602 717 673 729 —-
696 687 832 744 Cum
858 689 943 744 vir
964 688 1076 745 Deo
1112 689 1305 760 plenus
1329 699 1552 762 propter
1578 691 1901 763 evangelica:
1926 705 2068 762 pra:-

486 779 776 837 dicationis
806 782 1125 838 instantiam
1153 782 1285 839 loca
1328 784 1645 842 circumiret
1680 783 1948 838 maritima
1975 780 2067 855 [-in

483 871 722 945 eisdem]
765 888 921 943 aqua:
969 873 1141 931 dulcis
1191 875 1479 947 penuriam
1532 873 1861 946 patiebatur.
1912 871 2069 941 Quod

484 960 623 1018 dum
663 965 925 1020 cernebat
966 979 1093 1021 suos
1131 965 1531 1022 commilitones
1560 973 1786 1037 propter
1814 965 2069 1023 ardorem

472 1053 605 1109 sitis
627 1054 869 1124 graviter
889 1054 1182 1122 sustinere,
1208 1062 1405 1111 vocato
1420 1069 1539 1112 uno
1554 1070 1621 1110 ex
1649 1054 1774 1121 illis,
1813 1052 2069 1126 precepit

481 1143 533 1197 ei
561 1142 706 1198 intra
726 1144 1019 1200 tentorium
1049 1160 1205 1201 suum
1232 1144 1434 1201 fossam
1460 1145 1673 1215 aperire
1693 1158 1943 1215 parvam,
1974 1141 2067 1207 ubi

487 1243 703 1290 secreto
749 1233 873 1290 ﬁxis
917 1235 1145 1307 genibus
1178 1236 1373 1293 orabat
1405 1234 1594 1299 Deum,
1642 1243 1699 1288 ut
1737 1233 1830 1304 qui
1871 1231 2069 1303 populo

487 1340 814 1395 suoaquam
837 1326 891 1380 in
919 1325 1144 1382 deserto
1159 1326 1414 1398 produxit
1440 1326 1507 1382 de
1532 1333 1686 1396 petra
1707 1321 1903 1396 (Exod.
1931 1338 2064 1388 xvn,

488 1414 653 1469 Nam.
702 1416 815 1487 xx),
853 1416 1026 1472 servis
1062 1416 1176 1472 suis
1215 1416 1403 1472 eadem
1436 1415 1809 1471 misericordia
1840 1415 1906 1469 de
1940 1426 2063 1467 are-

485 1520 619 1561 nosa
646 1516 792 1561 terra
830 1523 1026 1577 aquam
1061 1509 1403 1579 produceret.
1452 1508 1554 1576 Qui
1606 1524 1731 1564 mox
1779 1506 2064 1564 exauditus

2166 412 2437 483 cipientis,
2478 428 2546 468 ne
2573 412 2661 468 cui
2686 413 3176 487 transfigurati‘onis
3194 413 3423 485 glbriam
3445 424 3572 472 ante
3595 416 3764 488 diem,
3839 464 3851 487 ,

2166 503 2578 559 resurrectionis
2612 518 2724 560 sum
2756 495 3017 570 dicerent,
3060 505 3317 577 praecepit
3357 506 3541 561 eidem
3577 503 3745 564 cella-

2166 594 2272 665 rio,
2318 609 2387 651 ne
2413 595 2503 650 cui
2532 595 2876 663 miraculum,
2921 597 3065 668 quod
3098 596 3551 672 viderat.[luli..
3594 598 3765 670 quod;

2166 684 2465 758 cernebat],
2492 693 2619 740 ante
2639 686 2782 743 diem
2809 687 2989 748 obitus
3010 688 3095 744 sui
3122 686 3379 745 ediceret.
3480 678 3522 729 ί

2236 775 2366 832 Cn.
2395 774 2559 833 XVIII
2589 774 2760 850 [Μαι.
2782 778 2932 853 XIX].
2958 777 3144 841 Simile
3174 778 3512 843 miraculum.
3536 812 3606 823 —
3632 782 3742 843 Sed

2167 872 2223 922 et
2254 865 2399 922 aliud
2432 866 2561 923 huic
2596 866 2773 932 simile
2814 883 2927 939 per,
2958 869 3077 941 ejus
3114 867 3548 927 benedictionem
3595 873 3742 940 Deus

2166 954 2418 1012 Christus
2435 965 2690 1027 operatus
2714 966 2798 1014 est
2820 958 3160 1023 miraculum.
3186 958 3527 1026 Perveniens‘
3551 977 3741 1026 servus

2168 1045 2264 1102 Dei
2301 1062 2426 1102 cum
2458 1047 2622 1104 sociis
2656 1047 2725 1105 ad
2764 1049 2983 1123 domum
3026 1049 3307 1121 cuiusdam
3355 1052 3658 1119 amicisni,
3687 1061 3745 1115 et

2164 1138 2438 1211 paulisper
2459 1138 2761 1212 cupiemiu
2786 1139 2946 1204 dono
2988 1140 3191 1199 dilecti‘
3206 1140 3363 1212 longi.
3380 1141 3622 1207 laborem
3649 1144 3743 1199 ἱιίφ

2167 1192 2315 1287 aea.
2341 1192 2939 1295 mactatast;
2977 1192 3421 1301 patremfamilias
3456 1192 3589 1288 nibil
3629 1233 3738 1298 vini

2168 1320 2368 1383 habere
2394 1320 2675 1391 comperit.
2704 1320 2945 1398 Quatuor
2970 1336 3100 1394 ergo
3133 1322 3374 1385 modicos
3399 1322 3663 1380 flascones
3686 1323 3738 1395 ι,

2167 1428 2303 1484 quos
2327 1420 2536 1468 tantum
2562 1413 2615 1468 in
2644 1414 2854 1470 itineris
2875 1414 3124 1473 solatium
3162 1430 3345 1471 secum
3366 1416 3483 1487 ejus
3504 1417 3640 1473 socii
3663 1416 3742 1477 fe.-

2170 1502 2383 1567 rebant,
2405 1503 2566 1575 jussit
2594 1502 2775 1559 auerti
2804 1523 2817 1559 :
2850 1520 3049 1576 eosque
3090 1506 3147 1561 in
3173 1505 3289 1576 ejus
3324 1507 3541 1563 nomine
3572 1509 3739 1565 bene-

479 1607 588 1662 est,
612 1613 737 1651 nam
763 1597 945 1654 subito
974 1598 1095 1654 fons
1116 1600 1415 1655 dulcissimi
1445 1601 1655 1670 saporis
1679 1599 1882 1656 fossam
1911 1610 1941 1640 ι
1966 1599 2068 1654 im-
2101 1664 2138 1673 _
2170 1593 2327 1659 dixit,
2376 1594 2469 1663 qui
2486 1594 2547 1670 in
2567 1595 2813 1658 convivio
2842 1597 3066 1667 nuptiali
3099 1613 3271 1669 aquas
3294 1601 3562 1656 convertit
3585 1600 3744 1673 190

434 1758 439 1764 t
481 1688 679 1758 plebat.
712 1689 866 1757 Quod
894 1692 976 1763 sui
1006 1701 1314 1758 cementes,
1351 1664 1563 1765 gratias
1609 1692 1850 1764 agebant
1869 1692 2062 1765 [Malm
2101 1664 2143 1723 Β
2169 1686 2223 1740 in
2244 1684 2469 1758 vinum[
2498 1664 2643 1741 Μαι.
2672 1728 2688 1753 ,
2716 1688 2808 1758 qui
2839 1689 2893 1743 in
2914 1664 3063 1745 Cana
3098 1664 3316 1746 Galilea:
3348 1707 3518 1762 aquas
3544 1664 3744 1753 ιιι-ἧῶ

478 1778 739 1851 egerunt]
776 1782 1127 1851 omnipotenti
1168 1781 1303 1847 Deo,
1350 1783 1442 1852 qui
1478 1791 1725 1838 sanctum
1762 1799 1918 1838 suum
1951 1797 2066 1837 ma-

480 1868 781 1936 gnilicavit,
832 1881 889 1926 et
924 1886 1049 1939 eum
1078 1871 1334 1927 exaudire
1355 1871 1604 1943 dignatus
1629 1881 1713 1927 est
1745 1889 1756 1925 :
1783 1871 2065 1928 bibebant-

482 1974 595 2031 que
620 1974 795 2032 usque
824 1963 891 2016 ad
919 1963 1245 2028 satietatem,
1277 1965 1574 2032 secumque
1604 1964 1671 2021 ad
1696 1962 2064 2033 praedestinati

480 2054 694 2110 itineris
723 2056 1102 2111 necessitatem
1120 2096 1136 2122 ,
1186 2062 1448 2126 quantum
1476 2054 1729 2113 sufficere
1758 2055 2061 2121 videbatur,

478 2155 699 2216 portare
729 2148 1014 2202 curabant.

550 2236 683 2291 ευ».
717 2236 831 2290 XVI
863 2235 1043 2310 [Μαὺ.
1073 2238 1242 2310 xvn].
1287 2236 1473 2293 Vinum
1503 2239 1835 2310 multiplicat.
1865 2270 1934 2281 —
1961 2237 2065 2294 Ite-

480 2346 600 2384 rum
626 2341 848 2387 sanctus
867 2331 958 2387 Dei
983 2334 1255 2400 sacerdos,
1283 2334 1336 2388 in
1362 2335 1595 2404 quodam
1619 2334 1736 2391 loco
1758 2336 1859 2391 iter
1876 2350 2061 2408 agens,

480 2423 614 2477 vidit
653 2424 1023 2480 mendicantes
1072 2426 1259 2496 inopes
1299 2428 1606 2491 duodecim,
1638 2429 1841 2497 pariter
1882 2438 2067 2499 postue

482 2513 654 2593 latntes
690 2502 792 2569 sibi
843 2515 1045 2586 aliquid
1090 2533 1121 2571 a
1159 2521 1610 2587 praetereuntibus
1653 2521 1829 2575 solatii
1870 2520 2092 2594 [durib

482 2606 647 2672 Quos,
673 2614 731 2660 nt
753 2616 869 2661 erat
891 2608 1228 2675 mitissimus,
1242 2611 1475 2681 benigno
1489 2612 1909 2679 aspexitanimo,
1945 2613 2063 2667 uni-

481 2712 586 2766 que
610 2713 677 2752 ex
704 2698 816 2753 suis
844 2698 1120 2754 mandavit
1158 2700 1445 2769 specialem
1473 2716 1627 2755 suum
1658 2699 1950 2757 flasconem
1976 2718 2066 2757 su-

484 2804 650 2853 mere,
682 2806 744 2846 ac
769 2790 1096 2860 pauperibus
1122 2792 1352 2847 miscere
1381 2791 1645 2864 [Miscere
1667 2809 1762 2863 pro
1792 2791 2061 2865 fundere]

481 2880 702 2936 Christi.
746 2881 821 2935 Ex
852 2896 959 2951 quo
984 2896 1173 2936 omnes
1198 2882 1271 2936 illi
1297 2867 1579 2938 duodecim
1615 2896 1785 2953 usque
1810 2885 1878 2938 ad
1904 2886 2067 2939 satie-

482 2980 651 3027 tatem
678 2971 934 3027 bibebant
962 2991 974 3024 ε
1006 2980 1063 3026 et
1085 2973 1283 3026 mirum
1325 2974 1377 3026 in
1412 2974 1655 3038 modum,
1686 2973 1790 3027 illis
1815 2974 2063 3028 abeunti-
2089 3002 2137 3064 ε

480 3062 605 3129 bus,
649 3077 715 3118 ex
753 3064 957 3133 optimo
998 3063 1123 3117 vino
1168 3062 1355 3127 flasco,
1392 3063 1457 3118 de
1497 3080 1604 3133 quo
1642 3065 1775 3137 tanti
1821 3066 2068 3120 biberant

481 3158 749 3220 homines,
780 3156 834 3229 [ει
867 3155 1138 3228 ministro]
1186 3156 1433 3212 inventus
1473 3165 1560 3211 est
1596 3157 1805 3226 plenus,
1833 3166 1893 3212 ut
1918 3167 2063 3213 ante.

484 3249 597 3307 Hoc
625 3258 920 3320 comperto,
951 3250 1343 3307 benedicebant
1368 3265 1557 3305 omnes
1582 3250 1865 3305 Dominum
1898 3252 2068 3305 Deum

484 3351 732 3396 nostrum
783 3339 977 3412 [Hab.,
1036 3342 1321 3394 Dominum
1354 3338 1584 3411 Iesum],
1617 3342 1857 3403 dicentes
1889 3360 1899 3392 :
1933 3340 2070 3394 Vere

489 3430 768 3502 impletum
797 3438 883 3485 est
925 3431 978 3485 in
1021 3430 1210 3495 nobis,
1247 3429 1391 3498 quod
1429 3429 1481 3482 in
1508 3428 1797 3499 Evangelio
1827 3431 2024 3483 dicitur
2054 3444 2067 3482 :

486 3521 640 3585 Date,
671 3531 718 3575 et
740 3520 955 3575 dabitur
983 3519 1122 3575 vobis
1150 3521 1169 3593 (
1195 3520 1323 3575 Luc.
1358 3536 1432 3587 vr,
1464 3520 1575 3590 58).

554 3614 682 3678 Car.
709 3612 850 3669 XVII
890 3612 1059 3687 [Mab.
1089 3612 1270 3685 xvut].
1307 3612 1510 3667 Rursus
1536 3614 1706 3666 vinum
1734 3613 2065 3683 multiplicat.

488 3734 557 3744 ——
579 3703 739 3761 Venit
784 3722 997 3776 quoque
1029 3706 1112 3760 vir
1137 3714 1355 3760 sanctus
1390 3705 1456 3759 ad
1482 3720 1638 3759 suum
1670 3705 1919 3783 visitandi
1949 3721 2069 3774 gra—

485 3796 559 3849 tia
592 3799 997 3865 monasterium,
1023 3806 1079 3852 et
1102 3805 1223 3869 post
1247 3798 1521 3853 orationes
1555 3798 1621 3851 ad
1662 3797 1860 3860 Deum,
1897 3805 1953 3851 et
1981 3812 2069 3849 sa-

484 3887 1063 3953 lutationesofratrum,
1112 3899 1167 3943 et
1206 3891 1601 3943 admonitiones
1630 3870 1927 3958 pacificus;
1958 3888 2067 3940 cir—

486 3983 731 4038 cumiens
759 3983 964 4054 singula
1001 3984 1229 4036 fratrum
1262 3982 1588 4047 habitacula,
1641 3984 1685 4037 si
1715 3983 1843 4051 quid
1882 3982 1932 4034 in
1967 3981 2070 4038 illis

486 4073 882 4128 emendandum
912 4074 1119 4137 fuisset,
1174 4074 1293 4142 pius
1341 4081 1524 4143 pastor
1565 4073 1848 4142 explorare
1881 4072 2064 4127 voluit.

488 4162 715 4217 Intravit
740 4178 955 4234 quoque
983 4162 1190 4236 [Malm
1227 4172 1351 4218 tunc
1379 4164 1596 4225 accidit,
1632 4163 1982 4235 utiintraretj
2015 4164 2067 4216 in

484 4251 782 4318 cellarium,
810 4254 862 4308 in
897 4270 1004 4324 quo
1026 4255 1295 4309 modicum
1321 4256 1428 4308 vini
1468 4257 1667 4323 reperit
1697 4255 1750 4308 in
1778 4270 1904 4309 vase
1932 4248 2066 4325 [ld’.,

2169 1792 2417 1848 saporem
2461 1776 2737 1850 mutavit]
2760 1770 2963 1850 ,(Jaan.
2989 1778 3074 1852 ιι).
3112 1781 3181 1836 Et
3202 1782 3400 1837 mirum
3439 1783 3495 1837 in
3521 1784 3740 1842 modum

2166 1876 2289 1939 post
2327 1868 2753 1923 benedictionem
2806 1868 2825 1941 [
2857 1868 2945 1924 Id.
2965 1912 2981 1935 ,
3022 1879 3144 1941 post
3180 1871 3571 1931 benedictionis
3615 1861 3740 1946 gra-g

2167 1957 2333 2030 tiam]
2359 1957 2514 2027 quasi
2556 1958 2910 2029 quadraginta
2942 1959 3043 2014 viri
3082 1973 3148 2013 ex
3176 1960 3283 2025 illis
3322 1960 3621 2035 lagunculis
3654 1979 3745 2021 us-

2166 2065 2271 2122 que
2295 2049 2362 2105 ad
2383 2050 2687 2105 satietatem
2707 2050 2979 2118 bibebant,
3004 2061 3202 2108 etcum
3224 2069 3420 2126 magna
3444 2040 3741 2127 gratiarum

2167 2146 2380 2203 actione
2424 2144 2528 2199 sibi
2582 2139 2729 2203 laetis,
2765 2144 2994 2201 invicem
3041 2146 3236 2202 animis
3280 2147 3573 2203 dicebant:
3606 2148 3746 2212 Vere

2167 2237 2427 2292 Dominus
2452 2233 2610 2289 Jesus
2633 2235 2722 2291 hic
2752 2235 3025 2305 implevit,
3052 2237 3194 2307 quod
3223 2236 3278 2291 in
3305 2236 3595 2310 Evangelia
3621 2255 3745 2309 pro-

2166 2326 2569 2396 misit,_dicens:
2598 2323 2703 2391 Qui
2720 2325 2883 2381 credit
2901 2328 2956 2389 in
2980 2343 3080 2391 me,
3110 2342 3297 2397 opera,
3325 2344 3443 2400 qua:
3470 2345 3564 2400 ego
3584 2326 3769 2400 facio,’_

2168 2430 2218 2474 et
2243 2422 2352 2492 ipse
2378 2420 2635 2490 faciet,'et
2666 2421 2870 2491 majora
2897 2420 3085 2475 horum
3106 2420 3262 2491 faciet
3288 2421 3470 2494 (Joan.
3495 2423 3742 2499 x1v,“l2.).

2236 2512 2364 2569 Car.
2392 2510 2513 2567 XIX
2541 2510 2724 2585 [Mab.
2763 2510 2887 2583 xx].
2922 2509 3338 2583 Contumeliosus
3365 2514 3421 2568 in
3448 2514 3618 2567 virum
3649 2513 3747 2569 Dei

2167 2605 2417 2672 diuinitus
2463 2605 2701 2677 punitur,
2748 2607 2999 2675 paenitens
3050 2621 3179 2660 vero.
3218 2605 3486 2668 liberatur.
3513 2636 3582 2646 —
3610 2606 3739 2662 Per—

2167 2698 2310 2753 rexit
2362 2698 2503 2752 idem
2564 2706 2784 2752 sanctus
2836 2697 3158 2767 praedicator
3213 2698 3444 2766 quodam
3500 2708 3741 2770 tempore
3834 2680 3843 2692 ’

2168 2801 2317 2842 more
2359 2786 2515 2842 solito
2542 2787 2611 2842 ob
2650 2787 3049 2859 evangelizandi
3074 2788 3304 2857 gratiam
3346 2804 3466 2844 cum
3521 2788 3737 2848 festinus

2168 2879 2313 2933 tione
2344 2881 2399 2934 in
2420 2879 2683 2943 Frisiam;
2738 2888 2790 2934 ct
2824 2889 3043 2951 propter
3072 2880 3304 2935 laborem
3344 2882 3445 2935 vize
3474 2883 3527 2935 in
3565 2883 3736 2953 pratis

2166 2970 2446 3040 cujusdam
2493 2971 2673 3025 divitis
2724 2970 2998 3041 paululum
3029 2970 3201 3025 lassos
3237 2970 3537 3028 refocillare
3576 2988 3744 3042 equos

2168 3062 2400 3117 volebat.
2432 3061 2577 3127 Quos
2604 3062 2753 3117 dives
2780 3063 2870 3117 ille
2906 3063 2959 3117 in
2986 3064 3159 3133 pratis
3181 3065 3292 3119 suis
3320 3066 3465 3134 pasci
3497 3079 3743 3131 cernens,

2169 3153 2434 3223 superbia:
2486 3153 2674 3223 spiritu
2709 3169 2878 3225 equos
2920 3155 3125 3209 caedere
3168 3157 3353 3223 crpit,
3393 3164 3447 3209 et
3475 3169 3507 3209 e
3533 3156 3746 3223 pascuis

2170 3245 2408 3314 abigere.
2451 3243 2622 3311 Quem
2652 3248 2733 3299 vir
2761 3243 2854 3301 Dei
2900 3246 3280 3315 placidissimis
3310 3248 3491 3301 verbis
3521 3247 3745 3317 alloqui-

2172 3348 2281 3403 tur,
2308 3339 2493 3391 dicens
2525 3355 2536 3389 :
2571 3355 2589 3386 ι
2613 3337 2805 3391 Desine
2826 3338 2980 3391 nobis
3011 3336 3224 3409 [frater]
3250 3338 3495 3405 injuriam
3521 3339 3695 3395 facere
3731 3360 3739 3390 :

2172 3420 2275 3483 ndn
2307 3430 2448 3481 enim
2476 3438 2694 3497 propter
2722 3429 2992 3483 ltesioncm
3020 3430 3241 3493 tui,.setl
3270 3441 3486 3502 propter
3515 3433 3747 3488 necessi-

2172 3525 2336 3571 tatem
2367 3520 2559 3582 nostri,
2592 3521 2656 3574 ad
2688 3521 2872 3575 horam
2909 3523 2960 3576 in
2996 3523 3083 3577 his.
3110 3525 3321 3593 pascuis
3356 3527 3633 3593 quiescere
3653 3537 3745 3577 vo—

2173 3611 2385 3666 luimus.
2420 3612 2587 3669 Instat
2614 3614 2767 3669 nobis
2789 3630 2922 3683 opus
2949 3615 3041 3669 Dei
3072 3618 3455 3686 peragendum,
3498 3615 3651 3681 cujus
3689 3622 3745 3667 tu

2170 3722 2383 3775 quoque
2424 3707 2726 3761 mercedem
2774 3707 2972 3760 habere
3010 3709 3234 3775 poteris,
3264 3708 3308 3760 si
3342 3722 3460 3767 nos,
3488 3713 3744 3772 quantum

2172 3796 2236 3848 ad
2269 3802 2319 3847 te
2342 3796 2598 3862 pertinet,
2641 3794 2915 3864 [benigno]
2966 3796 3235 3865 adjuveris
3284 3797 3465 3850 animo
3496 3814 3507 3847 :
3542 3810 3749 3849 memor

2173 3883 2315 3937 illius
2341 3883 2553 3937 Domini
2600 3885 2764 3938 nostri
2796 3884 2921 3940 Jesu
2947 3886 3145 3939 Christi
3176 3886 3495 3941 dulcissimae
3520 3888 3743 3957 promis:

2170 3978 2337 4032 sionis
2368 3998 2377 4031 :
2412 3979 2514 4043 Qui
2540 3996 2624 4033 vos
2658 3980 2857 4051 recipit,
2887 3997 2967 4033 me
2998 3979 3175 4049 recipit
3202 3994 3219 4031 :
3247 3991 3292 4035 et
3320 3981 3409 4049 qui
3433 3999 3512 4034 me
3544 3978 3741 4050 recipit.

2171 4068 2349 4141 recipit
2378 4088 2493 4125 eum
2522 4072 2611 4144 qui
2638 4090 2717 4126 me
2746 4072 2880 4125 misit
2921 4071 3150 4141 (Matth.
3182 4090 3237 4137 χ,
3278 4073 3347 4127 40
3372 4072 3411 4142 ).
3444 4073 3547 4127 Sed
3578 4074 3747 4143 magis

2172 4176 2352 4221 mente
2378 4156 2600 4235 pacifica
2634 4166 2907 4219 nobiscum
2949 4166 3103 4235 quasi
3136 4166 3339 4219 amicus
3370 4167 3595 4233 teipsnm
3627 4163 3748 4217 reli—

2171 4250 2344 4321 ciens,
2401 4256 2788 4324 aliquantulum
2834 4256 2989 4319 bibe,
3035 4256 3295 4323 nobisque
3338 4262 3514 4323 ccepto
3560 4254 3747 4307 itinere

486 4341 541 4395 in
569 4357 677 4397 uno
697 4342 884 4414 dolio],
906 4344 958 4397 in
986 4344 1127 4412 quod
1154 4359 1313 4397 suum
1334 4341 1719 4397 benedictionis
1746 4346 1918 4414 gratia
1944 4360 2064 4397 cum
2094 4364 2144 4422 ι)
2171 4350 2538 4419 pergentibus,
2556 4359 2608 4402 tu
2633 4364 2664 4402 a
2682 4349 2794 4408 Dm
2812 4348 3142 4409 benedictus,
3166 4347 3501 4399 reverterein
3529 4344 3745 4399 domum
3762 4392 3783 4397 λ.

485 4433 733 4489 oratione
783 4434 1009 4487 immisit
1050 4433 1324 4495 baculum,
1379 4441 1435 4487 ct
1480 4435 1666 4487 exivit.
1722 4434 1829 4490 Sed
1878 4430 2065 4488 eadem

490 4535 647 4582 nocte
685 4527 738 4580 in
775 4540 839 4580 eo
878 4527 993 4596 ipso
1039 4525 1257 4579 vasculo
1282 4526 1463 4579 vinum
1512 4542 1759 4581 crescere
1807 4528 1990 4597 cmpit,
2018 4537 2072 4583 ct

491 4616 855 4689 supercil'umli
889 4618 1031 4671 vasis
1068 4617 1309 4687 margine
1351 4615 1493 4687 [ld.,
1527 4618 1596 4671 ita
1628 4626 1687 4671 ut
1720 4616 2070 4689 superfunde—

494 4719 575 4761 ret
612 4708 756 4762 vasis
794 4707 1138 4779 marginem}.
1174 4707 1287 4761 lloc
1316 4707 1571 4764 cellarius
1601 4724 1845 4772 cernens,
1897 4710 2070 4777 inspe-

494 4809 611 4853 rata
646 4799 972 4855 abundantia
1014 4798 1418 4869 obstupefactus
1444 4809 1547 4862 est,
1580 4816 1679 4854 nec
1702 4801 1879 4854 celare
1906 4801 2067 4853 aude-

489 4891 601 4951 bat,
651 4892 793 4959 quod
838 4891 1017 4945 divina
1058 4891 1428 4945 misericordia
1468 4907 1565 4959 per
1594 4892 1734 4945 servi
1774 4892 1857 4944 sui
1907 4892 2070 4945 bene-

489 4984 777 5037 dictionem
805 4982 915 5052 geri
946 4966 1323 5052 cognoscebat.
1342 4979 1592 5037 Crastino
1623 4997 1780 5036 mane
1804 4982 2065 5045 cucurrit,

494 5083 549 5128 ct
575 5083 700 5128 ante
721 5074 885 5144 pedes
909 5074 1077 5129 sancti
1105 5073 1283 5129 Patris
1310 5087 1367 5127 se
1398 5081 1743 5142 prosternens
1773 5070 2064 5127 confiteba-

494 5178 580 5221 tur
608 5167 734 5236 quid
764 5167 1005 5221 vidisset.
1031 5166 1132 5234 Qui
1163 5182 1310 5221 more
1337 5164 1495 5221 solito
1524 5164 1860 5258 Dco‘gratias
1883 5179 2067 5235 agens,

562 5293 585 5319 ι
612 5258 916 5333 Dulcissimi
939 5279 1138 5347 saporis
1156 5279 1382 5347 fossam.
1418 5296 1435 5327 ι
1465 5278 1666 5331 Eadem
1696 5277 1954 5337 cisterna,
1984 5276 2067 5347 in-

493 5351 609 5417 quit
653 5349 805 5404 Joan.
853 5346 1005 5401 Belta'
1044 5348 1095 5399 in
1140 5346 1339 5401 Chron.
1389 5364 1530 5403 nunc
1580 5349 1651 5417 in_
1681 5346 1955 5417 territorio
2003 5346 2067 5417 de

497 5414 804 5490 Ileylingclo
828 5425 1073 5490 patenter
1102 5418 1425 5490 ostenditur,
1465 5415 1674 5490 qugab
1702 5414 2067 5490 inquilinjs_il-

494 5484 968 5543 lic'baliitantibus
1004 5487 1259 5542 modei'no
1295 5496 1534 5554 tempore
1570 5484 1766 5537 I‘nteus
1796 5484 1850 5537 S.
1896 5484 2068 5538 Willi—

496 5558 676 5610 brordi
702 5560 918 5613 dicitur.
958 5580 973 5610 ι
1010 5558 1233 5615 Mum.

570 5630 594 5667 ι’
627 5626 855 5683 Μοιιίτος
881 5630 1150 5696 [latronem
1191 5629 1344 5699 Apud
1379 5625 1758 5687 Mabillonium,
1811 5624 2061 5693 modicas,

2173 4447 2339 4490 tuam.
2375 4458 2392 4487 ι
2428 4437 2515 4511 Ille
2541 4446 2721 4488 autem
2759 4452 2811 4487 ιιι
2844 4436 3045 4489 malitia
3077 4436 3344 4505 pertinax,
3376 4436 3561 4491 nolens
3597 4436 3745 4504 paci—

2152 4528 2287 4582 «licis
2316 4528 2415 4580 viri
2447 4527 2540 4581 Dei
2570 4525 2747 4580 verbis
2787 4526 3149 4593 acquiescere,
3194 4525 3286 4577 sed
3325 4526 3570 4581 convicia
3604 4526 3747 4595 ingev

2171 4619 2398 4680 minans,
2430 4617 2715 4687 opprobria
2742 4617 3020 4684 jatulans:
3066 4635 3081 4665 ι
3115 4616 3189 4670 Tu
3240 4633 3343 4681 me,
3383 4617 3574 4684 inquit,
3617 4616 3745 4671 bor-

2172 4710 2303 4764 taris
2332 4708 2537 4770 bibere,
2562 4714 2616 4761 et
2636 4723 2819 4776 pacem
2848 4720 3020 4761 tecum
3067 4708 3203 4761 inire
3239 4727 3249 4759 :
3279 4709 3413 4761 scito
3444 4705 3747 4760 certissime

2170 4799 2313 4866 quod
2346 4806 2521 4851 tecum
2552 4798 2733 4852 bibere
2777 4814 2873 4869 pro
2913 4797 3080 4851 nihilo
3118 4799 3309 4851 habeo.
3349 4816 3364 4845 ι
3400 4796 3740 4862 Rapit-nsque

2169 4903 2235 4943 ex
2264 4885 2381 4955 ejus
2408 4902 2500 4943 ore
2530 4889 2751 4943 verbum
2783 4889 2885 4942 hoc
2910 4887 2991 4942 vir
3022 4888 3113 4941 Dei
3147 4905 3157 4937 :
3194 4904 3209 4933 ι
3251 4885 3307 4937 Si
3333 4899 3436 4935 non
3464 4882 3619 4953 velis,
3647 4884 3740 4949 ait,

2170 4994 2377 5034 mecum
2407 4980 2612 5044 bibere,
2641 4995 2744 5033 non
2770 4979 2911 5033 bibe.
2941 5000 2957 5029 ι
2995 4979 3060 5031 Et
3084 4978 3267 5030 statim
3308 4984 3516 5043 paratis
3558 4976 3739 5041 sociis,

2168 5071 2403 5143 perrexit
2434 5071 2572 5125 viam
2615 5087 2786 5126 suam.
2817 5070 2907 5123 Ille
2934 5082 3145 5138 quoque
3184 5075 3489 5131 contumax,
3524 5069 3741 5123 domum

2168 5177 2319 5216 suam
2344 5161 2631 5216 festinabat
2657 5158 2953 5223 adire,.sed
2984 5164 3125 5212 totus
3163 5160 3340 5214 subito
3368 5162 3453 5213 siti
3482 5163 3736 5224 ardebat;

2168 5294 2362 5349 genere
2393 5277 2673 5349 feminino,
2719 5288 2954 5349 quovox
2981 5274 3141 5340 παίει)
3178 5276 3370 5349 ibidem
3414 5292 3626 5349 semper
3654 5294 3741 5349 sn;

2170 5342 2354 5410 initur,
2378 5363 2446 5401 an
2469 5346 2535 5400 ab
2561 5347 2680 5416 ipso
2699 5342 2949 5416 élcuino,
2985 5358 3052 5397 an
3096 5359 3157 5400 ex
3189 5346 3392 5401 incuria
3421 5342 3741 5416 scriptoris?

2168 5418 2392 5473 Codices
2434 5411 2600 5485 certei
2633 5411 2903 5485 diderunt,
2952 5423 3113 5483 prout
3157 5424 3305 5485 patet
3349 5432 3412 5469 ex
3466 5411 3567 5469 hac
3608 5417 3735 5477 edit,

2169 5486 2512 5551 Quercetani.
2560 5484 2680 5537 Vid.
2724 5483 2864 5539 hanc
2892 5482 3076 5541 vocem
3114 5482 3172 5541 in
3209 5482 3487 5543 Glossario
3530 5486 3590 5540 D.
3636 5485 3737 5539 Du-

2170 5572 2351 5626 range.
