4268 6206
7 210 29 263 δ

41 206 66 261 ι

7 346 65 385 Β,

7 439 93 487 αἱ.

7 513 73 571 b-

5 610 70 673 od
82 647 93 673 .:

6 801 73 859 ed

6 907 73 951 us

6 1001 73 1043 us

22 1085 76 1137 et

11 1170 74 1225 ti-

5 1261 71 1317 ini

24 1353 71 1427 δι

4 1449 74 1507 fe-

3 1560 73 1601 ie-

3 1640 75 1713 ιο

6 1732 77 1793 ini

4 1845 72 1885 un

3 1938 72 1979 rae

4 2030 77 2070 us-

920 354 1027 408 705
1610 348 2182 407 llAGlOGRAPlllCA.
2214 381 2283 391 —-
2325 350 2479 405 VITA
2520 347 2580 403 S.
2622 345 3098 403 WlLLlBRORDI.
3132 379 3203 388 —
3232 348 3356 402 LIB.
3396 350 3433 403 l.
4052 354 4154 408 706

913 426 1245 537 cupiensque
1289 463 1563 518 ardentem
1602 463 1939 523 stomachum
1978 462 2103 517 vino
2141 460 2478 533 refrigerare,
2515 465 2556 521 Λ
2587 460 2891 513 necessaria
2922 475 3110 529 rapere
3131 460 3353 527 solebat,
3384 470 3439 516 et
3462 466 3513 517 in
3532 463 3703 535 ignem
3724 465 3954 518 mittere.
3976 464 4151 535 [Μηὸ.

917 570 1002 620 cs,
1052 554 1195 624 quod
1216 553 1332 607 viro
1359 552 1454 607 Dei
1498 542 1737 608 convicia
1786 553 2025 622 ingessit,
2062 552 2171 606 vini
2216 553 2485 621 potionem

922 644 1162 712 recipere
1207 631 1312 696 non
1340 640 1551 696 valebat
1570 639 1601 713 -[
1619 640 1783 704 Mab.,
1810 640 2002 712 noluit]
2030 656 2045 694 :
2070 639 2157 712 [et
2184 640 2274 710 qui
2298 655 2486 709 pacem

851 748 854 750 ‘
919 746 1041 792 eum
1067 751 1220 791 servo
1245 735 1336 790 Dei
1365 735 1658 790 voluntarie
1696 733 1927 805 uoluit],
1973 748 2186 802 pinnam
2225 733 2281 786 in
2308 732 2485 800 seipso

921 826 1223 881 necessarie
1262 826 1537 880 sustinuit.
1572 824 1753 881 Vocati
1793 833 1918 880 sunt
1945 825 2159 891 medici,
2200 825 2293 895 qui
2339 824 2484 879 sitim

920 916 1194 980 sedarent,
1251 925 1343 969 au:
1390 915 1699 971 facultatem
1756 924 1957 986 egroto
2002 916 2219 971 bibendi
2265 923 2484 985 praesta-

920 1013 1061 1059 rent.
1097 1003 1441 1060 Anhelabant
1478 1006 1705 1071 viscera,
1753 1006 1846 1061 sed
1884 1020 1989 1060 non
2028 1004 2129 1059 fuit
2155 1005 2245 1073 qui
2276 1012 2481 1074 guttam

924 1093 1032 1147 vini
1062 1093 1381 1149 ferveseenti
1403 1095 1637 1163 pulmoni
1661 1094 1935 1151 infundere
1958 1095 2228 1150 valuisset.
2245 1095 2481 1149 Tandem

922 1181 1208 1252 aliquando
1238 1182 1429 1253 [Mab.,
1478 1183 1613 1238 Sero
1660 1180 1895 1253 tandem]
1927 1183 2240 1252 paenitentia
2289 1183 2483 1238 ductus

923 1272 1031 1339 ille,
1065 1273 1117 1327 in
1143 1274 1373 1344 seipsum
1402 1282 1650 1332 reversus
1678 1283 1780 1339 est,
1812 1285 1865 1331 et
1894 1277 2479 1346 agnoscebatsanctum

916 1358 1323 1416 Willibrordum
1350 1372 1480 1419 esse
1521 1379 1678 1434 quem
1711 1363 2041 1431 offenderat;
2086 1365 2352 1436 illiusque,
2386 1382 2480 1419 an-

912 1448 1131 1504 helante
1155 1451 1367 1521 spiritu,
1412 1453 1632 1521 optabat
1658 1453 1905 1507 reditum.
1934 1453 2035 1519 Qui
2073 1454 2317 1524 sequenti
2339 1469 2481 1508 anno

904 1543 1105 1599 eadem
1128 1552 1483 1600 reversus-est
1504 1545 1607 1609 via,
1633 1546 2062 1616 prmeognit‘oque
2084 1546 2316 1599 adventu
2341 1546 2478 1616 ejus,

918 1632 1107 1687 obvius
1150 1634 1200 1687 ei
1252 1635 1413 1689 homo
1456 1642 1684 1704 tegrotus
1727 1636 1909 1690 venire
1948 1635 2232 1691 festinabat
2257 1634 2277 1708 [
2306 1635 2478 1701 Πάθη

886 1728 1149 1799 aegrotus
1167 1721 1457 1793 pervenit],
1493 1723 1704 1791 culpam
1741 1722 2003 1778 confitens
2022 1739 2202 1789 suam,
2233 1733 2289 1779 et
2317 1739 2479 1793 quam

892 1810 1218 1880 :-paliebalur
1243 1826 1456 1881 poenam
1482 1813 1747 1881 aperiens,
1774 1820 1829 1867 et
1845 1829 1953 1882 ])l‘0
1990 1827 2172 1868 amore
2196 1812 2397 1868 Christi
2422 1829 2481 1869 se

917 1903 1051 1957 solvi
1081 1903 1488 1971 deprecabatur.
1521 1903 1689 1969 Quem
1714 1904 1797 1957 vir
1822 1904 1917 1958 Dei
1957 1905 2327 1960 misericordia
2366 1920 2481 1961 mo-

908 1998 1003 2045 tus
1043 1989 1286 2053 absolvit,
1316 1990 1570 2061 deditque
1604 1991 1675 2045 illi
1716 2006 1837 2044 cum
1866 1992 2236 2048 benedictione
2279 1992 2346 2046 de
2384 2006 2482 2046 suo

913 2078 1098 2134 bibere
1124 2078 1309 2134 calice.
1351 2078 1451 2146 Qui
1478 2096 1601 2135 mox
1644 2080 1917 2137 absolutus
1944 2081 2193 2148 bibebat,
2220 2093 2273 2137 et
2318 2098 2482 2137 sanus

891 2165 970 2220 riu
1008 2182 1159 2221 suam
1190 2181 1440 2223 reversus
1464 2178 1548 2224 est
1577 2171 1815 2226 domum.

900 2318 901 2323 η
986 2256 1114 2311 Cu».
1160 2256 1257 2329 XX
1284 2254 1451 2330 [Mab.
1486 2259 1623 2331 xxi].
1649 2259 1909 2315 'Hania’les
1937 2280 1969 2314 a
1996 2271 2134 2331 peste
2177 2262 2380 2317 liberat.
2412 2294 2481 2303 -—

892 2345 1012 2400 "Est
1034 2348 1090 2411 iu
1113 2347 1429 2403 Treverensi
1454 2350 1673 2406 civitate
1693 2344 2074 2405 monasterium
2089 2352 2399 2421 puellarum
2428 2366 2479 2419 ι,

916 2438 1057 2506 quod
1109 2439 1439 2507 temporibus
1485 2442 1627 2496 beati
1657 2441 1987 2496 Willibrordi
2032 2444 2266 2511 episcopi
2312 2443 2482 2511 pestis

918 2520 1177 2581 acerrima
1201 2529 1414 2584 invasit.
1445 2530 1609 2605 Cujus
1648 2530 1937 2587 acerbitate
1970 2533 2148 2587 multae
2170 2547 2237 2587 ex
2276 2529 2482 2612 ancillis

914 2612 1011 2668 Dei
1052 2616 1420 2672 moriebantur
1451 2617 1481 2691 ~[
1508 2618 1678 2688 Hab.,
1728 2629 1952 2676 mortua:
1999 2629 2123 2675 sunt
2149 2620 2169 2693 ]
2195 2640 2207 2675 :
2237 2622 2480 2691 quaedam

917 2717 1047 2758 vero
1079 2706 1237 2777 longo
1265 2706 1595 2764 infirmitatis
1636 2705 2192 2780 dolore'jaeebant'in
2232 2710 2428 2766 lectulo
2462 2726 2477 2764 :

917 2798 1127 2848 ceterae
1172 2792 1303 2849 vei-o
1329 2797 1495 2852 nimio
1524 2805 1731 2853 terrore
1769 2792 2016 2864 turbatae,
2068 2799 2220 2867 quasi
2247 2814 2483 2867 praesen-

920 2892 1030 2938 tem
1053 2893 1283 2940 mortem
1307 2886 1633 2941 metuebant.
1669 2888 1737 2942 Et
1756 2891 1881 2957 quia
1915 2904 2085 2959 prope
2104 2899 2187 2944 est
2213 2891 2481 2959 predietie

916 2971 1126 3027 civitati
1172 2976 1345 3030 sancti
1384 2977 1485 3029 viri
1529 2978 1940 3042 monasterium,
1986 2978 2127 3047 quod
2183 2970 2481 3048 appellatur

924 3062 1214 3120 Esteruaco
1239 3064 1287 3131 ι’,
1317 3066 1370 3120 in
1396 3082 1503 3137 quo
1529 3083 1696 3138 usque
1720 3068 1876 3124 hodie
1897 3077 2113 3124 sanctus
2159 3069 2246 3124 ille
2273 3069 2480 3138 requie-

920 3154 1022 3209 scit
1055 3170 1310 3225 corpore,
1342 3168 1396 3212 et
1436 3155 1552 3225 ejus
1582 3160 1781 3227 posteri
1824 3175 1890 3212 ex
1920 3159 2161 3230 legitima
2192 3160 2478 3215 traditione

905 3242 1112 3310 Patris,
1145 3246 1577 3315 'etpiissimorum
1600 3247 1802 3316 pietate
1829 3263 2011 3319 regum
2034 3256 2223 3319 tenere
2250 3266 2478 3305 noscun-

920 3337 1196 3391 turzideo
1254 3338 1508 3392 antedicti
1544 3336 1768 3393 feminae
1811 3339 2154 3413 monasterii,
2203 3341 2480 3395 audientes

919 3430 1160 3477 sanctum
1185 3425 1359 3478 virum
1387 3424 1513 3480 illuc
1532 3426 1733 3493 venire,
1775 3423 1955 3481 statim
1983 3429 2241 3483 miserunt
2261 3424 2480 3499 legatio-

916 3498 1039 3580 nes,
1082 3517 1417 3586 postulantes
1454 3532 1575 3572 eum
1601 3533 1707 3572 nou
1736 3519 1952 3574 tardare
1976 3519 2176 3575 venire.
2203 3520 2305 3587 Qui
2322 3498 2478 3576 beati

912 3603 1063 3659 Petri
1104 3604 1361 3675 principis
1388 3606 1749 3676 apostolorum
1776 3608 2059 3664 mitissimo
2087 3611 2272 3664 doetus
2298 3626 2480 3666 exem-

882 3691 1024 3763 plo,
1063 3692 1333 3764 de‘Joppe
1366 3695 1437 3750 ob
1474 3697 1748 3761 viduarum
1793 3696 1989 3751 Christi
2036 3698 2344 3768 petitionem
2392 3714 2480 3754 ve-

919 3776 1117 3836 nientis
1148 3778 1440 3853 ‘Lyddam,
1478 3791 1537 3837 ut
1585 3792 1823 3839 sanctam
1865 3788 2149 3841 suscitaret
2197 3785 2480 3842 Tabitham

919 3868 1055 3939 (Act.
1082 3869 1179 3938 ix),
1213 3870 1437 3926 festinus
1462 3875 1625 3936 venit,
1655 3874 1838 3933 audito
1869 3875 2134 3937 desiderio
2161 3876 2478 3931 ancillarum

916 3956 1118 4014 Christi
1138 4000 1151 4024 ,
1198 3962 1263 4014 ad
1306 3960 1440 4015 illas.
1474 3962 1659 4031 [Mab.,
1694 3976 1800 4017 non
1831 3964 1999 4033 piguit
2025 3966 2208 4019 venire
2237 3968 2305 4022 ad
2338 3964 2477 4037 illas]

918 4048 986 4105 Et
1005 4051 1246 4123 veniens,
1278 4067 1418 4105 .mox
1448 4051 1603 4122 191
1635 4054 1689 4108 in
1724 4056 1911 4111 eodem
1945 4056 2270 4113 monasterio
2315 4060 2480 4118 missa

920 4150 1017 4206 pro
1047 4136 1271 4192 infirmis
1300 4139 1585 4205 celebrata,
1617 4158 1810 4212 aquam
1846 4145 2133 4211 benedixit,
2169 4164 2275 4217 qua
2302 4157 2358 4203 et
2381 4149 2478 4207 ἀοι-

914 4239 1036 4279 mos
1077 4225 1285 4279 illarum
1329 4230 1534 4299 aspergi
1558 4231 1741 4299 jussit,
1788 4241 1843 4286 et
1878 4238 2264 4303 aegrotantibus
2291 4248 2473 4308 potan-

916 4319 1041 4371 dam
1084 4319 1398 4373 transmisit.
1445 4319 1573 4387 Quae
1611 4322 1741 4385 cito,
1787 4323 1964 4378 divina
2007 4326 2238 4380 donante
2276 4332 2480 4385 miseri-

906 4409 1124 4472 cordia,
1151 4410 1485 4474 convaluere,
1519 4426 1618 4466 nec
1644 4412 1759 4465 ullae
1790 4414 1841 4466 in
1871 4416 1937 4467 e'o
1979 4417 2304 4472 monasterio
2340 4433 2487 4491 pra»,

885 4486 890 4491 ’
919 4493 1061 4547 dicta
1086 4504 1237 4561 peste
1257 4497 1449 4553 exinde
1478 4499 1859 4554 moriebantur.

976 4579 1119 4665 ‘Car.
1144 4581 1263 4635 XXI
1284 4580 1452 4651 μιαθ.
1476 4586 1633 4658 xxn].
1660 4587 1921 4659 Malignus
1941 4592 2152 4659 spiritus
2172 4610 2262 4662 per
2286 4610 2475 4663 aquam

914 4668 1234 4723 benedictum
1267 4688 1301 4723 a
1332 4671 1484 4725 domo
1512 4673 1745 4743 pellitur.
1783 4707 1851 4717 —
1878 4678 2111 4752 Contigit
2137 4683 2348 4737 cuidam
2380 4699 2471 4753 pa-

920 4756 1222 4813 trifamilias
1252 4766 1306 4811 et
1327 4758 1504 4813 domui
1544 4774 1654 4815 sua:
1681 4762 1797 4816 dira
1826 4763 2165 4825 demoniaca‘.
2210 4771 2474 4827 illusionis

914 4849 1164 4911 tentatio.
1190 4836 1265 4905 ita
1286 4859 1344 4904 ut
1371 4860 1553 4921 aperte
1596 4848 1858 4923 malignus
1898 4856 1949 4909 in
1975 4856 2091 4925 ejus
2119 4859 2277 4915 domo
2316 4860 2475 4931 spiri-

923 4946 1006 4990 tus
1042 4952 1109 4992 ex
1137 4940 1362 5015 horrore
1389 4950 1444 4996 et
1478 4941 1753 4999 maleficiis
1800 4945 2043 5001 habitare
2070 4960 2473 5019 agnosceretur.

923 5023 1053 5079 Nam
1100 5028 1275 5083 subito
1310 5031 1479 5095 cibos,
1529 5031 1611 5086 vel
1653 5035 1989 5101 vestimenta,
2023 5036 2104 5089 vel
2138 5036 2243 5093 alia
2288 5040 2470 5097 domui

955 5186 960 5190 .
990 5145 1017 5175 ι
1046 5132 1423 5207 Ιοηωιεήαρ
1451 5140 1760 5207 puellarum.
1796 5142 2077 5200 Browerus
2112 5147 2254 5202 hunc
2284 5146 2470 5204 locum

917 5203 985 5293 de
1013 5205 1346 5293 monasterio.
1375 5202 1683 5293 {lori-pensi:
1725 5214 1784 5293 ita
1830 5214 2119 5293 ipsa-urbe
2169 5202 2473 5293 Trevirensi

922 5275 1046 5341 sito.
1094 5275 1478 5341 interpretatur
1507 5275 1695 5333 Annal.
1725 5275 1928 5338 Trevir.
1958 5284 2080 5340 libr.
2124 5301 2217 5339 vn.
2264 5285 2472 5341 Subdu-

823 5401 830 5407 _
1083 5340 1417 5423 Mabillonins
1458 5357 1526 5423 an
1573 5361 1678 5423 non
1705 5348 2102 5423 intelligendum
2129 5355 2199 5408 sit
2221 5356 2287 5409 de
2316 5340 2471 5409 Pala-

924 5408 1052 5465 tiolo
1071 5413 1397 5491 monasterio
1426 5408 2052 5491 eli-mhvirgi‘numfnunc
2076 5408 2374 5491 collegiate.
2406 5408 2478 5479 Ᾱι

925 5490 1053 5558 vero
1074 5477 1389 5558 lfalatiolum
1421 5480 1627 5558 (βοά-ξε
1658 5477 1924 5558 Pfaltzel.)
1967 5506 2071 5545 una
2102 5477 2243 5547 hor;
2256 5477 2324 5547 ab
2346 5477 2477 5549 urbe

928 5544 994 5599 ad
1012 5547 1287 5604 sinistrum
1313 5544 1543 5604 losellze
1570 5544 1752 5619 uuuii,
1784 5573 1887 5613 non
1906 5544 1984 5613 ἰη
2018 5544 2130 5619 ipsa
2146 5544 2474 5618 6νίιέιὲἐῖ

926 5621 1037 5668 tum
1069 5621 1168 5683 est,
1211 5627 1270 5673 ut
1309 5625 1539 5673 testatur
1571 5619 1761 5678 illustr.
1808 5625 1869 5681 D.
1911 5628 1976 5683 de
2007 5619 2292 5687 Hontlieim
2336 5631 2472 5690 Hist.

2586 546 2876 622 mittebat].
2920 549 3061 617 Quin
3106 553 3276 607 etiam
3320 554 3633 623 parvulum,
3690 556 3833 610 inter
3880 558 4158 625 amplexus

2584 646 2865 707 parentum
2917 649 3265 710 pausantcm,
3316 642 3423 717 illis
3472 645 3893 709 dormientibus,
3938 647 4058 699 tulit
4102 657 4158 701 et

2584 729 2638 784 in
2665 730 2841 800 ignem
2870 730 3112 801 projecit.
3140 732 3244 787 Sel
3272 736 3452 805 vagitu
3481 736 3701 791 infantis
3727 747 3986 807 parentes
4012 741 4158 793 erci-

2585 821 2677 874 tati
2704 819 2871 891 [Mab.
2895 822 3182 894 suscitati],
3215 825 3301 878 vix
3328 827 3609 894 parvulum
3633 828 3697 882 de
3726 829 3974 882 inccndio
4000 844 4155 884 erue-

2583 918 2729 973 runt,
2754 918 2807 964 et
2829 912 2992 965 multa
3016 914 3219 967 atrocia
3240 915 3429 969 eadem
3452 915 3652 970 familia
3680 932 3710 970 a
3733 917 3962 973 nefando
3996 922 4156 989 spiri-

2581 1007 2638 1052 tu
2656 1015 2913 1071 perpessa
2936 1010 3047 1057 est:
3074 1018 3173 1058 nec
3195 1020 3225 1058 a
3246 1006 3483 1076 quolibet
3503 1008 3939 1078 presbyterorum
3962 1014 4153 1080 expelli

2584 1085 2775 1155 [Mab.,
2806 1088 3019 1161 depelli]
3047 1093 3241 1160 potuit,
3286 1091 3455 1146 donec
3480 1095 3564 1147 vir
3598 1103 3816 1149 sanctus
3854 1096 4157 1151 Willitror-

2581 1175 2701 1237 dus,
2730 1190 2761 1228 a
2794 1176 3181 1245 patrefamilias
3214 1181 3531 1249 postulatus,
3564 1198 3757 1251 aquam
3799 1184 3903 1238 illis
3947 1186 4160 1240 benedi-

2581 1272 2720 1319 ctam
2748 1265 2963 1337 direxit,
2990 1268 3307 1337 praecipiens
3334 1285 3555 1325 omnem
3586 1272 3776 1328 domus
3807 1275 3949 1329 illius
3980 1275 4159 1344 supel-

2581 1353 2813 1409 leCtilem
2838 1353 2981 1409 foras
3005 1354 3218 1422 efferre,
3266 1364 3321 1412 et
3368 1374 3504 1428 aqua
3536 1360 3625 1413 illa
3662 1364 3907 1433 aspergi,
3956 1365 4153 1434 praevi-

2581 1443 2723 1498 dcns~
2759 1445 2813 1498 in
2843 1446 3034 1513 spiritu
3060 1449 3275 1504 domum
3318 1449 3545 1507 flammis
3570 1457 3987 1530 consumemlam
4012 1471 4150 1510 esse.

2580 1532 2785 1599 Quibus
2814 1532 2885 1587 ita
2906 1536 3094 1603 gestis,
3121 1548 3343 1591 vacuam
3370 1539 3585 1593 domum
3615 1558 3645 1595 a
3674 1540 3793 1596 loco
3811 1541 3988 1596 lectuli
4016 1544 4154 1612 ignis

2582 1621 2798 1685 invasit,
2834 1629 3108 1693 totamque
3132 1628 3479 1696 consumpsit.
3510 1628 3689 1683 Altera
3714 1645 3841 1683 vero
3866 1631 3917 1683 in
3944 1645 4009 1684 eo
4034 1631 4153 1687 loco

2580 1726 2705 1765 cum
2728 1712 3153 1768 sanctificatione
3181 1731 3333 1785 aqua:
3363 1718 3657 1774 benedicta:
3704 1720 3988 1786 :edificata,
4018 1723 4153 1777 nihil

2516 1796 2553 1855 Β
2580 1802 2772 1857 exinde
2794 1804 3035 1872 pristiam
3060 1807 3369 1861 tentationfs
3393 1810 3536 1877 passi
3555 1818 3679 1863 sunt
3703 1809 3834 1865 inea
3863 1826 3876 1863 :
3904 1812 3997 1865 sed
4026 1827 4150 1874 cum

2580 1892 2725 1946 omni
2766 1894 3152 1963 tranquillitate
3191 1904 3246 1951 et
3285 1898 3466 1967 quiete
3512 1899 3789 1969 degentes,
3832 1909 3889 1955 et
3925 1900 4153 1957 Domino

2580 1984 2784 2053 gratias
2821 1994 3041 2055 agentes
3085 1996 3262 2053 erant.
3312 1991 3404 2060 qui
3450 1991 3571 2061 illos
3607 1996 3705 2062 per
3730 2008 3944 2048 servum
3997 2009 4155 2049 suum

2580 2076 2847 2133 redimere
2879 2078 3130 2149 dignatus
3156 2084 3279 2135 est.’

2650 2167 2777 2223 Car.
2820 2168 2963 2223 XXII
3011 2167 3178 2240 [Hab.
3228 2168 3407 2243 xxm].
3461 2170 3742 2241 Pippinum
3786 2172 4038 2242 baptizat,
4095 2185 4148 2228 et

2579 2254 2723 2309 illius
2762 2256 2994 2325 futuram
3015 2256 3384 2313 sublimitatem
3426 2262 3685 2330 pm’dicit.
3712 2291 3781 2300 -
3808 2261 3951 2317 Hem
4012 2278 4151 2332 quo-

2579 2361 2685 2415 que
2721 2346 2806 2400 vir
2840 2346 2949 2401 Deo
2975 2347 3223 2404 amabilis
3260 2351 3503 2417 quaedam
3529 2351 3844 2425 prophetico
3882 2353 4147 2421 praedixe-

2582 2442 2666 2488 rat
2689 2435 2904 2503 spiritu,
2946 2451 3065 2504 quaa
3089 2445 3211 2505 post
3246 2452 3428 2492 rerum
3477 2447 3698 2493 eventus
3725 2454 3848 2493 vera
3886 2443 4151 2509 probavit.

2578 2521 3047 2591 Baptizavitenim
3086 2524 3371 2596 Pippinum
3414 2527 3583 2583 filium
3614 2529 3944 2585 Francorum
3974 2530 4154 2586 fortis-

2578 2614 2703 2667 simi
2732 2615 2881 2669 ducis
2927 2616 3126 2682 Caroli,
3154 2629 3365 2688 patrem
3403 2622 3565 2693 hujus
3599 2623 3915 2679 nobilissimi
3944 2626 4147 2690 Caroli,

2578 2705 2669 2773 qui
2694 2705 2851 2759 modo
2886 2721 3008 2760 cum
3036 2708 3323 2777 triumphis
3356 2711 3606 2766 maximis
3639 2721 3693 2765 et
3724 2716 3867 2767 omni
3890 2716 4152 2787 dignitate

2579 2794 2966 2863 gloriosissime
3008 2795 3343 2853 Francorum
3399 2800 3537 2871 regit
3561 2802 3873 2871 imperium.
3928 2804 4004 2860 De
4044 2822 4154 2876 quo

2579 2882 2803 2952 Pippino
2837 2885 2997 2941 Patre
3030 2885 3145 2954 ejus
3173 2888 3316 2943 idem
3354 2898 3576 2946 sanctus
3612 2894 3694 2948 vir
3742 2912 3981 2967 praesaga
4020 2913 4155 2955 voce

2579 2987 2759 3026 coram
2784 2974 3056 3043 discipulis
3072 2978 3184 3030 suis
3210 2980 3459 3047 praedixit
3487 2982 3589 3037 hoc
3614 2984 3930 3041 vaticinium
3957 3005 3968 3040 :
3995 3007 4013 3039 ι
4036 2986 4154 3044 Sci-

2579 3071 2711 3126 tote,
2741 3064 3006 3132 inquiens,
3024 3068 3172 3136 quod
3199 3069 3300 3122 iste
3318 3070 3494 3126 infans
3525 3074 3770 3130 sublimis
3790 3078 3895 3131 erit
3921 3078 4075 3135 valde
4098 3088 4155 3137 et
4196 3106 4199 3109 λ

2578 3152 2861 3219 gloriosus,
2882 3164 2937 3209 et
2956 3158 3194 3210 omnium
3222 3159 3632 3227 prmcedentium
3651 3164 3983 3221 Francorum
4006 3169 4156 3225 duci-

2578 3244 2679 3298 bus
2691 3242 2879 3312 major.
2909 3266 2926 3298 ι
2954 3245 3121 3315 Hujus
3137 3248 3313 3316 itaque
3337 3250 3575 3305 vaticinii
3598 3254 3799 3309 veritas
3819 3258 4018 3311 nostris
4030 3275 4152 3328 pro-

2579 3334 2703 3388 bata
2732 3343 2815 3389 est
2851 3337 3203 3405 temporibus,
3231 3353 3330 3391 nec
3349 3353 3486 3407 opus
3524 3350 3608 3395 est
3634 3344 3958 3399 testimoniis
3999 3361 4147 3401 asse-

2579 3424 2693 3493 qui,
2717 3426 2859 3493 quod
2890 3426 3052 3479 totius
3077 3426 3223 3495 regni
3255 3430 3498 3496 agnoscit
3532 3432 3848 3487 auctoritas.
3880 3433 3963 3488 S.t
3994 3448 4151 3489 nam»

2581 3526 2686 3581 que
2716 3515 2892 3569 omnis
2935 3515 3182 3585 populus,
3210 3518 3405 3585 quibus
3445 3520 3811 3577 nobilissimus
3842 3524 4013 3578 victor
4065 3506 4157 3579 ee-

2580 3602 2819 3658 lebratur
2867 3606 3182 3675 triumphis,
3220 3607 3304 3660 vel
3352 3617 3612 3677 quantum
3662 3613 3927 3666 terminos
3976 3616 4149 3669 nostri

2579 3691 2746 3763 [Heb.
2802 3696 3021 3753 termini
3038 3696 3209 3749 nostri
3240 3696 3545 3768 imperium]
3574 3698 3820 3754 dilatavit
3856 3702 4066 3771 imperii
4100 3716 4149 3769 θ.

2577 3784 2661 3837 vel
2710 3799 2869 3853 quam
2900 3786 3087 3863 devote
3114 3785 3476 3841 Christianam
3514 3789 3565 3842 in
3614 3804 3776 3860 regno
3812 3808 3909 3846 suo
3942 3808 4149 3863 praepa-

2581 3874 2719 3926 ravit
2740 3862 3073 3942 religionem,
3100 3874 3182 3928 vel
3204 3876 3333 3945 quiti
3354 3892 3451 3946 pro
3473 3877 3781 3935 defensione
3817 3892 4016 3938 sancta:
4044 3862 4143 3940 Ee-

2580 3962 2755 4016 clesize
2769 3962 2863 4016 Dei
2878 3963 3017 4033 apud
3035 3952 3324 4021 extraneas
3337 3968 3580 4023 exercuit
3596 3979 3803 4040 gentes.
3824 3971 3953 4039 Quae
3968 3975 4150 4030 omnia

2581 4052 2770 4107 melius
2790 4052 2962 4107 oculis
2985 4054 3387 4124 probariquam
3418 4057 3601 4113 verbis
3628 4060 3886 4129 explicari
3918 4074 4142 4132 queunt.

2648 4140 2775 4195 Car.
2819 4140 2984 4194 XXIII
3032 4140 3202 4212 [Μαό.
3242 4143 3413 4215 xxiv].
3456 4146 3613 4201 Dotes
3658 4149 3771 4217 ejus
3816 4159 3866 4204 et
3907 4154 4140 4206 virtutes.

2580 4227 2737 4281 Obiit.
2804 4228 3049 4298 Sepultus
3090 4230 3392 4296 Epteruaci.
3434 4233 3649 4291 Illustre
3692 4239 4026 4294 miraculum.
4074 4272 4146 4284 -—

2577 4314 2867 4371 Fuit‘vero
2915 4318 3015 4372 iste
3071 4319 3153 4372 vir
3197 4330 3448 4387 sanctus,
3507 4328 3652 4380 omni
3686 4327 3953 4397 dignitate
4000 4347 4140 4400 prm-

2576 4404 2787 4471 clarus,
2843 4413 3049 4461 statura
3103 4409 3331 4476 decens,
3391 4414 3539 4468 vultu
3594 4410 3953 4484 honorabilis,
3998 4418 4146 4479 facie

2577 4504 2851 4563 venustus,
2878 4499 3040 4553 corde
3074 4499 3247 4565 hctus,
3278 4504 3508 4560 consilio
3546 4508 3780 4576 sapiens,
3814 4524 3908 4563 ore
3945 4508 4145 4578 jucun-’

2575 4586 2695 4647 dus,
2726 4588 2963 4642 moribus
2989 4591 3338 4659 compositus,
3366 4594 3497 4648 etin
3519 4596 3665 4649 omni
3698 4611 3861 4667 opere
3887 4588 3980 4653 Dei
4011 4607 4150 4654 stre-

2577 4693 2732 4734 nuus.
2769 4678 2944 4746 Cujus
2989 4688 3169 4734 autem
3212 4683 3485 4750 patientia
3523 4695 3687 4751 esset,
3728 4704 3794 4743 ex
3831 4698 3957 4744 ante
3989 4690 4151 4751 dictis

2576 4766 2690 4835 ejus
2710 4768 2875 4837 gestis
2900 4769 3217 4824 ostenditur.
3251 4770 3521 4839 Quantam
3532 4782 3660 4831 vero
3675 4778 3923 4831 habuerit
3951 4776 4145 4854 (Hau.

2575 4856 2654 4911 vel
2712 4864 2965 4925 quantam
3016 4858 3323 4933 habuisset]
3372 4863 3689 4921 industriam
3736 4866 3790 4919 in
3847 4866 4144 4939 Evangelia

2570 4943 2770 5001 Christi
2794 4944 3154 5014 praedicando,
3177 4950 3263 5003 vel
3285 4951 3525 5020 qualiter
3543 4952 3690 5005 illum
3721 4954 3775 5007 in
3801 4968 3966 5025 opere
4007 4974 4144 5027 pra:-

2573 5032 2787 5089 dicandi
2809 5035 2990 5093 divina
3016 5038 3279 5108 adjuverit
3318 5040 3511 5109 gratia,
3543 5055 3648 5095 non
3693 5057 3915 5101 necesse
3947 5056 4030 5102 est
4050 5064 4143 5102 no-

2572 5144 2778 5228 Trevir.
2805 5155 2934 5228 tom.
2978 5148 3019 5211 1,
3051 5164 3170 5228 pag.
3201 5149 3670 5211 23,veroslmilior
3697 5171 3825 5227 ergo
3852 5169 3936 5213 est
3973 5162 4143 5214 inter-

2574 5217 2800 5282 pretatio
2831 5217 3085 5269 Broweri.
3759 5217 3787 5227 “’

2642 5284 2669 5321 b
2702 5282 3498 5365 QuodnppellaturEstcrnaco.
3534 5292 3709 5365 llodie
3742 5295 4139 5365 Epternacense

2576 5354 3251 5431 monasterium._de_eujus
3275 5359 3501 5431 origine,
3527 5360 3735 5428 juribus
3759 5354 3812 5419 et
3836 5364 4141 5431 acquisitio-

2576 5422 2750 5483 nibus,
2782 5419 3236 5493 secttlarisationle,
3281 5442 3343 5481 ac
3359 5419 3709 5483 restitutione
3738 5432 3805 5485 ad
3833 5419 4137 5493 Benedicti-

2576 5506 2674 5545 nos
2705 5481 2925 5558 oonsule
2948 5490 3142 5545 illustr.
3167 5481 3234 5553 ὑί
3262 5496 3331 5549 ab
3359 5481 3806 5552 Houtheimﬁllistw.
3832 5481 4132 5558 iiii.“

2644 5569 2669 5597 ο
2692 5556 2876 5637 Nostri
2904 5558 3127 5627 imperii.
3158 5563 3239 5645 Ex.
3259 5565 3342 5618 his
3370 5566 3549 5645 verbis
3565 5566 3788 5691 intelligi
3814 5583 3970 5639 posse
3989 5556 4137 5627 vide;

2644 5643 2663 5678 r
2701 5625 2981 5680 Aleumum
3017 5628 3156 5687 hanc
3192 5642 3356 5688 Vitam
3390 5648 3688 5691 SCl'lDSlSSC.
3771 5654 3859 5691 um
3888 5654 4134 5691 morare.

2576 5635 2663 5680 tur
2701 5625 2985 5680 Alcuinum’
3017 5628 3156 5687 hanc
3192 5634 3356 5688 vitam
3390 5634 3688 5703 scripsisse,
3733 5625 3859 5693 dum
3888 5625 4134 5699 morare-

2576 5704 2663 5749 tur
2685 5694 2739 5749 in
2766 5694 3017 5749 Francia.

2576 5704 2663 5750 tur
2685 5704 2739 5749 in
2766 5704 3017 5751 Francia.
