4268 6210
0 395 57 435 ra-

0 471 57 527 in-

0 576 56 618 ι

0 761 58 806 η

14 849 60 892 et

0 943 49 984 ιο-

0 1036 57 1075 as

0 1114 58 1169 b-

0 1212 56 1257 Ia

0 1312 63 1350 tas

0 1401 61 1440 ιιι

0 1492 63 1530 ra-

0 1582 62 1623 ne

0 1670 63 1713 us

0 1768 63 1807 a-

0 1858 63 1906 rs,

0 1930 62 1997 ι..

0 2038 63 2079 ει

0 2124 63 2180 Ι,

0 2224 64 2280 με·

0 2312 65 2351 ι-

0 2405 63 2446 so-

0 2495 64 2538 sua

0 2576 57 2627 ι-

0 2666 65 2721 ᾖ-

0 2865 65 2904 κ’

0 2952 64 2999 an

0 3046 64 3089 in»

0 3139 65 3181 ιι-

0 3226 65 3275 υ,

0 3307 68 3364 ιώ

0 3411 68 3455 ων

0 3502 68 3549 tus

0 3597 69 3643 ιι

0 3687 71 3737 ια

0 3779 69 3825 ει

0 3871 71 3920 an

0 3993 71 4035 η,
108 3996 116 4001 .

0 4046 69 4107 {ﬁt

0 4120 68 4181 ﬁ—

0 4202 70 4247 ιιι

0 4272 71 4320 nte

0 4341 72 4407 l't

0 4409 71 4461 Idl

0 4486 73 4557 ero

0 4558 74 4629 σε

0 4630 73 4677 εον

0 4688 71 4745 ων

0 4772 76 4819 rt

0 4830 72 4891 53,

13 4966 75 5063 ,αἱ

0 5063 51 5110 ιι,

0 5122 39 5178 ὁ

0 5206 49 5249 τε-

0 5264 69 5345 i?’

28 5345 76 5386 ID

0 5410 81 5487 "3’

0 5482 79 5536 ,ιι

18 5538 84 5601 ab

0 5630 79 5681 m-

0 5687 81 5749 μα

788 257 899 313 vos
1487 222 2057 311 llAGlOGRAi’tllCA.
2095 282 2166 295 --
2202 253 2358 309 vm

2455 292 2464 308 .
2500 254 2975 313 WILLIBRORDI.
3002 287 3074 299 —
3104 257 3233 313 LIB.
3269 260 3313 313 l.
3908 260 4013 312 7l0

790 368 984 438 [lab.,
1020 375 1081 423 ut
1105 373 1287 421 mvtna
1312 371 1363 421 ei
1388 365 1772 436 suﬁragaretur
1803 362 2154 435 clementia]:
2185 371 2348 433 atque
2374 367 2421 425 Δ
2447 376 2768 433 przesentem
2788 382 2915 424 esse
2947 369 3237 438 credimus,
3262 369 3503 438 quotidie
3536 385 3731 424 sanare
3764 385 3873 425 non
3900 385 4015 427 ces-

790 474 822 513 a
850 458 1080 514 Domino
1100 458 1209 512 Deo
1236 453 1510 521 exaudita,
1534 471 1766 527 moxque
1790 457 1885 511 ab
1933 455 2085 511 omni
2122 453 2353 509 inﬁrmi-

787 555 900 603 tate
932 547 1178 611 liberata,
1200 534 1388 617 sospes
1409 561 1533 601 cum
1556 548 1750 623 gaudio
1776 546 1979 616 gratias
2016 558 2182 614 agens
2218 543 2352 607 Deo,

787 640 1020 711 prepriis
1079 640 1337 709 pedibus,
1385 654 1507 710 qua:
1555 641 1705 710 prius
1754 641 1825 693 ab
1865 639 2057 694 alienis
2099 637 2354 709 portaba—

788 739 896 794 tur,
932 731 1169 786 cucurrit
1201 732 1270 787 ad
1290 731 1529 786 domum.

856 817 985 873 Car.
1004 817 1182 903 [XXVI
1210 817 1379 890 [Ποῦ.
1412 817 1587 891 xxix].
1612 818 1863 887 Infirmus
1888 820 2105 890 sanitati
2127 819 2355 874 restitui—

786 915 894 960 tur.
923 935 993 946 -—
1018 906 1149 963 Item
1190 906 1504 963 adolescens
1530 908 1749 978 quidam
1779 906 2025 963 inﬁmus
2050 907 2119 962 ad
2155 922 2353 975 corpus

787 995 927 1051 beati
956 995 1228 1065 pontiﬁcis
1254 996 1501 1051 manibus
1518 996 1779 1052 deductus
1804 1004 1891 1050 est
1914 996 2239 1060 amicorum,
2258 995 2351 1063 qui

769 1087 916 1165 totis
957 1082 1245 1141 intremuit
1268 1084 1544 1147 membris.
1569 1084 1680 1140 Nec
1702 1085 1846 1139 enim
1872 1094 2037 1154 caput
2069 1100 2168 1154 per
2192 1100 2253 1139 se
2277 1085 2354 1138 le-

786 1190 923 1231 vare,
947 1177 1140 1246 potuit,
1165 1175 1260 1232 sed
1297 1176 1453 1244 quasi
1487 1174 1627 1230 collo
1680 1174 1845 1229 ﬁxum
1888 1191 1993 1229 non
2041 1184 2208 1240 esset,
2246 1174 2353 1230 huc

786 1275 950 1335 atque
987 1265 1113 1320 illuc
1147 1264 1348 1320 cadens
1393 1264 1727 1321 volvebatur.
1762 1263 1897 1319 Nam
1942 1264 2228 1334 aliquoties
2274 1266 2351 1321 ita

786 1338 1054 1415 exanimis
1088 1358 1265 1415 factus
1300 1368 1407 1425 est,
1434 1366 1496 1413 ut
1531 1359 1752 1413 omnino
1782 1367 2025 1413 mortuus
2057 1359 2349 1414 videretur.

787 1446 981 1513 Quem,
1013 1457 1076 1505 ut
1101 1448 1469 1518 praediximus,
1499 1450 1582 1504 sui
1610 1464 1778 1519 prope
1807 1464 2001 1519 corpus
2038 1450 2211 1504 sancti
2250 1450 2352 1505 viri

784 1549 1098 1609 posuerunt.
1130 1540 1237 1596 Sed
1269 1541 1636 1596 misericordia
1673 1540 1767 1595 Dei
1818 1543 2080 1606 donante,
2103 1541 2353 1596 omnibus

784 1631 877 1698 qui
902 1613 1133 1685 aderant
1153 1631 1519 1693 cernentibus,
1552 1631 1626 1685 ita
1679 1630 1857 1684 subito
1910 1644 2077 1685 unus
2126 1629 2351 1685 effectus

2451 465 2564 521 sat,
2593 459 2641 512 si
2665 458 2819 512 ﬁrma
2844 457 2969 525 ﬁde,
2990 437 3403 513 et‘confessione
3427 474 3553 513 vera
3593 474 3718 514 cum
3761 458 4013 531 lacrymis

2450 544 2774 602 effundimus
2813 549 2870 602 in
2912 548 3033 603 loco
3086 549 3191 604 isto
3231 557 3357 603 ante
3401 557 3749 627 conspectum
3796 550 4013 619 pietatis

2453 632 2595 688 illius
2621 635 2786 690 corda
2813 644 3017 700 nostra,
3040 636 3132 705 qui
3150 652 3249 706 pro
3274 643 3371 691 Sua
3392 637 3574 692 divina
3608 639 3891 694 clementia
3918 656 4012 710 pa—

2451 735 2602 776 ratus
2639 733 2725 777 est
2765 722 3299 794 [Hab.,pra:stabilis
3330 726 3436 799 est]
3488 728 3557 781 ad
3604 728 4008 798 ignoscendum,

2450 812 2497 865 si
2534 828 2632 867 nos
2654 814 2793 867 tardi
2819 829 2926 867 non
2954 813 3215 870 fuerimus
3237 817 3305 870 ad
3331 817 3741 885 deprecandum.
3766 818 3865 874 Cui
3894 818 4012 873 laus

2450 904 2524 957 sit
2549 912 2607 957 et
2625 903 2791 974 gloria
2813 906 2867 958 in
2901 904 3221 974 scmpittérna
3248 908 3462 962 secula.

2520 991 2650 1046 Car.
2701 991 2929 1047 XXVIII.
2977 993 3237 1049 Hiraculo
3265 998 3444 1052 sinunt
3486 1010 3711 1068 augetur
3755 1002 3891 1055 inter
3935 1002 4041 1068 bi-g

2451 1080 2693 1139 tendunt.
2717 1110 2789 1121 -—-
2817 1081 3009 1137 Restat
3039 1097 3184 1139 nunc
3224 1086 3293 1140 de
3327 1087 3486 1143 beato
3511 1088 3757 1160 Wilgiso,
3779 1092 3873 1160 qui
3914 1090 4016 1162 fuit

2451 1167 2613 1237 hujus
2635 1170 2817 1247 sancti
2845 1172 2966 1236 viri,
2994 1180 3057 1226 ut
3090 1183 3216 1229 ante
3247 1175 3503 1243 diximus,
3523 1188 3698 1248 pater,
3719 1188 3780 1232 ut
3822 1195 3854 1232 a
3904 1196 4015 1243 quo

2451 1256 2611 1328 hujus
2643 1258 2885 1315 historia:
2910 1260 3142 1331 primum
3169 1258 3461 1335 capitulum
3488 1268 3704 1338 incipit,
3728 1269 3796 1323 de
3820 1283 3887 1323 eo
3920 1284 4017 1323 no-

2450 1349 2731 1404 vissimum
2759 1352 2995 1410 ﬁniatur.
3027 1356 3203 1412 Rediit
3244 1359 3410 1429 igitur
3433 1361 3833 1417 anniversarios
3876 1362 4015 1432 ejus-

2451 1437 2574 1492 dem
2600 1439 2743 1494 beati
2768 1441 2977 1514 Wilgisi
3005 1453 3207 1500 sanctae
3232 1449 3572 1517 migrationis
3617 1452 3765 1513 dies,
3808 1452 3863 1505 in
3909 1468 4015 1521 qua

2450 1527 2572 1597 pius
2598 1530 2737 1586 abba
2769 1532 3021 1590 Albertus
3048 1535 3077 1573 δ
3096 1551 3389 1592 successor
3424 1543 3716 1596 venerandi
3755 1544 4017 1614 archiepi-

2452 1621 2621 1689 scopi,
2643 1631 2767 1691 post
2792 1626 3157 1681 sacratissima
3180 1628 3469 1685 missarum
3509 1634 3769 1689 solemnia
3785 1676 3803 1700 ,
3828 1644 3886 1691 et
3921 1636 4020 1691 bo-

784 1694 888 1784 est,
921 1729 981 1774 ut
1006 1718 1139 1774 nihil
1180 1720 1235 1775 in
1287 1733 1355 1774 eo
1396 1716 1641 1789 pristina:
1671 1718 2000 1774 inﬁrmitatis
2033 1718 2118 1774 vel
2151 1717 2354 1774 doloris
2374 1694 2430 1755 Β
2456 1724 2644 1763 norem
2684 1710 2797 1766 Deo
2839 1713 3100 1781 debitum,
3130 1732 3255 1776 cum
3299 1718 3557 1774 fratribus
3585 1694 3868 1791 epulari“
3889 1738 4020 1792 8³η-

778 1808 988 1876 antiqui
1014 1808 1152 1863 ultra
1177 1810 1515 1865 remanserit.

852 1894 983 1949 Cu.
1006 1895 1193 1951 XXVII
1220 1894 1401 1967 [Heln
1427 1896 1588 1970 xxx].
1632 1895 1750 1951 Fur
1770 1898 2056 1968 sacrilegus
2074 1898 2351 1969 detegitur.

792 2013 853 2024 -
876 1983 1106 2053 Quidam
1134 1988 1299 2041 etiam
1327 1985 1502 2044 ofﬁcio
1524 1988 1803 2066 diaconus,
1824 1997 1883 2045 et
1907 2005 2018 2047 non
2041 1992 2237 2050 merito
2252 2031 2268 2056 ,
2296 1990 2352 2046 in

786 2074 1014 2131 eccicsia
1042 2079 1214 2132 sancti
1240 2079 1346 2133 viri
1387 2095 1604 2136 crucem
1648 2096 1899 2149 auream,
1928 2068 2091 2153 quam
2121 2082 2209 2138 vir
2235 2098 2358 2137 san—

782 2173 905 2219 ctus
929 2180 1112 2221 secum
1147 2166 1203 2221 in
1226 2168 1421 2224 itinere
1446 2179 1664 2239 portare
1694 2171 1931 2239 solebat,
1956 2164 2093 2250 cum
2114 2173 2234 2229 aliis
2262 2174 2357 2229 de-

785 2257 951 2312 nariis
972 2257 1236 2323 ecclesiae,
1262 2256 1631 2322 infelicissimo
1661 2275 1771 2315 non
1798 2262 2011 2317 horruit
2036 2263 2356 2322 subtrahere

778 2343 975 2416 litat,
998 2345 1215 2419 rapere]
1245 2346 1408 2401 furto.
1441 2345 1663 2402 Turbati
1712 2356 1840 2404 sunt
1887 2348 1992 2403 bac
2036 2362 2098 2403 re
2125 2337 2133 2343 ’
2157 2348 2355 2405 fratres

786 2430 983 2502 μω..
1009 2435 1240 2491 turbatis
1261 2435 1366 2491 bac
1385 2436 1455 2492 de
1474 2451 1535 2492 re
1559 2436 1863 2508 fratribus],
1886 2446 2072 2508 utpote
2092 2437 2355 2515 factorem

777 2522 933 2591 impii
954 2524 1178 2579 sceleris
1205 2522 1537 2594 ignorantes,
1564 2533 1693 2580 tunc
1710 2515 1962 2597 precibus
1987 2527 2205 2597 quidem
2229 2541 2357 2581 san-

784 2610 856 2663 eti
872 2610 981 2692 _Dei
1006 2611 1360 2679 conﬁdentes,
1388 2613 1520 2669 illud
1548 2623 1660 2669 tam
1689 2614 1955 2669 nefarium
1983 2614 2159 2671 scelus
2183 2616 2360 2670 occul-

784 2698 889 2753 tari
914 2714 1020 2755 non
1044 2715 1235 2770 posse;
1267 2700 1513 2758 fraterna
1547 2713 1727 2759 tamen
1752 2706 1953 2774 pietate
1975 2698 2253 2762 hominem
2274 2708 2355 2762 .ad

781 2791 1158 2860 paenitentiam
1177 2808 1437 2849 revocare
1464 2794 1571 2849 nisi
1591 2803 1741 2859 sunt,
1753 2809 1862 2849 non
1888 2795 2115 2864 perdere
2138 2796 2355 2867 cupien-

781 2893 885 2940 tes.
938 2883 1033 2939 llle
1075 2898 1208 2939 vero
1255 2886 1350 2955 qui
1403 2886 1507 2941 hoc
1534 2886 1741 2941 crimen
1775 2886 2068 2951 commisit,
2089 2885 2355 2942 obdurato

783 2972 970 3037 corde,
1000 2972 1231 3028 salutem
1275 2989 1430 3028 suam
1481 2974 1821 3044 contempsit,
1848 2974 1989 3029 sicut
2038 2973 2253 3044 impius,
2279 2974 2355 3028 di—

783 3069 942 3115 cente
972 3059 1280 3128 Salomone,
1306 3078 1426 3116 eum
1460 3062 1518 3116 iu
1551 3061 1956 3133 profunditatem
1986 3062 2246 3117 malorum
2271 3080 2355 3117 ve-

781 3151 942 3216 nerit,
977 3153 1258 3206 contemnit
1308 3149 1503 3222 (Prov.
1536 3168 1705 3217 xvm,
1727 3152 1818 3222 ὅ).
1863 3150 2131 3225 Cogitavit
2165 3152 2353 3207 infelix

773 3239 953 3296 latere
981 3240 1183 3312 [posse,
1210 3242 1355 3311 quod
1376 3242 1517 3298 clam
1553 3242 1757 3311 absque
1803 3240 1975 3296 Oculis
2020 3241 2247 3296 aliorum
2293 3256 2355 3296 se

782 3327 979 3384 fecisse
1021 3333 1227 3387 sciebat
1256 3351 1271 3384 :
1298 3334 1392 3387 sed
1424 3332 1521 3387 Dei
1547 3320 1785 3407 oculum,
1824 3331 1912 3386 cui
1959 3332 2141 3386 omnia
2168 3340 2355 3401 aperta

784 3427 934 3484 sunt,
964 3420 1157 3493 latere]
1183 3437 1290 3477 non
1313 3422 1508 3490 potuit,
1526 3422 1618 3501 qui
1645 3435 1927 3475 servorum
1970 3436 2191 3477 suorum
2219 3420 2357 3489 inju-

784 3510 896 3564 rias
941 3511 1137 3580 sepius
1160 3511 1439 3567 vindicare
1466 3527 1574 3566 non
1605 3511 1802 3566 tardat.
1850 3510 1987 3567 Nam
2034 3512 2203 3567 miser
2240 3512 2353 3579 ille,

712 3668 717 3673 _
774 3600 875 3667 qui
901 3597 1004 3652 hoc
1021 3608 1334 3670 perpetrare
1359 3601 1566 3655 crimen
1595 3615 1705 3656 non
1725 3600 2023 3667 abhorruit,
2042 3602 2241 3657 misera
2270 3617 2358 3657 su-

786 3683 899 3742 bito
921 3696 1095 3745 morte
1120 3696 1369 3757 arreptus
1389 3688 1618 3754 interiit,
1640 3694 1698 3743 et
1720 3688 1775 3743 in
1806 3690 1927 3759 ipso
1944 3689 2069 3745 vita
2092 3690 2242 3744 exitu
2264 3689 2356 3743 ali-

771 3777 979 3844 quibus
1014 3778 1239 3833 fratrum
1276 3788 1459 3833 reatus
1500 3779 1583 3833 sui
1624 3782 1830 3833 Cimon
1871 3776 2135 3845 ostendit;
2184 3777 2358 3832 etnbi

779 3868 1133 3941 ostendisset,
1160 3867 1304 3935 quod
1353 3855 1500 3922 furto
1545 3872 1754 3937 rapuit,
1774 3867 2069 3922 indicavit.
2120 3865 2355 3933 Videtis,

777 3955 1007 4022 fratres,
1053 3971 1217 4026 quam
1264 3956 1494 4012 terribili
1550 3956 1836 4012 damnatus
1874 3954 2079 4025 judicio
2124 3964 2239 4024 est,
2262 3958 2359 4028 qui

786 4046 957 4100 sancti
978 4044 1075 4100 Dei
1096 4045 1397 4101 Ecclesiam
1419 4046 1563 4101 furto
1580 4046 1781 4101 violare
1796 4062 1908 4102 non
1931 4046 2128 4101 timuit.
2149 4046 2361 4109 Idcirco

777 4137 1014 4192 obsecro
1046 4145 1109 4191 ut
1142 4145 1352 4192 castam
1380 4139 1437 4191 in
1463 4139 1567 4200 hac
1604 4138 1850 4193 habeatis
1873 4140 2357 4204 conversationem,

787 4230 1055 4294 quatenus
1074 4224 1560 4299 divina'clementia
1584 4232 1684 4293 per
1727 4225 1903 4283 sancti
1936 4223 2231 4281 Clementis
2254 4227 2360 4280 viri

2377 3022 2427 3084 C

2454 1800 2583 1854 dere
2608 1816 2895 1873 aggressus
2917 1814 3022 1861 est.
3053 1805 3161 1863 Sed
3209 1809 3263 1862 in
3295 1825 3362 1864 eo
3400 1813 3729 1867 monasterio
3775 1813 3851 1866 nil
3899 1813 4021 1884 plus

2446 1889 2564 1943 vini
2610 1891 2888 1948 inventum
2934 1905 3038 1963 est,
3067 1898 3227 1969 195
3276 1915 3439 1969 quam
3472 1889 3601 1955 duo
3653 1903 4022 1960 tantumnodo

2454 1976 2993 2051 ﬁascones,-quorum
3034 2000 3176 2041 unus
3203 1990 3415 2057 prandii
3441 1990 3575 2043 liora
3602 1992 3895 2045 exhaustus
3937 2001 4027 2048 est

2456 2069 2652 2141 [Πειρη
2677 2081 2925 2141 epotatus
2949 2073 3055 2147 est]
3072 2116 3089 2140 ,
3109 2075 3247 2131 alter
3278 2077 3334 2132 in
3361 2079 3552 2135 horam
3578 2095 3748 2136 omna:
3778 2097 4025 2139 reserva-

2456 2166 2562 2213 tus.
2588 2158 2760 2229 lgitur
2778 2169 2903 2231 post
2926 2165 3287 2233 vespertinam
3315 2166 3623 2233 melodiam,
3652 2186 3752 2239 pro
3777 2156 4026 2229 reveren-

2456 2249 2529 2303 tia
2555 2248 2673 2317 ejus
2696 2252 2825 2317 diei,
2848 2250 3047 2309 fratres
3068 2255 3136 2309 ad
3165 2255 3507 2312 refectorium
3554 2262 3757 2318 reversi
3798 2249 3946 2328 sunt,
3968 2272 4026 2318 et

2454 2349 2578 2408 post
2594 2355 2777 2395 sacras
2808 2342 3069 2400 lectiones
3087 2345 3345 2415 prmfatus
3359 2348 3527 2405 abbas
3548 2349 3742 2405 fratres
3762 2337 4041 2408 allocutus.

2452 2437 2559 2495 est,
2586 2429 2774 2487 dicens
2818 2447 2833 2486 τ
2885 2432 3051 2488 Decet
3102 2449 3224 2499 nos,
3250 2451 3285 2492 o
3328 2440 3619 2495 venerandi
3659 2440 3871 2506 Patres,
3899 2458 4017 2511 cui!

2453 2518 2649 2587 gaudio
2671 2522 2896 2589 spiritali
2920 2523 3308 2580 venerabilium
3342 2526 3564 2583 Patrtun
3602 2539 3911 2585 nostrorum
3956 2532 4023 2585 fe-

2454 2604 2625 2661 stivos
2667 2608 2785 2664 dies
2836 2610 3132 2677 celebrare,
3181 2621 3238 2667 et
3291 2614 3566 2679 aliquanto
3619 2617 3816 2683 laxius,
3845 2620 4027 2679 solito

2455 2694 2633 2769 [{orte,
2658 2696 2856 2769 soluto]
2905 2698 3083 2769 rigore
3099 2740 3116 2765 ,
3142 2703 3345 2757 nostris
3369 2703 3648 2775 indulgere
3676 2708 4027 2777 eoi-poribus,

2452 2799 2561 2839 non
2588 2784 2838 2851 luxuriat,
2868 2787 2964 2842 sed
2988 2784 3271 2845 cbaritatis
3302 2806 3486 2847 causa.
3518 2793 3868 2864 Nequaquam
3898 2812 4028 2852 vero

2453 2889 2551 2929 vos
2588 2874 2780 2947 [lob.,
2810 2877 2987 2950 vobis]
3014 2878 3301 2946 celassem,
3330 2883 3377 2936 si
3418 2882 3622 2952 aliquid
3662 2885 3784 2955 plus
3816 2876 4064 2942 habuis?

2454 2961 2571 3016 sem
2590 2964 2645 3017 in
2676 2965 2779 3019 boc
2802 2969 3150 3033 monasterio,
3174 2984 3335 3037 quam
3354 2971 3498 3025 hunc
3518 2972 3691 3026 solum
3716 2973 4027 3039 ﬁasconem,

2455 3052 2547 3121 qui
2583 3052 2739 3107 nobis
2764 3053 2898 3107 bora
2937 3055 3148 3123 prandii
3175 3059 3431 3112 restabat.
3476 3060 3675 3114 Potens
3719 3060 3808 3116 est
3847 3071 4029 3128 nmen

2454 3140 2596 3194 Deus
2620 3155 2717 3208 per
2738 3155 2930 3210 preces
2971 3151 3281 3198 sanctorum
3324 3160 3545 3215 suorum
3588 3147 3733 3202 hunc
3781 3150 4029 3204 eumdem

2454 3228 2609 3283 nobis
2665 3220 2939 3283 abundare
2997 3229 3207 3297 facere,
3240 3231 3362 3287 illos
3415 3233 3808 3301 bonoriﬁcare,
3833 3244 3889 3290 ct
3929 3252 4031 3293 nos

2453 3314 2747 3382 lmﬁﬁcarc,
2800 3325 2855 3373 et
2904 3320 3191 3376 ostendere
3234 3323 3412 3387 nobis,
3450 3322 3579 3378 licet
3618 3324 3881 3395 indignis,
3919 3341 4034 3381 suae

2454 3401 2672 3471 pietatis
2700 3404 2992 3472 miracula;
3048 3408 3141 3477 qui
3166 3424 3265 3478 per
3294 3410 3728 3465 benedictionem
3759 3414 4032 3482 quondam

2455 3491 2628 3546 sancti
2655 3491 2987 3550 Willibrordi
3010 3495 3189 3553 Patris
3218 3500 3413 3563 nostri,
3438 3512 3507 3552 ex
3533 3492 3768 3569 quatuor
3788 3500 4037 3559 ﬁaseoni-

2455 3580 2556 3634 bus
2599 3583 2954 3654 quadraginta
2982 3587 3127 3641 viros
3156 3588 3357 3641 satiare
3387 3589 3640 3659 dignatus
3663 3597 3769 3644 est.
3798 3591 4030 3648 Tantum

2454 3683 2580 3723 cum
2608 3673 2903 3740 gratiarum
2946 3676 3156 3731 actione
3198 3675 3397 3748 [Halm
3418 3693 3541 3733 cum
3563 3681 3943 3757 gratulatione]
3976 3686 4032 3740 in

2455 3774 2553 3829 spe
2578 3761 2827 3818 bibamus
2860 3765 3305 3835 quod'babemus.
3361 3768 3543 3826 Primo
3592 3780 3651 3827 et
3691 3776 3930 3831 secundo
3963 3776 4033 3831 de

2458 3850 2647 3907 eodem
2669 3851 2904 3910 ﬁascone
2931 3872 3122 3913 omnes
3146 3859 3401 3916 biberunt
3448 3860 3668 3929 fratres,
3692 3868 3751 3919 et
3785 3865 4034 3923 inventus

2456 3951 2542 3995 est
2567 3957 2599 3997 a
2626 3944 2873 4001 ministro
2899 3948 2972 4001 ita
3000 3948 3191 4018 plenus
3220 3959 3282 4003 ut
3306 3959 3452 4006 ante.
3483 3950 3598 4006 Hoc
3630 3954 3837 4019 audito,
3864 3946 4032 4011 abbas
4060 3966 4063 3969 ‘

2457 4036 2874 4099 cur-fratribus
2910 4035 3023 4089 Deo
3066 4052 3231 4106 agere
3269 4039 3473 4107 gratias
3513 4041 3793 4109 satagebat
3838 4039 4039 4098 {bibeo

2458 4135 2709 4195 runtque,
2732 4124 3012 4179 laudantes
3042 4120 3277 4179 divinam
3302 4126 3641 4181 clementiam
3677 4127 3848 4200 [και.
3867 4170 3885 4195 ,
3910 4146 4035 4186 con-

2458 4213 2794 4285 gratulantes
2821 4212 3018 4268 divinae
3039 4214 3360 4287 clementize]
3391 4215 3487 4269 illa
3503 4225 3663 4297 nocte
3685 4233 3808 4272 cum
3835 4220 4037 4275 sobrio-

786 4307 1067 4382 apostolici
1086 4328 1279 4385 preces
1293 4315 1350 4371 in
1371 4314 1517 4369 omni
1535 4315 1796 4385 petitione
1823 4321 2048 4373 uenena
2064 4329 2359 4373 vos.exau-
2383 4353 2440 4415 Β
2458 4310 2573 4403 ηιξ
2589 4298 2649 4358 ἀ
2668 4300 2874 4368 iam“,
2886 4303 3467 4415 qua'fmﬂ'duemlft-
3563 4304 3774 4415 Ῑεέῖδεξη
3793 4306 4034 4415 Ρειτξω,

788 4399 907 4455 dire
925 4402 1191 4471 dignetur.
1220 4405 1363 4459 sicut
1376 4413 1512 4459 ante
1535 4404 1770 4459 diximus
1787 4402 1934 4458 illam
1953 4404 2215 4459 exaudire
2236 4418 2357 4474 pre-

2459 4392 2553 4461 qui
2587 4396 2751 4446 talem
2781 4393 3060 4463 generavit
3093 4392 3293 4459 ﬁlium,
3328 4395 3419 4464 qui
3470 4396 3561 4450 tali
3606 4395 3904 4474 bmr‘edea
3924 4397 4036 4474 Deo

782 4504 884 4548 ωε
926 4491 1296 4548 inﬁnitarum
1346 4497 1415 4548 in.
1446 4496 1637 4551 eadem
1685 4496 1835 4568 [hac]
1880 4496 2129 4563 ecclesia,
2158 4510 2360 4566 eosque

787 4599 916 4639 cum
936 4584 1028 4638 diu
1062 4582 1361 4639 desiderata
1395 4585 1630 4640 sanitate
1660 4586 1883 4642 domum
1910 4589 2089 4643 redire
2119 4586 2362 4660 [conces-

790 4674 905 4747 sit];
940 4673 1054 4730 Nec
1078 4674 1285 4731 scilicet
1308 4675 1663 4731 dubitandum
1682 4676 1787 4741 est,
1815 4678 1961 4747 quod
1982 4680 2148 4735 veluti
2175 4679 2363 4735 visibi-

792 4763 918 4817 liter
943 4777 1232 4833 corporeae
1260 4758 1475 4821 illorum
1512 4764 1761 4834 dignatus
1785 4772 1873 4819 est
1894 4764 2145 4823 Ωιι-ἤια
2170 4783 2365 4824 sanare

795 4848 1170 4918 inﬁrmitates,
1214 4853 1291 4907 ita
1316 4860 1373 4908 et
1418 4852 1660 4909 occultas
1707 4852 2011 4908 animarum
2058 4866 2365 4912 nostrarum

792 4938 1189 5009 mgrotationes,
1216 4942 1582 4999 intercedente
1605 4958 1707 5015 pro
1729 4943 1887 4999 nobis
1915 4951 2109 4999 sancto
2136 4960 2257 5013 suo,
2272 4947 2367 5018 qui

794 5026 886 5082 hic
926 5022 1303 5099 corporaliter'
1325 5034 1619 5102 τοξιιίαώ
1653 5046 1713 5100 ι,
1745 5041 1803 5088 et
1845 5034 2008 5104 quem
2055 5035 2370 5104 spiritaliter

864 5168 906 5198 ι·
930 5157 1035 5225 Qui
1056 5160 1143 5214 hic
1160 5160 1498 5235 coarguitur
1514 5164 1803 5235 requiescit.
1836 5166 2055 5221 Diceres
2080 5164 2370 5225 Alcuinum

800 5226 858 5279 in
1280 5226 1659 5303 Esternseer'isi
1700 5242 1815 5290 tum
1852 5236 2057 5291 vixisse
2081 5239 2240 5303 quasi
2274 5240 2371 5294 do-

799 5295 1340 5382 Ὲιξςριιμᾼιξᾳ
1375 5299 1680 5382 similiaque
1722 5305 1888 5382 verba
1924 5295 2119 5382 scribit:
2149 5308 2371 5382 nomine

1220 5364 1692 5441 iisternaesnsium
1710 5411 1727 5441 ,
1755 5369 1943 5441 quiea
1969 5373 2027 5428 in
2063 5373 2267 5430 divinis
2289 5377 2373 5431 of—

804 5428 942 5500 ﬁciis
959 5434 1237 5500 recitaurri
1258 5444 1434 5492 erant.
1482 5436 1628 5492 Idem
2020 5442 2091 5497 de
2136 5428 2370 5500 Humilia

1090 5505 1264 5560 sancti
1301 5502 1467 5560 natali
1485 5546 1502 5571 ,
1530 5515 1751 5564 auctore
1776 5510 2027 5577 Aleuino,
2068 5497 2369 5589 recitantis:

2458 4482 2653 4549 dignus
2685 4481 2903 4536 habitus
2946 4490 3049 4536 est.
3082 4482 3141 4536 ln
3172 4498 3282 4553 quo
3307 4476 3615 4541 benedictio
3643 4486 3731 4540 illa
3762 4470 4091 4569 iinplet‘u‘r‘ﬁ“~

2458 4588 2580 4642 qua:
2610 4573 2667 4626 in
2715 4571 3133 4627 Deuteronomio
3168 4572 3411 4650 legitur:
3443 4574 3764 4630 Benedictus
3779 4585 3860 4641 tu,
3879 4585 3929 4631 et
3952 4579 4040 4640 ιο-

2462 4663 2698 4716 nedictus
2726 4660 2930 4730 [ructus
2962 4654 3259 4739 neutris
3286 4657 3465 4732 (Deut.
3493 4664 3817 4736 xvm,3,£).
3839 4664 4035 4735 Arnen.

2676 4746 3030 4831 EIUSDEM
3086 4770 3407 4834 ALCUINI
3448 4775 3797 4851 nouum
3830 4822 3849 4851 ,

2507 4883 2531 4910 ⁸
2567 4888 2649 4930 ΒΕ
2691 4886 2919 4929 κει-Διί
2944 4885 3184 4932 νεηατι
3241 4888 3663 4934 πιιιωιοιωι
3727 4893 4002 4937 Αιιεωιι-

3100 5004 3101 5007 η
3118 4965 3381 5011 PISCOPI.
3754 4979 3758 4983 ‘

2534 5046 2574 5099 Ι.
2611 5043 2908 5100 Celebriora
2932 5056 3231 5101 sanctorum
3255 5050 3550 5121 patrocinio
3572 5054 4039 5107 maneatur.—

2536 5184 2565 5223 δ
2587 5182 2761 5260 μείω
2810 5182 3072 5260 Aibertua.
3112 5182 3247 5257 μμ,
3295 5184 3615 5260 autem],
3640 5188 3817 5260 sancti
3861 5187 4041 5246 mm-

2466 5251 2667 5323 brordt
2682 5252 2737 5306 in
2758 5254 3021 5323 regimine
3044 5251 3356 5312 monasterii
3814 5272 4037 5319 suetae

2467 5337 2578 5384 sor,
2603 5322 2672 5375 ad
2696 5322 3312 5397 quernegstat‘diploma
3338 5325 3550 5397 Pippini
3576 5326 3715 5397 ’θεῖε
3743 5326 3885 5395 apud
3908 5327 4036 5383 Bro-

2468 5340 3550 5449 memissiﬁ'tmrptm
3576 5340 3715 5397 ἐπ”
3743 5340 3829 5395 ’ν’

2541 5471 2565 5498 ε
2596 5458 2751 5535 Apud
2776 5459 2980 5535 ﬂabill.
3002 5475 3020 5513 :
3044 5459 3238 5535 Incipit
3264 5459 3440 5535 om
3489 5464 3549 5518 iu
3581 5464 3749 5518 ntuli
3776 5464 4029 5535 ejusdem,

2471 5527 2792 5583 conuiuenti
2819 5528 3011 5601 populo
3043 5527 3359 5583 recitaudus.
