4286 6186
504 329 609 389 τιὸ

1198 330 1770 389 ilAGlOGRAPlllCA.
1809 360 1879 370 -—
1914 329 2064 386 V'lTA

2210 294 2686 391 \\'ll.l.lBll0RDl.
2724 366 2791 376 -
2830 335 2956 391 ur.
2993 336 3056 390 ll.
3132 292 3147 301 x

3630 336 3730 393 ἸΝ

572 440 662 499 ιν.
700 441 996 496 Imitandus
1023 459 1055 496 a
1087 442 1251 497 nobis.
1282 472 1352 483 —
1387 443 1598 507 Videte,
1628 442 1825 498 fratres
1859 442 2064 498 charis-
2089 449 2131 506 Α
2164 447 2319 516 stigia
2367 448 2485 516 ejus
2537 447 2874 517 corrigamus
2922 463 2935 500 :
2973 453 3240 515 quatenus
3294 446 3384 515 qui
3433 447 3734 502 sanctitatis

504 531 649 599 simi,
682 539 883 601 quanta
916 531 1083 601 gloria
1111 538 1194 586 est
1231 530 1398 586 Deum
1429 531 1599 600 sequi.
1627 531 1732 586 Iste
1758 545 1857 600 pro
1885 530 2069 585 amore

505 619 707 677 Christi
735 620 965 690 patriam
1006 621 1349 690 contempsit,
1375 620 1858 691 peregrinationem
1888 620 2067 689 elegit,

504 709 718 768 divitias
744 709 924 766 saeculi
959 701 1111 780 parvi
1138 711 1434 781 pendebat,
1468 721 1836 783 paupertatem
1881 711 2068 765 volun-

432 858 439 859 ,
504 800 641 856 tarie
667 799 886 859 amavit.
912 800 981 854 Et
1002 802 1366 873 cognovimus,
1380 801 1594 872 qualem
1610 803 1866 857 honorem
1881 811 2064 872 postea

2174 536 2293 605 ejus
2333 536 2610 604 sequimur
2652 535 2917 605 exempla,
2943 528 3293 591 beatitudinis
3344 537 3632 591 sortiamur
3679 544 3738 593 et

2172 622 2415 693 prazmia,
2439 639 2539 695 per
2563 639 2706 688 cum,
2739 626 2831 694 qui
2870 624 3018 679 illum
3042 625 3338 688 coronavit,
3367 632 3421 679 et
3445 640 3544 679 nos
3582 622 3736 692 adju~

2172 714 2342 778 vabit,
2370 714 2554 770 Jcsum
2582 714 2857 791 Christum
2879 715 3162 785 Dominum
3200 722 3463 779 nostrum,
3489 715 3580 784 qui
3614 729 3737 768 cum
3786 706 3793 717 ’

2170 803 2330 859 Patre
2356 812 2413 859 ct
2433 803 2635 873 Spiritu
2661 812 2847 861 sancto
2872 805 3005 859 vivit
3030 812 3084 860 ct
3110 813 3298 876 regnat
3318 806 3370 859 in
3400 804 3578 875 gloria
3598 820 3736 861 sem-

504 889 695 945 habuit
744 889 883 944 inter
926 890 1195 958 homines,
1229 891 1325 948 sed
1360 890 1550 947 melior
1575 900 1661 947 est
1682 890 1870 961 gloria,
1899 905 2061 959 quam
2165 895 2395 964 pitcrna.
2424 894 2616 949 Amen.

504 979 829 1038 atemaliter
850 980 1089 1051 possidet
1123 980 1263 1037 inter
1290 982 1528 1053 angelos.
1553 981 1720 1052 llujus
1740 981 2062 1038 sanctissimi

506 1069 743 1125 doctoris
767 1085 868 1152 nos
892 1070 1138 1142 exempla
1166 1072 1232 1127 de
1280 1070 1504 1142 ignaviae
1532 1080 1746 1140 torpore
1784 1072 2067 1135 suscitcnt,

504 1168 567 1217 ut
592 1160 732 1231 quod
772 1164 828 1218 in
877 1163 971 1218 illo
1012 1159 1400 1234 praedicamus,
1428 1165 1748 1236 impleamus
1785 1164 1839 1219 in
1893 1167 1976 1221 πῖθ’
2022 1181 2067 1222 s.

508 1249 724 1322 Agones
747 1251 893 1307 illius
915 1251 1446 1317 lahorislaudamus,
1471 1253 1588 1309 vias
1621 1262 1835 1308 nostras
1873 1255 1929 1310 in
1979 1269 2069 1309 vc-

2172 1024 2402 1096 Ea‘plirit
2428 1024 2558 1078 liber
2604 1027 2823 1096 primus,
2841 1027 3089 1096 promito
3124 1026 3651 1096 gradienssermotte,
3674 1024 3739 1076 de

2182 1114 2189 1123 δ
2244 1093 2369 1216 uita,
2389 1111 2452 1175 uc
2470 1093 2767 1174 virtutibus,
2796 1093 3042 1165 obituque
3077 1093 3241 1149 sancti
3284 1093 3609 1149 Willibrordi
3659 1110 3739 1145 ar-

2246 1181 2273 1216 c
2311 1180 2570 1233 tepiscopr.
3364 1219 3377 1223 _

1651 1548 1947 1625 LIBER
2024 1542 2583 1629 SECUNDUS,

1369 1716 1543 1769 QUEM
1588 1715 1894 1760 ALCL'INCS
1934 1713 2151 1757 METRO
2194 1707 2473 1756 STUDENS
2515 1705 2893 1752 COMPOSUIT.

1937 1813 2306 1833 _

912 1834 1256 1957 196—197
1286 1879 1671 1944 PREFATIO.
1760 1862 1761 1873 ‘

510 2024 647 2081 Ecce
670 2021 774 2076 tuis
794 2020 943 2089 parvi
967 2018 1127 2084 votis,
1150 2018 1453 2073 venerande
1476 2015 1746 2077 sacerdos,

579 2113 684 2170 Cor
708 2112 832 2182 quia
859 2114 924 2166 de
951 2126 1080 2166 vero
1107 2109 1277 2165 fervet
1309 2123 1494 2164 amore
1520 2106 1676 2180 mihi.

507 2201 782 2260 Pontiﬁcis
809 2184 987 2269 magni
1010 2195 1339 2253 Willibrordi
1366 2204 1423 2251 ct
1447 2186 1700 2266 praeéulis
1730 2183 1871 2247 almi’

582 2290 933 2366 [Pcrcurrcns
959 2289 1128 2343 titulis
1157 2288 1353 2357 inclyta
1381 2293 1528 2356 gesta
1554 2281 1722 2362 citis.]
1806 2300 1809 2301 ν

513 2382 592 2440 Sit
616 2384 745 2438 licet
773 2382 1015 2447 inferior,
1048 2380 1337 2449 strepitans
1367 2393 1490 2434 cum
1525 2370 1798 2431 murmure
1816 2383 1999 2434 rauco,

579 2473 722 2531 Illius
748 2471 977 2541 egregiis
1003 2484 1179 2524 sermo
1213 2483 1364 2523 meus
1388 2465 1599 2522 meritis
1629 2483 1643 2517 :
1820 2472 1823 2473 '

513 2560 739 2619 Protulit
772 2562 839 2615 ad
884 2557 1142 2628 templum
1165 2556 1387 2621 Christi,
1431 2552 1774 2610 Willibrorde
1797 2546 2070 2615 sacerdos,

485 2674 493 2687 κ
583 2647 773 2703 Nostra
800 2630 931 2702 ﬁdes
954 2653 1190 2700 vestrum
1212 2658 1377 2714 parva
1403 2640 1610 2696 minuta
1635 2648 1836 2693 tamen.

516 2736 647 2806 Qua:
673 2752 801 2806 rogo
823 2735 1084 2806 suscipias
1101 2734 1415 2796 clementer,
1440 2738 1621 2788 mente
1638 2729 1892 2799 benigna,

586 2826 1014 2893 Criminibusque
1032 2821 1167 2879 meis
1187 2837 1369 2892 posce,
1390 2836 1596 2890 precor,
1628 2818 1858 2874 veniam.

517 2912 631 2970 Non
658 2922 784 2969 sunt
812 2913 969 2984 digna
994 2912 1099 2967 tuis
1128 2910 1336 2965 meritis
1365 2922 1484 2963 mea
1513 2921 1757 2971 munera,
1787 2902 2000 2974 praesul,

573 3004 686 3072 Qui
715 3018 905 3075 regnas
930 3002 1123 3081 summi
1148 3001 1298 3058 dives
1323 3000 1377 3054 in
1402 3013 1527 3054 arce
1544 2996 1650 3068 poli
1677 3014 1691 3049 :
1791 3057 1794 3061 ,

519 3093 583 3149 Ni
613 3096 732 3165 pius
757 3095 808 3148 in
838 3092 1200 3162 temploneus
1220 3106 1326 3147 aira
1347 3090 1552 3145 minuta
1577 3087 1837 3157 ferentem
1926 3122 1927 3127 η

587 3185 883 3242 Laudasset
905 3183 1140 3245 viduam,
1173 3195 1294 3251 quae
1320 3194 1416 3234 sua
1439 3186 1563 3233 vota
1590 3177 1755 3233 dedit.

522 3275 652 3334 Era
675 3277 879 3331 minuta
901 3273 1008 3329 duo
1032 3272 1229 3328 diversi
1257 3268 1508 3341 ponderis
1534 3268 1661 3332 ista,

597 3367 792 3423 Sancte
815 3366 975 3421 Pa'ter
994 3363 1217 3435 supplex
1245 3362 1299 3416 in
1334 3369 1422 3435 tua
1449 3359 1643 3428 templa
1672 3358 1806 3413 iero.

528 3454 634 3512 Sed
658 3457 807 3526 prius
830 3455 944 3510 haec
970 3431 1113 3524 [Αἰξί
1140 3451 1241 3525 ωε]
1265 3431 1458 3513 retinet
1499 3447 1675 3517 planis
1718 3446 1980 3503 numisma
2006 3446 2072 3499 ﬁ-

1807 3535 1997 3606 [guris,

588 3633 862 3713 Posterius
888 3632 981 3688 sed
1001 3630 1112 3701 jam
1144 3615 1378 3685 Pierium
1411 3626 1613 3680 rutilat.

522 3724 656 3781 Sunt
677 3724 768 3794 qui
799 3724 852 3777 in
872 3722 986 3791 lege
1010 3734 1162 3776 sacra
1186 3718 1325 3787 pilos
1348 3715 1619 3787 pellesque
1646 3728 1931 3783 caprarum

589 3816 670 3870 Ad
697 3815 785 3885 pia
811 3820 953 3868 tecta
980 3812 1075 3866 Dei
1101 3810 1241 3869 ferre
1262 3808 1517 3878 iubentur
1537 3821 1692 3862 onus.

452 3943 467 3950 -
520 3902 636 3960 Non
660 3913 835 3959 tamen
861 3903 960 3957 hos
984 3900 1161 3971 sperni
1179 3897 1344 3968 jussit
1366 3896 1453 3952 lex
1474 3903 1658 3951 sancta
1685 3892 1965 3958 Tonantis,

588 3992 695 4047 Sed
718 3999 867 4063 grate
892 3990 1137 4059 accipere
1154 4001 1307 4043 mens
1333 3986 1421 4057 pia
1446 4000 1565 4056 qua:
1590 3982 1793 4040 tulerit;
1898 4008 1901 4017 ι

521 4079 610 4137 Sic
648 4096 754 4137 non
783 4077 1149 4149 magniloquas
1175 4076 1372 4148 quieris
1445 4074 1606 4129 Pater
1646 4074 1868 4144 optime,
1908 4088 2076 4144 gazas

1617 4161 1748 4233 [Al.,
1775 4161 2001 4234 grates],

593 4257 697 4316 Sed
724 4271 856 4316 vero
882 4256 1117 4315 calidum
1143 4262 1331 4327 pectus
1355 4266 1536 4309 amore
1556 4264 1766 4307 meum;

790 4357 1184 4481 INCIPIT
1235 4394 1769 4475 NABBATIO.

981 4522 996 4601 ἶ
1015 4526 1254 4606 CAPUT
1276 4547 1565 4603 PRIMUM.

529 4667 677 4737 Quod
705 4669 881 4735 beatus
930 4656 1302 4737 Witlibrordus
1327 4664 1389 4719 de
1418 4662 1693 4737 Britannia
1716 4660 1807 4729 uel,
1821 4657 2075 4714 Hibernia

658 4776 663 4780 .
721 4730 727 4735 ’
1039 4730 1325 4786 Franciam
1350 4733 1586 4786 vertisset.

594 4836 829 4907 Venerat
849 4842 1087 4901 occiduis
1114 4841 1330 4912 quidam
1355 4840 1422 4895 de
1447 4839 1641 4895 ﬁnibus
1659 4840 1826 4906 orbis,

532 4934 626 4994 Vir
646 4939 843 4993 virtute
873 4942 1081 5005 potens,
1116 4931 1294 4987 divino
1320 4928 1506 4999 plenus
1525 4941 1727 4991 amore,

539 5025 641 5083 Ore
668 5040 856 5094 sagax,
874 5033 931 5080 et
955 5031 1134 5078 mente
1167 5021 1314 5093 vigil,
1340 5028 1395 5076 et
1418 5018 1650 5076 fervidus
1676 5024 1821 5082 actu,

530 5110 612 5170 Ad
639 5122 714 5180 te,
744 5112 1071 5180 temporibus
1094 5111 1321 5182 Pippini,
1343 5109 1570 5165 Francia
1589 5106 1749 5173 felix;

532 5203 700 5271 Quem
722 5201 818 5256 tibi
836 5199 947 5269 jam
972 5200 1156 5269 genuit
1176 5197 1399 5254 fecunda
1425 5195 1700 5251 Britannia
1722 5203 1916 5260 mater,
1994 5210 1997 5213 ‘

533 5293 800 5365 Doctaque
826 5287 1045 5346 nutrivit
1067 5288 1260 5343 studiis
1286 5289 1379 5343 sed
1396 5286 1649 5342 Hibernia
1676 5284 1866 5350 sacris,

534 5378 755 5435 Nomine
784 5373 1161 5439 Willbrordus,
1192 5374 1397 5429 meritis
1420 5375 1697 5430 vivacibus
1721 5373 1931 5444 almus:

538 5468 638 5537 Qui
663 5470 946 5541 peregrina
963 5475 1153 5538 petens
1176 5464 1388 5521 Domini
1413 5464 1668 5520 deductus
1699 5475 1899 5527 amore,

540 5556 753 5615 Semina
780 5564 1049 5627 perpetuae
1078 5555 1300 5625 cupiens
1329 5552 1566 5610 caelestia
1592 5554 1716 5609 vitae

543 5644 821 5719 Spargere,
848 5660 951 5714 qua
974 5660 1130 5700 rarus
1150 5645 1324 5699 fuerat
1351 5644 1499 5713 prius
1519 5642 1703 5707 accola
1727 5642 1897 5698 verbi.

854 5732 863 5741 “
968 5736 1231 5796 Parant.
1264 5735 1363 5797 Cl.

2096 3208 2145 3273 C

2173 1871 2343 1938 Quem
2364 1888 2488 1930 mox
2507 1873 2765 1944 Pippinus
2788 1872 3118 1928 Francorum
3144 1880 3321 1954 rector
3345 1874 3603 1929 honestus

2173 1960 2434 2033 Suscipit,
2464 1971 2628 2034 atque
2657 1963 2806 2016 illum
2832 1962 3070 2018 sitientia
3098 1977 3222 2017 rura
3257 1963 3432 2032 rigare

2170 2053 2276 2130 Per
2290 2053 2407 2110 loca
2430 2053 2829 2121 mandavitjam
2858 2052 3087 2123 singula,
3119 2067 3241 2108 rore
3267 2046 3539 2122 superno,

2172 2145 2506 2216 Auxiliisque
2524 2143 2620 2197 Dei
2648 2140 2905 2198 famulum
2930 2141 3165 2196 ﬁrmavit
3189 2142 3450 2197 honestis.

2795 2248 3039 2305 'CAPUT
3074 2247 3139 2303 ll.
3180 2258 3183 2261 '

2176 2341 2417 2407 Qualiter
2442 2341 2578 2396 idem
2592 2340 2781 2403 υἱ,ιύρὶ
2802 2342 2856 2394 in
2883 2356 3033 2409 apere
3061 2341 3389 2410 prwdicandi
3413 2342 3734 2413 profecisset.

2242 2427 2335 2483 ille
2363 2428 2473 2483 Deo
2497 2428 2709 2499 plenus,
2740 2428 2921 2483 lumen
2950 2427 3017 2483 de
3048 2428 3252 2483 lumine
3281 2428 3517 2503 Christo,

2172 2518 2291 2573 Jam
2312 2531 2660 2588 quascunque
2680 2518 2783 2588 piis
2809 2516 3120 2588 peragravit
3147 2518 3421 2587 gressibus
3452 2522 3632 2582 urbes.

2175 2606 2273 2662 Vel
2301 2606 2544 2672 castella,
2574 2622 2753 2672 casas,
2780 2605 2864 2662 vel
2881 2605 3137 2676 compita,
3169 2621 3379 2678 semper
3405 2610 3599 2679 ubique

2176 2697 2388 2768 Sparsit
2422 2696 2743 2768 evangelicae
2769 2697 2951 2752 radios
2975 2676 3304 2767 penpectora
3328 2698 3482 2753 lucis.
3512 2676 3550 2685 η

2175 2784 2463 2840 Multorum
2490 2785 2660 2839 donec
2686 2784 2806 2838 ﬁdei
2830 2784 2918 2853 pia
2944 2782 3159 2837 ﬂamma
3187 2784 3401 2847 reluxit,

2174 2876 2255 2930 Ex
2286 2880 2393 2929 n’ox
2432 2886 2576 2928 cmca
2621 2872 2809 2944 procul
2846 2871 2938 2925 illa
2984 2871 3216 2927 decessit
3266 2873 3334 2927 ab
3358 2874 3489 2931 urbe
3537 2874 3732 2948 [.lfab.,

2716 3032 2717 3039 γ
3294 2960 3665 3035 [illo...orbe},

2176 3053 2533 3124 Quotidieque
2557 3059 2720 3107 ruunt
2741 3050 3003 3109 idolorum
3030 3050 3152 3106 fana
3176 3050 3419 3120 profana,

2180 3145 2248 3201 Et
2274 3143 2453 3216 populi
2480 3140 2728 3200 Christus
2752 3140 3039 3195 resonabat
3064 3142 3117 3195 in
3142 3156 3235 3195 ore
3260 3141 3449 3196 ﬁdelis.

2784 3247 3010 3304 CAPUT
3048 3250 3134 3305 lli.
3158 3290 3165 3301 π

2175 3346 2449 3416 Quomodo
2488 3341 2767 3416 ξξρρὶνηιξἱ
2801 3342 2910 3395 dux
2970 3339 3323 3416 raucorum.
3367 3345 3600 3416 eumdem
3649 3346 3735 3416 fa-

2242 3410 2691 3484 mulumeIiristi
2728 3410 2948 3465 Romam
2974 3411 3270 3477 direxisset,
3305 3426 3362 3466 ut
3395 3410 3737 3484 arcltiepis'cov

2243 3500 2340 3552 pus
2367 3482 2720 3536 ordinaretur.
2840 3502 2843 3503 ν

2146 3642 2150 3647 ρ
2242 3572 2499 3628 Crescere
2523 3570 2781 3653 Pippinus
2820 3571 2947 3625 dum
2982 3570 3194 3626 viderat
3219 3571 3451 3642 inclytus
3479 3582 3681 3630 auctor.

2174 3662 2468 3718 Ecclesiam
2494 3658 2717 3724 Christi,
2748 3660 2965 3716 ﬁdeiet
2994 3660 3300 3715 venerabile
3323 3660 3538 3721 donum,

2173 3754 2528 3824 Congaudens
2548 3751 2774 3805 nimium
2799 3749 2891 3803 tali
2923 3749 3141 3804 doctore
3174 3747 3384 3810 salutis,

2060 3844 2063 3847 ’
2174 3843 2253 3899 Ac
2282 3843 2474 3899 melius
2503 3850 2675 3907 ratus,
2694 3840 2857 3896 citius
2884 3853 2943 3896 se
2971 3840 3188 3895 mittere
3216 3840 3440 3895 Romam

2174 3939 2509 4008 Pracipuum
2534 3936 2656 4000 ﬁdei
2682 3948 3008 4006 prieconem,
3024 3941 3291 4004 quatenus
3314 3934 3461 3988 illum

2175 4031 2367 4088 Pastor
2391 4028 2715 4101 apostolicus
2742 4026 2981 4082 ﬁmiaret
3003 4027 3059 4081 in
3087 4025 3275 4082 ordine
3293 4025 3486 4093 primo,

2176 4121 2336 4177 Esset
2366 4129 2428 4175 ut
2450 4118 2701 4176 Ecclesia:
2723 4116 2944 4186 praisul,
2970 4128 3321 4182 summusque
3347 4116 3618 4168 sacerdos.

2777 4225 3004 4283 CAPUT
3040 4226 3128 4280 IV.

2180 4320 2334 4386 Quod
2379 4319 2689 4386 beatissimo
2718 4315 3002 4386 apostolico
3038 4312 3222 4386 sergio
3249 4330 3411 4386 papte
3455 4315 3512 4368 in
3545 4317 3738 4383 visione

2250 4387 2634 4451 ostendebatur,
2666 4382 3184 4440 BIWillibrorduin
3240 4382 3458 4436 Romam
3516 4382 3739 4449 venisse,

2250 4469 2300 4511 et
2348 4467 2404 4511 ut
2434 4473 2551 4510 cum
2580 4456 2720 4510 omni
2750 4453 2945 4512 honore
2974 4451 3125 4507 illum
3178 4452 3431 4506 debuisset
3461 4456 3738 4523 suscipere.

2074 4549 2161 4609 -D
2252 4567 2581 4626 Pontiﬁcalis
2610 4582 2772 4636 apex,
2794 4564 2957 4621 Petro
2989 4564 3339 4635 dignissimus
3368 4566 3562 4627 haeres,

2182 4658 2411 4715 Sanctus
2437 4656 2781 4727 apostolicam
2812 4654 2985 4710 tenuit
3006 4663 3135 4709 tunc
3163 4654 3603 4723 Sergiusaulam,

2182 4747 2275 4799 Vir
2302 4745 2474 4800 bonus
2502 4751 2559 4796 et
2580 4741 2839 4812 prudens,
2865 4740 2995 4796 nulli
3022 4740 3221 4810 pietate
3239 4741 3527 4805 secundus,

2181 4834 2319 4888 Ante
2341 4833 2481 4888 diem
2511 4839 2759 4903 quartam
2789 4829 2931 4886 facta
2956 4837 3040 4886 est
3058 4829 3147 4886 eui
3169 4829 3304 4882 visio
3330 4836 3509 4891 nocte,

2182 4922 2356 4989 Quam
2383 4922 2465 4975 vir
2487 4918 2978 4975 venissct'Romam
3014 4915 3303 4989 praeclarus
3322 4915 3390 4969 ad
3411 4915 3579 4971 illum.

2181 5011 2416 5083 Angelus
2450 5025 2481 5065 e
2507 5009 2647 5064 cmlo
2664 5008 2891 5064 veniens
2915 5004 3235 5076 prtedixerat
3260 5002 3333 5055 illi
3361 5020 3374 5054 :

2182 5105 2321 5160 Ecce
2346 5103 2458 5158 Deo
2482 5103 2704 5165 charus,
2724 5103 2976 5167 properat
2996 5095 3135 5147 hanc
3172 5093 3368 5161 hospes
3394 5093 3462 5147 ad
3488 5095 3670 5151 urbem

2183 5193 2227 5247 Δ
2250 5193 2385 5246 duce
2403 5186 2733 5242 Francorum
2760 5186 2960 5239 missus
2985 5183 3085 5238 sub
3114 5197 3337 5238 munere
3361 5184 3529 5255 largo.

2181 5281 2336 5335 Hunc
2373 5286 2429 5331 tu
2452 5284 2632 5331 mente
2651 5274 2739 5344 pia
2764 5272 2953 5329 saltem
2978 5279 3212 5327 tractare
3240 5279 3529 5335 memento,

2182 5371 2254 5427 Et
2278 5382 2403 5424 mox
2439 5363 2748 5437 pontiﬁcem
2772 5378 2981 5420 summo
3004 5364 3247 5419 sacrabis
3274 5364 3491 5416 honore.

2184 5458 2231 5512 Α
2264 5466 2317 5512 te
2338 5468 2456 5525 quae
2475 5454 2676 5524 cupiet,
2696 5452 2873 5522 capiat
2893 5467 3106 5521 quoque
3132 5451 3271 5505 dona
3299 5448 3568 5501 sacerdos.

2184 5546 2293 5601 Iste
2312 5543 2424 5612 Deo
2452 5544 2621 5599 sociat
2644 5541 2960 5611 populorum
2984 5538 3153 5592 millia
3177 5536 3359 5590 multa.

2191 5635 2425 5703 Angelus
2448 5636 2536 5691 his
2562 5634 2721 5689 dictis
2740 5630 2864 5687 cmli
2890 5628 3154 5684 remeavit
3175 5627 3241 5681 ad
3264 5625 3459 5679 aulam.

3241 5716 3320 5779 23
