4268 6228
813 272 914 384 έιιθ
1625 317 1685 370 n.
1727 318 1789 371 ιε.
1828 274 2056 373 ALBINI
2095 314 2226 371 ssu
2267 312 2498 369 ALcun

1625 317 1685 370 n.
1727 318 1789 371 ιε.
1828 274 2056 373 manu
2095 314 2226 371 seu
2267 312 2534 369 ALCUINI
2573 310 2855 368 orsauu
2894 308 3069 365 rans
3107 308 3170 362 v.

3925 304 4046 359 79.0

815 441 973 512 199
996 441 1169 507 Atque
1194 408 1352 493 manu
1382 432 1594 505 propria
1622 442 1803 501 potum
1828 439 2136 501 porrexerat
2164 430 2293 499 ipse.
2391 432 2442 491 Α
2468 426 2797 480 Francorum
2819 423 3064 488 ducibus,
3085 436 3218 492 quos
3244 418 3437 475 saecula
3458 418 3615 489 longa
3650 418 3903 473 tulerunt.

812 532 913 597 Qui
944 545 1068 585 mox
1097 535 1343 589 sanatus,
1374 524 1585 579 fastidia
1618 524 1772 592 longa
1799 523 2121 590 relinquens,

808 620 1091 690 Accipiens
1117 617 1336 673 calicem
1366 615 1522 685 pleno
1549 629 1607 669 se
1628 613 1828 683 proluit
1854 625 1967 666 ore.

1390 724 1611 781 CAPUT
1648 723 1787 778 XXI.

714 856 719 859 -
814 820 1083 888 Quomodo
1104 821 1160 873 in
1190 818 1420 872 Treveris
1442 817 1649 888 ciuitate
1669 816 1864 888 orando
1888 822 2076 888 pestem
2101 813 2373 866 imminen-

1107 899 1207 942 tem
1235 889 1298 939 ab
1334 886 1537 939 ancillis
1570 882 1761 939 Christi
1795 882 2083 937 amovisset.

884 1003 981 1056 Est
1002 1001 1239 1068 antiqua,
1269 1006 1454 1069 potens
1481 997 1649 1051 muris
1676 1004 1731 1050 et
1758 996 1994 1051 turribus
2022 993 2199 1063 ampla

816 1093 956 1147 Urbs
986 1091 1251 1155 Treveris,
1282 1104 1380 1144 nec
1404 1103 1509 1143 non
1536 1102 1707 1142 sacris
1730 1086 2055 1141 circumdata
2082 1082 2252 1147 cellis,

815 1185 873 1239 lu
904 1183 1094 1251 quibus
1124 1182 1325 1236 unatim
1361 1179 1680 1249 populorum
1709 1178 1866 1231 turba
1890 1176 2101 1247 piorum

818 1272 1084 1326 Laudibus
1117 1268 1391 1340 invigilant
1419 1266 1651 1332 Domini,
1682 1273 1943 1332 nocteque
1967 1264 2177 1332 dieque.

820 1362 923 1414 llas
949 1362 1089 1413 inter
1119 1359 1291 1412 fuerat
1316 1371 1591 1411 sacrarum
1616 1354 1752 1408 cella
1778 1368 2044 1418 sororum,

819 1450 962 1519 Quas
991 1448 1167 1501 subito
1197 1446 1419 1498 nimium
1449 1444 1723 1513 quassavit
1751 1443 1916 1512 pestis
1950 1442 2161 1504 acerba,

819 1538 898 1591 Ex
924 1538 1030 1589 vita
1060 1536 1158 1588 hac
1188 1535 1363 1601 rapuit
1392 1549 1486 1602 per
1513 1548 1671 1601 quam
1708 1548 1848 1586 mors
1875 1533 2057 1585 ultima
2082 1530 2305 1593 multas;

822 1628 1126 1680 Semineces
1155 1624 1396 1692 quaedam
1422 1624 1579 1692 longo
1599 1623 1816 1691 jacuere
1851 1624 2065 1687 dolore;

719 1763 725 1769 .
824 1716 1019 1770 Terror
1038 1716 1225 1769 mortis
1248 1721 1362 1768 erat
1388 1715 1601 1776 nimius,
1630 1715 1723 1768 sed
1750 1723 1803 1768 et
1831 1715 2076 1769 omnibus
2111 1713 2272 1770 idem.

825 1806 956 1874 Spes
986 1805 1083 1857 fuit
1108 1805 1156 1856 in
1190 1802 1385 1855 famulo
1413 1802 1634 1866 Christi,
1662 1811 1884 1857 vocatus
1912 1812 1967 1857 et
1993 1802 2083 1857 ille

785 1926 794 1937 ι
824 1896 954 1949 Cum
983 1893 1232 1960 lacrymis
1251 1892 1408 1944 citius
1436 1890 1589 1943 fessis
1620 1905 1934 1945 succurrere
1964 1891 2143 1946 rebus.

826 1984 894 2037 At
922 1982 1040 2049 pius
1076 1980 1161 2033 ille
1186 1979 1344 2031 Pater
1366 1979 1651 2047 complevit
1678 1988 1799 2033 vota
1830 1994 2071 2034 sororum

824 2071 1143 2132 Adveniens,
1173 2069 1290 2122 illas
1311 2067 1557 2136 jamnec
1585 2083 1706 2137 spes
1734 2070 1870 2122 alma
1898 2069 2104 2134 fefellit,

827 2159 930 2213 Sed
958 2159 1205 2227 precibus
1228 2159 1394 2211 sancti
1423 2173 1546 2211 mox
1572 2160 1738 2226 pestis
1766 2160 1956 2213 acerba
1978 2158 2226 2221 recessit,

824 2247 893 2302 Et
921 2247 1143 2300 Domino
1171 2246 1379 2300 laudem
1407 2246 1637 2299 reddunt
1656 2260 1754 2314 pro
1781 2247 1981 2314 sospite
2003 2248 2132 2299 vita.

1403 2354 1624 2408 CAPUT
1661 2354 1823 2406 XXII.

812 2446 979 2512 Quod
1027 2456 1182 2499 totam
1230 2445 1437 2496 domum
1485 2443 1714 2511 ejusdem
1761 2441 2161 2562 ratrisfamilias
2209 2458 2239 2493 α
2289 2443 2387 2493 du-

900 2518 1103 2569 rissima
1144 2514 1391 2566 da’mom’s
1438 2514 1717 2565 tentationc
1782 2512 1997 2564 iberaret
2040 2512 2224 2581 [Mab.,
2268 2511 2387 2562 Iibe-

900 2518 1103 2569 rissima
1144 2514 1391 2566 da’mom’s
1438 2514 1717 2565 tentationc

909 2584 1114 2654 rasset].

905 2696 1065 2749 Tecta
1094 2694 1281 2747 domus
1312 2692 1480 2761 patris
1516 2688 1794 2757 cujusdam
1823 2697 2059 2757 tempore
2090 2688 2256 2741 multo

840 2785 1043 2852 Saepius
1078 2784 1288 2835 incursu
1326 2788 1585 2834 vexantur
1612 2778 1868 2831 damonis
1895 2778 2017 2840 atri,

840 2874 1072 2941 Spiritus
1097 2880 1151 2925 et
1184 2871 1346 2924 variis
1374 2870 1520 2923 dirus
1549 2868 1841 2929 terroribus
1873 2867 2014 2919 illam

837 2963 1160 3031 Torquebat,
1192 2975 1328 3013 vano
1354 2974 1450 3013 nec
1471 2959 1579 3025 jam
1610 2958 1986 3025 phantasmate
2018 2963 2253 3015 tantum;

840 3051 943 3104 Sed
972 3050 1152 3103 nocuit
1189 3048 1411 3101 multum
1442 3043 1742 3099 manifestis
1776 3040 1987 3112 publice
2010 3044 2189 3112 gestis,

838 3142 1102 3195 Multoties
1127 3139 1367 3193 manibus
1396 3146 1573 3205 raptas
1602 3143 1905 3204 vestesque,
1931 3136 2181 3202 cibosque

841 3228 1090 3294 Injiciens
1114 3225 1368 3286 flammis;
1404 3224 1662 3275 infantem
1694 3232 1847 3274 nocte
1869 3224 2133 3289 jacentem

844 3318 1130 3386 Amplexus
1160 3317 1299 3369 inter
1329 3315 1514 3367 tulerat
1545 3313 1622 3366 vis
1648 3314 1761 3366 dira
1790 3320 2093 3381 parentum,

848 3408 1005 3461 Visus
1038 3409 1089 3460 in
1121 3407 1395 3460 ardentem
1421 3405 1719 3473 plorantem
1749 3403 1960 3456 mittere
1994 3416 2201 3470 pyram,

847 3494 955 3549 Sed
977 3496 1065 3546 vix
1092 3500 1303 3560 ereptus
1330 3490 1572 3543 manibus
1600 3491 1663 3543 de
1690 3498 1860 3541 morte
1886 3505 2119 3542 suorum.

848 3584 997 3639 Hanc
1026 3590 1225 3652 pestem
1252 3580 1426 3634 nullus
1452 3581 1622 3649 potuit
1650 3594 1843 3633 sanare
1871 3579 2139 3641 sacerdos,

847 3675 1025 3730 Donec
1053 3675 1165 3741 ipse
1200 3672 1291 3725 Dei
1318 3671 1546 3724 famulus
1577 3686 1605 3722 a
1635 3678 1789 3738 patre
1817 3660 2032 3737 rogatus

849 3764 998 3818 lianc
1025 3763 1272 3832 precibus
1298 3771 1504 3830 pestem
1527 3761 1728 3813 sanctis
1756 3762 2021 3828 purgavit,
2048 3769 2103 3813 et
2128 3760 2199 3813 illi

850 3851 1074 3905 Nomine
1102 3854 1201 3905 sub
1224 3850 1420 3903 Christi
1450 3850 1786 3903 benedictam
1816 3849 2038 3902 miserat
2067 3849 2279 3901 undam.

853 3942 1115 3995 Prmscius
1145 3948 1198 3995 et
1224 3954 1402 3993 rerum
1427 3938 1617 4007 prmsul
1645 3939 1967 4006 przedixerat
1992 3937 2089 3999 illi,

852 4030 1001 4096 Quod
1032 4032 1219 4085 domus
1247 4028 1335 4092 illa
1364 4036 1516 4083 vetus
1538 4026 1765 4080 flammis
1792 4028 1860 4079 ab
1885 4027 2037 4080 hoste
2066 4026 2255 4080 fuisset

852 4122 1223 4178 Corisumcnda
1247 4120 1395 4189 prius
1430 4138 1440 4171 :
1470 4134 1537 4172 ne
1568 4126 1641 4182 te,
1668 4130 1817 4187 rogo,
1850 4124 2049 4170 terreat
2075 4116 2233 4185 ignis,

854 4210 1133 4265 Construis
1158 4218 1351 4279 aptata:
1377 4208 1564 4262 melius
1594 4206 1691 4260 tibi
1715 4214 1854 4261 tecta
1883 4207 2090 4271 salutis,

855 4301 982 4366 Qua:
1011 4300 1220 4355 munire
1243 4297 1351 4353 cito
1374 4298 1656 4351 benedicta
1685 4295 1831 4350 fonte
1857 4303 2142 4349 memento.

852 4388 980 4442 Post
1001 4390 1230 4444 donante
1254 4384 1366 4439 Deo
1395 4386 1663 4454 serpentis
1688 4393 1842 4453 peste
1867 4385 2100 4450 carebis,

854 4483 923 4535 Et
951 4490 1039 4532 tua
1064 4484 1173 4531 tota
1198 4475 1387 4528 domus
1416 4480 1590 4526 tecum
1626 4472 1876 4544 gaudebit
1899 4481 2092 4525 amata.

782 4593 790 4601 υ
857 4569 1045 4625 Omnia
1072 4579 1195 4618 mox
1220 4561 1388 4630 patris
1417 4561 1750 4630 complentur
1777 4562 1829 4615 in
1848 4562 2032 4616 ordine
2060 4562 2224 4628 dicta,

852 4659 935 4713 Ex
956 4660 1080 4711 hinc
1105 4658 1245 4711 nulla
1276 4658 1486 4711 domum
1514 4658 1688 4730 tetigit
1713 4657 1937 4713 tentatio
1963 4657 2100 4721 talis,

862 4746 965 4801 Sed
990 4748 1125 4800 bene
1156 4762 1376 4802 securus
1406 4747 1604 4801 mansit
1629 4748 1897 4803 habitator
1924 4744 1978 4799 in
2007 4745 2114 4798 illa.

1421 4860 1644 4916 CAPUT
1679 4858 1861 4913 XXIII.

866 4969 1015 5036 Quod
1042 4970 1121 5023 vir
1148 4968 1242 5023 Dei
1268 4968 1444 5023 Caroli
1485 4971 1631 5039 ducis
1665 4967 1988 5023 Francorum
2029 4970 2199 5039 ﬁlium
2241 4970 2420 5039 Pippi-

934 5055 1056 5091 num
1081 5039 1372 5107 baptisaoit,
1397 5048 1445 5091 et
1468 5038 1700 5106 {uitrum
1718 5039 1765 5091 ei
1783 5038 2093 5107 prcedixerat
2116 5038 2347 5113 regnum.

933 5147 1041 5203 Iste
1066 5148 1161 5203 Dei
1185 5156 1400 5204 sanctus
1425 5147 1745 5218 prmdixerat
1773 5155 1894 5202 ante
1923 5146 2117 5217 futura,

870 5237 999 5303 Quae
1017 5245 1137 5304 post
1164 5245 1386 5291 eventus
1408 5252 1586 5293 rerum
1614 5237 1772 5293 modo
1796 5253 1924 5292 vera
1948 5240 2227 5305 probabat.
2284 5275 2287 5277 ›

872 5324 1112 5394 Namque
1138 5325 1287 5381 ducis
1317 5324 1491 5379 Caroli
1516 5327 1797 5396 Pippinum
1825 5328 2040 5383 nomine
2065 5336 2247 5383 natum

874 5413 945 5469 Ut
970 5415 1125 5471 Pater
1151 5417 1355 5486 optavit
1385 5430 1541 5471 sacro
1566 5418 1883 5485 baptismate
1905 5419 2083 5483 tinxit,

874 5502 951 5557 De
978 5522 1082 5574 quo
1112 5507 1382 5575 discipulis
1408 5506 1655 5576 pradixit
1685 5508 1810 5560 talia
1847 5518 1996 5563 vates
2024 5526 2038 5562 :

879 5590 1136 5650 Onmibus
1162 5597 1265 5652 iste
1292 5596 1412 5651 aliis
1432 5592 1589 5652 fuerit
1617 5594 1893 5650 sublimior
1920 5596 2093 5650 infans

2468 512 2567 567 llic
2591 520 2737 585 reget
2758 514 3040 582 imperium
3068 511 3195 566 felix
3219 510 3448 566 feliciter
3466 508 3632 574 istud,

2468 602 2708 657 Dilatans
2737 602 2871 658 fines
2900 602 3107 671 magnis
3135 602 3263 655 hinc
3291 600 3416 654 inde
3446 597 3752 667 triumphis.

2468 689 2587 745 Non
2612 706 2744 759 opus
2772 699 2855 745 est
2880 690 3077 745 nostris
3108 688 3233 743 illud
3265 695 3572 744 monstrare
3596 685 3889 749 Camaznis,

2470 778 2623 846 Quod
2646 788 2755 835 toto
2784 778 2927 834 veris
2955 778 3254 834 celebratur
3279 778 3335 832 in
3359 778 3491 833 orbe
3512 776 3756 847 loquelis.

2931 941 2935 945 .
3024 886 3245 961 mur
3284 886 3472 943 ΠΝ.

2704 975 2782 1029 De
2812 976 3037 1029 moribus
3067 984 3114 1030 et
3138 975 3203 1030 de
3226 975 3366 1029 obitu
3394 975 3562 1029 sancti
3593 973 3791 1027 Patris.

2542 1085 2640 1140 Vir
2665 1084 2766 1139 fuit
2792 1084 2893 1139 iste
2916 1084 3032 1149 Dei,
3059 1085 3292 1153 patiens,
3319 1086 3644 1149 moderatus,
3682 1084 3969 1146 honestus,

2474 1174 2708 1229 Moribus
2732 1175 3001 1244 egregius,
3029 1182 3085 1228 et
3116 1175 3171 1228 in
3197 1175 3345 1229 omni
3370 1182 3622 1229 strenuus
3649 1180 3790 1239 actu,

2473 1267 2646 1321 Corde
2674 1256 2815 1335 pius,
2841 1266 3031 1321 humili
3050 1268 3219 1332 mitis,
3246 1268 3553 1338 rigidusque
3578 1266 3828 1335 superbo,

2477 1356 2691 1411 Solator
2715 1357 2948 1420 miseris,
2980 1365 3035 1411 et
3058 1358 3213 1427 inops
3240 1357 3365 1421 sibi,
3393 1357 3544 1411 dives
3572 1358 3776 1426 egenis.

2477 1446 2578 1512 Qui
2605 1452 2886 1514 postquam
2915 1445 3039 1499 vitm
3064 1446 3271 1499 meritis
3305 1444 3576 1513 perfectus
3603 1447 3657 1497 in
3688 1445 3892 1507 annis,,

2475 1536 2567 1589 Bis
2596 1542 2786 1590 octena
2812 1536 2933 1603 pius
2957 1534 3243 1603 complevit
3272 1536 3441 1588 lustra
3467 1534 3739 1597 sacerdos,

2479 1625 2587 1680 Ter
2614 1633 2804 1693 quater
2839 1633 2894 1679 et
2921 1640 3167 1691 menses,
3197 1624 3400 1679 mensis
3421 1623 3536 1693 jam
3558 1639 3778 1693 Jamque
3816 1621 4049 1676 Novemv

2408 1752 2607 1813 BNL
2839 1807 2851 1813 Α
3014 1806 3046 1813 η
3134 1806 3146 1813 Α
3284 1806 3295 1813 .
3401 1806 3415 1813 -
3517 1804 3530 1813 -
3818 1712 3974 1783 [bris.

2482 1804 2657 1859 Idibus
2678 1807 2903 1870 octenis,
2927 1806 3049 1860 οωιί
3077 1806 3326 1875 migravit
3350 1806 3418 1860 ad
3445 1804 3645 1878 aulam,

2481 1892 2722 1948 Cmtibus
2749 1894 3003 1965 angelicis
3024 1893 3265 1962 junctus,
3295 1894 3603 1948 cmlestibus
3623 1891 3840 1961 hymnis

2481 1983 2799 2039 Collaudans
2833 1983 3103 2039 Christum
3132 1998 3344 2053 semper
3370 1983 3487 2038 sine
3517 1985 3622 2037 tine
3648 1982 3857 2037 beatus.

3045 2095 3269 2150 CAPUT
3306 2094 3470 2147 XXV.

2487 2182 2638 2247 Quod
2668 2184 2855 2252 fratres
2873 2183 3081 2237 Patrem
3107 2183 3400 2252 sepelientes
3427 2185 3483 2235 in
3507 2182 4061 2252 sarcophagum,quod

2556 2250 2756 2305 brevius
2782 2253 2949 2322 fuerat
2977 2250 3179 2322 corpori
3202 2252 3331 2320 ejus,
3362 2252 3529 2319 subito
3553 2250 3620 2303 ad
3645 2250 3818 2319 aptam
3842 2250 4059 2303 mensu-

2558 2337 2671 2374 ram
2697 2321 3002 2390 protelatur.

2556 2433 2724 2499 Quem
2756 2432 2947 2488 fratres
2977 2435 3153 2489 studio
3181 2442 3442 2488 curarunt
3469 2434 3698 2488 condere
3724 2438 3910 2486 sancto

2488 2522 2828 2587 Psalmodiis,
2856 2524 3087 2593 hymnis,
3114 2539 3305 2594 magno
3331 2538 3452 2577 cum
3483 2523 3657 2579 laudis
3687 2524 3909 2577 honore.

2493 2610 2887 2680 Sarc0phagum
2906 2613 3127 2671 .brcvius
3154 2613 3329 2667 fuerat
3354 2615 3446 2668 sed
3470 2628 3693 2681 corpore
3715 2611 3910 2673 Patris,
3974 2630 3979 2633 ι

2492 2699 2563 2760 In,
2577 2713 2681 2766 quo
2711 2708 2834 2755 tunc
2860 2700 3055 2754 fratres
3082 2700 3366 2755 voluerunt
3388 2702 3618 2756 condere
3642 2706 3883 2768 corpus.‘

2493 2788 2679 2842 Ellccti
2708 2790 2932 2843 nimium
2961 2790 3163 2855 tristes,
3188 2791 3434 2845 mirabile
3456 2792 3634 2845 dictu!

2494 2877 2633 2931 Ecce
2655 2886 2873 2947 repente
2891 2878 3026 2947 lapis
3054 2896 3113 2935 se
3140 2882 3405 2949 protelare
3434 2870 3607 2936 locelli

2496 2967 2690 3036 Coepit,
2714 2980 2768 3023 et
2796 2970 2861 3025 ad
2890 2969 3118 3029 formam
3132 2986 3199 3026 se
3227 2973 3429 3041 aptavit
3450 2973 3693 3043 corporis
3712 2972 3854 3024 almi.

2427 3074 2472 3134 C
3056 3078 3280 3139 CAPUT
3321 3084 3503 3138 XXVI.

2501 3182 2566 3233 Et
2590 3180 2724 3250 quod
2750 3182 2867 3233 miri
2896 3181 3071 3235 odoris
3100 3181 3389 3263 fragrantia
3417 3192 3576 3236 totam
3603 3181 3875 3250 asperserit
3905 3180 4068 3232 cccle-

3194 3269 3347 3305 stam.

2568 3362 2707 3414 Inter
2745 3369 2798 3415 et
2823 3363 3105 3431 exsequias
3132 3364 3253 3415 miri
3285 3363 3578 3430 fragrantia
3605 3363 3786 3417 odoris

2500 3450 2781 3504 Ambrosio
2808 3449 3088 3503 ecclesiam
3120 3450 3388 3518 perfundit
3413 3458 3627 3505 nectare
3660 3458 3846 3513 totam,

2502 3539 2785 3606 Perspicua
2810 3537 3104 3605 angelicam
3126 3546 3429 3593 monstrans
3455 3540 3667 3593 venisse
3689 3545 3961 3591 catervam

2504 3629 2581 3681 Ad
2614 3629 2785 3681 Patris
2805 3627 3035 3681 cilicium
3058 3629 3192 3681 laetis
3221 3628 3566 3682 concentibus
3594 3627 3737 3681 almi.

3044 3738 3267 3793 CAPUT
3309 3738 3515 3791 XXVII.

2509 3847 2659 3912 Quod
2689 3848 2795 3901 Deo
2823 3859 3063 3918 operante
3102 3850 3245 3919 signa
3286 3850 3551 3919 hucusque
3581 3848 3776 3903 soleant
3809 3848 3947 3916 ﬁeri,
3985 3850 4071 3901 ubi

2853 3928 3060 3972 sanctus
3090 3918 3166 3971 vir
3194 3935 3403 3989 corpore
3432 3918 3717 3989 requiescit.

2576 4027 2680 4080 Iste
2714 4026 2875 4081 Pater
2914 4037 3153 4093 sanctus,
3188 4039 3396 4097 pastor,
3419 4029 3751 4097 patriarcha,
3795 4027 4069 4092 sacerdos,

2510 4116 2565 4185 In
2591 4116 2802 4185 propria
2832 4126 3022 4186 pausat
3045 4117 3169 4170 felix
3198 4117 3495 4172 Asternaco
3521 4116 3679 4181 cella,

2510 4206 2568 4259 In
2595 4207 2806 4273 laudem
2835 4210 3077 4274 Domini,
3105 4224 3265 4279 quam
3289 4208 3403 4277 jam
3432 4215 3809 4263 construxerat
3831 4208 3943 4277 ipse

2513 4296 2570 4349 In
2598 4312 2701 4366 qua
2728 4298 2881 4366 signa
2902 4298 3043 4352 Deus
3070 4297 3231 4352 faciet
3259 4313 3401 4351 nunc
3426 4312 3599 4367 usque
3622 4296 3828 4350 salutis.

2442 4395 2491 4454 ι)
2517 4385 2594 4438 Ex
2622 4385 2724 4439 olei
2748 4394 2885 4440 tactu
2911 4387 3061 4440 multi
3091 4395 3349 4441 sanantur
3370 4385 3581 4455 aegroti,

2515 4475 2666 4541 Quod
2696 4475 2833 4529 solet
2858 4476 2925 4529 ad
2949 4492 3143 4544 corpus
3168 4476 3346 4545 magni
3372 4476 3550 4529 lucere
3577 4472 3805 4543 patroni.

2517 4567 2751 4621 Vincula
2769 4576 3085 4634 rumpuntur
3111 4580 3205 4633 per
3236 4581 3294 4619 se
3318 4566 3728 4635 properantibus
3756 4564 3900 4627 illuc,

2464 4654 2467 4655 ⁷
2516 4656 2619 4722 Qui
2648 4670 2744 4710 sua
2770 4668 2889 4708 cum
2915 4654 3163 4724 lacrymis
3191 4655 3413 4709 veniunt
3439 4655 3579 4709 mala
3606 4656 3831 4708 crimina
3853 4651 3983 4706 flere

2522 4747 2589 4801 Et
2610 4746 2714 4798 [icti
2745 4742 2985 4808 redeunt,
3010 4742 3223 4799 Christo
3251 4746 3502 4808 donante,
3532 4744 3711 4797 soluti.

3047 4856 3269 4914 CAPUT
3306 4856 3534 4912 XXVIII.

2520 4970 2673 5035 Quod
2697 4968 2871 5023 lumen
2887 4970 3275 5041 smpegcernitur
3298 4986 3473 5041 supra
3492 4966 3736 5041 lectulum
3758 4964 3845 5023 ubi
3869 4973 4073 5041 sanctus

3024 5038 3390 5092 Willibrordus
3407 5038 3567 5107 ,obiit.
3834 5043 3844 5051 ‘

2590 5152 2753 5221 Inque
2780 5150 2897 5205 loco
2920 5149 3112 5213 sancti,
3147 5163 3254 5217 quo
3280 5155 3427 5201 stant
3456 5162 3607 5202 sacra
3638 5143 3851 5209 lectuls,
3882 5142 4071 5209 Patris,
4095 5190 4109 5203 ,

2526 5239 2729 5309 Saepius
2752 5240 3029 5295 aetherium
3055 5238 3231 5293 lumen
3255 5239 3466 5294 venisse
3494 5238 3729 5303 videtur,

2526 5329 2623 5382 Hic
2642 5330 2765 5397 quia
2789 5326 3055 5397 pontificis
3081 5328 3327 5397 linquens
3350 5330 3617 5399 ergastula
3646 5334 3825 5387 carnis

2528 5421 2755 5491 Spiritus
2786 5429 2926 5473 astra
2951 5420 3082 5489 petit
3100 5418 3307 5475 meritis
3333 5423 3609 5477 vivacibus
3630 5422 3761 5487 alta,

2527 5510 2658 5563 Cum
2686 5509 2899 5564 Christo
2926 5518 2979 5563 et
3006 5511 3209 5564 sanctis
3237 5511 3494 5565 fruiturus
3519 5510 3639 5565 luce
3664 5513 3907 5580 perenni,

2530 5596 2678 5663 Quod
2714 5598 2801 5651 lux
2832 5598 3185 5664 demonstrat,
3203 5599 3403 5654 'crebro
3432 5594 3643 5669 quoque
3669 5601 3910 5657 cernitur
3940 5598 4073 5658 istic.
