4268 6208
749 345 852 402 ἠδ
1543 350 1604 405 Β.
1643 351 1704 404 F.
1743 348 1965 406 ALBINI
2001 351 2130 408 SEU
2168 351 2438 408 ALCUINI
2477 349 2756 408 OPERUM
2792 351 2966 405 PARS
3005 348 3088 404 Vl.
3847 346 3951 401 γει

748 459 872 515 Haec
895 455 986 516 ubi
1010 462 1266 531 pensabat
1291 464 1575 532 prmdictus
1599 465 1758 519 corde
1785 465 2053 530 sacerdos,
2211 493 2218 498 -
2318 469 2366 525 Λ
2397 462 2501 519 Sed
2531 463 2670 518 Deus
2693 463 3029 532 omnipotens
3055 469 3264 515 sanctos
3293 450 3537 529 quiriure
3566 456 3880 530 triumphat,

816 549 1043 619 Conjicit
1065 567 1131 607 ex
1160 553 1318 608 rebus
1339 555 1451 608 visa
1483 569 1709 624 superna
1738 546 1909 609 novis.
2464 553 2715 622 'l‘ropbea
2734 548 2998 607 concessit
3021 549 3166 604 clara
3188 563 3286 604 suo
3311 547 3509 604 famulo
3528 561 3578 603 ⁸.

746 640 1038 710 Respondit
1065 644 1276 698 tandem
1299 644 1508 698 mulieri
1538 645 1662 700 talia
1684 653 1854 709 vates,
2395 640 2564 698 Eﬂicit
2589 651 2642 700 et
2666 641 2904 713 quaedam
2927 640 3232 696 miserantis
3256 639 3427 709 gratia
3453 637 3674 700 Christi.

815 729 1110 798 I“3Pil‘ante
1133 730 1267 796 Deo,
1299 728 1497 786 famine
1517 733 1751 788 veridico
1779 752 1790 787 :
2461 733 2564 788 Per
2589 727 2842 787 famulum
2874 746 3001 786 vere
3035 730 3188 802 signa
3214 729 3472 797 stupenda
3503 744 3678 784 suum.

746 813 824 872 Tu
853 817 1045 874 mulier
1067 815 1249 873 lunam
1271 821 1446 876 vidisti
1473 836 1714 877 crescere
1740 839 1978 892 parvam,
2177 872 2185 882 .
2393 818 2502 876 Nec
2529 822 2708 877 decuit
2733 821 2910 878 modio
2933 819 3187 875 abscondi
3215 827 3323 872 tam
3352 818 3494 872 clara
3523 817 3766 882 lucerna,

813 904 880 963 Et
901 916 1010 963 tota
1031 902 1236 977 impleri
1267 924 1464 964 cornua
1490 911 1606 966 luce
1630 927 1788 967 nova.
2462 911 2569 968 Nec
2595 912 2855 967 thalamos
2884 911 3066 966 subter
3087 908 3412 978 subjicienda
3441 907 3558 962 fuit.

742 995 834 1051 llla
863 1007 1018 1052 nocte
1046 997 1162 1052 viro
1195 995 1375 1052 forsan
1403 1001 1688 1055 commixta
1720 999 1888 1066 fuisti,
2393 1001 2498 1056 Sed
2528 1000 2770 1070 ponenda
2796 1000 2965 1070 magis
2990 1012 3151 1067 super
3175 996 3398 1067 vestigia
3427 997 3581 1061 tecti,

813 1086 941 1154 Qua
969 1102 1192 1157 generas
1221 1095 1333 1144 toto
1359 1087 1534 1143 lumen
1562 1091 1616 1143 in
1644 1091 1774 1145 Orbe
1799 1103 2014 1145 novum.
2463 1089 2748 1160 Spargeret
2771 1099 2831 1144 ut
2855 1089 3024 1144 lucem
3051 1087 3209 1141 altius
3235 1082 3321 1140 illa
3350 1086 3511 1155 piam.

740 1173 998 1232 Parvulus
1025 1194 1089 1233 ex
1113 1188 1289 1241 utero,
1315 1178 1524 1242 mulier,
1551 1177 1645 1233 tibi
1673 1181 1910 1234 nascitur
1939 1179 2132 1244 infans,
2391 1180 2520 1246 Quae
2545 1190 2721 1234 tamen
2750 1177 2892 1233 haud
2917 1177 3070 1232 libuit
3090 1171 3325 1234 currenti
3356 1181 3574 1244 tangere
3598 1173 3821 1244 plectro,

810 1265 910 1333 Qui
938 1266 1142 1322 meritis
1169 1281 1394 1336 magnus
1427 1270 1621 1322 crescit
1649 1269 1975 1324 honorificis.
2459 1269 2656 1340 Inclyta
2684 1269 2768 1326 vel
2798 1269 2970 1323 musis
2993 1265 3142 1342 signa
3169 1267 3379 1336 aperire
3406 1266 3559 1321 meis.

740 1355 843 1410 Iste
869 1356 972 1408 erit
997 1355 1226 1410 eximius
1250 1354 1455 1420 doctor,
1486 1357 1782 1427 pmsulque
1811 1358 2042 1424 futurus,
2393 1356 2596 1414 Suflicit
2622 1357 2827 1427 hocque
2854 1365 3033 1411 tamen
3059 1351 3272 1427 [vitam]
3302 1369 3623 1423 cognoscere
3648 1355 3839 1423 patris,

810 1444 1155 1514 Splendescet
1177 1453 1358 1500 nostro
1393 1446 1580 1501 lucifer
1603 1448 1733 1501 orbe
1754 1463 1941 1503 novus.
2460 1447 2610 1514 Quod
2637 1445 2810 1516 placet
2830 1445 3116 1500 altithrono
3145 1460 3358 1514 semper
3382 1445 3581 1514 ubique
3609 1445 3798 1513 magis.

740 1533 806 1586 Et
831 1547 962 1602 quos
995 1549 1131 1589 cmca
1164 1537 1312 1604 prius
1341 1536 1561 1605 p0pulos
1590 1536 1758 1607 caligo
1788 1538 2023 1603 tenebat,
2399 1533 2510 1589 Vita
2537 1534 2632 1588 Dei
2659 1532 2840 1587 famuli
2861 1532 3042 1586 multis
3065 1533 3304 1602 exempla
3329 1533 3519 1588 salutis

810 1623 1036 1679 lrradiat
1063 1624 1255 1700 summi
1283 1627 1396 1681 luce
1423 1625 1528 1696 poli
1554 1639 1764 1699 supera.
2459 1623 2710 1688 Praebuit,
2735 1629 2791 1676 et
2817 1622 2967 1676 testis
2993 1623 3226 1690 pectoris
3250 1623 3423 1677 omnis
3455 1631 3590 1679 erat.

739 1712 927 1767 Omnia
953 1715 1160 1769 validici
1189 1716 1520 1786 complentur
1547 1719 1600 1771 in
1629 1718 1818 1773 ordine
1845 1719 2012 1784 dicta,
2389 1712 2526 1769 Huic
2549 1711 2745 1768 famulo
2773 1711 2970 1766 Christi
2997 1725 3149 1781 reges
3177 1710 3518 1775 famulantur,
3543 1725 3597 1768 et
3626 1712 3773 1768 illum

805 1801 872 1855 Et
897 1817 1074 1857 rerum
1102 1813 1323 1858 eventus
1347 1806 1552 1860 somnia
1581 1822 1706 1861 vera
1735 1809 1942 1876 probat.
1979 1788 1981 1790 l
2315 1786 2364 1847 Β
2453 1801 2556 1858 Per
2578 1804 2806 1871 patriam
2831 1800 3055 1870 populus
3077 1807 3217 1854 totus
3237 1815 3418 1856 amore
3442 1801 3586 1855 colit.

735 1884 985 1945 Nascitur
1005 1899 1164 1960 atque
1187 1907 1320 1961 puer
1345 1895 1526 1959 matri,
1556 1904 1611 1950 et
1637 1895 1952 1964 baptismate
1972 1895 2080 1952 loto
2384 1894 2478 1949 Vir
2506 1892 2605 1948 fuit
2633 1895 2733 1948 iste
2759 1891 2854 1947 Dei
2882 1893 3116 1963 patiens,
3146 1893 3451 1948 moderatus
3469 1931 3483 1956 ,
3514 1893 3797 1958 honestus,

803 1981 1057 2052 Imposuit
1084 1983 1367 2040 Willbrord
1395 1997 1587 2041 nomen
1618 1987 1816 2042 habere
1842 1995 2011 2057 pater.
2453 1985 2686 2042 Moribus
2711 1983 2987 2054 egregius,
3017 1982 3163 2036 mitis
3187 1989 3240 2036 et
3266 1996 3359 2036 ore
3383 1983 3522 2052 pius.

735 2071 894 2140 Cujus
919 2073 1050 2137 vita,
1079 2073 1232 2138 fides,
1260 2089 1454 2139 mores,
1485 2076 1742 2142 doctrina,
1769 2075 2037 2131 Camaznis
2381 2075 2615 2131 Plurima
2639 2076 2730 2142 qui
2757 2079 3038 2142 postquam
3065 2069 3301 2139 perfecto
3323 2071 3461 2125 dona
3495 2071 3676 2126 labore

805 2159 940 2214 Olim
968 2163 1159 2232 quippe
1182 2162 1282 2217 fuit
1306 2162 1658 2232 praetitulatus
1686 2165 1782 2219 eis.
2452 2165 2809 2228 Cdmmeruit,
2845 2162 3056 2218 Christo
3079 2161 3388 2232 perficiente
3416 2161 3516 2215 sibi
3536 2178 3560 2214 ς

736 2247 852 2301 Mox
878 2259 1030 2316 pater
1055 2252 1298 2320 egregius
1325 2251 1571 2320 linquens
1597 2253 1734 2307 mala
1761 2255 1949 2323 gaudia
1975 2255 2180 2319 mundi,
2386 2252 2502 2310 Mox
2530 2254 2734 2310 meritis
2752 2292 2766 2316 ,
2794 2253 2980 2317 annis,
3009 2259 3117 2305 tota
3140 2259 3195 2304 et
3220 2252 3418 2322 pietate
3446 2251 3710 2320 repletus,

803 2337 869 2391 Et
895 2340 1096 2394 servire
1121 2340 1250 2406 Deo,
1276 2349 1474 2407 mente,
1501 2358 1680 2406 manu,
1709 2344 1929 2413 cupiens
1956 2364 1968 2398 :
2453 2344 2761 2413 Tranquilla
2788 2343 2998 2397 tandem
3023 2341 3077 2396 in
3106 2357 3237 2410 pace
3262 2342 3466 2415 quievit
3491 2357 3678 2396 ovans.

733 2423 1012 2485 leestem
1042 2429 1255 2497 rapiens
1283 2437 1394 2483 tota
1417 2429 1692 2485 dulcedine
1719 2431 1904 2495 vitam,
2385 2435 2618 2506 Spiritus
2639 2433 2913 2506 aetheriam
2939 2432 3093 2487 laetus
3119 2431 3367 2502 migravit
3392 2432 3458 2487 ad
3486 2431 3695 2496 aulam,

806 2515 871 2568 Et
891 2530 949 2570 se
971 2517 1213 2572 emnobio
1240 2518 1457 2572 tradidit
1483 2520 1594 2590 ipse
1616 2533 1788 2574 sacro.
2452 2522 2656 2578 Gaudia
2683 2535 2803 2576 cum
2828 2521 3030 2575 sanctis
3044 2517 3161 2586 jam
3190 2521 3304 2575 sine
3329 2519 3436 2575 fine
3465 2529 3671 2575 tenens.

734 2601 1012 2658 Fratribus
1039 2605 1319 2676 adjunctus
1347 2607 1480 2662 vixit
1506 2609 1624 2663 sine
1649 2610 1876 2665 crimine
1901 2610 2089 2675 frater,
2384 2614 2588 2684 Corpus
2614 2614 2667 2667 in
2691 2611 2916 2668 ecclesia
2939 2616 3198 2666 curarunt
3223 2611 3454 2666 condere
3478 2610 3674 2666 fratres
3691 2651 3706 2674 ,
3781 2665 3787 2670 _

801 2690 917 2746 Jam
943 2694 1183 2762 patiens,
1212 2694 1458 2762 humilis,
1485 2706 1764 2768 promptus
1790 2700 1843 2753 in
1883 2715 2038 2754 omne
2065 2702 2261 2757 bonum
2453 2703 2582 2769 Quae
2611 2708 2914 2756 constructa
2938 2700 3104 2754 maris
3131 2707 3236 2754 stat
3261 2710 3426 2768 prOpe
3451 2697 3750 2761 littoribus;

734 2779 974 2837 Posthac
1003 2792 1179 2839 mente
1204 2799 1357 2840 sacer
1383 2784 1610 2841 famulus
1637 2789 1841 2858 majora
1875 2797 2110 2855 secutus,
2384 2792 2556 2862 Atque
2583 2799 2789 2846 sacrata
2820 2789 2912 2845 Dei
2941 2788 3171 2861 genitrix
3201 2789 3498 2844 clarissima
3522 2786 3722 2845 Christi

805 2869 1120 2927 Theoricam
1149 2873 1370 2941 cupiens
1395 2874 1541 2929 solus
1567 2876 1716 2931 adire
1741 2878 1882 2931 viam
2452 2882 2674 2936 Nomine
2698 2877 2974 2950 ﬁnigescit,
3003 2876 3165 2949 Virgo
3193 2872 3390 2943 Maria,
3423 2886 3514 2934 tuo
3543 2895 3559 2932 :

735 2955 948 3026 Incipit,
973 2959 1217 3014 undisoni
1247 2953 1387 3015 inter
1408 2966 1773 3032 promontoria
1800 2969 1967 3036 ponti,
2386 2970 2441 3024 ln
2475 2986 2579 3040 quo
2610 2979 2660 3024 te
2689 2968 2888 3024 nostris
2909 2967 3046 3022 bene
3067 2966 3338 3023 credimus
3361 2980 3481 3022 esse
3506 2965 3743 3022 futuram

806 3047 916 3114 Qua
942 3049 1057 3104 loca
1085 3052 1355 3120 reperiens
1380 3066 1612 3125 congrua
1637 3057 1796 3111 corde
1824 3073 1921 3112 suo
1955 3077 1965 3110 :
2453 3059 2665 3114 Auxilio
2694 3057 2941 3127 precibus
2958 3096 2973 3121 ,
3005 3070 3216 3126 semper
3240 3055 3445 3111 honore
3471 3064 3682 3124 potens.

736 3136 792 3191 ln
821 3138 1018 3207 quibus
1041 3140 1288 3196 aetherios
1314 3144 1483 3211 possit
1509 3144 1792 3215 decerpere
1821 3146 1976 3201 flores
2309 3135 2356 3197 (Ξ
2385 3147 2462 3203 Tu
2492 3147 2676 3202 mundi
2700 3149 2860 3210 vitam
2879 3187 2895 3212 ,
2927 3147 3056 3204 totis
3083 3155 3140 3200 tu
3167 3147 3358 3217 gaudia
3387 3147 3579 3210 seclis,

805 3226 874 3279 Et
899 3229 1080 3282 mundi
1108 3230 1251 3284 curis
1275 3230 1408 3286 liber
1435 3233 1620 3288 abesse
1649 3235 1800 3290 malis
1827 3253 1847 3290 ι
2459 3240 2539 3294 Τιι
2566 3253 2745 3309 regem
2779 3238 2898 3292 caeli
2919 3277 2933 3302 ,
2964 3245 3021 3291 tu
3043 3234 3327 3290 Dominum
3351 3247 3512 3305 atque
3539 3233 3706 3291 Deum

735 3311 920 3370 Totius
948 3317 1036 3373 hic
1061 3319 1206 3374 solus
1231 3324 1488 3393 transegit
1515 3333 1749 3396 tempora
1776 3329 1915 3394 vitaz,
2391 3328 2606 3385 Ventris
2632 3329 2688 3382 in
2711 3327 2942 3397 hospitio
2971 3327 3239 3398 genuisti,
3267 3326 3416 3396 virgo
3434 3327 3684 3396 perennis
3714 3343 3729 3380 :

807 3403 970 3460 Nocte
999 3409 1083 3462 die
1111 3411 1319 3479 magnis
1337 3412 1626 3479 proﬁciens
1652 3419 1874 3472 meritis.
2461 3413 2541 3471 Tu
2564 3417 2719 3472 nobis
2737 3417 2986 3487 precibus
3010 3415 3414 3472 auxiliaretuis.

737 3489 968 3548 Plurima
994 3510 1277 3565 perpessus
1304 3502 1564 3568 serpentis
1590 3503 1726 3557 bella
1757 3505 1991 3570 nefandi,
2389 3504 2663 3577 Carmiger
2692 3506 2938 3560 indoctus
2964 3507 3161 3561 cecinit
3186 3509 3284 3560 bos
3308 3506 3531 3560 Alcnine
3561 3516 3744 3560 versus
3761 3544 3778 3570 ,

807 3581 909 3648 Qui
938 3583 1073 3640 solet
1094 3586 1147 3639 in
1173 3596 1385 3642 sanctos
1409 3603 1557 3643 arma
1581 3605 1792 3646 movere
1820 3608 1934 3647 sua.
2462 3594 2582 3664 Cui,
2614 3610 2771 3667 rogo,
2799 3596 3023 3664 quisque
3051 3595 3195 3665 legas
3215 3636 3230 3659 ,
3264 3597 3370 3662 dic,
3399 3596 3652 3650 miserere
3679 3595 3836 3648 Deus.

810 3749 834 3776 ι
874 3737 1035 3802 Mab.,
1063 3738 1317 3796 Concessit
1347 3745 1542 3822 {omnia
1567 3747 1708 3800 clara
1741 3752 1969 3817 trapluea
1993 3768 2106 3805 suo.

741 3915 3936 3974 Μ

1333 4103 1892 4218 ΒΕΑ-ιιι
1947 4105 2598 4246 runca:
2668 4106 3306 4220 annm:

1897 4306 2802 4621 ALCSEEIINI

1815 4704 2108 4766 CAROLI
2169 4707 2422 4768 MAGNI
2477 4705 2856 4769 MAGISTRI

1159 4865 1614 5025 0PEBUM
1714 4865 2007 5022 PARS
2105 4870 2503 5025 SEXTA.
2617 4931 2844 4964 --

1830 4867 2007 5022 ωδ
2105 4870 2503 5025 SEXTA.
2617 4931 2852 4964 --·
2953 4869 3515 5032 (ῘΑΒΗΙΝΑ.

1704 5199 1857 5272 301
1910 5211 2397 5292 MONITUM
2460 5214 2968 5294 PIUEVIUM.

2094 5097 2559 5117 ᾗ

2164 5351 2549 5366 —_

820 5419 945 5502 Qui?
977 5422 1066 5482 Hc
1102 5426 1414 5502 exhibeam
1447 5423 1599 5502 beati
1620 5423 1828 5502 Alcuini
1853 5428 2123 5502 Carmina,
2156 5433 2291 5489 varii
2317 5441 2369 5499 ι)
2398 5434 2512 5488 loco
2538 5428 2686 5502 cili-
2716 5432 2776 5483 D.
2803 5432 3064 5487 Catelinot
3085 5429 3139 5487 in
3174 5447 3270 5490 suo
3297 5434 3422 5502 ms.)
3455 5430 3629 5501 ,Τιόὶι
3662 5433 3941 5496 facundia.

783 5490 1103 5583 3339'“
1119 5496 1416 5583 39W
1877 5490 2290 5583 ngfl.
2317 5490 2363 5499 ”
2395 5518 2500 5583 non
2530 5500 3018 5583 Among;th
3041 5507 3286 5583 φήῃ-Ψ
3313 5490 3480 5583 διάη
3495 5524 3514 5559 τ
3794 5490 3836 5560 1η
3897 5490 3940 5496 vv

832 5560 1081 5646 39"“:
1105 5560 1842 5646 ‘PWWSWMOP‘
1869 5560 2037 5646 ειίᾗξ
2076 5560 2289 5646 similia:
2396 5560 2794 5646 ηᾳεειιεενιαι
3118 5572 3195 5626 uti
3225 5560 3516 5646 ad”;
3545 5587 3654 5632 απ.
3680 5560 3945 5646 ως

756 5646 776 5680 ι
804 5634 919 5690 Non
943 5634 1084 5688 canit
1107 5634 1320 5698 quidem
1342 5645 1497 5701 poeta
1527 5645 1706 5694 noctu
1733 5639 1828 5707 (ita
1851 5637 2168 5706 praefabatnr
2193 5642 2292 5695 hoc
2396 5640 2469 5694 uti
2496 5635 2780 5708 Virgilius;
2826 5634 2930 5693 non
2959 5638 3095 5694 bella
3123 5650 3376 5711 gestaque
3407 5643 3565 5698 fortia
3601 5634 3946 5714 antiquorum
