4268 6196
605 263 708 318 727

809 380 946 436 Ecce
975 390 1280 437 transactus
1309 383 1459 462 labor
1487 395 1568 440 est
1597 387 1719 450 diei,

809 468 1020 540 Nosque
1052 479 1103 526 te
1131 473 1229 526 tuti
1259 488 1443 530 sumus
1472 486 1770 542 annuente;

809 561 886 616 En
920 564 1012 618 tibi
1043 572 1224 635 grates
1251 567 1461 637 agimus
1487 582 1751 637 perennes

1090 654 1323 724 Tempus
1351 656 1404 710 in
1433 672 1608 711 omne.

733 785 752 814 ,ι
809 739 946 794 Solis
975 743 1257 798 abscessus
1287 748 1534 801 tenebras
1565 748 1796 813 reduxit,

807 828 898 880 llle
915 829 992 883 sol
1005 832 1344 886 nosinradiat
1357 832 1447 904 [1".
1459 875 1474 896 ,
1491 835 1738 906 inradict]
1753 852 2026 901 coruscus,

805 917 948 972 Luce
975 922 1065 988 qui
1093 921 1236 975 fulva
1265 921 1409 977 fovet
1435 925 1747 994 angelorum

1082 1010 1309 1081 Agmina
1341 1000 1544 1068 sancta.

803 1099 1022 1155 Ctelitus
1049 1101 1231 1158 lumen
1263 1105 1478 1161 rutilum
1509 1105 1748 1172 refundc,

799 1190 867 1243 Et
893 1190 1012 1260 fuga
1043 1194 1238 1248 mentis
1269 1195 1455 1264 tepidtc
1482 1199 1730 1252 tenebras
1757 1215 1769 1250 :

798 1278 980 1337 Simus
1008 1285 1241 1349 accensi,
1271 1294 1330 1340 ut
1355 1287 1470 1342 face
1499 1289 1758 1356 Spiritalis

1080 1375 1304 1430 Vascula
1335 1376 1485 1430 lucis.

798 1460 940 1527 Quas
969 1463 1082 1517 dies
1107 1463 1290 1532 culpas
1316 1466 1572 1520 hodierna
1607 1465 1757 1528 texit,

796 1549 1009 1607 Christe
1037 1553 1214 1609 deleto
1241 1557 1361 1625 pius
1389 1565 1551 1627 atque
1581 1557 1726 1613 mitis
1758 1575 1770 1610 :

702 1689 713 1699 .
793 1641 988 1698 Pectus
1013 1654 1067 1698 et
1091 1660 1226 1714 puro
1253 1647 1436 1701 rutilct
1462 1648 1636 1702 nitore

1076 1735 1340 1806 Tempore
1365 1739 1560 1794 noctis.

792 1823 876 1877 Sit
898 1825 1082 1894 procul
1111 1826 1282 1890 luxus,
1312 1830 1497 1897 procul
1521 1831 1696 1885 omnis
1724 1831 1913 1896 honor,

787 1912 960 1982 Atque
985 1914 1302 1983 phantasma
1335 1918 1645 1988 speciesque
1671 1919 1913 1988 pulchra,

789 1995 936 2061 Mens
962 2009 1052 2064 scd
1081 2009 1301 2066 inermis
1325 2009 1499 2065 valeat
1525 2026 1788 2080 supernos

1066 2097 1298 2156 Cernere
1323 2103 1488 2157 cives.

788 2185 863 2242 Te
889 2188 1056 2243 Deum
1087 2205 1301 2260 semper
1326 2193 1552 2260 vigilans
1582 2194 1823 2263 requirat

784 2275 993 2344 Cogitet
1020 2280 1230 2333 cunctis
1261 2281 1493 2335 resoluta
1525 2283 1689 2345 curis,

782 2367 1005 2424 Actibus
1035 2371 1243 2427 cunctis
1272 2381 1433 2442 queat
1462 2381 1519 2426 ut
1547 2373 1762 2444 placere

1063 2464 1177 2519 Rex
1208 2466 1304 2520 tibi
1335 2481 1564 2520 summe.

783 2549 1246 2617 Muniatfrontem,
1267 2554 1402 2620 loca,
1416 2557 1527 2610 sive
1537 2555 1713 2610 cordis
1726 2553 1816 2627 [F.
1828 2595 1841 2620 ,
1857 2556 2042 2628 corda]

781 2644 971 2701 Sermo
999 2647 1231 2712 divinus,
1260 2647 1436 2703 crucis
1464 2655 1518 2702 et
1547 2658 1806 2716 tropaeum

779 2737 1092 2794 Daemonnm
1119 2740 1301 2796 vafros
1331 2741 1511 2813 abigat
1541 2741 1829 2797 meandros

1059 2829 1185 2887 Sive
1215 2832 1450 2901 rapinas.

777 2918 1037 2986 Membra,
1066 2937 1185 2991 quae
1213 2932 1360 2979 easta
1387 2923 1632 2979 dabimus
1656 2924 1838 2988 cubili,

774 2993 1024 3084 Prompta
1051 3021 1379 3084 consurgant
1399 3028 1533 3083 opus
1558 3013 1625 3068 ad
1650 3013 1922 3075 diurnum,

771 3103 902 3170 Quae
920 3120 1072 3160 suum
1094 3105 1352 3161 mundum
1371 3106 1519 3159 venit
1535 3118 1653 3160 esse
1673 3103 1952 3174 templum,

1054 3192 1288 3264 Spiritus
1315 3193 1506 3250 almus.

771 3281 924 3348 Quod
945 3283 1065 3356 pius
1091 3294 1260 3342 totum
1287 3286 1491 3342 habitet
1517 3303 1615 3358 per
1639 3301 1808 3342 aevum
1843 3301 1860 3342 :

770 3373 923 3430 Hune
948 3390 1048 3432 nec
1071 3376 1308 3433 oll‘endat
1332 3379 1520 3433 vitium
1548 3380 1768 3448 lueSque
1797 3397 1810 3433 :

685 3532 688 3533 ν
771 3465 879 3523 Sed
906 3477 1063 3526 vocet
1088 3469 1214 3526 vita:
1241 3472 1502 3541 probitas,
1533 3469 1755 3542 fiatque;

1050 3559 1256 3615 Mansio
1282 3569 1456 3631 grata.

770 3647 874 3704 Sed
888 3650 972 3704 via
985 3650 1318 3724 prodens[F.
1331 3693 1344 3716 ,
1357 3651 1637 3724 prudens],
1654 3653 1738 3706 via
1755 3651 1926 3716 fortis,
1943 3663 2088 3708 arcta

767 3735 916 3792 Justa
943 3754 1035 3793 seu
1061 3741 1250 3806 solcrs,
1279 3743 1414 3798 bene
1441 3751 1753 3812 temperata-

768 3824 936 3894 llujus
958 3835 1018 3881 ut
1043 3843 1234 3884 cursus
1259 3847 1576 3900 peragamus
1602 3834 1700 3888 aevi

1051 3918 1290 3973 Tramite
1320 3923 1489 3975 recto.

758 4002 872 4078 Sex
900 4004 1014 4062 dies
1031 4005 1208 4075 justos
1237 4024 1525 4079 operamnr
1548 4019 1720 4076 actus,

767 4094 1007 4166 Septimo
1031 4107 1248 4168 captent
1272 4101 1454 4157 animo
1477 4102 1712 4172 quietem
1740 4121 1754 4158 :

766 4183 886 4240 Sint
913 4187 966 4240 in
992 4195 1184 4244 octavo
1213 4191 1448 4247 rediviva
1472 4192 1628 4249 nobis

1045 4275 1249 4333 Gaudia
1278 4281 1420 4336 vita).

764 4363 960 4421 Gloria:
987 4365 1196 4422 laudem
1225 4370 1310 4438 pia
1336 4370 1610 4439 plenitudo

766 4453 848 4508 Sit
872 4454 1020 4508 Patri
1044 4454 1140 4510 soli
1169 4454 1286 4528 ['F.,
1316 4457 1495 4531 Filio],
1530 4462 1624 4517 tibi
1664 4462 2004 4538 Spiritusque

767 4544 984 4612 Sancte,
1009 4549 1098 4617 qui
1127 4549 1270 4604 trino
1294 4551 1446 4607 vehis
1468 4552 1606 4608 alma
1634 4567 1844 4624 sceptra

1045 4636 1270 4696 Nomine
1299 4641 1461 4697 solus.

941 4763 1726 4847 INSCRIPTIONES

1106 4891 1282 4936 SACBI
1323 4893 1591 4938 CODICIS.

553 5097 831 5172 Imcriptio
851 5102 988 5172 sacri
1009 5103 1199 5172 codicis
1211 5103 1557 5171 Vallicellani,
1573 5123 1638 5162 ea:
1655 5106 1868 5164 Baronii
1889 5119 2026 5168 tomo
2041 5111 2069 5166 1
2073 5111 2124 5164 Χ

868 5168 1058 5224 Annal.
1089 5171 1286 5228 Ecclea.
1318 5177 1387 5230 ad
1416 5168 1743 5235 anndm'778
1767 5192 1814 5232 ο.

555 5279 777 5337 Nomine
798 5279 1104 5342 Pandecten
1131 5285 1350 5352 proprio
1373 5289 1610 5347 vocitare
1635 5300 1906 5348 memento

625 5369 734 5425 Hoc
760 5383 954 5441 corpus
976 5385 1212 5438 sacrum,
1238 5371 1425 5439 lector,
1453 5375 1508 5430 in
1532 5393 1626 5435 ore
1653 5387 1762 5436 tuo.

624 5509 648 5537 ι
690 5473 912 5570 Exstant
945 5503 1001 5559 hi
1029 5479 1218 5561 versus
1245 5507 1313 5562 ad
1339 5505 1538 5562 calcem
1569 5511 1766 5566 codicis
1802 5511 1899 5567 SS.
1927 5511 2124 5570 Biblio—

553 5576 671 5644 rnm
696 5568 1028 5630 bibliotheca:
1046 5573 1422 5640 Vallicellanae,
1445 5577 1535 5644 qui
1561 5579 1863 5636 universam
1885 5568 2118 5638 divinam

557 5633 884 5700 Scripturam
910 5657 938 5706 ρ
967 5646 1342 5702 vetustioribus
1372 5633 1437 5701 ac
1464 5633 1768 5704 verioribus]
1790 5633 2118 5707 fontibus—ali

1415 270 1474 323 B.
1516 271 1577 325 F.
1617 274 1860 332 AUSle
1883 274 2013 330 SEU
2056 274 2328 330 ALCUSI
2368 279 2649 338 OPERUM
2689 283 2866 340 PARS
2905 287 2987 341 Vl.
3028 359 3029 362 η

3735 297 3836 354 798

2194 394 2244 448 Α
2273 388 2422 455 Quod
2439 407 2590 447 -nunc
2616 410 2644 446 a
2678 396 2859 451 multis
2887 409 3100 454 constat
3126 401 3452 460 Bibliotheca
3477 406 3620 462 dicta
3649 428 3662 463 :

2343 480 2566 536 Nomine
2591 500 2694 537 non
2721 486 2956 555 proprio,
2984 496 3044 541 ut
3065 488 3243 560 lingua
3268 492 3486 564 Pelasga
3514 497 3687 551 docet.

2271 572 2435 639 Inque
2462 573 2563 626 hoc
2587 574 2731 628 dicta
2757 575 2850 629 Dei
2878 577 3178 632 conduntur
3203 582 3424 651 mystica
3451 586 3665 650 summi,

2340 661 2414 715 De
2437 663 2631 730 quibus
2651 665 2898 734 egregius
2920 675 3066 723 vates
3089 669 3142 722 in
3161 684 3254 724 ore
3271 673 3414 727 canit
3431 671 3599 745 (Psal.
3616 677 3834 746 cxmt):

2272 751 2365 805 Est
2390 752 2520 806 mihi
2547 754 2629 808 lex
2657 756 2865 810 Domini
2892 758 3061 814 dulcis
3086 776 3244 831 super
3268 766 3446 820 omnia
3471 769 3646 834 mella,

2338 841 2568 898 Charior
2599 854 2757 916 atque
2784 851 2901 904 auri
2932 852 3094 907 millia
3125 855 3290 910 multa
3315 874 3490 927 super.

2270 928 2532 987 Strenuus
2559 934 2697 990 hanc
2724 936 2934 993 Domini
2961 939 3190 998 famulus
3215 949 3480 1003 custodiet
3508 966 3710 1019 arcem,
3782 1007 3784 1009 ,

2336 1022 2433 1077 Cui
2464 1039 2670 1080 merces
2696 1028 2818 1082 coeli
2848 1043 3041 1100 perpes
3070 1033 3123 1087 in
3154 1050 3278 1090 arce
3306 1048 3505 1094 manet.

2265 1112 2478 1167 Codicis
2503 1114 2648 1170 illius
2675 1126 2806 1187 quot
2831 1128 2955 1174 sunt
2980 1121 3032 1176 in
3059 1137 3283 1194 corpore
3307 1137 3493 1185 sancto

2336 1201 2567 1270 Depicta:
2596 1204 2785 1260 formis
2811 1206 3060 1266 litterulae
3085 1214 3279 1278 variis;

2264 1289 2532 1349 Mercedes
2559 1297 2772 1361 habeat,
2799 1298 3015 1356 Christo
3040 1305 3289 1373 donante,
3316 1324 3412 1377 per
3434 1326 3603 1366 arvum

2333 1386 2437 1440 Tot
2458 1385 2683 1442 Carolus
2710 1404 2826 1452 rex,
2856 1394 2945 1462 qui
2973 1395 3208 1452 scribere
3226 1399 3386 1468 jussit
3409 1417 3550 1456 eum.

2262 1476 2386 1533 lla'c
2413 1479 2567 1532 dator
2592 1488 2824 1537 aztcrnus
2849 1495 3182 1559 cunctorum,
3210 1490 3439 1557 Christe,
3469 1493 3745 1556 bonorum,

2331 1566 2545 1622 Munera
2577 1571 2642 1627 de
2668 1571 2821 1626 donis
2847 1575 3028 1644 accipe
3055 1586 3236 1631 sancta
3268 1580 3393 1635 tuis.

2261 1655 2390 1724 Qum
2418 1659 2512 1712 tibi
2541 1659 2730 1715 devoto
2755 1661 2978 1721 Carolus
3005 1681 3095 1722 rex
3128 1677 3344 1737 pectore
3373 1673 3590 1742 supplex

2329 1746 2568 1802 Nominis
2596 1749 2663 1803 ad
2691 1750 2900 1807 laudem
2927 1753 3121 1810 obtulit
3148 1771 3273 1813 ecce
3301 1760 3398 1814 tui.

2258 1834 2426 1902 Quem
2459 1844 2547 1892 tua
2579 1840 2852 1907 perpetuis
2881 1851 3161 1901 conservet
3190 1847 3376 1904 dextra
3409 1850 3616 1914 diebus,

2329 1924 2398 1980 Ut
2423 1924 2547 1980 felix
2579 1935 2755 1984 tecum
2783 1931 2930 1986 vivat
2959 1933 3013 1986 in
3041 1949 3164 1989 arce
3192 1935 3317 2005 poli.

2728 2043 2886 2097 Aliud
2916 2061 3121 2100 carmen
3150 2046 3358 2102 ibidem.

2255 2128 2379 2183 Huic
2392 2129 2567 2185 divina
2587 2129 2681 2188 tibi
2697 2131 2804 2204 [Ed
2812 2174 2847 2197 .,
2861 2134 2978 2206 Dei]
2993 2137 3198 2206 placeat
3212 2137 3507 2210 Scriptura,
3520 2156 3821 2212 precamur,

2324 2219 2583 2277 Sensibus
2606 2230 2766 2293 atque
2789 2225 2979 2291 oculis,
3007 2227 3174 2284 lector
3187 2230 3440 2294 "honeste,
3468 2233 3589 2286 tuis.
3611 2268 3616 2269 κ

2254 2309 2486 2381 Spiritus
2511 2313 2650 2368 hanc
2679 2314 2800 2369 coeli
2830 2325 3049 2372 sanctus
3079 2312 3297 2373 dictavit
3327 2320 3393 2375 ab
3422 2336 3576 2392 arce,

2320 2401 2511 2470 ln-qna
2542 2417 2668 2457 vera
2699 2405 2831 2459 fides
2860 2405 3048 2477 fulget,
3075 2417 3130 2464 et
3157 2406 3297 2463 alma
3326 2410 3491 2466 salus.

2952 2516 3129 2573 Aliud.

2249 2602 2352 2657 Pro
2375 2588 2481 2669 me,
2507 2605 2733 2676 quisque
2762 2607 2906 2679 legas
2928 2624 3140 2674 versus,
3166 2626 3323 2666 orare
3349 2619 3635 2676 memento,

2316 2692 2504 2748 Alcuin
2531 2695 2682 2750 dicor
2706 2711 2825 2765 ego.
2855 2695 2954 2763 Tu,
2983 2700 3100 2753 sine
3125 2698 3231 2752 (ine
3257 2699 3403 2754 vale!

2943 2805 3121 2862 Aliud.

2245 2891 2421 2963 Magni
2452 2909 2642 2966 magna
2669 2896 2778 2958 Deo
2806 2906 3082 2966 portantes
3107 2913 3329 2955 munera
3356 2900 3573 2970 templo,

2314 2983 2458 3049 Quos
2484 2984 2716 3039 laudavit
2743 3001 2911 3041 ovans
2933 3003 3026 3041 ore
3051 2988 3140 3057 pio
3165 2991 3422 3057 populus;

2169 3048 2215 3110 (ἶ
2245 3048 2470 3124 Parvula
2498 3073 2592 3126 sed
2615 3073 2789 3127 viduae
2811 3073 3069 3129 Dominus
3093 3075 3196 3129 duo
3221 3077 3493 3130 nummula
3519 3077 3754 3146 praefert,

2311 3159 2583 3216 Nobilium
2615 3162 2788 3228 donis,
2817 3154 3016 3219 famine
3044 3165 3297 3220 veridico.

2242 3247 2358 3302 Non
2388 3264 2485 3318 ego
2507 3239 2670 3318 parva
2705 3252 2830 3316 tuis,
2861 3261 3058 3318 rector,
3090 3254 3405 3310 munuscula
3431 3256 3579 3327 gazis

2311 3340 2505 3405 lnfero,
2532 3356 2760 3410 persona
2789 3343 2858 3398 sit
2884 3359 3001 3399 mea
3026 3359 3202 3420 parva
3222 3347 3363 3402 licet.

2239 3429 2456 3485 Munera
2478 3431 2578 3492 sed
2603 3431 2812 3487 Domini
2840 3433 3148 3490 coelestibus
3177 3436 3373 3506 inclyta
3405 3438 3587 3508 regnis

2306 3523 2468 3578 Porto
2493 3526 2586 3578 tibi
2615 3526 2804 3594 plenis,
2830 3529 3030 3596 Optime
3060 3543 3174 3591 rex,
3202 3530 3467 3584 manibus.

2236 3612 2436 3683 Nempe
2462 3628 2613 3667 nova:
2638 3629 2702 3692 ac
2723 3617 2922 3669 veteris
2945 3616 3254 3686 paritcr'pia
3285 3616 3478 3671 famina
3505 3617 3638 3688 legis

2306 3705 2361 3760 ln
2391 3705 2599 3778 [Inque]
2628 3706 2731 3760 hoc
2759 3707 3077 3764 clauduntur
3101 3705 3544 3782 corpore‘quippe
3571 3727 3745 3768 sacro.

2235 3794 2358 3850 Haec
2383 3811 2480 3866 ego
2504 3804 2658 3865 porto
2686 3795 2855 3851 libens
2881 3798 2945 3851 ad
2970 3807 3152 3853 sancta
3179 3800 3414 3855 sacraria
3443 3801 3642 3872 templi,

2303 3883 2454 3952 Quod
2479 3892 2566 3938 tua
2591 3899 2743 3941 mens
2767 3887 2977 3942 noviter
2999 3889 3235 3944 condidit
3256 3888 3393 3943 alma
3416 3890 3551 3945 Deo.

2231 3972 2501 4029 Laudibus
2521 3983 2582 4028 ut
2603 3984 2798 4044 prmsto
2819 3975 3017 4032 Christi
3043 3978 3115 4033 sit
3136 3993 3347 4050 semper
3371 3981 3422 4034 in
3449 3981 3536 4037 illo

2299 4061 2404 4118 Iste
2429 4064 2584 4131 liber,
2609 4080 2866 4122 resonans
2887 4069 3051 4124 verba
3073 4085 3302 4140 superna
3327 4071 3440 4127 Dei.

2829 4177 2992 4251 204
3025 4179 3202 4245 Aliud.

2230 4281 2401 4338 Nauta
2431 4285 2581 4340 rudis
2607 4285 2780 4356 pelagi
2809 4288 2965 4343 saevis
2993 4297 3209 4360 ereptus
3238 4291 3306 4343 ab
3337 4289 3494 4343 undis

2154 4383 2206 4442 D
2297 4373 2354 4427 in
2382 4382 2598 4441 portum
2629 4375 2848 4430 veniens
2875 4383 3093 4442 pectora
3119 4377 3240 4430 18313
3271 4385 3435 4432 tenet.

2235 4460 2321 4515 Sic
2345 4461 2575 4530 scriptor
2602 4459 2792 4524 fessus,
2821 4456 3084 4517 calamum
3109 4463 3207 4518 sub
3233 4464 3379 4521 calce
3409 4454 3606 4522 laboris

2300 4548 2600 4617 Deponens,
2628 4548 2823 4604 habeat
2848 4561 3067 4620 pectora
3097 4553 3217 4609 lzeta
3246 4555 3398 4612 satis.

2226 4639 2316 4693 llle
2342 4639 2450 4693 Deo
2473 4637 2618 4693 dicat
2641 4647 2820 4709 grates
2843 4657 2942 4712 pro
2967 4646 3166 4715 sospite
3190 4647 3317 4711 vita,

2295 4728 2505 4800 Proque
2529 4728 2728 4786 laboris
2754 4742 2877 4803 agat
2900 4734 3182 4805 fructibus,
3207 4746 3263 4793 et
3290 4736 3492 4807 requie.

2921 4848 3099 4905 Aliud.

2226 4932 2412 5004 Perge,
2443 4934 2620 4992 libelle
2647 4953 2817 5001 sacer,
2848 4939 3057 4994 cunctis
3083 4938 3389 5008 praeclarior
3413 4940 3550 5008 odis,

2292 5025 2572 5095 Prospere,
2601 5016 3010 5096 paciﬂcc‘nunc,
3036 5026 3325 5083 miserante
3350 5029 3496 5104 Deo;

2225 5111 2292 5168 Et
2314 5122 2432 5182 pete
2453 5116 2697 5185 praeclari
2722 5114 2979 5184 praeclara
3000 5113 3199 5185 palatia
3223 5116 3403 5190 Regis,

2296 5205 2367 5260 Ut
2391 5220 2611 5260 maneas
2635 5203 2833 5267 Christi
2858 5218 3068 5274 semper
3091 5205 3146 5261 in
3169 5208 3281 5264 aede
3303 5224 3476 5266 sacra.

2223 5295 2397 5365 Atque
2417 5295 2514 5352 Dei
2536 5293 2750 5350 famulis
2768 5294 2918 5363 pacis
2940 5293 3022 5351 fer
3043 5313 3264 5356 munera
3289 5301 3520 5366 cunctis.

2294 5385 2521 5444 Dextera
2548 5398 2683 5455 quos
2705 5384 2915 5440 Domini
2939 5396 3181 5461 protegat
3204 5399 3363 5461 atque
3383 5400 3552 5462 regat.

2213 5486 2446 5605 'Alcuino
2466 5516 3234 5605 descriptam,-reco‘gnitam_et
3257 5523 3613 5605 emendat-am,
3640 5522 3793 5605 dein-

2223 5599 2349 5714 ἔρρε
2375 5587 2442 5668 ab
2467 5584 2910 5709 eodem—loblatam
2939 5584 3128 5648 Carolo
3155 5592 3343 5664 Magno
3372 5584 3620 5649 continet.
3654 5591 3786 5646 Vide

2265 5671 2508 5711 amnium
2561 5695 2573 5709 .
2608 5673 2655 5710 Cl
2689 5695 2700 5709 .
3004 5699 3008 5703 .
