4268 6202
397 317 505 372 ’129

1379 319 1707 387 CARMINA,
1738 350 1807 363 —-
1841 319 2361 377 INSCRIPTIONES
2398 321 2652 378 VARI.’E.

3513 326 3614 383 730

399 429 540 499 Quos
563 429 682 485 colo
705 429 885 494 corde,
912 428 1034 494 fide,
1061 438 1246 485 sancto
1272 445 1482 500 quoque
1507 445 1719 501 semper
1743 444 1946 494 amore,
1978 434 2016 489 Α
2051 426 2238 483 Omnia
2267 444 2499 500 namque
2524 446 2676 486 novae
2701 446 2766 486 ac
2788 433 2985 486 veteris
3008 433 3258 503 mysteria
3282 432 3435 503 legis.

463 518 869 593 Cumiacrymis
891 529 1104 590 optans,
1130 528 1190 575 ut
1213 521 1445 592 vigeant,
1470 521 1699 576 valeant.

1134 620 1220 685 lll'.

446 717 515 781 In
541 735 576 772 ι
604 717 841 775 Canam
870 714 1082 775 Eusebii
1108 738 1199 794 seu
1229 722 1650 777 concordantiam
1675 734 1899 794 quatuor

954 789 1401 860 evangelislarum.
1650 828 1655 831 -

464 876 634 943 Quam
663 877 925 947 imprimis
950 879 1190 949 speciosa
1217 880 1504 950 quadriga!
1536 880 1714 944 homo,
1746 880 1849 945 leo,
1878 881 1954 934 vi-

396 967 538 1022 tulus
560 975 615 1021 et
639 966 843 1036 aquila,

465 1054 809 1124 Septuaginta
848 1070 1015 1111 unum
1049 1070 1146 1128 per
1184 1058 1450 1128 capitula,
1481 1056 1853 1127 colloquuntur
1888 1058 1954 1112 de

397 1141 619 1199 Domino
643 1145 813 1213 paria.

464 1232 519 1286 In
549 1234 779 1289 secunda
809 1235 1207 1305 subsequuntur
1230 1235 1490 1305 protinus,
1525 1235 1704 1300 homo,
1741 1234 1844 1301 leo,
1875 1235 1955 1291 lo-

394 1320 577 1388 quitur
600 1329 655 1375 et
677 1321 898 1388 vitulus,
989 1370 995 1376 .
1656 1356 1673 1363 “
1895 1396 1899 1400 .

463 1406 671 1475 Quibus
702 1414 842 1464 inest
866 1409 1112 1466 ordinate
1140 1414 1366 1483 positus,
1396 1399 1634 1468 decimus
1661 1420 1819 1482 atque
1852 1427 1952 1468 no-

390 1512 510 1554 vein
540 1516 812 1556 numerus.

464 1591 612 1647 Tunc
640 1593 827 1647 deinde
863 1594 1054 1649 tertius
1084 1594 1140 1650 in
1177 1594 1382 1659 ordine,
1421 1594 1601 1659 homo,
1638 1607 1821 1664 pecus,
1856 1593 1955 1647 bos

389 1680 629 1752 loquitur
655 1696 777 1737 cum
805 1683 1054 1749 volucre;

2054 514 2153 570 Hic
2181 525 2262 571 est
2286 515 2405 572 fons
2427 519 2569 583 vitae,
2595 519 2682 574 hic
2704 528 2827 603 sunt
2852 530 3114 591 pnecepta
3141 521 3350 587 salutis,

2053 605 2206 662 llunc
2228 606 2461 663 dictante
2484 609 2594 665 Deo
2619 611 2882 680 scripsere
2905 612 2958 666 in
2984 614 3175 687 saecula
3201 615 3390 668 sancti.

2053 697 2179 753 Haec
2201 707 2285 752 est
2306 708 2487 754 sancta
2514 699 2666 765 ﬁdes,
2692 702 2816 756 hinc
2837 710 2919 757 est
2940 702 3171 759 caelestis
3194 705 3363 773 origo.

2051 785 2266 856 Legifer
2287 787 2375 843 ille
2395 789 2516 857 pius
2537 791 2790 859 quidquid
2809 790 2920 858 jam
2946 794 3231 862 scripserat
3256 793 3382 847 olim

2054 873 2370 940 Venturum,
2396 878 2652 946 quidquid
2678 880 3117 945 sanctieecinere
3142 883 3417 952 propheta:

2053 964 2296 1020 Hebraiei
2327 967 2523 1036 populi,
2550 977 2605 1022 et
2630 969 2886 1038 quidquid
2916 968 3138 1025 historia
3165 973 3353 1043 gessit,

2054 1052 2367 1122 Hymnidica
2396 1064 2488 1110 aut
2514 1057 2768 1126 quidquid
2795 1061 2988 1115 cecinit
3017 1060 3131 1116 laus
3160 1063 3385 1131 mystica
3413 1062 3574 1117 David
3596 1103 3611 1127 ,

2054 1142 2148 1197 Vel
2179 1145 2436 1213 quidquid
2464 1146 2785 1214 apostolicus
2813 1148 2993 1203 docuit
3018 1166 3116 1219 per
3143 1152 3336 1206 srecula
3366 1164 3555 1217 cretus,

2053 1228 2147 1284 Vel
2176 1232 2434 1301 quidquid
2462 1231 2711 1288 Salvator
2735 1236 2953 1292 veniens
2972 1236 3084 1305 jam
3110 1238 3234 1294 fecit
3260 1241 3314 1295 in
3338 1244 3491 1307 orbe,

2052 1320 2299 1377 Continet
2328 1323 2416 1378 hic
2445 1322 2589 1379 solus
2617 1326 2822 1394 pariter
2850 1321 2962 1382 haec
2988 1329 3167 1383 omnia
3192 1331 3379 1385 codex.

2050 1414 2289 1469 Iusserat
2314 1415 2455 1471 hunc
2480 1424 2680 1471 tomum
2704 1416 2980 1473 Gerfridus
3008 1429 3030 1458 ε
3058 1421 3298 1476 scribere
3319 1421 3514 1491 praesul

2052 1504 2107 1556 In
2133 1504 2341 1559 laudem
2364 1506 2585 1571 Christi,
2614 1509 2887 1578 genitricis
2908 1519 2963 1564 et
2985 1510 3124 1566 illius
3148 1512 3330 1579 almtc;

2052 1594 2205 1649 Esset
2235 1595 2287 1648 in
2317 1595 2541 1651 ecclesia
2562 1606 2623 1650 ut
2646 1608 2841 1666 prmsto
2868 1599 3163 1668 legentibus
3192 1601 3296 1656 ille.

2051 1687 2107 1742 lu
2135 1703 2240 1757 quo
2266 1689 2491 1758 quisque
2519 1688 2659 1760 legat
2684 1689 2894 1744 Domini
2921 1690 3223 1746 dulcissima
3252 1692 3432 1754 verba,

460 1772 518 1827 In
557 1777 782 1829 numero
807 1790 915 1843 quo
954 1773 1148 1845 [Edit.,
1176 1774 1231 1828 in
1270 1774 1620 1849 numeroque]
1652 1774 1952 1831 consistunt
1983 1767 2026 1826 Β
2054 1779 2136 1833 Sit
2164 1796 2370 1836 memor
2394 1780 2645 1841 auctoris,
2678 1778 2825 1834 illum
2852 1780 2943 1849 qui
2972 1781 3205 1836 scribere
3227 1781 3404 1850 jussit.

390 1861 625 1931 antiqua:
650 1861 918 1931 alphabeti
945 1861 1286 1917 Hebrteorum
1311 1863 1520 1918 litterae.

462 1950 666 2018 Quarto
697 1952 815 2008 loco
844 1950 1027 2008 fantur
1054 1952 1298 2023 aequalia,
1330 1968 1433 2007 una
1455 1953 1636 2015 homo.
1664 1951 1769 2016 leo,
1792 1960 1951 2022 atque

392 2041 589 2110 aquila.
1022 2066 1028 2102 ί
1287 2103 1293 2107 _

465 2129 580 2186 Uno
600 2146 695 2187 ore
713 2130 991 2202 loquentes
1009 2129 1238 2200 capitula
1260 2130 1408 2186 verbi
1424 2131 1624 2187 summi
1644 2145 1770 2187 sena
1793 2140 1953 2203 atque

391 2221 584 2276 vicina.
1806 2212 1827 2223 “

461 2311 654 2379 Quinta
678 2312 796 2369 vice
821 2313 1147 2385 concordant
1179 2311 1234 2366 in
1268 2310 1497 2380 loquela,
1532 2310 1690 2365 homo
1718 2310 1951 2380 prudens

389 2410 551 2471 atque
578 2402 725 2456 mitis
752 2403 950 2457 hostia.
1642 2460 1645 2465 _

456 2490 583 2547 Jesu
610 2489 807 2547 Christi
830 2490 1104 2548 imitantes
1125 2491 1338 2563 agmina
1360 2489 1495 2547 Juda
1520 2491 1636 2547 sine
1658 2490 1951 2566 Salvatoris

374 2580 606 2637 credula
636 2592 683 2636 ι.

459 2686 597 2746 Ecce
626 2699 786 2748 sexto
814 2692 957 2762 patri
990 2699 1147 2747 sonat
1177 2666 1410 2748 clamore
1438 2700 1596 2749 natus
1625 2691 1793 2747 Adam
1826 2707 1949 2748 cum

392 2778 625 2835 clamoso
654 2781 830 2837 leone.
1188 2826 1191 2829 .
1430 2813 1441 2818 -
1510 2814 1513 2819 ι

459 2866 792 2937 Computatis
810 2866 1021 2923 traditis
1039 2882 1136 2937 pro
1154 2883 1376 2924 munere
1393 2870 1725 2925 sacerdotum
1744 2868 1952 2940 oppidis

389 2958 612 3016 honore.
1074 2982 1077 2985 ν

457 3050 536 3106 En
563 3051 852 3122 loquuntur
873 3051 1071 3122 septies
1093 3052 1147 3107 in
1172 3053 1423 3124 septimo,
1451 3053 1631 3119 homo,
1659 3054 1794 3119 avis,
1821 3068 1949 3109 con-
1977 3090 2019 3151 Γ
2053 3050 2166 3090 1‘0"
2190 3050 2417 3105 Ρθνοεηε
2441 3052 2672 3107 Propriis
2694 3050 2903 3105 OP'WS-
2931 3050 3063 3128 Mi“
3090 3050 3278 3104 (ιυιαίιυ

457 3156 525 3197 na
552 3141 619 3197 de
646 3142 890 3197 Domino.
1624 3160 1625 3163 η
1722 3162 1725 3165 λ
2003 3128 2022 3151 ⁴
2054 3127 2333 3183 Distribuit
2358 3128 2501 3199 larga
2529 3137 2705 3182 mente
2729 3128 2783 3181 in
2811 3127 3030 3182 donaria
3058 3124 3278 3188 Christi,

392 3154 525 3197 sena
552 3141 619 3197 de
646 3142 890 3197 Domino.

459 3231 517 3286 In
542 3239 734 3308 octavo
758 3248 901 3288 nunc
928 3232 1136 3288 leonius
1158 3231 1390 3296 catulus,
1414 3246 1642 3302 quorum
1666 3232 1953 3287 verborum

391 3330 735 3391 comparatur
759 3337 1015 3376 numerus
1040 3320 1249 3390 adjecto
1270 3321 1436 3377 Paulo
1460 3323 1719 3392 apostolo.

463 3406 648 3463 Nonus
664 3409 798 3464 ordo
816 3409 871 3461 in
890 3423 998 3478 quo
1017 3408 1123 3463 duo
1144 3409 1349 3478 pariter
1367 3408 1741 3477 colloquuntur
1761 3407 1955 3461 vitulus

390 3507 449 3555 et
471 3497 705 3565 volucer,

463 3591 715 3663 lnspirati
752 3598 912 3647 sensu
954 3590 1269 3663 spiritaliter
1311 3591 1701 3662 proloquuntur
1745 3598 1953 3645 ternum

394 3681 729 3751 simpliciter.
1720 3672 1721 3675 “

463 3775 853 3846 Homonempe
880 3763 1103 3837 verbum
1140 3774 1344 3846 profert
1365 3772 1639 3845 proprium
1669 3788 1747 3827 XL
1766 3779 1824 3827 et
1859 3784 1957 3840 per

395 3864 501 3919 duo
528 3880 809 3921 numerum
1439 3934 1445 3940 δ

463 3949 940 4022 Rugientemquem
968 3952 1175 4009 leonem
1202 3950 1479 4007 audaciter
1506 3948 1678 4005 solum
1705 3948 1954 4003 sane-de-

394 4044 506 4099 cies
529 4052 585 4097 et
606 4041 809 4096 novies.
912 4058 915 4060 ’

466 4132 663 4190 Bovem
679 4129 874 4204 [Edit.,
889 4130 1109 4204 bonum]
1125 4131 1295 4187 solum
1313 4130 1510 4186 fantem
1531 4130 1787 4196 invenies,
1803 4131 1954 4187 verbi

396 4221 534 4285 divis
561 4222 589 4263 ι’
615 4228 673 4276 et
696 4221 1020 4292 Septuagies.
1679 4242 1685 4247 ~

468 4313 849 4371 Subvolantem
873 4313 941 4367 ad
966 4317 1113 4366 astra
1141 4308 1396 4380 reperies,
1422 4299 1677 4380 nonagies
1702 4309 1845 4378 loqui
1876 4316 1985 4379 at-l

1980 4422 2035 4485 D

398 4419 502 4474 que
528 4406 746 4476 septies.
1134 4470 1200 4527 Ν

536 4559 604 4615 In
630 4560 855 4614 codicem
868 4562 1027 4629 jussu
1048 4510 1279 4630 Corf'ridi
1300 4561 1523 4631 episcopi
1545 4548 1813 4630 siriptum.

396 4652 647 4712 Continet
669 4650 758 4706 hic
777 4657 996 4707 sanctus
1016 4650 1131 4719 unoi
1148 4653 1250 4707 sub
1275 4666 1502 4723 corpore
1526 4653 1713 4718 codex,

469 4800 497 4830 ι
533 4788 707 4845 Locus
734 4795 1036 4858 corruptus.
1091 4838 1111 4858 _,

470 4859 502 4900 δ
533 4858 707 4914 Locus
743 4851 1045 4927 corruptus.
1089 4855 1251 4911 Forte
1282 4853 1413 4926 κα..
1466 4851 1621 4908 Verbi
1657 4854 1757 4909 Dei
1796 4856 1874 4913 bis
1911 4868 1959 4913 et

360 5053 373 5069 -
396 4943 1026 5081 ﬂud’féé‘heﬁrotia
1057 5009 1288 5081 "1"-‘3’0
1304 4987 1963 5081 ἒὲίεέίξφὲίιειιέιῖἓίὲηδεθ

400 5065 597 5123 fridum
620 5062 785 5119 fuisse
807 5066 975 5119 sancti
1003 5064 1231 5137 Ludgeri
1249 5104 1264 5129 ,
1294 5064 1385 5137 qui
1412 5078 1553 5137 anno
1578 5061 1682 5117 809
1704 5062 1864 5137 obiit,
1894 5080 1963 5121 ex

400 5149 588 5229 sorore
610 5141 878 5216 nepotem,
907 5132 1415 5229 ackp‘oqtéamtau‘ikin
1440 5133 1757 5229 episcopatu
1774 5132 1960 5189 Mona-

402 5203 649 5287 steriepsi
670 5202 832 5285 tinam
862 5202 918 5256 in
944 5202 1546 5285 abbatiaWerthinensi
1574 5215 1960 5260 successorem.

401 5276 471 5331 At
494 5288 637 5329 enim
660 5271 915 5341 Aleutnus
937 5283 1049 5337 iam
1073 5286 1309 5341 quinque
1332 5288 1488 5328 annis
1512 5279 1799 5340 antequam
1828 5272 1963 5328 Ger—

294 5353 299 5359 '
400 5343 575 5402 fridus
595 5351 781 5399 sancto
805 5338 1057 5411 Ludgero
1075 5338 1364 5411 succedere
1386 5342 1575 5411 potuit,
1598 5338 1839 5411 mortuus
1857 5350 1960 5405 est,

401 5422 458 5491 et
487 5420 666 5491 tamen
689 5411 870 5491 in_hoc
894 5407 1131 5491 carmine
1163 5407 1443 5491 Gerfridus
1478 5410 1719 5491 prmsulis
1749 5412 1964 5491 nomine

404 5482 708 5555 insignitur.
732 5480 815 5534 An
848 5479 896 5561 is
926 5479 1717 5559 vivente.etiamnum'Alcuino
1745 5479 1964 5562 alterius

404 5552 681 5603 cuiusdam
704 5549 943 5603 ecclesia:
963 5562 1057 5601 seu
1080 5561 1360 5603 entsconus
1381 5565 1475 5603 seu
1502 5552 1668 5603 abbas
1692 5538 1828 5603 fuit‘?

404 5548 681 5664 cuiusdam
704 5548 943 5633 ecclesia:
963 5562 1057 5601 seu
1080 5548 1360 5617 episcopus
1381 5565 1475 5606 seu
1502 5552 1668 5631 abbas
1692 5548 1828 5603 fuit?

535 5622 736 5705 versus
750 5633 853 5746 ίΞιιιι
885 5624 1201 5700 sequuntur,
1243 5631 1347 5671 non
1384 5620 1461 5712 ad
1496 5620 1725 5701 cedi-cis,
1766 5619 1857 5673 sed
1900 5620 1965 5703 ad

404 5692 645 5746 ecclesiae
679 5706 710 5746 a
795 5687 997 5746 erfrido
1035 5692 1344 5741 restaurata:
1383 5697 1758 5746 inscriptiones
1795 5699 1962 5746 neu-tt-

404 5692 645 5752 orcirsize
679 5706 710 5746 ι
750 5687 997 5746 Gerfrido
1035 5692 1344 5741 restaurata:
1383 5688 1758 5764 inscriptiones
1795 5691 1962 5759 perti-

2050 1864 2205 1920 Dicat
2228 1874 2283 1920 et
2309 1881 2402 1920 ore
2426 1866 2513 1935 pio
2545 1883 2558 1919 :
2590 1864 2914 1930 Cerfridum,
2943 1866 3173 1929 Christe,
3210 1875 3377 1931 tuere,

2051 1957 2274 2028 Semper
2301 1959 2356 2013 in
2383 1968 2643 2014 aeternum
2662 1961 2815 2027 ,vivat
2842 1959 3070 2015 feliciter
3099 1961 3207 2016 ille.

2052 2046 2237 2117 Tuque
2268 2047 2441 2102 valeto
2473 2046 2683 2118 legens,
2716 2046 2809 2102 tibi
2842 2050 3077 2103 maxima
3105 2063 3235 2103 cura
3266 2048 3460 2119 legenti
3498 2047 3611 2120 [Ρη
3674 2118 3677 2123 ὗ

2704 2200 2713 2207 δ
3314 2136 3544 2209 legendi]

2051 2226 2151 2291 Sit,
2181 2241 2390 2295 precor,
2421 2235 2479 2281 ut
2507 2235 2657 2281 recto
2687 2242 2904 2281 resonos
2931 2228 3166 2283 cmlestia
3196 2243 3354 2283 sensu

2050 2316 2224 2371 Verba
2253 2316 2345 2370 Dei
2371 2316 2590 2379 Christi,
2620 2331 2826 2370 merces
2850 2318 2945 2370 tibi
2974 2332 3162 2387 magna
3191 2317 3445 2371 manebit.

2048 2406 2071 2445 ἀ
2108 2405 2232 2460 Ηίεο
2257 2406 2448 2460 domus
2476 2406 2613 2459 alma
2642 2405 2754 2467 Dei,
2784 2405 2981 2460 Christi
3011 2416 3058 2460 ct
3095 2407 3411 2461 venerabilis
3439 2406 3559 2459 aula

2049 2494 2310 2563 Tempore
2341 2496 2607 2568 praelongo
2636 2496 2789 2550 viluit
2818 2497 2992 2550 diruta
3024 2496 3212 2550 ruinis.

1949 2626 1952 2631 .
2049 2585 2155 2641 Sed
2181 2586 2307 2639 dum
2335 2584 2611 2640 Gerfridus
2640 2586 2989 2657 praesulisque
3018 2597 3039 2624 ο
3075 2585 3339 2640 Sacerdos

2049 2674 2298 2729 Ecclesia:
2327 2676 2560 2743 regimen
2590 2683 2899 2744 susceperat
2924 2675 3079 2729 istius
3105 2675 3258 2728 almre

2049 2767 2246 2820 Ductus
2270 2780 2453 2820 amore
2478 2764 2570 2820 Dei
2600 2773 2765 2819 totam
2791 2772 3139 2838 renovaverat
3167 2764 3310 2817 illam
3343 2763 3362 2800 τ

2047 2853 2367 2916 Parietibus,
2398 2854 2573 2919 tectis,
2605 2854 2829 2923 picturis
2857 2864 3019 2923 atque
3043 2853 3323 2916 columnis,

2049 2943 2297 3002 Vestibus
2327 2952 2380 3001 et
2407 2946 2567 3011 vasis,
2598 2945 2728 3003 cieri
2754 2945 2912 3002 simul
2939 2946 3125 3001 ordine
3153 2959 3326 3019 sacro.

2053 3034 2166 3090 Non
2190 3050 2417 3105 parcens
2441 3037 2672 3107 propriis
2694 3036 2903 3105 opihus.
2930 3035 3063 3089 Nam
3090 3034 3346 3104 quidquid
3372 3034 3618 3119 habebat,

2054 3218 2270 3276 Viribus
2294 3219 2512 3273 intentis
2533 3225 2751 3281 ornaret
2775 3225 2834 3270 ut
2850 3216 3090 3283 undique
3118 3214 3391 3282 templum.

2054 3308 2125 3363 Ut
2148 3309 2309 3363 decus
2332 3306 2604 3377 egregium
2628 3305 2838 3373 Domini
2866 3303 3102 3359 fulsissct
3125 3305 3351 3368 honore,

2052 3396 2257 3449 Divinis
2286 3404 2591 3450 resonasset
2618 3410 2718 3449 nec
2746 3410 2850 3449 non
2881 3393 3128 3449 laudibus
3150 3394 3293 3458 aula,

2052 3482 2296 3548 Fecerat,
2320 3492 2380 3537 ut
2404 3482 2586 3538 dicunt
2611 3482 2741 3556 [Al.,
2764 3472 2827 3538 ut
2843 3481 3098 3554 Domini],
3123 3469 3371 3552 septenas
3395 3490 3501 3536 tota
3526 3497 3623 3551 per

2892 3566 2895 3569 ’
3342 3570 3361 3641 [
3370 3572 3544 3626 horas.

2054 3646 2276 3731 Suscipe
2299 3659 2512 3717 Christe
2534 3660 2675 3714 Deus
2698 3659 2935 3713 clemens
2956 3658 3072 3713 haec
3095 3659 3270 3713 omnia
3296 3668 3464 3728 grate,

2054 3752 2235 3820 Deque
2271 3751 2345 3804 tui
2378 3748 2561 3803 famuli
2591 3748 2837 3803 manibus
2860 3740 2984 3803 {hare
3026 3756 3147 3804 vota
3192 3742 3443 3819 precatur
3486 3747 3620 3821 μὴ,

3245 3846 3573 3919 precamur},

2054 3933 2238 4003 Tuque
2265 3933 2359 3989 Dei
2389 3933 2617 4005 genitrix
2645 3934 2980 3991 sanctissima
3009 3937 3161 4007 virgo
3188 3936 3353 3991 Maria

2050 4023 2326 4081 Auxiliare
2350 4038 2539 4094 preces
2562 4021 2885 4079 famulorum
2912 4025 3064 4095 virgo
3086 4033 3324 4082 tuorum.

1974 4112 1978 4117 ⁴
2053 4113 2178 4168 Haec
2203 4120 2411 4167 sacrata
2434 4117 2527 4165 tuo
2552 4110 2805 4179 quoniam
2832 4120 2957 4165 sunt
2984 4112 3199 4167 nomine
3227 4113 3443 4182 templa,

2053 4202 2153 4257 Hic
2181 4202 2315 4266 laus.
2345 4200 2542 4266 cultus,
2570 4202 2740 4257 honor
2764 4211 3015 4258 maneant
3039 4220 3139 4274 per
3162 4205 3354 4261 saecula
3383 4205 3617 4266 Christo.

2052 4288 2149 4345 Dic
2172 4303 2304 4361 rogo
2329 4297 2407 4356 tu,
2436 4287 2622 4357 lector,
2649 4287 2922 4357 Albinum,
2949 4288 3181 4359 Christe,
3208 4302 3379 4351 tuere.
3544 4284 3553 4292 ’

2708 4441 2867 4514 205
2903 4442 2968 4504 V-

2247 4551 2315 4607 In
2341 4568 2548 4609 sacrum
2573 4549 2816 4609 Gadium
2832 4548 2990 4623 jussu
3016 4551 3138 4608 Ara:
3163 4552 3433 4623 scriptum.

2058 4665 2212 4723 Hunc
2237 4663 2428 4720 ancilla
2455 4662 2551 4719 Dei
2573 4664 2685 4733 iam
2699 4662 2939 4732 iusserat
2959 4661 3073 4717 Ava
3102 4665 3129 4704 ι
3156 4662 3395 4718 libellum

2057 4802 2218 4879 nent‘;
2260 4804 2395 4879 quos
2408 4800 2604 4879 tarmen
2635 4788 2768 4879 hinc
2778 4788 3037 4879 divellere
3071 4787 3358 4855 noluimus,
3387 4787 3527 4859 quod
3557 4787 3626 4844 ad

2059 4857 2304 4920 eumdem
2327 4857 2631 4916 Gerfridum
2657 4859 2979 4926 pertineant.
3413 4857 3422 4859 “

2060 4948 2066 4953 ’
2133 4945 2158 4972 ε
2195 4932 2369 4987 Locus
2392 4937 2695 4997 corruptus.
2724 4927 2885 4984 Forte
2920 4928 3043 5000 leg.,
3074 4927 3270 4999 pracsul
3294 4925 3452 4982 simul
3475 4936 3630 4997 atque

2060 5001 2321 5125 ⁸⁰ίί⁸¹ἶῖζεέ
2339 5064 2695 5135 praelaudatus
2728 5064 2793 5122 D.
2815 5066 3127 5135 Cathelinot
3146 5066 3529 5135 interpretatur
3541 5062 3628 5135 _de

2060 5139 2281 5196 basilica
2310 5131 2605 5191 salvatoris
2631 5135 2687 5189 in
2716 5136 3041 5217 monasterio
3062 5131 3424 5216 Werthineusi
3448 5131 3628 5253 ivulgo

2063 5207 2287 5253 Win-den
2302 5204 2369 5253 ad
2386 5205 2585 5253 Ruram
2610 5203 2871 5253 ﬂuvmml-
2897 5203 2990 5253 sed
3017 5204 3131 5253 haec
3152 5205 3376 5253 ecclesia
3402 5202 3443 5253 Α
3467 5215 3628 5253 eutno

2063 5207 2287 5265 Werdeu
2302 5204 2369 5259 ad
2385 5205 2586 5259 Ruram
2610 5203 2871 5275 fluvium),
2897 5203 2990 5275 sed
3017 5204 3131 5259 haec
3152 5204 3376 5260 ecclesia
3402 5202 3628 5255 Aleuino

2061 5279 2274 5332 vivente
2308 5280 2572 5344 vetustate
2609 5273 2746 5344 dirui
2786 5273 2929 5344 haud
2971 5274 3164 5344 potuit.
3212 5278 3629 5344 quaninsancﬁtus

2063 5347 2342 5419 Ludgerus
2368 5341 2485 5411 ejus
2510 5336 3016 5419 discipulus__primo_
3033 5336 3345 5419 construxit.
3378 5338 3506 5419 Viri:
3522 5336 3629 5419 Oi}.

2063 5406 2966 5482 servationes'prtevias'Mabillonii
3002 5413 3056 5468 in
3082 5411 3259 5482 Vitam
3289 5408 3467 5482 sancti
3488 5406 3632 5482 Lnd-

2064 5484 2176 5557 geri
2197 5524 2212 5546 ,
2238 5475 2574 5557 part._fs:ec.
2610 5482 2959 5557 [Ἆρες-1ρὅ
2990 5499 3043 5537 n.
3071 5480 3104 5535 6
3129 5477 3489 5557 alimus}
3527 5475 3631 5531 Be-

2007 5566 2011 5571 '
2064 5546 2186 5608 ﬁed.
2218 5546 2436 5620 temnll,
2465 5565 2586 5620 pag.
2610 5546 2737 5613 523,
2765 5546 2819 5605 n'.
2849 5546 3014 5613 52,7et
3038 5547 3308 5620 pag._585,
3331 5563 3387 5620 _n.
3412 5546 3499 5602 69.

2138 5624 2163 5661 ε
2203 5612 2444 5692 lu_editis
2465 5612 2601 5692 'loco
2631 5612 2738 5692 Auri
2770 5612 3053 5692 legebatur
3076 5612 3236 5692 ditia,
3267 5616 3450 5692 utique
3479 5630 3629 5692 tuen-

2066 5691 2212 5746 dose.
2246 5689 2351 5743 Nos
2379 5703 2557 5745 veram
2587 5685 2889 5752 lectionem,
2922 5702 3079 5761 quam
3110 5687 3271 5743 etiam
3312 5687 3483 5742 celeb.
3516 5685 3628 5740 Ma-
