4268 6212
540 314 641 373 733
1166 342 1169 345 λ
1324 324 1331 332 ’
1510 311 1834 373 CARMINA.
1872 346 1941 358 -—
1974 312 2491 377 lNSCRlPTlONES
2523 316 2784 375 ‘VARiiﬁ.
3330 328 3337 333 ‘
3662 317 3765 375 754

536 434 665 489 Post
684 431 899 486 Exodus
918 431 1080 488 habet
1107 428 1349 501 praclari
1378 437 1615 498 tempora
1636 428 1817 493 Hosis,

605 524 707 592 Qui
734 525 1021 585 mandante
1050 525 1159 581 Deo
1182 523 1291 579 dux
1316 522 1415 578 fuit
1440 523 1493 577 in
1527 522 1742 593 populo,

536 612 773 671 Fortiter
791 614 1026 671 educens
1046 606 1262 686 Egypti
1289 612 1357 668 de
1376 618 1534 685 gente
1555 611 1809 684 maligna,

604 706 813 776 Perque
838 705 1028 762 decem
1052 702 1253 776 plagas,
1291 703 1504 775 agmina
1528 712 1711 759 sancta
1739 700 1858 776 Dei,

537 795 657 866 Egit
686 796 791 851 iter
807 795 1032 867 populus
1060 795 1219 851 siccis
1248 806 1347 863 per
1367 807 1583 862 aequora
1605 791 1819 863 plantis,

606 882 904 939 Cantantes
929 882 1155 939 Domino
1176 881 1414 937 carmina
1434 880 1654 943 lzetitiae.

537 974 699 1045 ποθ
720 973 858 1029 Hinc
876 977 1003 1030 data
1028 980 1114 1029 lex
1140 972 1314 1029 fuerat
1339 970 1487 1027 Sinai
1511 972 1577 1026 de
1599 969 1797 1025 vertice
1821 968 1991 1033 celso,

605 1060 664 1115 in
690 1059 886 1115 tabulis
922 1059 1332 1129 sancto-scripta
1356 1057 1451 1113 Dei
1480 1057 1681 1127 digito;

538 1151 709 1220 Quam
732 1147 901 1207 turbis
926 1150 1133 1216 retulit,
1160 1148 1490 1206 descendens
1515 1146 1728 1204 vertice’
1739 1145 1959 1210 montis,

604 1240 840 1298 Comata
862 1236 1001 1296 facie
1029 1232 1217 1311 legifer
1241 1240 1355 1309 ipse
1389 1240 1531 1309 pius.
1826 1296 1831 1297 ,

537 1330 718 1400 Longa
740 1329 956 1399 quidem
979 1328 1189 1398 populis
1211 1341 1239 1371 ι
1262 1329 1349 1383 vix
1372 1343 1471 1399 per
1492 1329 1703 1385 deserta
1723 1333 2027 1397 vagantem.

604 1416 850 1473 Condere
873 1417 1191 1487 praecipiens
1212 1416 1351 1471 atria
1375 1424 1561 1472 sancta
1587 1416 1718 1472 Deo.

535 1508 669 1566 Cum
698 1506 921 1574 mensis,
949 1507 1114 1571 vasis,
1146 1505 1343 1562 tabulis
1366 1505 1523 1561 simul
1550 1514 1711 1575 atque
1737 1504 1992 1569 lucernis,
2088 1584 2093 1587 ν

606 1600 911 1668 Sanctaque
934 1596 1276 1663 Sanctorum,
1301 1612 1407 1667 quo
1430 1596 1532 1653 fuit
1555 1612 1679 1652 arca
1702 1597 1817 1653 Dei.

533 1690 661 1746 inde
686 1687 1026 1746 sacerdotum
1051 1686 1308 1744 describit
1333 1688 1387 1742 in
1416 1685 1603 1742 ordine
1630 1686 1829 1751 cultus,

602 1781 681 1835 Ac
704 1778 999 1833 Levitan
1026 1778 1217 1833 tertius
1244 1778 1357 1847 ipse
1375 1776 1532 1840 liber,

534 1868 799 1940 Tempora
825 1876 1139 1925 sanctorum
1166 1868 1437 1924 currentia
1457 1865 1593 1923 festa
1620 1865 1848 1930 dierum,

604 1962 671 2017 Et
698 1970 875 2017 vestes
899 1961 1081 2017 Aaron
1102 1958 1522 2032 progeniemque
1552 1969 1780 2013 sacram.

537 2048 803 2107 Scribitur
829 2050 885 2105 in
913 2058 1106 2121 quarto
1138 2047 1492 2126 Numerorum
1520 2048 1781 2118 mysticus
1804 2046 1956 2109 ordo,

602 2140 707 2196 Per
737 2140 911 2196 tribus
931 2147 987 2195 et
1015 2147 1221 2195 turmas
1242 2152 1449 2194 summa
1478 2136 1573 2192 Dei
1600 2135 1813 2209 populo.

536 2225 758 2299 Mystica
794 2225 889 2283 sed
913 2226 1132 2281 Balaam
1153 2226 1383 2282 senioris
1408 2227 1569 2280 verba
1589 2226 1860 2295 propheta

604 2318 741 2374 Vera
764 2331 963 2373 canens
986 2316 1207 2385 quinam
1236 2314 1465 2385 plurima
1496 2313 1825 2383 praececinit.

532 2409 773 2477 Quatuor
795 2408 923 2465 hinc
946 2407 1125 2464 decies
1148 2422 1246 2479 per
1270 2415 1422 2463 vasta
1445 2405 1657 2461 silentia
1685 2404 1890 2467 mundi,

601 2498 817 2555 Erravit
834 2498 1026 2555 sitiens
1052 2499 1205 2570 plebs
1228 2496 1473 2555 malefida
1500 2497 1629 2553 Deo.

534 2592 649 2647 Dux
671 2594 871 2648 reuovs
932 2597 1085 2663 (που
1112 2591 1143 2633 δ
1167 2591 1323 2647 dictis
1348 2590 1687 2653 mordacibus
1703 2589 1918 2653 almam,

601 2681 849 2750 Dumque
870 2678 1027 2738 diem
1043 2689 1236 2737 mortis
1258 2667 1425 2737 sensit
1457 2681 1646 2737 adesse
1665 2680 1786 2735 sibi:

533 2766 645 2825 Hoc
672 2776 821 2824 tenet
846 2770 1062 2841 egregie
1088 2776 1308 2839 quintus
1335 2782 1581 2826 sermone
1602 2766 1828 2832 libellus,

599 2858 658 2913 in
683 2866 916 2915 mentem
952 2864 1213 2921 revocans
1237 2862 1376 2914 dona
1404 2854 1498 2913 Dei
1525 2856 1738 2926 populo.

532 2949 635 3005 Per
661 2950 875 3005 deserta
905 2960 1110 3022 nell!
1140 2949 1423 3009 Dominum
1459 2950 1600 3020 perit
1633 2946 1873 3017 improba
1914 2947 2068 3002 turba

599 3039 679 3094 Ac
700 3038 1120 3097 mandantem!)
1142 3038 1331 3112 legifer
1356 3040 1526 3094 almus
1553 3048 1578 3078 α
1609 3040 1745 3095 obit.

529 3129 693 3185 Jasue
716 3130 971 3196 surrexit,
1004 3132 1190 3188 turbas
1217 3132 1323 3187 dux
1355 3131 1586 3202 inclytus
1610 3132 1774 3186 armis

598 3218 862 3276 inducens
878 3221 1137 3293 patriam",
1158 3234 1322 3291 quam
1351 3222 1492 3277 Deus
1518 3226 1633 3291 Ipse
1658 3220 1805 3277 dedit
1830 3236 1845 3274 :
1967 3278 1979 3293 ,

530 3302 765 3364 Plurima
793 3310 885 3379 qui
914 3311 1081 3381 gessit
1106 3307 1377 3382 praeclaris
1410 3310 1546 3365 bella
1574 3310 1877 3380 triumphis,

607 3390 931 3469 Dispergens
954 3398 983 3440 ἀ
1012 3410 1200 3472 gentes
1223 3400 1500 3456 Cansneas
1522 3393 1727 3471 gladio;

529 3484 632 3542 Per
651 3486 823 3543 tribus
848 3496 903 3544 et
921 3495 1114 3554 sortes,
1144 3504 1238 3560 per
1259 3485 1474 3545 nomina
1497 3488 1640 3545 clara
1668 3499 1946 3558 parentum

597 3576 805 3649 inclyta
823 3576 1150 3633 distribuens
1177 3591 1339 3650 regna
1366 3578 1460 3633 Dei
1484 3577 1711 3649 populo;

534 3664 692 3736 Cujus
718 3675 864 3738 gesta
887 3674 1031 3723 tenet
1051 3668 1163 3739 jam
1191 3675 1374 3726 sextus
1393 3667 1447 3723 in
1467 3658 1655 3725 ordine
1684 3677 1878 3733 tomus,

597 3754 962 3814 Praetitulatus
982 3759 1128 3815 enim
1150 3762 1364 3817 nomine
1386 3766 1617 3830 namque
1646 3775 1766 3815 suo.

529 3842 657 3903 Post
681 3852 910 3906 mortem
938 3848 1092 3925 cujus
1122 3849 1350 3921 populus
1374 3865 1497 3907 cum
1523 3850 1980 3919 tempore‘muito,

604 3937 785 4008 Usque
806 3937 922 3995 dies
946 3937 1119 4008 Sauli,
1145 3940 1423 3997 ιυάιειοιιε
1447 3938 1671 4011 regitur,

530 4027 767 4096 Quorum
788 4037 958 4101 gesta,
978 4045 1164 4100 genus,
1181 4040 1407 4102 tempus,
1422 4028 1559 4096 loca,
1581 4030 1738 4095 bella,
1768 4030 2087 4101 triumphos,

596 4116 823 4173 Nomina
846 4130 1079 4187 namque
1106 4118 1272 4177 refert
1295 4120 1551 4190 septimus
1576 4116 1665 4175 ille
1690 4119 1853 4184 liber;

531 4206 598 4263 Et
623 4207 831 4277 patiens
863 4218 889 4247 ο
914 4208 1281 4265 euimiib’rnm
1298 4210 1539 4266 decurrit
1560 4207 1617 4265 in
1639 4210 1799 4266 istum
1828 4226 1841 4263 :

598 4298 769 4367 Quem
794 4297 934 4355 Rath
963 4304 1311 4369 consequitur
1335 4290 1536 4357 femina
1565 4303 1717 4353 clara
1739 4296 1889 4353 satis.

531 4386 670 4447 ilinc
691 4388 794 4453 Job
818 4389 1115 4461 intrepidus
1141 4388 1264 4446 fidei
1290 4387 1515 4447 bellator
1540 4390 1594 4445 in
1622 4391 1805 4455 armis,

599 4478 939 4549 Prmsignsns
1185 4491 1422 4553 tempora
1445 4497 1596 4537 sacra
1618 4481 1734 4537 Dei.

530 4566 666 4624 ilinc
688 4568 997 4637 scribuntur
1012 4572 1157 4626 enim
1182 4569 1443 4630 Samuelis
1464 4581 1613 4643 gesta
1637 4573 1925 4643 prophetae.

596 4656 834 4728 Saulque
855 4656 1130 4715 Philistus
1146 4661 1241 4737 φὶ
1263 4662 1404 4727 posit
1424 4673 1558 4718 ense
1580 4661 1736 4719 fero:

528 4744 770 4806 lsrae'iita
788 4759 979 4822 potens
1002 4750 1193 4821 primis
1214 4753 1418 4806 eiectus
1446 4754 1515 4806 ab
1539 4752 1713 4815 annis,

594 4835 726 4893 Post
747 4850 909 4907 quem
931 4836 1162 4896 detinuit
1184 4854 1346 4911 regna
1368 4839 1525 4895 beata
1549 4835 1734 4905 David,

530 4922 792 4997 Hymnis:
810 4925 911 4996 qui
928 4929 1132 4987 cecinit
1152 4929 1484 4987 Psalmornm
1511 4928 1751 4985 carmina
1773 4935 1943 4993 vates,

595 5011 943 5072 Prautulans
959 5014 1447 5090 Christitempora,
1472 5025 1644 5090 gesta,
1670 5016 1810 5072 diem
1838 5034 1851 5069 :

534 5101 749 5161 Semina
774 5107 843 5161 de
862 5096 1207 5183 dum
1229 5115 1512 5165 staumate
1590 5106 1661 5168 lix

602 5382 631 5483 ς
664 5346 1156 5501 ’

558 5481 631 5550 ’δ
664 5481 1308 5588 amisimus.
1336 5513 1662 5588 praeth
1703 5511 1860 5588 hi'."
1908 5509 2085 5588 ruendi

460 5650 463 5651 ν
533 5579 830 5653 ειπερόαίἰρ
872 5582 1051 5653 ignota
1099 5583 1217 5653 fuit.
1248 5579 1358 5653 Abs
1397 5580 1560 5638 dubio
1586 5579 2085 5653 tamen'iegendum

530 5649 919 5722 utEptaticsi
951 5666 1047 5711 seu
1097 5650 1419 5723 Περιπάτων
1463 5652 1605 5719 quod
1640 5654 1792 5707 idem
1841 5654 1997 5703 sonat
2019 5662 2086 5701 ac

2113 3083 2161 3146 C

2114 4430 2169 4491 D

2104 431 2181 493 ,Α
2274 430 2425 488 Alma
2453 430 2548 487 Dei
2567 430 2799 502 genitrix
2825 430 2988 503 Virgo
3017 432 3182 490 Maria
3208 430 3327 489 fuit.

2201 519 2464 579 Pacificus
2490 532 2613 593 post
2633 538 2791 593 quem
2818 522 3074 581 Salomon
3111 524 3130 564 ί
3165 535 3327 596 regna
3353 523 3589 594 regebat.

2269 612 2371 680 Qui
2402 614 2705 670 wnstruxit
2730 628 2898 670 ovans
2920 614 3115 685 templa
3152 623 3364 671 sacrata
3392 612 3503 671 Deo
3535 628 3551 669 :

2196 704 2255 761 in
2288 712 2417 760 nato
2442 702 2595 774 cujus
2619 703 2893 760 finduntur
2911 703 3119 762 viscera
3144 705 3317 775 regni,

2269 795 2337 853 Et
2361 795 2551 854 ludam
2580 803 2790 852 tantum
2818 797 2934 853 Rex
2958 796 3199 854 Roboam
3226 797 3417 853 tenuit.

2198 886 2391 942 induit‘
2412 885 2732 953 Hieroboam
2762 885 3020 943 Samaria:
3047 893 3331 943 stemmate
3354 900 3551 956 parvus
3588 886 3628 926 ι·

2268 974 2370 1043 Qui
2397 990 2584 1047 regum
2610 975 2817 1044 primus
2842 975 3079 1032 excoluit
3096 976 3312 1032 vitulos.

2199 1063 2338 1120 iiinc
2365 1064 2468 1120 sibi
2496 1078 2659 1135 regna
2682 1063 2789 1119 duo
2813 1063 3031 1120 fuerunt
3062 1064 3335 1121 contraria
3360 1078 3595 1136 semper,

2267 1158 2335 1213 Et
2364 1155 2561 1213 fratres
2584 1156 2726 1211 inter
2750 1155 2889 1212 bella
2920 1155 3071 1224 fuere
3098 1170 3210 1212 rea.

2201 1247 2293 1302 Sic
2313 1261 2497 1318 regum
2525 1244 2694 1302 series
2714 1259 2814 1316 per
2837 1253 3077 1316 tempora
3105 1246 3259 1316 longa
3282 1244 3539 1312 cucurrit,

2267 1336 2384 1392 Prae
2412 1335 2594 1392 multis
2618 1335 2880 1393 scelerum
2907 1337 3066 1392 noxia
3095 1336 3413 1393 criminibus
3438 1355 3451 1391 :

2198 1426 2379 1483 Donec
2390 1428 2451 1482 in
2480 1435 2731 1483 externas
2752 1426 2979 1497 populus
3003 1442 3124 1483 cum
3150 1428 3392 1497 principe
3418 1436 3606 1499 gentes

2268 1517 2470 1578 Ductus
2491 1524 2627 1581 erat,
2653 1531 2844 1587 pinnas
2864 1515 3085 1586 jamque
3107 1517 3255 1574 luere
3283 1532 3429 1573 suas.

2200 1592 2440 1674 Quatuor
2466 1606 2583 1660 haec
2612 1604 2770 1660 libris
2792 1604 3115 1661 clauduntur
3140 1614 3378 1675 tempora
3408 1605 3625 1675 Regum.

2267 1695 2409 1753 Urbs
2433 1693 2573 1765 perit
2594 1709 2765 1765 usque
2791 1710 2966 1759 sacra,
2993 1708 3087 1749 rex
3114 1694 3271 1749 simul
3295 1703 3348 1750 et
3372 1695 3615 1764 populus.

2123 1748 2171 1809 Β
2194 1748 2332 1842 ιίκιῖ
2347 1748 2730 1857 asiam“...
2744 1748 3015 1856 mea}.
3034 1748 3317 1839 vomat...
3352 1748 3619 1849 constant,

2263 1873 2532 1931 Venturos
2554 1871 2780 1940 Christi,
2804 1889 2924 1944 qua:
2953 1875 3201 1931 cecinere
3226 1874 3373 1941 dies;

2194 1956 2507 2018 Nominibus
2530 1960 2765 2031 propriis
2785 1962 2875 2031 qui
2892 1972 3031 2019 sunt
3050 1961 3135 2018 bis
3159 1971 3282 2018 octo
3307 1962 3494 2031 libelli,

2263 2048 2545 2105 ilieremiaa
2566 2048 2692 2103 hinc
2716 2049 2946 2117 gemitus
2969 2062 3068 2120 pro
3089 2049 3251 2106 Josua
3271 2057 3327 2107 et
3349 2049 3562 2121 populo.

2194 2141 2453 2211 Hymnica
2476 2137 2807 2205 Psalterium,
2822 2149 3039 2211 constat;
3064 2157 3158 2212 per
3186 2143 3425 2199 carmina
3456 2150 3650 2207 tomus,

2262 2229 2393 2297 Quae
2420 2230 2617 2288 cecinit
2649 2230 2849 2288 Christi
2878 2246 2972 2288 rex
3000 2242 3156 2304 pater
3178 2233 3291 2303 ipse
3314 2232 3501 2287 David.

2194 2320 2329 2376 Tres
2352 2318 2599 2383 Manen
2632 2321 2798 2377 libros
2819 2322 3081 2377 mirabilis
3107 2322 3276 2378 edidit
3297 2320 3503 2386 auctor,

2261 2408 2359 2465 His
2386 2409 2494 2465 duo
2512 2407 2815 2481 junguntur
2828 2425 2926 2481 per
2960 2412 3271 2482 paradigma
3297 2411 3417 2467 libri
3442 2426 3455 2477 ;

2194 2499 2433 2567 Quorum
2457 2501 2654 2571 quippe
2679 2502 2829 2572 prior
2857 2501 3125 2575 Sapientia
3147 2502 3345 2560 dicitur
3364 2501 3526 2568 alma,

2262 2590 2493 2647 Notatur
2512 2589 2641 2647 Iesu
2677 2593 2893 2649 nomine
2917 2593 3185 2664 posterior

2127 2734 2131 2737 τ
2194 2681 2332 2738 iliuc
2362 2678 2852 2753 Paralipomenonis
2880 2684 3034 2739 adest
3060 2697 3215 2739 sacer
3240 2684 3330 2740 ille
3352 2682 3581 2747 libellus,

2262 2770 2366 2839 Qui
2391 2770 2591 2826 veteris
2615 2769 2999 2843 Legis‘dicitur
3024 2772 3269 2843 epitoma-

2193 2861 2331 2917 iiinc
2354 2858 2527 2926 Esne,
2556 2858 2816 2926 Nehmie,
2839 2858 3049 2927 Iudith,
3079 2860 3361 2934 nosterque
3386 2861 3581 2925 libelli;
3691 2877 3698 2883 ·

2262 2952 2415 3009 Tunc
2438 2951 2614 3008 Tobiae
2648 2953 2841 3023 pietas,
2866 2952 3106 3024 angelus,
3133 2962 3305 3019 actus,
3341 2954 3465 3009 iter.

2165 3043 2395 3116 inclyta
2423 3059 2549 3099 nam
2582 3043 2726 3100 binis
2748 3042 3055 3100 Hachabaea
3080 3044 3220 3100 bella
3244 3044 3435 3115 libellis

2263 3137 2606 3202 Scribuntur,
2635 3136 2794 3193 victis
2814 3136 3065 3207 gentibus
3089 3144 3145 3192 et
3168 3136 3395 3207 populis.

2191 3228 2317 3284 llaec
2340 3234 2425 3283 est
2449 3234 2638 3282 sancta
2667 3226 2883 3295 quidem
2909 3225 3069 3301 Legis
3094 3225 3373 3298 Scriptura
3397 3225 3653 3293 Vetusta,

2259 3314 2463 3369 Divinis
2492 3322 2605 3369 tota
2634 3328 2753 3383 qua:
2781 3314 2953 3369 titulis
2982 3315 3203 3370 redolet.

2189 3403 2453 3473 Tempora
2481 3402 2733 3473 Baptista:
2754 3404 3045 3461 decurrens
3072 3419 3239 3475 usque
3266 3405 3507 3472 Joannis,

2260 3490 2490 3547 Sanctus
2519 3490 2787 3563 Evangelii
2820 3492 2945 3549 hinc
2972 3493 3273 3549 celebratur
3300 3494 3502 3558 honor;

2192 3570 2249 3636 in
2274 3594 2381 3651 quo
2407 3588 2548 3635 tecta
2573 3580 2664 3637 diu
2689 3586 2979 3637 sacrorum'
2992 3582 3143 3652 gesta
3166 3580 3445 3645 librarum,

2258 3669 2317 3722 in
2339 3666 2541 3731 Christi
2566 3668 2797 3723 adventu
2817 3668 2931 3737 jam
2957 3673 3199 3723 reserata
3228 3675 3435 3738 patent,

2192 3756 2277 3818 Et,
2308 3757 2555 3813 veniente
2576 3756 2686 3813 Deo
2708 3756 2983 3827 prmeiaraa
3007 3756 3141 3813 lucis
3169 3758 3223 3812 in
3248 3757 3460 3823 orbem,

2263 3844 2589 3903 Umbrarum
2615 3848 2850 3904 tenebras
2879 3863 3003 3904 mox
3024 3849 3206 3905 abiere
3234 3849 3419 3921 procul
3445 3863 3460 3902 :

2190 3930 2328 3989 illnc
2357 3937 2618 4009 quadriga
2644 3936 2763 4003 Dei,
2785 3938 3045 3994 cherubin
3071 3938 3380 4003 comitante,
3411 3936 3639 4009 refulget

2262 4030 2393 4099 Quae
2419 4027 2621 4085 Christi
2646 4028 2700 4082 in
2728 4027 2984 4084 mundum
3011 4036 3253 4096 tempora
3276 4041 3432 4082 sacra
3457 4034 3641 4090 sonat;

2191 4120 2492 4183 Mattiacas,
2524 4116 2758 4181 larens,
2792 4114 2965 4171 ιυω
2997 4115 3160 4172 simul
3182 4124 3346 4186 atque
3364 4110 3631 4179 Joannes,

2259 4210 2569 4267 Scribentes
2598 4207 2802 4265 Christi
2831 4217 2983 4280 gesta
3010 4214 3225 4264 sacrata
3250 4207 3365 4263 Dei.

2195 4299 2428 4356 Sanctus
2447 4297 2772 4370 Apostolicos
2792 4296 2973 4355 Lucas
3008 4297 3364 4361 descripserat
3397 4302 3577 4362 Actus,

2262 4391 2544 4463 Dogmata,
2574 4390 2800 4451 sudores
2823 4396 2985 4461 atque
3012 4389 3212 4446 laboris
3237 4389 3357 4445 iter.

2190 4481 2281 4536 ius
2303 4488 2509 4551 septem
2538 4476 2743 4535 Pastas
2768 4479 3045 4550 rescripsit
3073 4479 3127 4535 in
3153 4480 3345 4536 ordine
3368 4480 3576 4539 chartas

2260 4566 2568 4641 Discipulis,
2598 4582 2699 4623 nec
2734 4580 2842 4624 nu
2876 4565 3103 4624 urbibus
3130 4576 3188 4622 et
3214 4567 3424 4639 populis
3453 4583 3465 4622 :

2188 4652 3225 4725 ADomlnoeiectusspeciaiislnorbe
3258 4655 3534 4725 magister.

2258 4748 2520 4806 Gentibus
2547 4744 2845 4803 innumeris
2873 4743 3123 4815 dogmata
3150 4756 3304 4798 sacra
3331 4741 3530 4798 ferens.

2189 4836 2327 4893 iiinc
2350 4834 2600 4899 lautas,
2628 4830 2842 4898 tum,
2862 4830 3035 4888 Iudas
3058 4832 3217 4889 simul
3245 4839 3407 4902 atque
3429 4828 3659 4887 Joannes

2259 4927 2539 4999 Scripsere
2560 4919 2731 4979 titulis
2755 4922 2983 4993 mystica
3011 4923 3176 4979 verba
3202 4922 3394 4978 sacris.

2192 5017 2290 5074 ilic
2310 5010 2725 5075 etiamrecubns
2755 5011 2921 5069 divini
2941 5013 3177 5084 pectoris
3204 5012 3396 5076 almus,

2260 5098 3085 5171 Exsulabhumanoexpeliimr
3108 5101 3239 5163 orbe
3262 5100 3414 5172 pius;

2195 5237 2596 5308 Heptatsscass,
2639 5248 2736 5308 seu
2768 5244 2949 5290 tomus
2973 5233 3188 5308 primus
3544 5225 3747 5308 Biblio-

2190 5295 3745 5368 mammwmmﬁbm

2188 5368 3594 5513 ﬂammantem“
3621 5363 3744 5420 νίά

2259 5511 2288 5625 ἑ
2326 5511 2751 5650 ιέίέειαωριιξᾶ
