4268 6226
649 320 808 398 πη,

648 432 794 487 Felix
830 434 965 488 latro
993 433 1126 488 duce
1152 433 1440 511 hospitium
1469 433 1629 488 vitale
1651 441 1906 490 meretur.

647 523 957 580 Gratiticata
986 523 1118 579 ﬁdes
1145 525 1311 579 vincit
1332 533 1412 579 tot
1435 524 1657 578 crimina
1686 525 1825 579 vitae.

1355 611 1492 666 XIX.

1185 700 1262 754 De
1289 688 1498 770 peccato
1523 698 1666 754 Eme.

648 787 813 842 Evam
836 788 1048 858 viperea
1080 790 1303 844 vetitum
1329 789 1614 859 decerpere
1641 803 1857 858 pomum

646 875 861 932 Invidus
889 887 1006 933 arte
1030 886 1204 948 parat,
1233 884 1543 948 tentataque
1565 879 1744 933 nescia
1772 872 1996 941 fraudis,

647 967 886 1024 Credidit
913 969 1092 1026 infelix
1121 985 1276 1025 sacro
1305 967 1421 1040 [F.,
1451 968 1618 1040 socio]
1647 969 1881 1038 peritura
1910 968 2122 1022 marito.

1367 1060 1486 1116 XX.

990 1150 1069 1205 De
1098 1167 1246 1229 paena
1269 1135 1554 1220 primorum
1579 1159 1874 1222 parentum.

648 1233 878 1290 Pellibus
906 1235 1160 1290 accinctis
1185 1235 1391 1303 peccati
1419 1235 1569 1304 signa
1597 1234 1854 1295 ferentes,

649 1325 936 1381 Pmnarum
962 1325 1165 1392 famuli,
1193 1326 1437 1396 linquunt
1461 1325 1637 1381 felicia
1669 1340 1828 1394 regna
1857 1343 1871 1377 :

652 1413 875 1484 Semper
898 1415 1068 1470 amica
1097 1415 1221 1484 piis,
1249 1422 1529 1484 peccantes
1560 1415 1782 1484 respuit,
1809 1413 1950 1468 aula.

1358 1527 1494 1582 XXI.

757 1614 833 1670 De
861 1634 984 1671 arca
1014 1615 1127 1672 Noe
1152 1627 1200 1672 et
1233 1617 1426 1671 visione
1469 1618 1634 1671 sancti
1663 1614 1807 1670 Petri
1838 1617 1894 1670 in
1921 1616 2104 1688 Joppe.

651 1703 752 1762 llic
775 1707 1036 1772 volucres,
1065 1715 1328 1772 armenta,
1358 1707 1520 1770 viros,
1549 1721 1714 1775 genus
1737 1721 1897 1761 omne
1925 1705 2182 1767 ferarum,

652 1795 854 1850 Cuncta
881 1811 946 1850 ne
975 1797 1229 1851 diluvium
1257 1799 1444 1866 perdat
1467 1797 1717 1851 violentia
1749 1809 1774 1837 ι
1802 1795 1912 1851 Noe

652 1882 882 1955 Colligit,
907 1895 1066 1959 atque
1092 1901 1252 1940 unam
1274 1895 1575 1941 creaturam
1601 1887 1781 1940 condit
1809 1886 1862 1944 in
1889 1900 2037 1940 area.

657 1974 820 2045 208
846 1975 1162 2044 Reptilium,
1205 1978 1589 2047 pecudumque.
1617 2015 1630 2030 .
1657 2016 1670 2030 .
1706 1987 2032 2046 cunctasque
2069 1974 2215 2028 volu-

677 2126 686 2132 _
2004 2065 2147 2136 [eres

661 2151 850 2208 Discus
894 2153 1091 2219 habet,
1137 2169 1254 2223 qua:
1298 2161 1488 2210 cuncta
1519 2153 1670 2224 jubet
1716 2155 1878 2210 Pater
1918 2155 2076 2210 edere
2122 2153 2217 2206 Pe-

1305 2300 1317 2313 ε
1962 2242 2146 2313 (trum,

661 2330 746 2387 lii!
775 2348 1056 2392 commune
1083 2332 1298 2402 putans,
1329 2324 1470 2404 quod
1496 2332 1676 2386 mundi
1705 2341 1924 2387 auctore
1947 2339 2181 2385 creatur.

1362 2442 1502 2498 XXII
1514 2484 1521 2495 .

993 2531 1241 2600 Confusio
1265 2541 1313 2585 et
1343 2533 1537 2586 donum
1567 2531 1886 2600 linguarum.

662 2617 901 2671 Exstruit
930 2617 1205 2672 immensis
1229 2619 1416 2686 opibus
1442 2619 1686 2687 superbia
1710 2627 1934 2682 turrem,

663 2704 768 2761 Sed
795 2706 972 2774 populi
997 2721 1200 2760 summa
1230 2708 1254 2746 δ
1283 2707 1326 2759 is
1357 2707 1533 2759 turbat
1557 2706 1820 2774 colloquia
1849 2707 2045 2760 summi

660 2795 738 2850 Ne
763 2796 889 2863 quid
926 2795 1083 2848 stulta
1113 2811 1302 2849 manus
1330 2796 1466 2850 ultra
1502 2811 1593 2850 sua
1614 2793 1733 2861 jura
1764 2804 2000 2865 pararet.

661 2882 905 2938 Consona
941 2884 1179 2936 diversas
1205 2883 1390 2936 fundat
1427 2894 1447 2921 ε
1479 2885 1784 2949 prendit-auo
1805 2885 2035 2954 linguas,

663 2972 894 3026 Barbara
919 2985 1142 3041 quaeque
1168 2985 1318 3026 suam
1346 2965 1615 3038 cognoscit
1645 2974 1790 3027 natio
1818 2989 2027 3038 vocem,

661 3061 830 3129 Quam
860 3076 1014 3116 sacer
1043 3063 1277 3120 humano
1302 3061 1554 3130 prmfatur
1582 3061 1811 3131 Spiritus
1835 3079 1946 3118 ore.

1345 3175 1390 3228 X
1401 3175 1506 3229 XIII

1212 3263 1442 3317 I'enditio
1473 3264 1684 3334 Ioseph.

661 3355 758 3410 Ilic
786 3355 1088 3423 coniuratos
1114 3369 1425 3424 germanum
1448 3356 1681 3409 vendere
1709 3354 1920 3416 fratres,

661 3445 817 3515 Cogit
843 3446 979 3498 livor
999 3445 1154 3506 edax,
1185 3451 1406 3511 prosunt
1429 3443 1694 3496 contraria
1719 3442 1900 3508 justis.

664 3534 776 3590 IIoc
802 3549 934 3604 opus
958 3541 1040 3587 est
1063 3533 1248 3600 gratiae
1272 3541 1330 3585 ut
1359 3533 1448 3598 qui
1478 3530 1718 3586 vendidit
1742 3529 1768 3569 ἀ
1800 3531 2006 3586 adoret.

1345 3641 1529 3697 xxrv.
1561 3619 1576 3628 “

1126 3732 1202 3787 De
1225 3749 1416 3807 manna
1449 3733 1503 3785 in
1531 3733 1754 3786 deserto.

665 3822 765 3879 llic
787 3822 970 3878 avidos
990 3823 1165 3878 carnis
1190 3823 1350 3877 missa
1370 3823 1713 3892 ortigometra
1741 3832 1990 3893 pascunt,

664 3911 1066 3984 Immeritosqne
1120 3915 1287 3984 replet
1353 3914 1586 3969 ccelestis
1637 3916 1789 3984 copia
1834 3932 2045 3973 mensas
2106 3917 2221 3990 [F.,

669 4087 800 4144 Nam
828 4090 1034 4160 dignis,
1075 4104 1444 4162 quemcunque
1471 4089 1627 4153 velit,
1666 4089 1790 4154 dat,
1815 4005 2222 4164 1:321:15...

1993 4183 2149 4257 [rem.

1367 4269 1532 4324 XXV.

1122 4361 1200 4417 De
1224 4362 1331 4434 lege
1360 4363 1527 4435 Moysi
1554 4363 1759 4422 tradita.

676 4451 935 4508 Veridicm
959 4453 1130 4509 Moses
1153 4457 1333 4524 pandit
1357 4456 1647 4525 penetralia
1670 4457 1822 4530 legis,

679 4545 831 4610 Quod
855 4560 1094 4605 summus
1118 4549 1323 4602 cunctis
1347 4563 1484 4603 unus
1515 4550 1586 4604 sit
1609 4548 1780 4606 lector
1811 4561 1834 4590 ο
1860 4560 1914 4606 et
1941 4552 2079 4606 idem
2104 4570 2116 4618 ;

746 4685 770 4714 ι
799 4673 978 4740 Forte,
1005 4675 1188 4729 diluvii
1222 4675 1484 4731 violentia.

746 4743 775 4782 δ
798 4743 837 4796 F
841 4751 977 4808 orte,
1000 4743 1271 4797 διαιταν...
1311 4744 1475 4800 stulti.

750 4821 773 4882 ῗ
806 4812 991 4882 Forte,
1017 4812 1205 4882 fundit.

749 4878 776 4918 ἀ
801 4878 1062 4950 [reducta
1090 4889 1172 4936 est
1205 4883 1376 4938 media
1411 4883 1578 4950 vocis,
1607 4886 1852 4940 vendidit.

756 4958 781 5014 φ
803 4947 982 5014 Forte,
1016 4959 1198 5004 rector.

757 5013 967 5139 :nlgirte
999 5018 1124 5074 haec
1153 5021 1488 5092 intelligenda
1528 5023 1605 5080 de
1638 5023 1838 5081 Christi
1880 5041 2126 5085 sermone
2176 5033 2230 5086 in

687 5098 884 5139 monte.

754 5155 779 5195 ι
800 5152 978 5220 Forte,
1001 5156 1118 5218 sale
1145 5158 1342 5216 dicens.

747 5222 779 5264 λ
804 5221 988 5289 Forte,
1012 5225 1236 5279 verbum.

754 5293 773 5364 ξ
804 5291 984 5364 Forte,
1012 5305 1242 5364 peragat.

753 5358 776 5444 ξ
806 5358 983 5444 Forte,
1013 5358 1288 5444 inexperta
1299 5364 1539 5444 propria.

753 5427 1104 5506 I_Seqti_entes
1130 5427 1725 5506 inscriptiones,_usque
1766 5440 1832 5495 ad
1852 5456 1922 5502 ,ιι
1951 5441 2016 5495 ad
2047 5457 2235 5497 mona-

683 5499 1227 5618 gtielr‘iggsbllnonense
1257 5499 1314 5556 Si
1345 5500 1571 5609 Amandi
1607 5499 1878 5576 pcrtinere
1913 5520 2095 5566 censet
2127 5512 2235 5566 Ila-

761 5630 777 5669 ι
813 5631 987 5698 Forte,
1027 5637 1362 5691 cumulantur.

1621 321 1944 383 CARMINA.
1987 353 2054 363 —
2091 318 2606 380 INSCRIPTIONES
2642 323 2894 380 VARUS.

2232 437 2284 496 Α
2309 430 2418 488 Nec
2450 433 2618 488 divisa
2657 443 2807 505 regat
2836 424 3110 496 munitum,
3145 434 3239 488 sed
3270 431 3381 486 sola
3411 435 3669 503 potestas.

3773 317 3877 376 758

2997 519 3187 574 XXVI.
3223 545 3233 554 -

2304 663 2308 666 _
2903 607 2978 662 De
3009 608 3191 662 eadem
3224 607 3266 661 ί.

2311 695 2491 753 Monte
2519 697 2656 752 valle
2685 698 2875 754 sedens
2905 699 2930 738 ⁸
2953 699 3153 767 grande
3181 707 3236 753 et
3258 697 3589 753 immutabile
3613 710 3800 752 verum
3820 697 3852 737 ιι

2314 789 2381 844 Εῑ
2405 791 2492 859 pia
2511 778 2732 858 iustitia:
2760 791 2968 860 populis
2997 799 3260 861 prmcepta
3294 790 3556 861 profatur,

2312 877 2547 947 Quaque
2576 880 2717 933 intra
2755 894 2872 938 sese
2896 888 3082 950 pergat
3108 882 3124 920 ί
3163 881 3424 949 sapientia
3446 886 3727 938 monstrat.

2994 969 3203 1024 XXVII.
3262 1032 3266 1035 _

2754 1058 2826 1114 De
2859 1056 3211 1112 immolatione
3237 1057 3412 1111 Isaac.

2311 1149 2484 1204 Cmdis
2509 1151 2816 1219 inexpertas
2843 1151 3060 1220 pr0pria
3090 1150 3102 1200 i
3142 1151 3247 1205 fert
3275 1152 3458 1205 hostia
3475 1150 3698 1222 lignum,

2312 1237 2445 1290 Nam
2476 1239 2698 1294 charum
2729 1241 2986 1295 obediens
3011 1241 3203 1310 pignus
3228 1248 3463 1294 mactare
3487 1250 3726 1310 paratur.

2312 1325 2469 1382 Ducit
2505 1328 2702 1383 Abram
2732 1329 2854 1384 fidei
2891 1329 3162 1394 meritum,
3189 1344 3293 1384 non
3323 1343 3548 1398 parcere
3581 1337 3728 1383 nato.

2525 1454 3306 1531 INSCRIPTIONES
3378 1453 3704 1529 VARIAE

2412 1578 2919 1644 ECCLESLARUM,
2960 1581 3316 1645 AL'I‘ARIUM
3345 1623 3358 1646 ,
3400 1575 3790 1636 SEPULCRO-

2907 1670 3053 1725 DUM
3084 1712 3098 1734 ,
3140 1667 3288 1724 ETC.

2241 1770 2290 1832 B
2313 1793 2364 1838 ι.
2393 1791 2482 1839 sl
2507 1791 2879 1838 mentun
2907 1790 3329 1840 cucumam
3357 1778 3882 1840 Μοκιιτεηιι.

2575 1848 2992 1908 τόιτμιιι
3027 1861 3530 1909 ιιιωιιειιη
3571 1851 3618 1902 ι.

2985 1961 3217 2016 XXVIII.

2477 2049 2558 2103 Ad
2584 2050 2854 2106 ecclesiam
2879 2062 2926 2105 et
2962 2052 3255 2120 sepulcrum
3281 2051 3446 2105 sancti
3481 2049 3706 2104 Amandi

2316 2138 2440 2192 Ilaec
2465 2147 2547 2192 est
2571 2139 2690 2192 aula
2714 2137 2829 2203 Dei,
2856 2142 3026 2196 venia:
3058 2141 3267 2206 domus,
3295 2141 3415 2194 aula
3446 2140 3648 2204 salutis,

2388 2227 2487 2282 Hic
2515 2227 2690 2282 cultus
2723 2227 2946 2294 Christi,
2969 2229 3059 2285 hic
3083 2231 3299 2300 pietatis
3326 2233 3514 2286 honor.

2317 2315 2416 2370 llic
2442 2316 2666 2385 populus
2692 2319 2914 2373 veniens
2941 2319 3154 2373 veniam
3179 2321 3413 2389 rogitare
3440 2322 3637 2376 sucscit
3661 2340 3676 2385 ;

2386 2406 2636 2462 Creditur
2656 2408 2745 2462 hic
2770 2423 3010 2478 presens
3035 2426 3248 2482 semper
3275 2413 3462 2469 adesse
3485 2414 3643 2468 Deus.

2318 2498 2416 2553 llic
2444 2500 2584 2553 Deus
2609 2502 2829 2560 exaudit
2852 2500 3174 2558 famulorum
3203 2513 3324 2557 vota
3351 2520 3568 2558 suorum
3594 2522 3608 2568 ;

2389 2589 2632 2659 Largiter
2655 2592 2741 2646 hic
2765 2592 3036 2662 lacrymas
3059 2597 3218 2664 tergit
3247 2597 3315 2650 ab
3345 2611 3437 2650 ore
3468 2613 3615 2652 suas.

2320 2679 2420 2733 llic
2449 2689 2601 2748 pater
2626 2690 2677 2734 et
2708 2690 2913 2748 pastor,
2939 2684 3133 2750 pratsul
3165 2685 3451 2753 requiescit
3475 2685 3765 2750 Amandus,

2393 2769 2486 2822 Vir
2510 2771 2708 2824 virtute
2734 2779 2944 2848 potens,
2969 2779 3023 2826 et
3044 2773 3242 2840 pietate
3277 2773 3467 2828 bonus.

2313 2859 2548 2928 Adjuvat
2574 2859 2674 2912 iste
2701 2874 2891 2928 preces
2919 2859 3100 2930 pepuli
3131 2861 3412 2916 clamantis
3436 2863 3501 2917 ad
3529 2873 3695 2925 astra,

2389 2947 2487 3013 Qui
2518 2948 2740 3002 Domino
2772 2950 2981 3002 assistit
3016 2950 3304 3019 semperin
3327 2965 3450 3006 arce
3474 2953 3600 3022 poli.

3009 3041 3199 3094 XXIX.

2243 3107 2291 3169 C
2350 3124 2428 3176 Ad
2456 3125 2700 3195 templum
2731 3130 2898 3182 sancti
2930 3129 3202 3184 Michaelis
3226 3104 3288 3183 ab
3313 3131 3522 3185 Arnone
3550 3117 3865 3200 reparatum.

2322 3217 2454 3269 Dum
2486 3233 2635 3271 sacra
2660 3221 2941 3292 praesentis
2966 3223 3202 3290 pervasit
3225 3222 3408 3275 limina
3446 3223 3639 3292 templi,

2323 3307 2528 3374 Satpius
2553 3290 2867 3365 accrescens
2895 3313 3197 3366 cumulatur
3227 3313 3243 3350 ι
3279 3315 3484 3384 gurgite
3511 3314 3703 3368 flumen
3733 3324 3791 3366 π’.

2321 3395 2437 3449 Non
2469 3398 2586 3451 tulit
2613 3399 2863 3453 Arnonus
2889 3400 3078 3456 fmdari
3107 3405 3298 3474 templa
3337 3407 3585 3460 sacerdos
3611 3417 3633 3442 η
3661 3424 3675 3471 ;

2321 3479 2560 3534 Iusserat
2587 3483 2637 3535 in
2670 3485 2858 3539 melius
2886 3491 3132 3542 renovari
3158 3492 3270 3544 haec
3295 3493 3473 3545 omnia
3503 3494 3715 3561 prmsnl,

2322 3571 2505 3628 Latior
2528 3583 2586 3627 ut
2623 3575 2773 3628 ticret
2802 3587 3009 3646 crypta,
3035 3587 3091 3632 et
3116 3578 3396 3633 sublimior
3421 3582 3541 3643 ista,

2326 3661 2641 3731 Supponens
2668 3666 2822 3720 testis
2850 3666 3089 3722 firmatos
3112 3678 3194 3722 ter
3222 3678 3412 3738 quater
3439 3684 3598 3723 arcus
3622 3687 3634 3720 :

2326 3753 2593 3823 Mysticus.
2606 3765 2664 3809 ut
2692 3765 2861 3810 totam
2891 3759 3132 3812 firmaret
3152 3759 3386 3813 calculus
3410 3759 3588 3812 aulam
3614 3777 3626 3811 :

2324 3845 2550 3900 Parvula
2584 3848 2841 3916 prmcelso
2869 3864 3194 3906 consecrans
3227 3861 3365 3906 tecta
3391 3852 3638 3908 ministro

2327 3934 2602 4000 Michaelo,
2631 3937 2753 3992 coeli
2778 3937 2996 3994 Christo
3019 3941 3110 4009 qui
3133 3941 3347 3995 adsistit
3374 3942 3427 3996 in
3457 3958 3581 3997 arce
3606 3961 3621 4008 ;

2326 4025 2501 4094 Atque
2527 4041 2716 4094 preces
2749 4027 2904 4083 offert
2927 4041 3234 4086 sanctorum
3263 4047 3388 4103 rege
3421 4031 3690 4101 polorum.

2328 4111 2426 4167 llic
2458 4129 2669 4184 quoque
2691 4125 2875 4172 nostra
2903 4117 3061 4183 ferat,
3087 4122 3402 4190 rogitamus,
3429 4131 3560 4176 .vola
3597 4121 3848 4185 Tonanti,

2327 4196 2648 4269 Auxilioque
2673 4204 2761 4271 pio
2787 4214 2998 4259 nosmet
3021 4206 3275 4278 defendat
3301 4209 3517 4276 ubique.

2331 4287 2637 4343 Hlotharius
2662 4299 2844 4346 custos
2871 4290 2997 4347 fecit
3021 4295 3309 4350 mandante
3339 4297 3596 4365 magistro
3620 4313 3634 4359 ;

2246 4389 2301 4450 ι)
2329 4376 2554 4448 Semper
2579 4379 2632 4433 in
2663 4389 2925 4436 attemum
2957 4381 3515 4438 Cbristuscouservet
3538 4394 3812 4453 utrosque.

2329 4469 2428 4535 Qui
2456 4469 2592 4538 legit.
2612 4471 2712 4526 hos
2738 4486 2926 4527 versus
2953 4474 3115 4538 dicat,
3146 4489 3296 4544 rogo,
3324 4482 3540 4544 pectore
3571 4489 3730 4549 pum.

2329 4558 2556 4614 Alcuino
2586 4568 2610 4595 ο
2639 4561 2854 4616 veniam
2882 4564 3143 4619 scelerum
3177 4564 3266 4628 da,
3297 4564 3528 4629 Christe,
3562 4557 3864 4633 precamur.

2402 4705 2441 4732 ιιι
2479 4691 2722 4748 Flumen.
2761 4695 2886 4751 Haec
2934 4695 3272 4750 Mabilldnius
3310 4691 3502 4750 Annal.
3537 4696 3732 4749 Bened.
3775 4703 3902 4763 tom.

2330 4761 2393 4832 Il,
2423 4777 2541 4832 pag.
2574 4763 2696 4827 506,
2728 4779 2876 4818 num.
2908 4763 2995 4826 7i,
3045 4766 3426 4832 interpretatur
3449 4765 3512 4817 de
3551 4761 3908 4818 exundatio'ne

2333 4831 2469 4885 alvei
2500 4831 2707 4900 Scarpi,
2735 4832 2912 4885 amnis
2944 4831 3270 4887 monasterio
3298 4831 3581 4885 Elnonrnsi
3621 4833 3868 4899 proximi.

2404 4909 2429 4937 η
2459 4900 2718 4953 Arnonus.
2754 4900 2838 4970 Ex
2867 4901 3154 4956 Elnonensi
3198 4902 3388 4956 abbate
3434 4901 3726 4970 Salisburg.
3772 4902 3910 4970 anti-

2332 4976 2463 5033 stes,
2495 4970 2585 5088 qui
2609 4970 2724 5040 ejus
2752 4968 2858 5024 loci
2884 4971 3270 5040 providentiam
3307 4971 3594 5041 quamdam
3618 4968 3904 5026 retinebat.

2333 5036 2504 5090 (Matri
2529 5038 2565 5090 l.
2599 5037 2634 5090 ι.
2673 5039 2790 5090 cit.)

2419 5039 2565 5091 abill.
2599 5039 2648 5090 ις
2673 5039 2761 5090 cit.

2333 5037 2565 5109 (Mabill.
2599 5037 2793 5160 citi
2884 5037 2901 5040 “
3193 5111 3204 5124 .
3653 5113 3660 5120 Ι
3883 5119 3885 5121 ι

2349 5115 2430 5177 __°
2466 5106 2705 5177 Alcumo.
2799 5108 3024 5165 audatus
3067 5109 3406 5167 Mabtllonius
3450 5111 3552 5166 hoc
3580 5121 3907 5177 epigramma

2332 5174 2540 5246 Alenini
2560 5175 2959 5246 interpretatur
2989 5180 3055 5234 de
3087 5182 3318 5235 secunda
3345 5174 3639 5237 elevationc
3668 5174 3912 5246 corporis

2334 5243 2503 5297 sancti
2527 5243 2797 5316 _Amandi,
2845 5263 3004 5316 quam
3039 5265 3180 5304 anno
3214 5247 3317 5305 809
3367 5250 3563 5305 factam
3598 5243 3912 5316 fuissc'AMilo

2334 5312 2629 5366 monachus
2651 5322 2708 5367 et
2732 5312 2962 5371 Annales
2984 5319 3314 5373 Elnonenses
3337 5320 3494 5374 fidem
3522 5318 3741 5371 faciunt.
3774 5314 3909 5368 Hinc

2334 5379 2690 5452 verosimilius
2715 5398 2834 5441 esse
2855 5396 3059 5452 censet,
3084 5389 3183 5442 hos
3204 5404 3390 5443 versus
3418 5403 3522 5442 non
3544 5383 3908 5446 esseAlcuini,

2335 5450 2429 5527 sed
2459 5448 2677 5504 alterius
2709 5462 2882 5527 poeta:
2905 5455 3022 5524 ejus
3047 5448 3320 5527 discipuli,
3356 5457 3456 5527 qui,
3479 5452 3910 5527 altim1e__Alcuini

2335 5519 2472 5594 bene
2497 5519 2748 5594 precatus
2768 5524 2859 5594 _sit
2898 5519 3080 5580 amore
3104 5519 3335 5594 Arnonis
3371 5519 3630 5594 episcopi.
3681 5519 3793 5576 Non
3826 5537 3910 5576 as-

2335 5587 2679 5675 sentiopvirp
2705 5591 3075 5675 celeberrimo,
3106 5587 3428 5675 .ob‘ul'times'
3450 5587 3680 5675 quatuor
3701 5606 3907 5656 versus,

2339 5656 2392 5707 in
2418 5654 2610 5722 quibus
2643 5667 2798 5723 poeta
2825 5670 2879 5713 et
2921 5654 3129 5715 Arnoni
3151 5669 3204 5715 et
3238 5654 3513 5716 Hlothario
3559 5664 3696 5716 bona
3721 5654 3918 5733 preca-l,
