4268 6222
468 5010 475 5015 ,
560 4962 663 5020 est,
689 4962 832 5036 quod

537 297 631 353 761

535 408 811 466 Perfectus
840 406 1049 462 meritis
1083 412 1288 476 pastor,
1313 405 1612 479 plenusque
1640 405 1872 465 dierum,

534 500 776 557 C(etibus
800 498 1057 569 angelicis
1096 496 1297 551 Christi
1323 496 1610 550 subvectus
1636 496 1689 550 in
1717 494 1918 557 aulam,

535 592 770 662 Corpore
790 590 1070 646 nobiscum
1099 592 1287 665 sancto
1313 587 1604 657 requiescit
1630 587 1884 641 humatus
1910 601 1925 651 ;

533 678 640 744 Pro
668 676 822 749 cujus
844 680 1051 734 meritis
1075 683 1288 732 nosmet
1307 678 1417 741 hic,
1447 674 1681 741 Christe,
1710 683 1861 729 tuere
1892 693 1906 726 :

537 769 761 840 Semper
782 770 833 824 in
861 776 1123 824 :eternum
1157 768 1253 824 tibi
1274 768 1347 823 sit
1369 768 1505 832 laus,
1537 766 1729 839 gloria,
1760 767 1955 832 virtus,

536 860 637 929 Qui
668 860 827 916 talem
854 860 1079 915 dederas
1105 858 1260 914 nobis
1291 873 1384 913 rex
1408 857 1650 926 piissime
1680 855 1916 910 Patrem.

752 980 838 1026 ιι.
864 978 954 1027 ΙΙ
982 978 1355 1027 ιασιιιιι
1383 977 1443 1025 Ι.
1476 975 1880 1025 γεω-ιιι.

1209 1078 1343 1134 XLI.

538 1205 568 1246 ιι
598 1193 675 1248 De
703 1191 916 1249 ecclesia
947 1194 1118 1248 sancti
1172 1190 1387 1249 Vedasti
1416 1208 1449 1245 a
1476 1191 1694 1245 Radane
1740 1190 1925 1245 abbate
1954 1206 2104 1245 reno-

1242 1292 1381 1338 vata.

540 1397 667 1469 Ilaec
696 1396 887 1453 domus
933 1396 1074 1451 alma
1106 1407 1129 1437 ε
1160 1396 1256 1452 Dei
1304 1394 1533 1451 flammis
1566 1396 1954 1466 crepitantibus
1979 1395 2106 1451 olim

606 1487 773 1551 Arsit,
796 1494 850 1540 et
870 1485 929 1541 in
956 1486 1165 1540 cineres
1186 1493 1295 1539 tota
1321 1485 1537 1539 redacta
1561 1484 1661 1538 fuit
1689 1484 1918 1556 [Lamb.,
1943 1482 2105 1556 ruit];

538 1575 648 1631 Sed
672 1565 961 1631 miserante
990 1576 1121 1640 Deo,
1153 1576 1343 1630 Baden
1365 1574 1393 1615 ἀ
1420 1575 1744 1653 venerabilis
1771 1586 1795 1641 9
1824 1574 1962 1631 abba

609 1664 924 1719 Construxit
944 1664 1156 1729 melius,
1187 1680 1251 1726 ac
1273 1666 1555 1720 renovavit
1577 1679 1717 1720 eam.

541 1751 777 1807 Plurima
802 1754 1055 1823 praesenti
1079 1753 1257 1808 domui
1292 1762 1608 1808 ornamenta
1630 1754 1965 1819 ministrans,

612 1841 896 1900 Exornans
921 1848 1087 1896 totam
1115 1842 1533 1911 muneribusque
1562 1843 1755 1898 sacris.

542 1924 807 1987 Cancellis
840 1932 856 1971 ί
888 1948 1014 1988 aras
1039 1932 1207 1987 voluit
1240 1933 1438 1988 vestire
1466 1933 1716 1999 metallis,

611 2021 827 2076 Vedasti
853 2022 1123 2078 fabricans
1147 2025 1642 2095 sarcophagumque
1663 2024 1863 2079 Patris.

542 2110 709 2185 Pallia
736 2111 1017 2181 suspendit
1044 2113 1341 2181 parietibus
1364 2122 1523 2182 atque
1543 2113 1811 2179 lucernas,

611 2201 845 2265 Addidit,
878 2209 938 2255 ut
965 2201 1321 2255 fieretlumen
1342 2202 1397 2256 in
1426 2203 1538 2258 aede
1561 2218 1794 2258 sacrum.

543 2290 704 2359 210
732 2288 936 2345 Ofﬁciis
963 2290 1176 2345 Domini
1202 2288 1331 2345 fecit
1354 2306 1566 2360 quoque
1590 2307 1720 2346 vasa
1750 2299 1962 2346 sacrata

612 2377 865 2447 Argento,
897 2394 998 2434 nec
1021 2395 1128 2435 non
1160 2395 1323 2434 aurea
1360 2388 1473 2435 tota
1496 2380 1731 2450 quidem.

543 2461 725 2522 Induit,
748 2469 936 2524 altaris
966 2471 1209 2540 speciosa
1239 2478 1387 2526 veste
1418 2471 1714 2537 ministros,

616 2559 687 2613 Ut
708 2558 846 2615 foret
869 2561 1139 2631 egregium
1171 2576 1383 2631 semper
1411 2561 1609 2631 ubique
1637 2562 1822 2615 decus.

546 2644 735 2703 Omnia
783 2648 1036 2705 melliﬂuo
1069 2648 1270 2705 Christi
1297 2649 1521 2705 devotus
1548 2665 1735 2706 amore

615 2736 944 2793 Restaurans
968 2754 1129 2808 opera
1159 2742 1204 2807 ε,
1230 2741 1314 2794 vir
1343 2740 1482 2814 pius,
1520 2740 1576 2795 in
1604 2741 1815 2796 melius.

546 2824 653 2882 Pro
676 2841 782 2896 quo
817 2827 1043 2897 quisque
1085 2827 1231 2899 legas
1261 2830 1462 2895 titulos,
1496 2831 1734 2901 rogitare
1765 2831 1795 2872 ιι
1820 2840 2108 2897 memento,

614 2916 843 2987 Adjuvet
861 2924 1025 2988 utque
1049 2916 1198 2976 illum
1229 2918 1400 2989 gratia
1439 2932 1650 2972 summa
1682 2918 1794 2974 Dei.

1242 3030 1398 3085 XLII.
1427 3062 1440 3073 ο

945 3141 1027 3196 Ad
1052 3159 1237 3211 corpus
1264 3143 1432 3196 sancti
1476 3114 1710 3197 V‘edasti.

551 3250 649 3307 Hic
670 3249 830 3305 Pater
854 3252 1101 3323 egregius
1126 3251 1392 3307 Vedastus
1427 3266 1655 3321 corpore
1685 3262 1895 3323 pausat,

619 3340 781 3411 Cujus
812 3342 1014 3397 honore
1045 3356 1201 3395 sacro
1225 3342 1341 3395 haec
1370 3337 1565 3415 domus
1600 3342 1739 3394 alma
1761 3343 1945 3395 micat.

552 3428 792 3483 Fulcitur
815 3429 946 3496 tanti
976 3430 1180 3483 meritis
1208 3445 1305 3498 per
1342 3429 1496 3483 smcla
1517 3429 1755 3503 patroni,

620 3518 724 3573 Per
746 3533 903 3587 quem
932 3518 1101 3572 multa
1129 3518 1269 3572 Deus
1293 3519 1446 3589 signa
1482 3519 1669 3573 salutis
1692 3520 1821 3590 agit.

552 3609 654 3678 Qui
680 3626 833 3666 sacra
860 3610 1171 3666 Celsithroni
1199 3610 1384 3664 vivens
1418 3610 1639 3680 vestigia
1670 3609 1893 3675 Christi,

621 3700 846 3770 Lingua,
875 3709 1075 3765 mente,
1104 3715 1266 3755 manu
1296 3714 1527 3768 namque
1549 3708 1763 3775 secutus
1787 3708 1921 3755 erat.

555 3788 919 3861 Multiplicavit
945 3804 1075 3867 opes
1107 3790 1191 3844 bis
1214 3790 1398 3860 quinis
1420 3789 1559 3844 forte
1585 3790 1829 3856 talentis,

621 3878 734 3936 Nec
750 3879 875 3934 data
907 3879 1163 3948 marsupii
1190 3877 1337 3933 lucra
1363 3878 1550 3948 ligavit
1571 3876 1718 3932 iners
1746 3880 1761 3917 ι

555 3967 747 4026 Audiet
770 3970 969 4025 idcirco
992 3982 1179 4024 vocem
1208 3984 1333 4024 mox
1359 3960 1556 4038 iudicis
1578 3967 1703 4022 almi
1732 3987 1743 4021 :

624 4060 769 4115 Intra
794 4072 937 4113 nunc
962 4058 1171 4143 Domini
1199 4058 1391 4130 gaudia
1420 4064 1605 4113 sancta
1635 4058 1729 4114 tui.

1212 4167 1390 4224 XLIII.

969 4281 1053 4336 Ad
1075 4297 1221 4335 aram
1254 4281 1423 4335 sancti
1460 4278 1693 4347 Vedasti.

557 4391 885 4448 Pontiﬁcalis
908 4404 1064 4460 apex,
1103 4389 1312 4443 meritis
1336 4387 1635 4461 vivacibus,
1661 4400 1813 4439 aram

478 4552 481 4555 _
544 4488 545 4491 “
627 4480 889 4536 Vedastus
910 4487 1130 4533 sanctus
1156 4477 1293 4531 hanc
1322 4476 1456 4546 regit
1485 4476 1597 4546 ipse
1622 4475 1802 4529 Pater.

559 4573 709 4630 Hanc
734 4572 907 4628 abbas.
922 4570 1140 4625 humilis
1165 4569 1380 4624 vestivit
1406 4567 1555 4622 Rado
1574 4567 1823 4631 metallis,

574 4735 580 4741 _
628 4663 686 4717 In
714 4660 925 4717 Domini
949 4659 1163 4715 laudem
1190 4656 1385 4714 ductus
1409 4671 1593 4725 amore
1617 4655 1813 4712 Patris.

629 4827 657 4858 ι
694 4814 803 4869 Cur
856 4814 1113 4868 carmina.
1147 4808 1426 4879 sequentia
1473 4821 1645 4877 usque
1689 4808 1755 4861 ad
1782 4823 1931 4863 num.
1964 4809 2032 4863 65
2059 4808 2123 4861 ad

558 4884 837 4940 ecclesiam
851 4882 1023 4937 sancti
1049 4877 1267 4933 Vedasti
1288 4877 1558 4948 pertinere
1593 4891 1944 4948 censeamus,
1962 4892 2125 4932 causa

860 4965 965 5017 non
994 4948 1147 5004 initio
1172 4945 1486 5017 soluianed
1513 4954 1568 5000 et
1590 4945 1644 5000 in
1682 4946 1859 5017 medio
1876 4952 2129 5000 occurrat

562 5013 763 5077 mentio
787 5013 1102 5079 de'Radone
1132 5018 1325 5072 abbate
1352 5015 1492 5070 illius
1517 5013 1849 5083 monasterii.

634 5092 663 5133 δ
700 5091 815 5148 Hoc
841 5104 1059 5146 carmen
1089 5085 1491 5143 emendavimus
1514 5100 1581 5139 ex
1608 5085 1740 5139 edit.
1788 5082 2128 5138 celeberrimi

562 5160 831 5215 Lambecii
857 5168 985 5214 tom.
1015 5156 1058 5211 ll
1085 5157 1381 5213 Comment.
1422 5155 1553 5210 Bibl.
1602 5153 1801 5207 Caesar.
1854 5167 1974 5221 pag.
2001 5152 2123 5206 414.

562 5228 725 5299 ﬂavae
917 5227 1289 5299 tom.‘l,‘pag._
1322 5224 1443 5299 6:55.
1475 5226 1533 5299 In
1578 5224 1700 5299 cod.
1728 5221 2126 5299 V_indobone_nsi

564 5297 652 5374 bis
675 5295 918 5374 versibus
934 5288 1438 5374 praefigit'urttitulu's
1459 5312 1473 5374 ξ
1505 5291 2000 5374 In_ecclesia.s‘anct'i
2032 5288 2130 5343 Ve-

497 5381 500 5383 λ
567 5366 700 5435 tiasti
720 5365 776 5419 in
794 5358 989 5435 pariete
1008 5358 1351 5435 scribendum.
1377 5362 1475 5419 Ubi
1502 5360 1956 5435 notarivultidem
1973 5358 2131 5421 Lam-

567 5434 768 5499 becius,
794 5429 908 5501 non
938 5430 1025 5486 hic
1046 5431 1149 5501 legi
1173 5432 1442 5501 scriptum,
1469 5429 1913 5501 sediscribendum
1937 5444 1954 5501 ς
1979 5442 2131 5481 nem-

568 5514 634 5569 pe
656 5498 800 5571 quod
839 5498 1191 5572 pervetust'us
1230 5498 1318 5553 ille
1346 5502 1511 5556 codex
1556 5500 1835 5572 CINBI‘PIIS
1871 5498 2021 5572 prius
2048 5504 2133 5572 est

572 5566 859 5641 exaratus.’
903 5587 1063 5641 quam
1112 5570 1440 5640 epigramma
1494 5574 1596 5626 hoc
1644 5569 1836 5641 parte“
1875 5566 2131 5622 ecclesiae
2194 5590 2197 5593 <

574 5643 742 5696 sancti
772 5640 989 5697 Vedasti
1013 5640 1329 5711 inscriptum
1350 5648 1450 5693 est.

1510 290 1833 348 CARMINA.
1870 321 1939 331 —
1972 284 2489 344 INSCRIPTIONES
2529 283 2780 340 VARI/I3.

2133 400 2187 459 Α

2904 392 3080 449 XLIV.

2621 487 2700 541 Ad
2726 503 2874 541 aram
2902 496 3069 541 sancta
3099 483 3335 542 Hartmi.

2205 599 2320 654 Iloc
2349 599 2518 652 altare
2551 598 2669 662 Dei,
2697 597 2987 667 pmdams
3016 596 3069 651 in
3101 598 3233 652 orbe
3257 600 3530 663 sacerdos,

2278 688 2542 742 Martinus
2569 688 2775 742 meritis
2804 695 2984 741 servat
3006 686 3206 756 ubique
3233 687 3365 742 suis.
3457 702 3463 707 ’

2202 780 2400 834 Ahluat
2422 788 2478 833 et
2505 779 2778 849 lacrymas
2795 779 3100 848 plangentis
3129 778 3353 833 crimina
3374 778 3565 848 plebis,

2274 868 2584 940 Deposcens
2613 871 2844 935 veniam,
2874 885 3007 925 voce
3029 878 3268 939 potente,
3293 869 3458 941 piam.

2909 980 3069 1035 XLV.

2616 1068 2697 1121 Ad
2726 1086 2873 1122 aram
2901 1070 3069 1123 sancti
3094 1069 3355 1140 Dionysii.
3456 1107 3463 1113 -

2207 1156 2481 1229 Sanguine
2518 1143 2765 1229 martyrii
2794 1158 2988 1228 praesul
3023 1158 3309 1229 Dionysius
3338 1173 3488 1214 aram
3587 1165 3593 1170 '
3682 1142 3689 1145 ⁷

2279 1246 2430 1300 Hanc
2457 1254 2632 1310 ornet,
2663 1247 2868 1316 pariter
2893 1262 3013 1301 cum
3045 1248 3309 1316 sociisque
3338 1249 3450 1302 suis
3488 1246 3500 1311 ξ

2207 1336 2520 1406 Magniﬁcus
2545 1337 2751 1398 doctor,
2778 1337 2927 1390 verbi
2951 1336 3040 1406 qui
3071 1337 3273 1391 semina
3301 1337 3518 1406 sparsit,

2278 1427 2545 1483 Imbribus
2572 1427 2821 1482 :ethereis
2846 1422 2995 1481 arida
3026 1442 3157 1497 ruga
3189 1427 3384 1497 rigans.

2928 1518 3111 1573 XLVI.

2132 1598 2145 1613 λ
2210 1608 2293 1663 Ad
2327 1623 2476 1662 aram
2500 1615 2801 1661 sanctorum
2832 1604 3137 1676 Ldndiberti
3184 1608 3431 1676 martyris
3458 1617 3507 1660 et
3546 1607 3780 1661 Richurii

2884 1675 3107 1729 abbatis.

2136 1751 2185 1810 B
2214 1768 2613 1826 Landibertusi
2657 1768 2820 1823 habet
2847 1726 3187 1836 hiemique
3222 1726 3508 1822 Richarius
3530 1780 3702 1831 aram,

2283 1860 2381 1913 Hic
2417 1858 2694 1915 confessor
2721 1864 2859 1921 erat,
2886 1863 3095 1925 martyr
3122 1864 3176 1909 et
3204 1856 3292 1910 ille
3312 1856 3449 1925 pius.

2209 1948 2382 2004 Ambo
2409 1949 2519 2002 Deo
2538 1947 2708 2011 chari,
2737 1945 3051 2000 meritorum
3082 1945 3317 2014 pondere
3344 1953 3545 2014 patres,

2280 2039 2517 2094 Plurima
2544 2044 2823 2107 portantes
2849 2036 2999 2091 lucra
3024 2051 3122 2090 suo
3148 2035 3391 2089 Domino.

2915 2124 3118 2179 XLVII.

2382 2211 2463 2266 Ad
2482 2230 2631 2267 aram
2660 2223 2962 2266 sanctorum
2982 2210 3212 2264 Remedii
3238 2220 3287 2264 et
3324 2211 3583 2265 Audoini.

2210 2302 2537 2360 Francorum
2565 2304 2750 2356 doctor
2770 2300 3073 2355 Remedius
3101 2301 3333 2371 inclytus
3357 2317 3508 2356 aram

2282 2392 2432 2446 Hanc
2457 2399 2624 2456 tenet,
2657 2389 2939 2451 almivolus
2964 2388 3351 2459 Audoinusque
3379 2391 3557 2445 simul.

2216 2479 2415 2535 lIorum
2440 2494 2563 2534 nam
2592 2480 2801 2534 meritis
2824 2473 3046 2534 currens
3070 2488 3121 2533 te
3146 2478 3286 2534 ferto
3315 2480 3493 2553 viator

2283 2571 2386 2625 Per
2410 2571 2527 2625 loca
2551 2576 2735 2624 sancta
2762 2570 2901 2637 pius,
2932 2569 3005 2622 sit
3034 2569 3131 2622 tibi
3156 2578 3306 2623 certa
3328 2568 3494 2623 salus.

2920 2656 3149 2711 XLVIII.

2399 2746 2480 2801 Ad
2506 2755 2712 2801 sanctos
2739 2744 3050 2813 Gregorium
3075 2754 3124 2799 et
3155 2745 3552 2816 Hieronymum.
3601 2758 3613 2770 ‘
3646 2790 3651 2796 .

2213 2838 2502 2908 Gregorius
2526 2837 2742 2907 praesul,
2772 2838 3067 2905 ductorque
3096 2835 3454 2907 Hieronymus
3486 2838 3660 2893 almus

2284 2930 2538 2984 Ecclesiae
2558 2929 2648 2982 ille
2667 2938 2844 2997 pater,
2882 2928 2983 2981 iste
3012 2928 3269 2998 magister
3290 2936 3427 2982 erat.
3465 2981 3486 2997 ,

2215 3018 2409 3074 Nostra
2433 3017 2611 3073 ferant
2627 3018 2875 3087 precibus
2899 3018 3103 3085 pariter
3123 3030 3335 3095 quoque
3360 3024 3487 3070 vota
3509 3016 3742 3071 Tonanti
3769 3033 3786 3081 ;

2290 3112 2360 3166 Ut
2387 3127 2484 3166 nos
2522 3108 2804 3166 conservet
2836 3124 3050 3179 semper
3079 3109 3279 3175 ubique
3303 3106 3463 3161 Deus.

2908 3218 3093 3271 XLIX.

2323 3310 2403 3363 Ad
2430 3326 2575 3361 aram
2602 3318 2900 3361 sanctorum
2937 3305 3204 3359 Benedicti
3229 3314 3275 3358 et
3297 3303 3655 3359 Scholastica’.

2218 3399 2509 3452 IIacPater
2542 3397 2787 3465 egregius
2824 3394 3016 3447 colitur
3041 3392 3359 3447 Benedictus
3387 3392 3438 3445 in
3462 3407 3580 3456 ara,

2290 3488 2392 3554 Qui
2426 3486 2591 3538 vitam
2624 3484 2903 3537 monachis
2922 3483 3215 3551 scripserat
3247 3483 3361 3551 ipse
3382 3482 3546 3550 piam.

2218 3577 2388 3645 Ipsius
2415 3584 2573 3643 atque
2603 3588 2756 3627 soror
2776 3572 3033 3643 prmclara
3057 3570 3392 3626 Scholastica
3420 3569 3573 3637 virgo

2288 3666 2536 3736 Iungitur
2557 3665 2647 3719 hic
2672 3662 2825 3715 fratri
2852 3659 3045 3714 nobilis
3070 3659 3189 3726 ipsa
3227 3672 3346 3711 suo.

2404 3842 2486 3895 Ad
2508 3857 2656 3895 aram
2682 3848 2982 3893 sanctorum
3012 3833 3215 3890 Cosma:
3239 3842 3289 3888 et
3319 3834 3591 3889 Damiani.

2221 3933 2334 3987 llac
2358 3932 2463 3987 duo
2499 3929 2752 3985 Germani
2775 3927 2998 3983 Cosmas
3020 3934 3076 3981 et
3101 3925 3394 3980 Damianus
3419 3925 3477 3979 in
3504 3940 3599 3981 ara

2292 4022 2614 4078 Scribuntur
2635 4019 2861 4090 pariter,
2890 4016 3235 4072 versiﬁcante
3257 4029 3442 4070 manu.

2220 4114 2500 4182 Quamque
2516 4112 2714 4166 bonum
2726 4116 2810 4163 est
2823 4106 3018 4161 fratres
3031 4119 3249 4175 semper
3258 4105 3504 4179 habitare
3527 4106 3579 4159 in
3602 4122 3789 4174 unum,

2242 4230 2247 4239 ι
2292 4205 2363 4259 Ut
2395 4201 2688 4279 Psalmista.
2711 4199 2875 4264 canit,
2911 4212 3038 4253 ecce
3056 4195 3323 4267 iucundus
3343 4209 3513 4250 amor.

2932 4305 3017 4359 LI.

2145 4395 2302 4455 ΒΑΔ
2344 4417 2495 4455 aram
2544 4406 2844 4453 sanctarum
2910 4393 3157 4459 Ca'cilia',
3206 4391 3448 4463 Agatna,
3505 4377 3715 4463 Agnetis
3741 4400 3789 4445 et

2860 4476 2869 4481 '
2905 4464 3102 4518 Luciw.

2222 4560 2457 4624 Caecilia,
2478 4557 2734 4630 Agathes,
2758 4556 2934 4625 Agnes
2963 4559 3019 4606 et
3052 4551 3218 4605 Lucia
3248 4550 3400 4621 virgo
3424 4590 3439 4615 ,

2293 4653 2418 4713 Haec
2453 4651 2572 4705 istis
2598 4647 2803 4719 pariter
2834 4658 2928 4697 ara
2951 4648 3163 4697 sacrata
3193 4638 3399 4693 micat.’

2298 4815 2320 4843 ο
2358 4802 2663 4857 Henschen.
2688 4796 2815 4866 leg.,
2844 4793 2972 4845 alta.

2294 4873 2321 4913 ἀ
2368 4872 2498 4926 Vide
2523 4878 2635 4924 not.
2659 4866 2726 4920 ad
2740 4858 2969 4917 carmen
2998 4858 3051 4912 6.

2302 4954 2324 5051 ἶ
2355 4929 2977 5064 (ξοδ-ξειέξέἓᾶιέξϋὶε.

2402 5026 2489 5064 am
2533 5046 2568 5064 ..
2874 5039 2888 5053 .

2402 5026 2568 5071 amn.,
2600 5026 2888 5059 hanwsws.
2956 5066 2957 5069 η

2303 5083 2328 5121 ε
2363 5080 2632 5151 Quercet.,

2298 5151 2327 5190 ιι
2365 5149 2640 5217 ρυετςεις,
2671 5147 2969 5217 εοκὶεπεο.
3163 5211 3174 5217 ,
3269 5204 3302 5217 .-
3346 5202 3368 5217 .
3478 5158 3593 5217 μ’-.

2306 5220 2320 5258 i
2362 5198 2562 5285 libavit
2587 5198 2933 5285 inersfflera
2954 5206 3071 5285 hsce
3096 5211 3201 5285 est,
3232 5204 3310 5258 ait
3346 5198 3789 5285 Lambeausloc.

2228 5291 2319 5345 cit.
2346 5294 2399 5341 et
2424 5274 2678 5352 vgenuina
2711 5276 2895 5352 huj_us_
2920 5274 3023 5331 loci
3055 5275 3253 5352 lectio;
3286 5288 3392 5327 non
3443 5274 3792 5352 autemDutin

2229 5338 2476 5413 edition;
2489 5338 2809 5417 Quercetani
2835 5364 2847 5399 :
2864 5345 3035 5417 fitch
3048 5338 3402 5417 l_iga_vit_;opes;
3430 5338 3511 5417 vel
3524 5345 3602 5417 _ut
3626 5338 3680 5389 in
3702 5351 3795 5417 co-

2228 5405 2614 5482 ilicibus—mss”
2642 5418 2835 5487 quibus
2863 5414 2976 5487 na.
3006 5405 3111 5487 PP'.
3141 5405 3424 5467 Βοιιείηάιιε
3448 5412 3503 5459 et
3524 5405 3797 5459 lienschc-

2232 5496 2351 5549 nius
2389 5492 2471 5545 usi
2495 5496 2621 5543 sunt
2649 5482 2676 5540 ε’
2713 5482 3134 5556 lucraAntigravit
3170 5494 3307 5556 opes.
3463 5543 3475 5556 ‘
3498 5542 3513 5556 ‘
3593 5541 3640 5556 η

2306 5540 2341 5613 ξ’
2371 5540 2698 5613 D—ewsancto
2742 5540 3378 5613 Landisb'erto'm'artyre
3426 5542 3535 5597 vid.
3592 5540 3793 5597 Mabill.

2236 5643 2360 5689 tom.
2386 5629 2429 5684 ll
2458 5627 2649 5682 Annal.
2685 5624 2815 5681 Ben.
2846 5635 2967 5690 pag.
3004 5619 3096 5674 18.
