4268 6226
706 323 808 381 745

703 441 834 496 Lilia
866 454 989 496 cum
1020 437 1158 492 rosis
1185 431 1385 501 fulgent
1404 431 1456 484 in
1488 427 1689 482 vertice
1722 438 1972 492 quarum,

773 530 841 584 Et
865 529 1070 596 lampas
1100 519 1278 581 rutilat
1301 521 1417 575 luce
1443 529 1676 589 perenne
1704 511 1878 570 simul.

1435 609 1539 663 LII.

706 708 787 760 Ad
812 722 955 760 aram
982 712 1174 760 sancta:
1193 700 1375 758 Cruci:
1407 709 1454 754 ct
1478 709 1776 755 sanctorum
1811 696 2041 766 Crispini
2073 702 2120 748 et
2146 691 2243 747 Cri

1332 787 1558 841 spumam

707 865 832 920 Ilaec
856 871 938 919 est
966 879 1058 917 ara
1087 862 1274 917 Crucis
1301 868 1496 915 sancte
1523 866 1737 913 sacrata
1769 853 2074 924 triumphis,

775 958 833 1010 In
852 971 956 1025 qua
978 955 1090 1024 jam
1120 951 1300 1006 mundi
1329 951 1435 1005 vita
1466 949 1609 1004 salus
1655 947 1876 1017 patitur.

711 1031 957 1116 Martyris
993 1043 1187 1112 egregii
1213 1040 1437 1110 Crispini
1461 1047 1514 1093 et
1539 1036 1879 1106 Crispiniani,

779 1134 1089 1190 Nominibus
1118 1147 1342 1201 quorum
1369 1129 1530 1200 fulget
1558 1137 1612 1182 et
1637 1127 1727 1208 illa
1749 1125 1937 1182 sacris.

1419 1241 1546 1294 LIII.

813 1334 892 1387 Ad
916 1351 1064 1387 aram
1098 1334 1258 1386 beata:
1299 1331 1523 1400 Virginis
1553 1339 1602 1384 et
1627 1322 1792 1383 sancti
1827 1325 2122 1382 Clementis.

713 1428 823 1481 Iloc
855 1428 1021 1480 altare
1057 1410 1148 1479 Dei
1183 1425 1407 1493 genitrix
1434 1423 1520 1492 pia
1545 1423 1694 1492 virgo
1721 1420 1888 1474 Maria

779 1517 1035 1584 Aspieiat,
1068 1515 1222 1568 solita
1248 1529 1366 1566 cum
1395 1514 1596 1582 pietate
1624 1519 1812 1579 potens

713 1605 1036 1659 Pontilicalis
1065 1620 1220 1672 apex,
1242 1603 1382 1656 Petri
1408 1615 1685 1655 successor
1711 1607 1764 1653 et
1789 1599 1935 1664 almi,

782 1696 1058 1766 Praeclaris
1078 1694 1322 1748 Clemens
1351 1700 1542 1762 augeat
1576 1700 1630 1746 et
1657 1691 1881 1745 meritis.

1423 1805 1552 1859 LIV.

921 1895 1000 1945 Ad
1027 1911 1173 1946 aram
1205 1905 1497 1949 sanctorum
1520 1895 1740 1958 Joannis
1765 1902 1812 1946 et
1841 1892 2096 1946 Mattha’i.

717 1981 825 2035 Hoc
853 1983 1066 2036 sinistra
1098 1983 1190 2037 Dei
1220 1992 1393 2038 teneat
1419 1986 1586 2038 altare
1618 1984 1875 2046 Joannes,

787 2074 1048 2128 Mattheus
1071 2090 1102 2128 ο
1124 2076 1327 2129 meritis
1352 2085 1506 2129 ornet
1527 2084 1579 2130 et
1603 2075 1715 2143 ipse
1753 2075 1866 2128 suis
1889 2076 1902 2126 ι

717 2165 780 2218 Ili
808 2166 1068 2233 scripsere
1095 2165 1306 2233 quidem
1330 2165 1526 2220 Christi
1554 2181 1704 2219 sacra
1734 2172 1883 2234 gesta
1915 2161 2196 2227 Tonantis,

787 2255 1116 2325 Quapropter
1143 2255 1342 2325 pariter
1366 2255 1479 2310 haec
1510 2264 1653 2310 tenet
1679 2270 1772 2308 ara
1794 2254 1946 2308 duos.

1458 2365 1566 2418 LV.

901 2455 987 2511 Ad
1014 2471 1160 2507 aram
1190 2447 1484 2507 sanctorum
1511 2452 1740 2507 Platonii
1764 2464 1809 2507 et
1835 2451 2059 2524 Georgii.

719 2544 989 2598 Platonius
1016 2552 1232 2614 martyr,
1261 2545 1535 2612 victorque
1563 2543 1821 2614 Georgius
1846 2560 1994 2598 aram

793 2636 1112 2688 Praesentem
1139 2641 1376 2694 teneant,
1401 2634 1557 2686 ambo
1579 2633 1682 2700 piis
1716 2634 1942 2687 meritis.

725 2726 823 2792 Qui
848 2740 943 2794 pro
963 2738 1091 2792 pace
1123 2723 1216 2777 Dei
1244 2724 1487 2776 vicerunt
1513 2723 1694 2792 prmlia
1715 2723 1922 2785 mundi,

794 2814 858 2867 Et
888 2827 1131 2866 meruere
1156 2825 1388 2878 sacrum,
1429 2824 1546 2866 rore
1573 2811 1816 2872 rubente,
1837 2809 2035 2879 polum.

1429 2923 1560 2976 LVI.

835 3014 909 3066 Ad
934 3029 1078 3065 aram
1099 3021 1390 3064 sanctorum
1416 3010 1655 3074 Joannis,
1687 3009 1862 3074 Pauli,
1885 3009 2170 3065 Laurentii.

732 3103 983 3163 Joannes,
1014 3101 1208 3154 Paulus
1241 3101 1458 3168 pariter,
1482 3100 1802 3152 Laurentius
1833 3108 1990 3167 atque

800 3192 1126 3244 Conscrvcnt
1150 3206 1294 3244 aram
1317 3191 1470 3253 hanc,
1506 3189 1792 3244 miserante
1819 3188 1943 3242 Deo.

733 3283 827 3335 Hic
856 3283 1012 3334 levita
1049 3281 1164 3343 fuit,
1207 3281 1277 3333 illi
1318 3280 1409 3333 sed
1435 3280 1691 3348 sanguine
1714 3280 1845 3341 fuso,

803 3370 1054 3437 Martyrio
1085 3369 1180 3421 toti
1208 3367 1322 3439 [ιε’.³
1347 3366 1493 3438 forti]
1523 3383 1682 3438 regna
1710 3366 1864 3420 beata
1892 3375 2109 3421 tenent:

1400 3476 1570 3538 ηπ,

1016 3567 1094 3620 Ad
1117 3565 1356 3635 templum
1385 3567 1552 3619 sancti
1585 3565 1722 3619 Petri
1750 3567 1987 3636 apostoli.

735 3659 978 3727 Claviger
1009 3657 1290 3718 aethereus,
1317 3665 1496 3709 servat
1520 3656 1608 3724 qui
1641 3657 1876 3724 regmina
1902 3654 2042 3720 cmli,

806 3748 1019 3802 Solvere
1047 3760 1266 3815 qumque
1287 3746 1474 3813 placet,
1506 3754 1664 3815 atque
1683 3747 1846 3816 ligare
1868 3755 2074 3815 potens.

737 3837 977 3892 Piscator
997 3835 1282 3904 quondam,
1319 3835 1440 3889 caeli
1463 3851 1602 3889 nunc
1622 3836 1823 3903 janitor
1845 3836 2036 3901 almus,

811 3925 1058 3978 Ecclesia:
1078 3925 1339 3992 princeps,
1367 3931 1554 3991 pastor
1580 3931 1632 3976 et
1658 3925 1771 3992 ipse
1798 3925 1988 3979 bonus.

742 4013 837 4069 Cui
867 4012 1210 4080 Christusque
1239 4025 1391 4064 suum
1417 4012 1732 4064 servandum
1758 4013 1922 4066 tradit
1942 4013 2080 4068 ovile

810 4105 941 4158 Dum
970 4103 1107 4156 redit
1129 4102 1195 4156 ad
1221 4100 1393 4154 Patris
1424 4115 1587 4170 regna
1614 4101 1768 4154 beata
1793 4101 1894 4155 sui.

741 4196 896 4264 211
925 4193 968 4248 0
995 4193 1217 4248 nimium
1246 4190 1389 4254 felix,
1415 4198 1557 4246 totus
1582 4206 1740 4261 quem
1767 4191 1935 4262 diligit
1969 4193 2148 4249 orbis!

814 4284 946 4338 Huic
974 4283 1218 4338 Christus
1252 4297 1443 4338 nomen
1469 4283 1660 4337 Petrus
1687 4283 1883 4338 habere
1913 4285 2076 4340 dedit.

745 4375 857 4438 Hoc
882 4377 1079 4445 pietate
1103 4389 1199 4427 sua
1227 4373 1499 4440 templum,
1522 4387 1731 4442 precor,
1766 4375 2000 4444 undique
2021 4375 2220 4448 cingat,

816 4466 1164 4529 Adventuque
1194 4475 1291 4514 suo
1312 4467 1572 4529 protegat,
1602 4453 1761 4529 atque
1791 4472 1961 4531 regat.

751 4549 1123 4636 Auxiliu'mque
1148 4547 1257 4601 suis
1283 4545 1496 4601 famulis
1520 4555 1793 4616 protector
1821 4548 1873 4601 in
1907 4549 2018 4604 illo.

826 4637 1084 4699 Perierat,
1107 4644 1160 4688 et
1182 4636 1424 4703 precibus
1446 4636 1584 4690 adsit
1609 4637 1805 4707 ubique
1827 4637 1956 4690 suis.

748 4729 994 4785 Dirutum
1023 4722 1248 4777 flammis
1283 4732 1628 4777 renovaverat
1651 4724 1754 4778 hoc
1773 4741 1981 4794 quoque
2007 4726 2156 4781 [lado
2177 4739 2224 4790 ιι,

824 4817 919 4872 Cui
945 4831 1070 4886 rogo
1103 4814 1402 4870 mercedem
1432 4812 1623 4867 reddat
1650 4821 1704 4867 et
1729 4814 1840 4882 ipse
1858 4815 2068 4869 Petrus.

1381 4958 1406 4974 κ
1444 4923 1616 5004 LVIII.

1081 5015 1159 5066 Ad
1181 5029 1326 5067 aram
1357 5013 1584 5081 ejusdem
1609 5016 1774 5067 sancti
1803 5010 1968 5067 Petri.
2157 5074 2159 5076 η

760 5103 909 5158 Hanc
938 5115 1144 5170 quoque
1168 5109 1407 5156 servator
1431 5101 1610 5170 templi
1637 5105 1898 5160 tutabitur
1928 5121 2075 5160 aram

831 5189 1078 5244 Ecclesia:
1107 5189 1373 5258 princeps,
1402 5198 1546 5245 totus
1569 5199 1623 5245 et
1653 5193 1766 5262 ipse
1788 5195 1901 5250 Dei.

760 5279 986 5346 Adjuvet
1015 5284 1173 5344 atque
1202 5276 1308 5330 Deo
1329 5277 1539 5334 Christo
1565 5279 1653 5334 hic
1686 5290 1806 5336 vota
1843 5283 2092 5350 ferentes,

832 5366 1098 5420 Laztemur
1130 5377 1340 5432 semper
1369 5364 1507 5420 illius
1533 5375 1591 5421 ut
1627 5370 1852 5426 meritis.

838 5489 861 5515 ιι
898 5475 1032 5530 Vide
1053 5476 1294 5543 superius
1317 5491 1550 5543 carmen,
1574 5478 1660 5532 41.

836 5545 863 5584 δ
891 5544 1068 5607 Forte,
1100 5544 1339 5600 Joannis.

839 5623 858 5649 τ
891 5612 985 5666 llic
1014 5616 1148 5668 forte
1171 5615 1536 5685 supplendum,
1560 5615 1688 5671 lucc.

1531 315 1593 368 Β.
1633 313 1692 366 r.
1735 310 1954 366 annm
1994 309 2123 365 seu
2158 305 2434 362 ALCUINI
2473 267 2748 378 ornauit
2785 303 2961 358 mus
3002 302 3084 356 vt.
3173 356 3176 359 ,

2283 424 2334 480 Δ
3066 413 3181 472 LIX
3212 428 3218 433 ·

3810 291 3912 348 ἰω

2688 509 2768 561 Ad
2802 522 2948 560 aram
2979 505 3145 559 sancti
3171 500 3330 556 Pauli
3349 501 3591 571 apostoli.

2359 598 2468 651 Ara
2491 597 2708 666 quidem
2728 611 2965 666 praesens
2994 603 3206 651 sacrata
3234 601 3316 648 est
3342 593 3558 647 nomine
3587 590 3759 657 Pauli,

2366 690 2371 694 ’
2431 689 2531 753 Qui
2557 687 2783 756 populos
2818 685 2998 740 mundi
3023 685 3177 740 duxit
3202 685 3269 739 ad
3295 691 3438 738 astra
3461 681 3588 752 poli,

2362 775 2623 830 Gentibus
2651 784 2703 831 et
2729 775 2954 846 populis,
2985 776 3164 848 regnis
3184 785 3346 843 atque
3373 773 3598 828 urbibus
3623 771 3724 826 iste

2433 866 2474 919 A
2508 865 2732 922 Domino
2756 866 2959 921 electus
2983 867 3171 921 doctor
3191 865 3385 935 ubique
3409 861 3527 917 fuit.

3081 955 3192 1010 LX.

2660 1045 2740 1099 Ad
2766 1062 2915 1099 aram
2940 1046 3108 1100 sancti
3137 1044 3362 1098 Andreae
3384 1040 3623 1113 apostoli.

2437 1135 2633 1191 Doctor
2662 1135 2986 1206 apostolicus
3009 1139 3172 1208 (hunc
3194 1139 3309 1192 haec
3333 1152 3434 1191 vox
3455 1136 3593 1188 alma
3620 1133 3850 1187 Joannes
3874 1134 3922 1197 ι»,

2437 1227 2570 1282 Ecce
2593 1229 2689 1282 Dei
2710 1231 2928 1284 veniens
2948 1247 3112 1300 agnus
3137 1230 3205 1285 ab
3227 1245 3354 1285 arce
3373 1229 3569 1292 Patris,

2366 1316 2583 1371 Miserat
2611 1318 2676 1371 ad
2701 1317 2999 1383 Christum,
3029 1334 3242 1388 semper
3261 1326 3578 1387 sequeretur
3601 1325 3659 1370 ut
3685 1315 3852 1384 illum)
3889 1362 3896 1367 .

2435 1407 2682 1461 Andreas
2713 1421 2860 1460 aram
2884 1415 3062 1461 serv-et
3089 1408 3157 1462 ab
3186 1397 3340 1462 hoste
3368 1421 3539 1461 suam.

3074 1496 3206 1550 LXI.

2619 1585 2698 1638 Ad
2743 1601 2892 1638 aram
2943 1586 3109 1638 sancti
3153 1583 3374 1638 Joannis
3409 1583 3681 1653 Baptista’.

2370 1679 2678 1735 [Ioc-altare
2710 1687 2855 1734 tenet
2886 1686 3101 1733 sanctus
3129 1677 3366 1746 Baptista
3397 1676 3650 1741 Joannes,

2294 1740 2344 1801 Β
2441 1770 2745 1824 Ρηθοιιτεοιι
2771 1768 2996 1830 Christi,
3027 1782 3248 1838 magnus
3277 1768 3328 1821 in
3355 1769 3503 1829 orbe,
3535 1766 3650 1822 Dei.
3738 1781 3742 1786 ·

2373 1859 2471 1926 Qui
2501 1858 2644 1912 solus
2673 1859 2839 1927 digito
2867 1857 3138 1913 Christum
3163 1859 3484 1913 monstravit
3511 1857 3721 1920 adesse,

2441 1948 2545 2001 Iste
2567 1938 2992 2017 preces'nostras
3021 1946 3254 2014 adjuvet,
3285 1955 3431 2016 opto,
3460 1947 3590 2001 suis.

3070 2035 3226 2090 LXII.

2750 2126 2834 2178 Ad-
2871 2142 3020 2180 aram
3062 2126 3229 2180 sancti
3274 2123 3520 2180 Germani

2442 2215 2691 2270 Przesulis
2716 2226 2737 2253 ε
2766 2215 3019 2270 Germani
3043 2232 3231 2286 magna
3258 2225 3342 2270 est
3370 2232 3462 2270 ara
3489 2217 3686 2282 dicata,

2513 2307 2684 2375 Quam
2712 2307 2870 2363 modo
2891 2306 3001 2376 jam
3029 2308 3228 2371 cernis,
3253 2321 3378 2362 ecce
3404 2307 3578 2361 viator
3600 2309 3796 2362 ovans!

3063 2393 3243 2448 LXIII.

2795 2486 2874 2539 Ad
2905 2501 3052 2539 aram
3076 2487 3240 2539 sancti
3270 2485 3516 2541 Amandi.

2446 2575 2593 2630 lianc
2625 2591 2772 2630 aram
2800 2575 3000 2631 ChriSti
3039 2577 3323 2645 praaclarus
3350 2587 3559 2634 amator
3589 2579 3858 2642 Amandus

2517 2662 2778 2718 Defendat
2797 2664 3005 2718 meritis
3027 2679 3238 2734 semper
3263 2667 3329 2721 ab
3350 2657 3512 2722 'hoste
3536 2668 3668 2722 suis.

2632 2808 2637 2813 .
2918 2794 2925 2802 ς
3071 2754 3250 2810 LXIV.

2379 2843 2460 2897 Ad
2487 2859 2634 2897 aram
2665 2844 2830 2897 sancti
2863 2841 3099 2908 Quintini
3132 2848 3371 2966 eisancti
3402 2846 3672 2903 Michaelis
3709 2851 3936 2901 archan-

3098 2931 3156 2966 ae
3180 2934 3217 2966 ι.

3097 2931 3217 2984 geu.
3353 2982 3368 2986 δ

2380 3003 2626 3072 Ilartyris
2651 3004 2856 3072 egregii
2873 3002 3110 3068 Quintini
3136 3005 3302 3058 altare
3331 2991 3618 3074 triumphis

2449 3092 2561 3146 Iloc
2589 3092 2773 3161 fulget,
2800 3093 2992 3161 populo
3016 3093 3103 3148 hic
3133 3094 3224 3166 qui
3248 3094 3386 3150 ferat
3415 3097 3695 3150 auxilium.

2379 3181 2639 3249 Alligeros
2671 3180 2810 3232 inter
2834 3181 3028 3243 socios,
3064 3196 3405 3250 summosque
3429 3185 3707 3239 ministros

2452 3268 2675 3321 Michael
2700 3269 2963 3336 princeps,
2988 3271 3193 3338 primus
3217 3271 3270 3324 in
3303 3288 3427 3327 arce
3456 3274 3587 3340 poli,

2380 3358 2501 3413 llaec
2532 3359 2642 3412 loca
2673 3367 2950 3412 conservet
2972 3375 3160 3428 magna
3194 3362 3392 3429 pietate
3423 3363 3700 3426 Tonantis,

2455 3449 2516 3502 Et
2543 3449 2763 3503 veniens
2790 3449 2999 3524 veniam
3031 3462 3216 3521 poscat
3242 3461 3296 3506 et
3324 3453 3440 3523 ipse
3467 3470 3639 3508 suam.

3004 3581 3024 3610 _.
3083 3537 3241 3595 va.

2797 3627 2875 3678 Ad
2911 3638 3143 3680 sanctam
3186 3628 3518 3699 Genorcfam.

2384 3718 2546 3788 Virgo
2578 3727 2790 3773 sacrata
2822 3720 2930 3774 Deo
2958 3722 3265 3787 cmlestibus
3297 3719 3495 3796 inclyta
3529 3726 3699 3791 donis,

2453 3807 2682 3861 Laetetur
2709 3809 2848 3863 votis
2873 3809 2961 3863 hic
2984 3809 3251 3865 Genovefa
3281 3814 3407 3866 tuis.

2420 3906 2534 3952 ιιι.
2577 3905 2666 3952 ιιι
2703 3906 3034 3969 ρυουι.
3073 3910 3609 3966 οιιιτιιιο,
3651 3914 3905 3965 τοις.

3079 4052 3260 4110 LXVI.

2424 4209 2428 4213 ἱ
2798 4139 2876 4194 De
2909 4141 3087 4195 schola
3109 4152 3157 4196 et
3186 4144 3530 4202 scholasticis.

2331 4270 2333 4272 .
2390 4225 2487 4284 llic
2519 4227 2900 4301 pueri-discant
2920 4232 3238 4310 seniorisab
3263 4248 3361 4289 ore
3387 4238 3656 4308 magistri,

2461 4315 2806 4386 Hymnidicas
2833 4317 3014 4374 laudes
3037 4329 3093 4375 ut
3123 4337 3374 4381 resonare
3396 4337 3610 4396 queant.

2317 4384 2366 4445 υ
2393 4384 2612 4459 Hauriat
2635 4421 2696 4460 os
2722 4413 2964 4462 tenerum
2985 4409 3225 4482 lymphas
3247 4384 3434 4471 devote
3459 4418 3667 4483 salutis,

2464 4494 2667 4549 Forsan
2690 4496 2743 4549 in
2763 4496 2986 4552 ecclesia
3021 4515 3087 4553 ne
3113 4502 3266 4557 sileat
3294 4505 3491 4569 senior.

2398 4579 2532 4634 Sunt
2561 4582 2685 4634 anni
2707 4581 2963 4649 juvenum
2995 4586 3199 4642 habiles
3227 4592 3500 4648 addiscere
3532 4597 3854 4665 quidquam:

2472 4667 2609 4722 Usus
2630 4669 2685 4722 in
2713 4670 2947 4740 antiquis
2973 4676 3207 4741 postulat
3227 4679 3494 4744 Ecclesiae,

2397 4754 2630 4810 Instruat
2652 4759 2706 4811 in
2733 4758 2922 4815 studiis
2943 4761 3198 4830 juvenum
3223 4767 3362 4823 bona
3392 4778 3632 4841 tempora
3659 4775 3845 4832 doctor
3862 4820 3875 4844 ,

2468 4848 2599 4903 Nam
2632 4850 2842 4920 fugiunt
2862 4855 2990 4908 anni
3012 4871 3161 4912 more
3184 4857 3396 4916 ﬂuentis
3424 4845 3598 4934 aquae.

2399 4938 2646 4993 Annosus
2667 4939 2694 4978 δ
2725 4940 2888 5010 sylvis
2913 4955 3142 5009 quercus
3167 4948 3255 5000 vix
3280 4947 3511 5003 ﬂectitur
3540 4953 3797 5023 unquam,
3835 4990 3840 4994 -

2409 5082 2412 5085 _
2470 5027 2577 5081 Sed
2603 5028 2797 5098 frangit
2821 5029 3054 5087 hominis
3080 5034 3266 5089 dextra
3299 5041 3532 5107 potentis
3559 5038 3735 5098 eam;-

2403 5115 2536 5171 Nam
2564 5127 2587 5154 ο
2620 5132 2720 5170 nec
2749 5119 2928 5173 senior
2951 5122 3133 5178 multis
3161 5124 3380 5180 adsueta
3410 5130 3612 5196 rapinis

2473 5207 2585 5261 Sub
2608 5207 2735 5277 juga
2762 5208 3064 5266 nullatenus
3095 5211 3253 5267 fortia
3278 5216 3411 5269 colla
3436 5217 3602 5272 dabit.

2404 5294 2512 5350 Nec
2551 5297 2687 5350 bene
2727 5312 2960 5367 namque
2984 5313 3144 5355 senex
3167 5303 3363 5371 poterit
3387 5305 3648 5375 ediscere,
3674 5325 3771 5381 per
3791 5326 3952 5381 quem

2476 5385 2802 5440 Tondentem
2833 5386 2850 5424 ῐ
2877 5387 2931 5440 in
2958 5391 3217 5463 gremium
3239 5397 3464 5452 candida
3486 5399 3653 5454 barba
3674 5375 3844 5456 cadit.
3933 5375 3944 5387 ⁸

2475 5494 2502 5533 ἀ
2530 5493 2710 5569 forte,
2739 5510 2935 5550 annosa
2959 5499 3011 5552 in
3037 5501 3207 5569 sylvis.

2482 5574 2506 5634 ξ
2532 5562 2705 5634 Locus
2727 5575 3027 5634 corruptus.

2484 5629 2503 5669 ί
2534 5629 2656 5696 Ms.,
2690 5635 2872 5699 poterit
2889 5629 2969 5688 rel
2995 5636 3188 5692 discere
3215 5650 3481 5712 postquam
3511 5645 3762 5701 tondenti.
