4268 6208
432 314 531 370 745
1402 324 1721 380 CARMINA.
1761 355 1831 366 —
1865 324 2377 380 lNSCIllI’TIONES
2418 324 2666 379 VABM‘I.
3550 321 3648 376 716

430 430 558 485 Esto
577 429 718 498 pius,
745 429 925 500 pueris
946 430 1213 487 studiosus
1237 440 1291 487 et
1313 444 1428 489 esto
1458 437 1730 506 magister.

501 518 606 574 Vos
639 528 865 584 vestros,
892 520 1068 589 pueri,
1099 536 1313 591 semwr
1337 532 1514 579 amate
1539 534 1743 593 patres.

430 609 502 665 Ut
524 619 739 665 maneat
766 612 923 666 nobis
956 612 1127 668 dulcis
1150 613 1453 671 benedictio
1477 615 1672 685 Patris,

496 699 562 754 Et
585 715 651 756 ne
673 716 798 757 nam
821 713 978 759 natus
1000 716 1025 745 ι
1056 714 1237 762 mente
1260 714 1476 763 tenente
1503 708 1659 764 duos.

1107 817 1309 875 LXVII.

740 906 822 959 Ad
849 923 1101 963 musteum
1124 908 1282 964 libros
1318 912 1669 966 scribentium.

428 991 528 1048 llic
556 993 778 1049 sedeant
799 1010 966 1067 sacra:
988 997 1287 1054 scribentes
1308 998 1509 1055 famina
1536 1002 1687 1071 legis,

496 1082 603 1138 Nec
626 1098 732 1139 non
758 1094 1065 1142 sanctorum
1088 1088 1229 1144 dicta
1250 1099 1459 1145 sacrata
1484 1089 1723 1145 Patrum.

426 1173 549 1231 Haec
571 1177 893 1234 interserere
918 1188 1143 1235 caveant
1175 1196 1272 1236 sua
1300 1180 1489 1237 frivola
1518 1183 1715 1247 verbis,

494 1265 702 1322 Frivola
737 1283 837 1323 nec
862 1276 1080 1339 propter
1105 1270 1134 1310 δ
1159 1279 1305 1325 erret
1325 1278 1381 1326 ct
1406 1272 1519 1340 ipsa
1544 1288 1733 1339 manus
1757 1292 1769 1326 :

423 1354 812 1427 Correctosque
840 1360 941 1415 sibi
966 1370 1211 1430 quaerant
1241 1363 1478 1419 studiose
1501 1362 1726 1427 libellos,

496 1445 734 1503 Tramite
761 1464 867 1517 quo
898 1458 1043 1507 recto
1066 1467 1241 1521 penna
1268 1453 1499 1509 volantis
1527 1463 1635 1509 eat.

423 1532 526 1591 Per
546 1538 660 1592 cola
679 1539 1017 1609 distinguant
1042 1543 1308 1612 proprios,
1336 1552 1391 1598 et
1411 1554 1676 1600 commata
1696 1560 1904 1607 sensus.

490 1626 558 1681 Et
581 1636 805 1695 punctos
830 1638 1031 1699 ponant
1048 1632 1237 1698 ordine
1257 1647 1498 1703 quosque
1530 1649 1648 1688 suo.

421 1714 499 1771 Ne
524 1717 607 1771 vel
642 1717 774 1772 falsa
809 1719 971 1789 legat,
999 1727 1174 1776 taceat
1198 1722 1281 1777 vel
1306 1721 1447 1777 forte
1472 1733 1710 1793 repente,

488 1806 625 1861 Ante
646 1807 764 1876 pios
786 1806 1002 1873 fratres,
1036 1810 1205 1865 lector
1228 1811 1282 1865 in
1304 1810 1562 1866 Ecclesia.

418 1892 513 1949 Est
540 1911 675 1966 opus
696 1899 967 1969 egregium
996 1914 1179 1955 sacros
1200 1899 1313 1968 jam
1343 1900 1579 1957 scribere
1607 1902 1793 1965 libros,

488 1983 596 2041 Nec
616 1990 864 2044 mercede
890 2004 988 2045 sua
1019 1990 1253 2061 scriptor
1278 1999 1331 2046 et
1356 1993 1469 2062 ipse
1489 2004 1657 2048 caret.

419 2073 621 2130 Fodere
643 2091 804 2145 quam
831 2079 988 2144 vites,
1017 2080 1208 2136 melius
1233 2089 1318 2137 est
1342 2083 1579 2139 scribere
1605 2084 1791 2150 libros,

401 2226 410 2241 Ι
484 2162 577 2217 llle
604 2178 702 2219 suo
733 2167 909 2220 ventri
930 2168 1151 2234 serviet,
1182 2169 1283 2225 iste
1307 2172 1519 2227 animm.

420 2253 511 2309 Vel
532 2264 690 2321 n‘ova,
717 2256 801 2313 vel
822 2264 1004 2312 vetera
1032 2260 1231 2328 poterit
1256 2261 1499 2330 proferre
1525 2266 1781 2334 magister

487 2346 740 2412 Plurima,
771 2349 996 2419 quisque
1021 2350 1152 2420 legit
1175 2352 1318 2408 dicta
1344 2362 1556 2409 sacrata
1587 2356 1825 2412 Patrum.

522 2551 759 2608 Elevatio
773 2557 956 2609 mentis
980 2573 1013 2631 ᾳ
1041 2559 1256 2631 terrenis
1290 2560 1496 2631 palatiis
1525 2565 1594 2618 ad
1616 2564 1863 2619 caelestem

992 2625 1380 2684 habitationem.
1768 2644 1769 2651 ‘

415 2732 650 2801 Quisque
676 2734 854 2803 legens
878 2750 1064 2791 versus
1084 2751 1179 2807 per
1201 2737 1345 2794 celsa
1372 2739 1568 2809 palatia
1599 2744 1793 2805 curris,

485 2821 707 2891 Semper
735 2825 925 2880 habeto
954 2826 1047 2880 Dei
1076 2843 1271 2883 nomen
1292 2816 1349 2885 in
1374 2846 1471 2885 ore
1499 2839 1611 2886 tuo.

417 2909 483 2966 Et
510 2912 635 2965 dum
660 2912 837 2981 lingua
868 2914 981 2982 pias
1003 2924 1220 2970 resonat
1238 2932 1334 2986 per
1359 2919 1595 2972 carmina
1624 2920 1826 2987 laudes,

486 2998 712 3055 Ferveat
736 3000 876 3057 illius
898 3010 1083 3072 peetus
1106 3018 1290 3059 amore
1319 3014 1492 3060 tuum.

417 3090 552 3147 Dum
582 3100 634 3147 tu
664 3092 884 3161 pulchra
907 3093 1093 3149 domus
1118 3094 1343 3163 pedibus
1369 3096 1564 3151 solaria
1593 3099 1840 3163 scandes,

483 3184 767 3239 Immemor
794 3184 935 3240 haud
958 3192 1076 3241 esto
1104 3187 1361 3242 scandere
1384 3198 1562 3245 mente
1587 3191 1786 3261 polum.

415 3274 508 3330 Sol
530 3276 754 3331 rutilans
764 3315 779 3340 ,μ
790 3276 954 3332 radiis
974 3276 1220 3333 domibus
1242 3277 1565 3348 splendescit
1589 3281 1642 3335 in
1668 3281 1822 3345 altis;

483 3364 705 3419 Lumine
732 3374 987 3436 perpetuo
1008 3366 1254 3422 Christus
1270 3368 1335 3439 in
1366 3382 1492 3424 arce
1518 3370 1645 3439 poli.

416 3448 486 3508 Ut
511 3456 590 3510 sol
614 3432 847 3511 illus—triti
868 3466 1013 3512 totus
1031 3432 1375 3530 praefulgidus
1394 3432 1597 3523 orbein,

485 3542 578 3598 Sic
597 3542 800 3615 fulgent
830 3545 1000 3600 sancti
1027 3559 1239 3616 semper
1266 3547 1319 3601 in
1346 3562 1470 3603 arce
1496 3548 1687 3605 Patris.

414 3628 551 3701 Sunt
577 3644 608 3684 a
638 3629 749 3686 sole
772 3632 961 3686 domus
981 3632 1139 3687 celsa:
1164 3620 1358 3688 s'olaria
1394 3635 1559 3700 dicta,

479 3718 524 3771 A
548 3717 762 3774 Christo
787 3728 1030 3775 sanctum
1054 3735 1249 3775 nomen
1282 3722 1539 3779 habemus
1569 3724 1717 3779 item.

345 3870 358 3881 ,
413 3809 469 3865 Si
500 3818 551 3865 te
573 3811 800 3867 delectet
820 3812 1073 3867 manibus
1099 3812 1356 3879 habitatio
1383 3813 1525 3870 facta
1549 3833 1564 3881 ;

483 3900 598 3957 Non
625 3902 871 3957 manibus
891 3902 1087 3958 factam
1110 3903 1230 3973 plus
1255 3905 1351 3979 tibi
1381 3920 1561 3973 quaere
1588 3907 1823 3961 domum.

411 3988 673 4058 Quidquid
706 3992 761 4045 in
799 3992 929 4043 urbe
958 4004 1149 4044 manus
1184 3992 1413 4046 hominis
1449 4002 1827 4049 construxerat
1861 4012 1960 4049 un—

1757 4084 1960 4157 [quam,

479 4168 670 4224 Omnia
697 4184 818 4224 nam
842 4170 1086 4240 pereunt,
1125 4173 1178 4227 in
1206 4172 1521 4243 cineresque
1544 4184 1727 4231 ruunt.

406 4256 672 4328 Quidquid
700 4260 921 4314 honoris
950 4261 1146 4327 habent
1167 4264 1337 4317 sancti
1363 4278 1459 4334 per
1486 4265 1677 4334 gaudia
1703 4266 1848 4331 cmli,

474 4345 605 4402 Cum
639 4345 851 4427 Christo
876 4348 1079 4417 pariter
1106 4364 1317 4421 semper
1347 4352 1547 4407 habere
1577 4363 1800 4427 queunt.

406 4435 522 4503 Quo
551 4446 603 4492 te
633 4426 995 4505 ducat°amor,
1023 4440 1212 4511 rapiat,
1244 4443 1424 4496 trahat
1447 4443 1694 4498 omnibus
1716 4444 1883 4509 horis,

475 4525 541 4578 Et
560 4540 685 4594 rape
706 4543 792 4582 me
814 4532 1015 4599 tecum,
1042 4543 1241 4599 qumso,
1264 4530 1370 4586 tuis
1396 4532 1662 4601 precibus.

361 4602 365 4605 ’
407 4614 488 4670 sn
510 4616 832 4688 tibi,.sitque
862 4619 998 4674 mihi
1027 4619 1276 4677 Christus
1304 4620 1644 4678 currentibus
1669 4624 1795 4678 illuc

364 4742 368 4748 ς
472 4706 767 4771 Protector,
793 4715 992 4774 rector,
1022 4707 1138 4775 lux,
1169 4709 1277 4775 via,
1305 4711 1436 4775 vita,
1465 4711 1626 4765 salus.

985 4820 1145 4896 εις
1182 4820 1367 4877 LXIX.

924 4922 947 4950 ο
978 4911 1057 4966 Ad
1090 4911 1465 4966 dormitorium.

402 5018 501 5086 Qui
534 5019 641 5073 vim
670 5026 971 5085 ventorum,
997 5020 1170 5091 pelagi
1196 5021 1286 5092 qui
1315 5022 1523 5093 mitigat
1550 5023 1737 5086 undas,

380 5104 561 5160 .lsracl
588 5105 680 5173 qui
704 5113 905 5170 servat,
936 5106 1086 5163 nullo
1109 5109 1204 5179 qui
1232 5109 1467 5166 dormiat
1495 5125 1645 5177 aevo;

402 5194 680 5251 Fratribus
702 5195 804 5259 hac
823 5198 1065 5269 requiem
1082 5203 1290 5259 dulcem
1310 5205 1567 5261 concedat
1592 5204 1646 5260 in
1670 5204 1815 5269 aula,

469 5382 495 5441 ει
526 5372 699 5441 Locus
720 5382 1024 5441 corruptus.

470 5436 499 5477 ³
522 5439 710 5513 forte,
731 5436 1032 5513 properam.

472 5514 496 5545 ε
522 5505 864 5586 Ρῃνίθᾟίὀ-
876 5519 1030 5586 notes
1074 5511 1232 5586 velim
1258 5515 1364 5569 duo
1398 5518 1677 5586 sequentia
1708 5521 1947 5575 carmina

404 5575 798 5700 gms.
831 5578 1226 5649 Salisburgensi
1249 5596 1368 5638 esse
1404 5575 1703 5665 emendata,
1746 5591 1949 5643 cttitu-

504 5658 728 5698 adultos.
1430 5662 1433 5665 λ

792 5733 1062 5795 Ριτιιοι.
1117 5736 1216 5799 Cl.

1983 4450 2033 4507 D

2015 442 2061 497 Α
2093 438 2157 489 Et
2187 453 2319 506 quos
2343 438 2583 491 immittit
2608 452 2796 492 somno
2824 438 2902 492 vis
2925 437 3077 508 nigra
3109 438 3346 499 timores,

2087 526 2402 596 Compescat
2439 528 2676 582 clemens
2716 527 2946 593 Domini,
2985 542 3136 601 rogo,
3176 529 3363 583 dextra
3390 526 3639 597 potentis.

2088 619 2297 689 Quique
2325 620 2463 673 diem
2491 621 2678 674 statuit
2699 619 2901 675 homini
2932 620 3030 675 sub
3057 619 3178 675 luce
3198 619 3396 680 labore,

2090 707 2345 763 Noctibus
2372 715 2429 762 et
2450 708 2689 777 requiem
2719 711 2984 765 concessit
3008 722 3232 780 corpore
3255 708 3417 776 fesso,

2088 796 2169 851 Ad
2195 796 2510 867 laudemque
2537 812 2688 851 suam
2717 797 2878 852 faciet
2903 812 3227 869 consurgere
3256 812 3433 853 sanos.

2790 908 2951 962 LXX.

2506 999 2586 1051 Ad
2624 999 2895 1053 iatrinium
2921 998 3235 1072 [latrinam].

2087 1112 2379 1166 Luxuriam
2404 1111 2428 1151 ἀ
2454 1112 2678 1176 ventris,
2714 1113 2902 1176 lector,
2933 1127 3194 1183 cognosce
3222 1112 3479 1173 rorantis,

2158 1202 2377 1256 Putrida
2405 1202 2496 1271 qui
2520 1204 2689 1257 sentis
2722 1210 2965 1257 stercora
2996 1218 3129 1257 nare
3155 1210 3266 1257 tuo.

2084 1291 2373 1360 lngluviem
2401 1290 2570 1362 fugito
2597 1292 2818 1355 ventris,
2847 1301 3173 1363 quapropter
3198 1292 3252 1345 in
3279 1304 3396 1355 ore,

2155 1379 2418 1449 Tempore
2452 1381 2523 1435 sit
2548 1390 2695 1436 certo
2716 1381 2896 1436 sobria
2925 1382 3034 1435 vita
3062 1381 3177 1435 tibi.

2765 1489 2951 1545 LXXI.

2082 1580 2379 1637 Admonilio
2435 1582 2687 1649 juveuum
2742 1582 3100 1651 religiosorum
3157 1583 3225 1635 ad
3284 1580 3643 1635 excutiendum
3692 1604 3696 1608 ι

2733 1667 2992 1705 somnum.

2010 1771 2053 1827 θ
2083 1758 2189 1814 Res
2220 1767 2306 1814 est
2334 1759 2469 1813 mira
2499 1759 2741 1829 quidem,
2782 1759 2896 1813 vult
2933 1774 3095 1829 quam
3130 1758 3226 1813 tibi
3249 1758 3426 1814 dicere
3451 1767 3598 1812 vates
3626 1774 3637 1807 :

2079 1850 2313 1905 Letheus
2330 1849 2590 1919 iuvenum
2608 1850 2876 1921 percussit
2896 1858 3133 1920 tempora
3163 1864 3363 1915 ramus,

2079 1940 2150 1996 Ut
2176 1942 2372 2011 hospes
2389 1941 2575 1996 clauso
2592 1941 2857 2011 patuisset
2874 1940 3058 1995 limine
3080 1939 3261 2010 templi
3288 1956 3301 1992 :

2077 2030 2315 2100 Quisque
2336 2040 2515 2100 potest
2537 2046 2682 2087 caeco
2706 2030 2899 2086 melius
2925 2032 3067 2085 hunc
3092 2034 3312 2086 cernere
3332 2028 3472 2090 visu,

2078 2120 2336 2176 Sensibus
2362 2128 2417 2174 et
2439 2121 2628 2190 sopitis
2658 2119 2850 2175 melius
2875 2118 3116 2189 proferre
3137 2118 3396 2187 loquelas,

2077 2212 2287 2281 Ignotus
2316 2212 2579 2281 siquidem
2608 2211 2787 2267 varias
2808 2220 2864 2266 et
2890 2211 3090 2283 lingere
3118 2211 3338 2266 formas.

2075 2301 2346 2367 Cernitur,
2380 2301 2613 2365 auditur,
2642 2300 2818 2355 fuerat
2842 2302 2932 2370 qui
2963 2310 3203 2371 tempore
3229 2300 3407 2356 nullo:

2077 2391 2333 2449 Noctibus
2362 2394 2526 2459 hunc,
2552 2393 2788 2463 juvenis,
2820 2402 2934 2450 toto
2964 2394 3060 2449 tibi
3088 2395 3246 2450 corde
3270 2404 3474 2448 caveto.

2078 2483 2300 2537 Subruit
2328 2484 2415 2538 hic
2445 2499 2658 2549 sensus,
2692 2484 2850 2540 binos
2878 2495 2902 2524 ο
2927 2492 2982 2539 et
3006 2484 3208 2541 claudit
3233 2486 3432 2541 ocellos

2076 2574 2362 2643 Splendida
2385 2575 2644 2645 stelligeri
2676 2571 2860 2633 videas
2889 2592 2956 2632 ue
2984 2576 3187 2632 lumina
3220 2579 3360 2634 cadi.

2073 2664 2179 2717 Aut
2201 2672 2288 2718 tua
2305 2665 2418 2734 jam
2443 2681 2603 2721 voces
2626 2667 2863 2723 doctoris
2886 2669 3101 2724 hauriat
3124 2670 3293 2733 auris,

2079 2751 2170 2805 Vel
2200 2768 2297 2821 pes
2319 2754 2600 2809 ecclesiam
2627 2764 2890 2811 nocturno
2918 2764 3159 2827 tempore
3185 2768 3388 2812 currat.
3494 2825 3499 2831 δ

2074 2840 2263 2911 Hujus,
2290 2858 2493 2911 quccso,
2521 2853 2682 2914 caput
2709 2845 2884 2900 valido
2909 2856 3192 2923 percutere
3218 2847 3237 2886 ί
3270 2864 3481 2919 pugno,

2073 2927 2148 2983 Ne
2176 2929 2272 2983 tibi
2296 2940 2579 2987 cernentes
2602 2933 2798 3003 hospes
2826 2943 3060 2989 exc'ecet
3082 2937 3304 3003 ocellos,

2069 3017 2179 3072 Aut
2210 3027 2425 3091 torpore
2455 3022 2596 3078 malo
2618 3037 2807 3079 sensus
2839 3026 2935 3080 tibi
2965 3026 3188 3081 subruat
3216 3043 3435 3093 omnes;

1977 3128 2019 3184 ρ
2068 3109 2178 3171 Sed
2208 3113 2303 3167 tibi
2332 3114 2613 3185 collyrium
2641 3116 2789 3172 visus
2818 3117 3040 3174 infunde
3063 3119 3251 3175 salutis
3275 3136 3290 3172 :

2075 3206 2144 3263 Ut
2171 3204 2354 3262 valeas
2380 3206 2519 3275 signi
2545 3220 2705 3261 voces
2729 3207 2915 3262 audire
2938 3208 3179 3263 sonantis

2067 3296 2221 3361 Quod
2247 3304 2299 3350 te
2319 3296 2515 3365 quippe
2536 3303 2711 3360 vocat,
2742 3294 2925 3351 laudes
2950 3306 3173 3364 cantare
3194 3298 3474 3356 Tonantis.

2066 3390 2302 3444 Consere
2344 3389 2540 3459 quippe
2584 3404 2798 3453 manus,
2848 3390 3060 3445 modico
3085 3392 3318 3446 dormire
3346 3402 3633 3451 memento,

2068 3475 2211 3530 Neve
2239 3484 2457 3545 repente
2479 3476 2573 3531 tibi
2601 3477 2785 3531 veniat
2804 3477 3075 3547 prmfortis
3102 3490 3335 3550 egestas,

2070 3565 2137 3618 Ut
2165 3575 2345 3619 monet
2378 3566 2595 3636 egregio
2617 3565 2871 3622 Salomon
2894 3583 3140 3624 sermone
3168 3569 3421 3638 legentes.

2748 3677 2954 3732 LXXII.

2576 3772 2644 3827 In
2666 3774 2844 3827 riauad
2875 3774 3109 3828 chorum.

2066 3866 2202 3929 Non,
2235 3880 2383 3934 rogo,
2417 3863 2552 3918 dura
2581 3862 2676 3916 tibi
2706 3864 2956 3920 videatur
2976 3864 3168 3920 semita
3200 3864 3453 3935 fratrum,

2133 3956 2258 4011 Hmc
2285 3965 2338 4010 te
2365 3963 2673 4009 currentem
2698 3955 2845 4009 ducit
2872 3956 2937 4010 ad
2962 3956 3268 4012 ecclesiam.

2064 4044 2178 4100 Non
2204 4046 2292 4100 hic
2324 4044 2479 4099 turba
2506 4052 2664 4101 sonat
2691 4046 2715 4083 ⁸
2736 4045 2937 4116 populi,
2969 4061 3076 4101 non
3106 4047 3245 4105 forte
3267 4051 3555 4108 tumultus:

2133 4138 2239 4192 Vos
2261 4137 2400 4190 inter
2428 4134 2607 4189 nullus
2639 4134 2729 4189 hic
2760 4134 2967 4191 alienus
2995 4144 3103 4191 eat.

2062 4225 2186 4280 [bne
2204 4224 2289 4278 via
2316 4238 2412 4277 vos
2444 4222 2649 4291 pariter
2676 4214 2928 4277 concordi
2956 4233 3175 4294 pectore
3201 4227 3381 4293 ducat,

2130 4313 2399 4369 Laudibus
2420 4312 2655 4367 intentos
2678 4312 2743 4367 ad
2770 4314 2858 4383 pia
2886 4313 3043 4369 laude
3068 4316 3094 4357 ιι
3122 4316 3237 4371 Dei.

2048 4404 2212 4460 ‘Unus
2241 4419 2392 4461 amor
2417 4405 2665 4462 Christus
2692 4382 2847 4463 nobis
2874 4407 2998 4473 ﬂat;
3019 4418 3180 4479 atque
3202 4412 3307 4468 iter
3327 4382 3518 4481 unum,

2128 4495 2221 4551 llle
2245 4505 2328 4551 est
2348 4504 2498 4551 certa
2529 4497 2691 4562 salus,
2722 4513 2866 4568 spes,
2890 4501 3053 4555 decus
3079 4508 3135 4556 et
3158 4502 3412 4560 charitas.

2062 4584 2177 4642 Non
2198 4595 2254 4642 tu
2280 4589 2584 4660 somnigere
2613 4590 2779 4645 vadas
2804 4597 3019 4661 torpore
3042 4607 3139 4663 per
3158 4593 3345 4659 istum,

2130 4676 2237 4732 Sed
2266 4678 2383 4734 laus
2410 4678 2552 4733 alma
2582 4679 2674 4734 Dei
2704 4692 2917 4750 semper
2940 4681 2991 4739 in
3020 4694 3115 4737 ore
3138 4691 3309 4737 sonet.

2058 4770 2292 4841 Angelus
2312 4779 2372 4825 ut
2395 4778 2571 4830 tecum
2594 4769 2801 4825 caelesti
2826 4779 3012 4824 currat
3032 4772 3099 4825 ab
3123 4787 3272 4838 arce,

2131 4860 2265 4913 Dum
2294 4860 2472 4914 videat
2498 4858 2686 4911 laudes
2714 4865 2766 4910 te
2794 4871 3048 4913 resonare
3076 4858 3192 4914 Dei.

2065 4951 2142 5007 Te
2166 4967 2380 5023 quoque
2407 4951 2683 5007 consociat
2707 4956 3018 5007 sanctorum
3037 4961 3257 5021 pectore
3283 4953 3421 5014 lze'to.

2132 5040 2465 5096 Gaudentem
2484 5037 2687 5094 Christi
2717 5048 2891 5095 coetus
2912 5040 2965 5095 in
2994 5040 3239 5105 ecclesia,

2064 5128 2341 5197 Relliquiae
2364 5141 2594 5197 quorum
2624 5128 2806 5183 multa:
2832 5122 3134 5190 conduntur
3170 5130 3222 5184 in
3253 5129 3365 5195 illa,

2133 5216 2258 5272 Haec
2280 5229 2539 5284 superans
2562 5231 2756 5270 munus
2786 5217 2931 5273 mille
2961 5218 3162 5275 talenta
3182 5220 3351 5291 pium.

2125 5384 2149 5420 ἀ
2180 5383 2301 5447 Μι..
2322 5383 2605 5438 (uxorium.

2132 5463 2154 5521 ὲ
2182 5453 2257 5521 Ita
2284 5452 2421 5521 lego,
2448 5454 2587 5517 loco,
2612 5455 2792 5509 bonos.

2134 5520 2151 5591 τ
2180 5520 2303 5591 με..
2332 5520 2392 5575 tu
2418 5533 2642 5591 percute.

2133 5590 2159 5627 ³
2186 5587 2308 5652 Ms.,
2337 5587 2501 5645 sonet.
2672 5644 2674 5648 ,

2131 5656 2165 5715 ll.
2181 5656 2278 5712 Ms.
2291 5698 2303 5718 .
2340 5658 2408 5713 ad
2427 5661 2515 5729 pia
2539 5664 2748 5731 templa.
