  <div class='ocr_page' id='page_1' title='image "/cluster/home/n/w/nwhite01/storage/ocr_20150623/101/uva.x000834944/381.png"; bbox 0 0 4268 6198; ppageno 0'>
   <div class='ocr_carea' id='block_1_1' title="bbox 637 384 735 462">
    <p class='ocr_par' dir='ltr' id='par_1_1' title="bbox 637 384 735 462">
     <span class='ocr_line' id='line_1_1' title="bbox 637 384 735 462; baseline -0.041 0"><span class='ocrx_word' id='word_1_1' title='bbox 637 384 735 462; x_wconf 77' lang='lat' dir='ltr'><strong>7n</strong></span> 
     </span>
    </p>
   </div>
   <div class='ocr_carea' id='block_1_2' title="bbox 633 483 2321 587">
    <p class='ocr_par' dir='ltr' id='par_1_2' title="bbox 633 483 2321 587">
     <span class='ocr_line' id='line_1_2' title="bbox 633 483 2321 587; baseline -0.02 -18"><span class='ocrx_word' id='word_1_2' title='bbox 633 519 905 587; x_wconf 58' lang='lat' dir='ltr'><strong>Spesque,</strong></span> <span class='ocrx_word' id='word_1_3' title='bbox 923 511 1163 579; x_wconf 81' lang='lat' dir='ltr'><strong>fidesque</strong></span> <span class='ocrx_word' id='word_1_4' title='bbox 1189 503 1344 569; x_wconf 83' lang='lat' dir='ltr'><strong>simul</strong></span> <span class='ocrx_word' id='word_1_5' title='bbox 1374 502 1575 571; x_wconf 89' lang='lat' dir='ltr'><strong>pariter</strong></span> <span class='ocrx_word' id='word_1_6' title='bbox 1612 502 1962 566; x_wconf 76' lang='lat' dir='ltr'><strong>quapropter,</strong></span> <span class='ocrx_word' id='word_1_7' title='bbox 1997 490 2050 540; x_wconf 88' lang='lat' dir='ltr'><strong>in</strong></span> <span class='ocrx_word' id='word_1_8' title='bbox 2088 485 2205 540; x_wconf 89' lang='lat' dir='ltr'><strong>istis</strong></span> <span class='ocrx_word' id='word_1_9' title='bbox 2234 483 2283 542; x_wconf 76' lang='grc' dir='ltr'>Α</span> <span class='ocrx_word' id='word_1_10' title='bbox 2318 488 2321 491; x_wconf 69' lang='grc'><strong>⁷</strong></span> 
     </span>
    </p>
   </div>
   <div class='ocr_carea' id='block_1_3' title="bbox 706 589 1791 666">
    <p class='ocr_par' dir='ltr' id='par_1_3' title="bbox 706 589 1791 666">
     <span class='ocr_line' id='line_1_3' title="bbox 706 589 1791 666; baseline -0.024 -4"><span class='ocrx_word' id='word_1_11' title='bbox 706 603 1029 666; x_wconf 87' lang='lat' dir='ltr'><strong>Porticibus,</strong></span> <span class='ocrx_word' id='word_1_12' title='bbox 1060 607 1235 654; x_wconf 88' lang='lat' dir='ltr'><strong>tecum</strong></span> <span class='ocrx_word' id='word_1_13' title='bbox 1260 603 1409 649; x_wconf 87' lang='lat' dir='ltr'><strong>certa</strong></span> <span class='ocrx_word' id='word_1_14' title='bbox 1431 589 1624 646; x_wconf 89' lang='lat' dir='ltr'><strong>salutis</strong></span> <span class='ocrx_word' id='word_1_15' title='bbox 1652 594 1791 640; x_wconf 87' lang='lat' dir='ltr'><strong>erat.</strong></span> 
     </span>
    </p>
   </div>
   <div class='ocr_carea' id='block_1_4' title="bbox 637 670 1983 767">
    <p class='ocr_par' dir='ltr' id='par_1_4' title="bbox 637 670 1983 767">
     <span class='ocr_line' id='line_1_4' title="bbox 637 670 1983 767; baseline -0.025 -12"><span class='ocrx_word' id='word_1_16' title='bbox 637 701 778 767; x_wconf 83' lang='lat' dir='ltr'><strong>Quot</strong></span> <span class='ocrx_word' id='word_1_17' title='bbox 808 705 865 751; x_wconf 91' lang='lat' dir='ltr'><strong>tu</strong></span> <span class='ocrx_word' id='word_1_18' title='bbox 890 708 1013 749; x_wconf 91' lang='lat' dir='ltr'><strong>nam</strong></span> <span class='ocrx_word' id='word_1_19' title='bbox 1039 703 1264 746; x_wconf 88' lang='lat' dir='ltr'><strong>currens</strong></span> <span class='ocrx_word' id='word_1_20' title='bbox 1288 683 1519 766; x_wconf 85' lang='lat' dir='ltr'><strong>pedibus</strong></span> <span class='ocrx_word' id='word_1_21' title='bbox 1545 677 1769 747; x_wconf 86' lang='lat' dir='ltr'><strong>vestigia</strong></span> <span class='ocrx_word' id='word_1_22' title='bbox 1806 670 1983 743; x_wconf 90' lang='lat' dir='ltr'><strong>ponis,</strong></span> 
     </span>
    </p>
   </div>
   <div class='ocr_carea' id='block_1_5' title="bbox 708 760 1903 842">
    <p class='ocr_par' dir='ltr' id='par_1_5' title="bbox 708 760 1903 842">
     <span class='ocr_line' id='line_1_5' title="bbox 708 760 1903 842; baseline -0.023 0"><span class='ocrx_word' id='word_1_23' title='bbox 708 788 897 842; x_wconf 87' lang='lat' dir='ltr'><strong>Totam</strong></span> <span class='ocrx_word' id='word_1_24' title='bbox 925 780 1225 838; x_wconf 83' lang='lat' dir='ltr'><strong>mercedem</strong></span> <span class='ocrx_word' id='word_1_25' title='bbox 1251 789 1277 817; x_wconf 75' lang='grc' dir='ltr'><strong><em>ι</em></strong></span> <span class='ocrx_word' id='word_1_26' title='bbox 1308 760 1478 829; x_wconf 82' lang='lat' dir='ltr'><strong>frater</strong></span> <span class='ocrx_word' id='word_1_27' title='bbox 1507 768 1707 825; x_wconf 89' lang='lat' dir='ltr'><strong>habere</strong></span> <span class='ocrx_word' id='word_1_28' title='bbox 1736 764 1903 818; x_wconf 88' lang='lat' dir='ltr'><strong>vales.</strong></span> 
     </span>
    </p>
   </div>
   <div class='ocr_carea' id='block_1_6' title="bbox 640 857 1855 933">
    <p class='ocr_par' dir='ltr' id='par_1_6' title="bbox 640 857 1855 933">
     <span class='ocr_line' id='line_1_6' title="bbox 640 857 1855 933; baseline -0.024 0"><span class='ocrx_word' id='word_1_29' title='bbox 640 878 755 933; x_wconf 71' lang='lat' dir='ltr'><strong>Non</strong></span> <span class='ocrx_word' id='word_1_30' title='bbox 791 875 990 931; x_wconf 85' lang='lat' dir='ltr'><strong>idcirco</strong></span> <span class='ocrx_word' id='word_1_31' title='bbox 1018 870 1113 926; x_wconf 90' lang='lat' dir='ltr'><strong>tibi</strong></span> <span class='ocrx_word' id='word_1_32' title='bbox 1135 867 1379 921; x_wconf 87' lang='lat' dir='ltr'><strong>videatur</strong></span> <span class='ocrx_word' id='word_1_33' title='bbox 1415 864 1528 917; x_wconf 71' lang='lat' dir='ltr'><strong>haec</strong></span> <span class='ocrx_word' id='word_1_34' title='bbox 1553 859 1641 913; x_wconf 97' lang='lat' dir='ltr'><strong>via</strong></span> <span class='ocrx_word' id='word_1_35' title='bbox 1673 857 1855 925; x_wconf 82' lang='lat' dir='ltr'><strong>longa,</strong></span> 
     </span>
    </p>
   </div>
   <div class='ocr_carea' id='block_1_7' title="bbox 708 952 1858 1027">
    <p class='ocr_par' dir='ltr' id='par_1_7' title="bbox 708 952 1858 1027">
     <span class='ocr_line' id='line_1_7' title="bbox 708 952 1858 1027; baseline -0.024 -3"><span class='ocrx_word' id='word_1_36' title='bbox 708 970 810 1024; x_wconf 91' lang='lat' dir='ltr'><strong>Per</strong></span> <span class='ocrx_word' id='word_1_37' title='bbox 835 969 975 1021; x_wconf 89' lang='lat' dir='ltr'><strong>hanc</strong></span> <span class='ocrx_word' id='word_1_38' title='bbox 998 962 1255 1018; x_wconf 72' lang='lat' dir='ltr'><strong>cmlorum</strong></span> <span class='ocrx_word' id='word_1_39' title='bbox 1292 955 1475 1027; x_wconf 89' lang='lat' dir='ltr'><strong>pervia</strong></span> <span class='ocrx_word' id='word_1_40' title='bbox 1504 958 1659 1022; x_wconf 90' lang='lat' dir='ltr'><strong>porta</strong></span> <span class='ocrx_word' id='word_1_41' title='bbox 1685 952 1858 1016; x_wconf 86' lang='lat' dir='ltr'><strong>patet.</strong></span> 
     </span>
    </p>
   </div>
   <div class='ocr_carea' id='block_1_8' title="bbox 641 1033 1905 1126">
    <p class='ocr_par' dir='ltr' id='par_1_8' title="bbox 641 1033 1905 1126">
     <span class='ocr_line' id='line_1_8' title="bbox 641 1033 1905 1126; baseline -0.025 -12"><span class='ocrx_word' id='word_1_42' title='bbox 641 1060 788 1114; x_wconf 81' lang='lat' dir='ltr'><strong>Felix</strong></span> <span class='ocrx_word' id='word_1_43' title='bbox 816 1057 1010 1126; x_wconf 88' lang='lat' dir='ltr'><strong>quippe</strong></span> <span class='ocrx_word' id='word_1_44' title='bbox 1038 1052 1150 1106; x_wconf 91' lang='lat' dir='ltr'><strong>dies</strong></span> <span class='ocrx_word' id='word_1_45' title='bbox 1178 1049 1299 1111; x_wconf 86' lang='lat' dir='ltr'><strong>tibi,</strong></span> <span class='ocrx_word' id='word_1_46' title='bbox 1331 1061 1437 1115; x_wconf 90' lang='lat' dir='ltr'><strong>qua</strong></span> <span class='ocrx_word' id='word_1_47' title='bbox 1460 1052 1511 1096; x_wconf 91' lang='lat' dir='ltr'><strong>te</strong></span> <span class='ocrx_word' id='word_1_48' title='bbox 1536 1036 1762 1105; x_wconf 90' lang='lat' dir='ltr'><strong>suscipit</strong></span> <span class='ocrx_word' id='word_1_49' title='bbox 1792 1033 1905 1095; x_wconf 91' lang='lat' dir='ltr'><strong>illa,</strong></span> 
     </span>
    </p>
   </div>
   <div class='ocr_carea' id='block_1_9' title="bbox 712 1134 1787 1207">
    <p class='ocr_par' dir='ltr' id='par_1_9' title="bbox 712 1134 1787 1207">
     <span class='ocr_line' id='line_1_9' title="bbox 712 1134 1787 1207; baseline -0.026 -2"><span class='ocrx_word' id='word_1_50' title='bbox 712 1150 822 1204; x_wconf 67' lang='lat' dir='ltr'><strong>Illic</strong></span> <span class='ocrx_word' id='word_1_51' title='bbox 850 1161 970 1201; x_wconf 86' lang='lat' dir='ltr'><strong>cum</strong></span> <span class='ocrx_word' id='word_1_52' title='bbox 995 1142 1209 1198; x_wconf 83' lang='lat' dir='ltr'><strong>ChriSto</strong></span> <span class='ocrx_word' id='word_1_53' title='bbox 1237 1151 1404 1207; x_wconf 82' lang='lat' dir='ltr'><strong>regna</strong></span> <span class='ocrx_word' id='word_1_54' title='bbox 1430 1134 1587 1187; x_wconf 88' lang='lat' dir='ltr'><strong>beata</strong></span> <span class='ocrx_word' id='word_1_55' title='bbox 1612 1137 1787 1182; x_wconf 87' lang='lat' dir='ltr'><strong>tenes.</strong></span> 
     </span>
    </p>
   </div>
   <div class='ocr_carea' id='block_1_10' title="bbox 645 1210 2143 1304">
    <p class='ocr_par' dir='ltr' id='par_1_10' title="bbox 645 1210 2143 1304">
     <span class='ocr_line' id='line_1_10' title="bbox 645 1210 2143 1304; baseline -0.025 -6"><span class='ocrx_word' id='word_1_56' title='bbox 645 1242 855 1297; x_wconf 88' lang='lat' dir='ltr'><strong>Currite</strong></span> <span class='ocrx_word' id='word_1_57' title='bbox 886 1251 980 1291; x_wconf 90' lang='lat' dir='ltr'><strong>vos</strong></span> <span class='ocrx_word' id='word_1_58' title='bbox 1001 1234 1227 1304; x_wconf 89' lang='lat' dir='ltr'><strong>juvenes</strong></span> <span class='ocrx_word' id='word_1_59' title='bbox 1247 1226 1448 1283; x_wconf 77' lang='lat' dir='ltr'><strong>Christi</strong></span> <span class='ocrx_word' id='word_1_60' title='bbox 1480 1226 1837 1293; x_wconf 78' lang='lat' dir='ltr'><strong>properanter</strong></span> <span class='ocrx_word' id='word_1_61' title='bbox 1861 1214 1913 1266; x_wconf 92' lang='lat' dir='ltr'><strong>in</strong></span> <span class='ocrx_word' id='word_1_62' title='bbox 1943 1210 2143 1272; x_wconf 82' lang='lat' dir='ltr'><strong>aulam,</strong></span> 
     </span>
    </p>
   </div>
   <div class='ocr_carea' id='block_1_11' title="bbox 712 1306 1897 1384">
    <p class='ocr_par' dir='ltr' id='par_1_11' title="bbox 712 1306 1897 1384">
     <span class='ocr_line' id='line_1_11' title="bbox 712 1306 1897 1384; baseline -0.024 0"><span class='ocrx_word' id='word_1_63' title='bbox 712 1329 791 1384; x_wconf 79' lang='lat' dir='ltr'><strong>Ad</strong></span> <span class='ocrx_word' id='word_1_64' title='bbox 822 1325 1030 1381; x_wconf 88' lang='lat' dir='ltr'><strong>laudem</strong></span> <span class='ocrx_word' id='word_1_65' title='bbox 1051 1318 1251 1376; x_wconf 81' lang='lat' dir='ltr'><strong>Christi</strong></span> <span class='ocrx_word' id='word_1_66' title='bbox 1272 1314 1497 1377; x_wconf 85' lang='lat' dir='ltr'><strong>currite,</strong></span> <span class='ocrx_word' id='word_1_67' title='bbox 1527 1324 1625 1363; x_wconf 93' lang='lat' dir='ltr'><strong>vos</strong></span> <span class='ocrx_word' id='word_1_68' title='bbox 1647 1306 1897 1377; x_wconf 84' lang='lat' dir='ltr'><strong>juvenes.</strong></span> 
     </span>
    </p>
   </div>
   <div class='ocr_carea' id='block_1_12' title="bbox 651 1399 2009 1493">
    <p class='ocr_par' dir='ltr' id='par_1_12' title="bbox 651 1399 2009 1493">
     <span class='ocr_line' id='line_1_12' title="bbox 651 1399 2009 1493; baseline -0.026 -15"><span class='ocrx_word' id='word_1_69' title='bbox 651 1409 1228 1493; x_wconf 22' lang='lat' dir='ltr'><strong>Unanimesquexsimul</strong></span> <span class='ocrx_word' id='word_1_70' title='bbox 1254 1420 1433 1478; x_wconf 81' lang='lat' dir='ltr'><strong>regem</strong></span> <span class='ocrx_word' id='word_1_71' title='bbox 1453 1399 1667 1456; x_wconf 87' lang='lat' dir='ltr'><strong>laudate</strong></span> <span class='ocrx_word' id='word_1_72' title='bbox 1696 1406 2009 1464; x_wconf 88' lang='lat' dir='ltr'><strong>supernum,</strong></span> 
     </span>
    </p>
   </div>
   <div class='ocr_carea' id='block_1_13' title="bbox 718 1485 1966 1577">
    <p class='ocr_par' dir='ltr' id='par_1_13' title="bbox 718 1485 1966 1577">
     <span class='ocr_line' id='line_1_13' title="bbox 718 1485 1966 1577; baseline -0.024 -11"><span class='ocrx_word' id='word_1_73' title='bbox 718 1512 941 1577; x_wconf 86' lang='lat' dir='ltr'><strong>Semper</strong></span> <span class='ocrx_word' id='word_1_74' title='bbox 965 1485 1143 1559; x_wconf 75' lang='lat' dir='ltr'><strong>amate</strong></span> <span class='ocrx_word' id='word_1_75' title='bbox 1169 1501 1340 1555; x_wconf 90' lang='lat' dir='ltr'><strong>Deum</strong></span> <span class='ocrx_word' id='word_1_76' title='bbox 1364 1494 1754 1558; x_wconf 90' lang='lat' dir='ltr'><strong>unanimesque</strong></span> <span class='ocrx_word' id='word_1_77' title='bbox 1789 1485 1966 1541; x_wconf 91' lang='lat' dir='ltr'><strong>simul.</strong></span> 
     </span>
    </p>
   </div>
   <div class='ocr_carea' id='block_1_14' title="bbox 655 1585 2100 1667">
    <p class='ocr_par' dir='ltr' id='par_1_14' title="bbox 655 1585 2100 1667">
     <span class='ocr_line' id='line_1_14' title="bbox 655 1585 2100 1667; baseline -0.023 -11"><span class='ocrx_word' id='word_1_78' title='bbox 655 1602 711 1655; x_wconf 86' lang='lat' dir='ltr'><strong>Si</strong></span> <span class='ocrx_word' id='word_1_79' title='bbox 742 1611 977 1667; x_wconf 82' lang='lat' dir='ltr'><strong>nequeas</strong></span> <span class='ocrx_word' id='word_1_80' title='bbox 1005 1593 1230 1662; x_wconf 83' lang='lat' dir='ltr'><strong>pedibus</strong></span> <span class='ocrx_word' id='word_1_81' title='bbox 1258 1585 1458 1649; x_wconf 88' lang='lat' dir='ltr'><strong>senior,</strong></span> <span class='ocrx_word' id='word_1_82' title='bbox 1490 1596 1643 1651; x_wconf 87' lang='lat' dir='ltr'><strong>rogo,</strong></span> <span class='ocrx_word' id='word_1_83' title='bbox 1676 1586 1897 1646; x_wconf 81' lang='lat' dir='ltr'><strong>pectore</strong></span> <span class='ocrx_word' id='word_1_84' title='bbox 1920 1587 2100 1633; x_wconf 80' lang='lat' dir='ltr'><strong>curre,</strong></span> 
     </span>
    </p>
   </div>
   <div class='ocr_carea' id='block_1_15' title="bbox 722 1667 1937 1757">
    <p class='ocr_par' dir='ltr' id='par_1_15' title="bbox 722 1667 1937 1757">
     <span class='ocr_line' id='line_1_15' title="bbox 722 1667 1937 1757; baseline -0.023 -12"><span class='ocrx_word' id='word_1_85' title='bbox 722 1690 894 1744; x_wconf 77' lang='lat' dir='ltr'><strong>Mente</strong></span> <span class='ocrx_word' id='word_1_86' title='bbox 915 1685 1093 1757; x_wconf 90' lang='lat' dir='ltr'><strong>polum</strong></span> <span class='ocrx_word' id='word_1_87' title='bbox 1117 1679 1336 1741; x_wconf 85' lang='lat' dir='ltr'><strong>scande,</strong></span> <span class='ocrx_word' id='word_1_88' title='bbox 1359 1677 1404 1731; x_wconf 88' lang='lat' dir='ltr'><strong>si</strong></span> <span class='ocrx_word' id='word_1_89' title='bbox 1430 1686 1668 1743; x_wconf 85' lang='lat' dir='ltr'><strong>nequeas</strong></span> <span class='ocrx_word' id='word_1_90' title='bbox 1692 1667 1937 1739; x_wconf 90' lang='lat' dir='ltr'><strong>pedibus.</strong></span> 
     </span>
    </p>
   </div>
   <div class='ocr_carea' id='block_1_16' title="bbox 1316 1790 1548 1847">
    <p class='ocr_par' dir='ltr' id='par_1_16' title="bbox 1316 1790 1548 1847">
     <span class='ocr_line' id='line_1_16' title="bbox 1316 1790 1548 1847; baseline -0.022 0"><span class='ocrx_word' id='word_1_91' title='bbox 1316 1790 1548 1847; x_wconf 85' lang='lat' dir='ltr'><strong>LXXIII.</strong></span> 
     </span>
    </p>
   </div>
   <div class='ocr_carea' id='block_1_17' title="bbox 1049 1865 1913 1965">
    <p class='ocr_par' dir='ltr' id='par_1_17' title="bbox 1049 1865 1913 1965">
     <span class='ocr_line' id='line_1_17' title="bbox 1049 1865 1913 1965; baseline -0.017 -23"><span class='ocrx_word' id='word_1_92' title='bbox 1049 1885 1356 1965; x_wconf 70' lang='lat' dir='ltr'><strong>Adhortatio</strong></span> <span class='ocrx_word' id='word_1_93' title='bbox 1382 1883 1447 1936; x_wconf 81' lang='lat' dir='ltr'><strong>ad</strong></span> <span class='ocrx_word' id='word_1_94' title='bbox 1474 1865 1683 1934; x_wconf 71' lang='lat' dir='ltr'><strong>laudem</strong></span> <span class='ocrx_word' id='word_1_95' title='bbox 1721 1875 1837 1930; x_wconf 71' lang='lat' dir='ltr'><strong>Dei.</strong></span> <span class='ocrx_word' id='word_1_96' title='bbox 1904 1868 1913 1872; x_wconf 71' lang='grc'><em>“</em></span> 
     </span>
    </p>
   </div>
   <div class='ocr_carea' id='block_1_18' title="bbox 660 1966 2015 2049">
    <p class='ocr_par' dir='ltr' id='par_1_18' title="bbox 660 1966 2015 2049">
     <span class='ocr_line' id='line_1_18' title="bbox 660 1966 2015 2049; baseline -0.021 -7"><span class='ocrx_word' id='word_1_97' title='bbox 660 1987 870 2041; x_wconf 89' lang='lat' dir='ltr'><strong>Discute</strong></span> <span class='ocrx_word' id='word_1_98' title='bbox 897 1986 1191 2049; x_wconf 85' lang='lat' dir='ltr'><strong>torpentes,</strong></span> <span class='ocrx_word' id='word_1_99' title='bbox 1214 1974 1403 2037; x_wconf 81' lang='lat' dir='ltr'><strong>frater,</strong></span> <span class='ocrx_word' id='word_1_100' title='bbox 1421 1970 1526 2029; x_wconf 77' lang='lat' dir='ltr'><strong>tibi</strong></span> <span class='ocrx_word' id='word_1_101' title='bbox 1553 1966 1744 2037; x_wconf 78' lang='lat' dir='ltr'><strong>pollice</strong></span> <span class='ocrx_word' id='word_1_102' title='bbox 1775 1976 2015 2025; x_wconf 81' lang='lat' dir='ltr'><strong>somnos,</strong></span> 
     </span>
    </p>
   </div>
   <div class='ocr_carea' id='block_1_19' title="bbox 728 2049 2227 2137">
    <p class='ocr_par' dir='ltr' id='par_1_19' title="bbox 728 2049 2227 2137">
     <span class='ocr_line' id='line_1_19' title="bbox 728 2049 2227 2137; baseline -0.022 -6"><span class='ocrx_word' id='word_1_103' title='bbox 728 2077 793 2132; x_wconf 88' lang='lat' dir='ltr'><strong>Et</strong></span> <span class='ocrx_word' id='word_1_104' title='bbox 820 2070 1082 2129; x_wconf 88' lang='lat' dir='ltr'><strong>contende</strong></span> <span class='ocrx_word' id='word_1_105' title='bbox 1120 2066 1268 2137; x_wconf 88' lang='lat' dir='ltr'><strong>prior</strong></span> <span class='ocrx_word' id='word_1_106' title='bbox 1307 2071 1487 2118; x_wconf 90' lang='lat' dir='ltr'><strong>mente</strong></span> <span class='ocrx_word' id='word_1_107' title='bbox 1522 2058 1676 2132; x_wconf 74' lang='lat' dir='ltr'><strong>[Ills.,</strong></span> <span class='ocrx_word' id='word_1_108' title='bbox 1708 2050 1873 2125; x_wconf 90' lang='lat' dir='ltr'><strong>tecta]</strong></span> <span class='ocrx_word' id='word_1_109' title='bbox 1902 2053 2083 2107; x_wconf 80' lang='lat' dir='ltr'><strong>subire</strong></span> <span class='ocrx_word' id='word_1_110' title='bbox 2114 2049 2227 2104; x_wconf 85' lang='lat' dir='ltr'><strong>Dei.</strong></span> 
     </span>
    </p>
   </div>
   <div class='ocr_carea' id='block_1_20' title="bbox 663 2143 2004 2235">
    <p class='ocr_par' dir='ltr' id='par_1_20' title="bbox 663 2143 2004 2235">
     <span class='ocr_line' id='line_1_20' title="bbox 663 2143 2004 2235; baseline -0.022 -11"><span class='ocrx_word' id='word_1_111' title='bbox 663 2170 805 2223; x_wconf 86' lang='lat' dir='ltr'><strong>Intra</strong></span> <span class='ocrx_word' id='word_1_112' title='bbox 830 2164 1028 2235; x_wconf 90' lang='lat' dir='ltr'><strong>quippe</strong></span> <span class='ocrx_word' id='word_1_113' title='bbox 1053 2159 1201 2228; x_wconf 83' lang='lat' dir='ltr'><strong>prior</strong></span> <span class='ocrx_word' id='word_1_114' title='bbox 1234 2153 1507 2224; x_wconf 89' lang='lat' dir='ltr'><strong>templum,</strong></span> <span class='ocrx_word' id='word_1_115' title='bbox 1542 2147 1635 2203; x_wconf 89' lang='lat' dir='ltr'><strong>sed</strong></span> <span class='ocrx_word' id='word_1_116' title='bbox 1665 2144 1870 2199; x_wconf 86' lang='lat' dir='ltr'><strong>tardior</strong></span> <span class='ocrx_word' id='word_1_117' title='bbox 1895 2143 2004 2203; x_wconf 75' lang='lat' dir='ltr'><strong>exi,</strong></span> 
     </span>
    </p>
   </div>
   <div class='ocr_carea' id='block_1_21' title="bbox 732 2245 1850 2317">
    <p class='ocr_par' dir='ltr' id='par_1_21' title="bbox 732 2245 1850 2317">
     <span class='ocr_line' id='line_1_21' title="bbox 732 2245 1850 2317; baseline -0.023 -1"><span class='ocrx_word' id='word_1_118' title='bbox 732 2260 808 2315; x_wconf 92' lang='lat' dir='ltr'><strong>Te</strong></span> <span class='ocrx_word' id='word_1_119' title='bbox 838 2254 1038 2314; x_wconf 80' lang='lat' dir='ltr'><strong>Christi</strong></span> <span class='ocrx_word' id='word_1_120' title='bbox 1063 2254 1221 2308; x_wconf 88' lang='lat' dir='ltr'><strong>ducat</strong></span> <span class='ocrx_word' id='word_1_121' title='bbox 1244 2257 1401 2317; x_wconf 89' lang='lat' dir='ltr'><strong>atque</strong></span> <span class='ocrx_word' id='word_1_122' title='bbox 1427 2245 1649 2299; x_wconf 88' lang='lat' dir='ltr'><strong>reducat</strong></span> <span class='ocrx_word' id='word_1_123' title='bbox 1676 2252 1850 2293; x_wconf 86' lang='lat' dir='ltr'><strong>amor.</strong></span> 
     </span>
    </p>
   </div>
   <div class='ocr_carea' id='block_1_22' title="bbox 666 2332 2051 2420">
    <p class='ocr_par' dir='ltr' id='par_1_22' title="bbox 666 2332 2051 2420">
     <span class='ocr_line' id='line_1_22' title="bbox 666 2332 2051 2420; baseline -0.023 -14"><span class='ocrx_word' id='word_1_124' title='bbox 666 2350 877 2420; x_wconf 84' lang='lat' dir='ltr'><strong>Septies</strong></span> <span class='ocrx_word' id='word_1_125' title='bbox 904 2348 1068 2415; x_wconf 87' lang='lat' dir='ltr'><strong>inque</strong></span> <span class='ocrx_word' id='word_1_126' title='bbox 1089 2343 1174 2399; x_wconf 90' lang='lat' dir='ltr'><strong>die</strong></span> <span class='ocrx_word' id='word_1_127' title='bbox 1199 2340 1484 2394; x_wconf 89' lang='lat' dir='ltr'><strong>Dominum</strong></span> <span class='ocrx_word' id='word_1_128' title='bbox 1509 2332 1730 2387; x_wconf 88' lang='lat' dir='ltr'><strong>laudare</strong></span> <span class='ocrx_word' id='word_1_129' title='bbox 1760 2334 2051 2384; x_wconf 81' lang='lat' dir='ltr'><strong>memento,</strong></span> 
     </span>
    </p>
   </div>
   <div class='ocr_carea' id='block_1_23' title="bbox 738 2417 1837 2497">
    <p class='ocr_par' dir='ltr' id='par_1_23' title="bbox 738 2417 1837 2497">
     <span class='ocr_line' id='line_1_23' title="bbox 738 2417 1837 2497; baseline -0.026 0"><span class='ocrx_word' id='word_1_130' title='bbox 738 2417 807 2497; x_wconf 66' lang='lat' dir='ltr'><strong>Iit</strong></span> <span class='ocrx_word' id='word_1_131' title='bbox 830 2437 1117 2493; x_wconf 84' lang='lat' dir='ltr'><strong>Psalmista</strong></span> <span class='ocrx_word' id='word_1_132' title='bbox 1140 2430 1287 2486; x_wconf 89' lang='lat' dir='ltr'><strong>canit</strong></span> <span class='ocrx_word' id='word_1_133' title='bbox 1310 2424 1480 2480; x_wconf 81' lang='lat' dir='ltr'><strong>David</strong></span> <span class='ocrx_word' id='word_1_134' title='bbox 1504 2422 1572 2476; x_wconf 91' lang='lat' dir='ltr'><strong>ab</strong></span> <span class='ocrx_word' id='word_1_135' title='bbox 1598 2434 1693 2474; x_wconf 89' lang='lat' dir='ltr'><strong>ore</strong></span> <span class='ocrx_word' id='word_1_136' title='bbox 1720 2417 1837 2471; x_wconf 89' lang='lat' dir='ltr'><strong>Dei.</strong></span> 
     </span>
    </p>
   </div>
   <div class='ocr_carea' id='block_1_24' title="bbox 703 2528 2208 2620">
    <p class='ocr_par' dir='ltr' id='par_1_24' title="bbox 703 2528 2208 2620">
     <span class='ocr_line' id='line_1_24' title="bbox 703 2528 2208 2620; baseline -0.025 -10"><span class='ocrx_word' id='word_1_137' title='bbox 703 2563 809 2610; x_wconf 74' lang='grc' dir='ltr'><strong>ιν.</strong></span> <span class='ocrx_word' id='word_1_138' title='bbox 850 2559 940 2607; x_wconf 79' lang='grc' dir='ltr'><strong>ιιι</strong></span> <span class='ocrx_word' id='word_1_139' title='bbox 989 2536 1909 2620; x_wconf 20' lang='grc' dir='ltr'><strong>ρυοοιοξῖεφξξεςξιιο,</strong></span> <span class='ocrx_word' id='word_1_140' title='bbox 1952 2528 2208 2579; x_wconf 69' lang='grc' dir='ltr'><strong>ποειτε</strong></span> 
     </span>
    </p>
   </div>
   <div class='ocr_carea' id='block_1_25' title="bbox 1162 2609 1755 2667">
    <p class='ocr_par' dir='ltr' id='par_1_25' title="bbox 1162 2609 1755 2667">
     <span class='ocr_line' id='line_1_25' title="bbox 1162 2609 1755 2667; baseline -0.029 1"><span class='ocrx_word' id='word_1_141' title='bbox 1162 2611 1650 2667; x_wconf 65' lang='grc' dir='ltr'><strong>Ιοιιιιιιοειι</strong></span> <span class='ocrx_word' id='word_1_142' title='bbox 1661 2609 1755 2655; x_wconf 72' lang='grc' dir='ltr'><strong>δι.</strong></span> 
     </span>
    </p>
   </div>
   <div class='ocr_carea' id='block_1_26' title="bbox 1342 2708 1584 2769">
    <p class='ocr_par' dir='ltr' id='par_1_26' title="bbox 1342 2708 1584 2769">
     <span class='ocr_line' id='line_1_26' title="bbox 1342 2708 1584 2769; baseline -0.025 -2"><span class='ocrx_word' id='word_1_143' title='bbox 1342 2708 1584 2769; x_wconf 76' lang='lat' dir='ltr'><strong>LXXIV.</strong></span> 
     </span>
    </p>
   </div>
   <div class='ocr_carea' id='block_1_27' title="bbox 749 2789 2182 2875">
    <p class='ocr_par' dir='ltr' id='par_1_27' title="bbox 749 2789 2182 2875">
     <span class='ocr_line' id='line_1_27' title="bbox 749 2789 2182 2875; baseline -0.025 1"><span class='ocrx_word' id='word_1_144' title='bbox 749 2822 827 2875; x_wconf 80' lang='lat' dir='ltr'><strong>Ad</strong></span> <span class='ocrx_word' id='word_1_145' title='bbox 854 2816 1123 2873; x_wconf 71' lang='lat' dir='ltr'><strong>ecclesiam</strong></span> <span class='ocrx_word' id='word_1_146' title='bbox 1146 2798 1735 2875; x_wconf 67' lang='lat' dir='ltr'><strong>sanctorum_La_irtl7erti</strong></span> <span class='ocrx_word' id='word_1_147' title='bbox 1770 2804 1815 2875; x_wconf 71' lang='lat' dir='ltr'><strong>et</strong></span> <span class='ocrx_word' id='word_1_148' title='bbox 1853 2789 2100 2853; x_wconf 70' lang='lat' dir='ltr'><strong>chilicr,</strong></span> <span class='ocrx_word' id='word_1_149' title='bbox 2128 2791 2182 2842; x_wconf 77' lang='lat' dir='ltr'><strong>in</strong></span> 
     </span>
    </p>
   </div>
   <div class='ocr_carea' id='block_1_28' title="bbox 1100 2867 1826 2935">
    <p class='ocr_par' dir='ltr' id='par_1_28' title="bbox 1100 2867 1826 2935">
     <span class='ocr_line' id='line_1_28' title="bbox 1100 2867 1826 2935; baseline -0.023 0"><span class='ocrx_word' id='word_1_150' title='bbox 1100 2876 1414 2935; x_wconf 84' lang='lat' dir='ltr'><strong>monasterio</strong></span> <span class='ocrx_word' id='word_1_151' title='bbox 1446 2867 1826 2926; x_wconf 77' lang='lat' dir='ltr'><strong>Nobiliacensi.</strong></span> 
     </span>
    </p>
   </div>
   <div class='ocr_carea' id='block_1_29' title="bbox 688 2973 1954 3074">
    <p class='ocr_par' dir='ltr' id='par_1_29' title="bbox 688 2973 1954 3074">
     <span class='ocr_line' id='line_1_29' title="bbox 688 2973 1954 3074; baseline -0.024 -16"><span class='ocrx_word' id='word_1_152' title='bbox 688 2976 946 3074; x_wconf 65' lang='lat' dir='ltr'><strong>Egregius</strong></span> <span class='ocrx_word' id='word_1_153' title='bbox 975 3004 1200 3064; x_wconf 78' lang='lat' dir='ltr'><strong>martyr,</strong></span> <span class='ocrx_word' id='word_1_154' title='bbox 1228 2985 1425 3061; x_wconf 71' lang='lat' dir='ltr'><strong>praesul</strong></span> <span class='ocrx_word' id='word_1_155' title='bbox 1445 2980 1759 3048; x_wconf 88' lang='lat' dir='ltr'><strong>Christique</strong></span> <span class='ocrx_word' id='word_1_156' title='bbox 1783 2973 1954 3030; x_wconf 81' lang='lat' dir='ltr'><strong>ﬁdelis</strong></span> 
     </span>
    </p>
   </div>
   <div class='ocr_carea' id='block_1_30' title="bbox 761 3063 2053 3147">
    <p class='ocr_par' dir='ltr' id='par_1_30' title="bbox 761 3063 2053 3147">
     <span class='ocr_line' id='line_1_30' title="bbox 761 3063 2053 3147; baseline -0.028 1"><span class='ocrx_word' id='word_1_157' title='bbox 761 3063 883 3147; x_wconf 49' lang='lat' dir='ltr'><strong>Huic</strong></span> <span class='ocrx_word' id='word_1_158' title='bbox 914 3089 1032 3143; x_wconf 76' lang='lat' dir='ltr'><strong>loca</strong></span> <span class='ocrx_word' id='word_1_159' title='bbox 1052 3063 1371 3139; x_wconf 75' lang='lat' dir='ltr'><strong>Lambertus</strong></span> <span class='ocrx_word' id='word_1_160' title='bbox 1398 3072 1596 3143; x_wconf 83' lang='lat' dir='ltr'><strong>inclyta</strong></span> <span class='ocrx_word' id='word_1_161' title='bbox 1624 3076 1845 3124; x_wconf 86' lang='lat' dir='ltr'><strong>sanctus</strong></span> <span class='ocrx_word' id='word_1_162' title='bbox 1870 3063 2053 3119; x_wconf 89' lang='lat' dir='ltr'><strong>habet.</strong></span> 
     </span>
    </p>
   </div>
   <div class='ocr_carea' id='block_1_31' title="bbox 684 3155 1922 3255">
    <p class='ocr_par' dir='ltr' id='par_1_31' title="bbox 684 3155 1922 3255">
     <span class='ocr_line' id='line_1_31' title="bbox 684 3155 1922 3255; baseline -0.029 -14"><span class='ocrx_word' id='word_1_163' title='bbox 684 3184 931 3255; x_wconf 73' lang='lat' dir='ltr'><strong>Iungitur</strong></span> <span class='ocrx_word' id='word_1_164' title='bbox 961 3178 1087 3233; x_wconf 87' lang='lat' dir='ltr'><strong>huic</strong></span> <span class='ocrx_word' id='word_1_165' title='bbox 1114 3171 1260 3229; x_wconf 85' lang='lat' dir='ltr'><strong>Patri</strong></span> <span class='ocrx_word' id='word_1_166' title='bbox 1286 3166 1490 3237; x_wconf 89' lang='lat' dir='ltr'><strong>pariter</strong></span> <span class='ocrx_word' id='word_1_167' title='bbox 1510 3158 1721 3217; x_wconf 60' lang='lat' dir='ltr'><strong>Caecilia</strong></span> <span class='ocrx_word' id='word_1_168' title='bbox 1745 3155 1922 3223; x_wconf 86' lang='lat' dir='ltr'><strong>virgo,</strong></span> 
     </span>
    </p>
   </div>
   <div class='ocr_carea' id='block_1_32' title="bbox 759 3243 1889 3343">
    <p class='ocr_par' dir='ltr' id='par_1_32' title="bbox 759 3243 1889 3343">
     <span class='ocr_line' id='line_1_32' title="bbox 759 3243 1889 3343; baseline -0.03 -12"><span class='ocrx_word' id='word_1_169' title='bbox 759 3243 1077 3343; x_wconf 62' lang='lat' dir='ltr'><strong>virginitate</strong></span> <span class='ocrx_word' id='word_1_170' title='bbox 1104 3273 1294 3336; x_wconf 90' lang='lat' dir='ltr'><strong>potens</strong></span> <span class='ocrx_word' id='word_1_171' title='bbox 1316 3252 1686 3341; x_wconf 12' lang='lat' dir='ltr'><strong>‘martyrioque</strong></span> <span class='ocrx_word' id='word_1_172' title='bbox 1711 3243 1889 3301; x_wconf 91' lang='lat' dir='ltr'><strong>simul.</strong></span> 
     </span>
    </p>
   </div>
   <div class='ocr_carea' id='block_1_33' title="bbox 693 3334 1979 3423">
    <p class='ocr_par' dir='ltr' id='par_1_33' title="bbox 693 3334 1979 3423">
     <span class='ocr_line' id='line_1_33' title="bbox 693 3334 1979 3423; baseline -0.03 1"><span class='ocrx_word' id='word_1_173' title='bbox 693 3334 944 3422; x_wconf 70' lang='lat' dir='ltr'><strong>Ecclesia:</strong></span> <span class='ocrx_word' id='word_1_174' title='bbox 967 3334 1140 3416; x_wconf 74' lang='lat' dir='ltr'><strong>fuerat</strong></span> <span class='ocrx_word' id='word_1_175' title='bbox 1166 3338 1394 3423; x_wconf 84' lang='lat' dir='ltr'><strong>magnus</strong></span> <span class='ocrx_word' id='word_1_176' title='bbox 1419 3361 1543 3401; x_wconf 89' lang='lat' dir='ltr'><strong>nam</strong></span> <span class='ocrx_word' id='word_1_177' title='bbox 1571 3348 1757 3413; x_wconf 87' lang='lat' dir='ltr'><strong>pastor</strong></span> <span class='ocrx_word' id='word_1_178' title='bbox 1781 3345 1835 3391; x_wconf 92' lang='lat' dir='ltr'><strong>et</strong></span> <span class='ocrx_word' id='word_1_179' title='bbox 1862 3334 1947 3389; x_wconf 89' lang='lat' dir='ltr'><strong>ille</strong></span> <span class='ocrx_word' id='word_1_180' title='bbox 1964 3374 1979 3397; x_wconf 95' lang='lat'><strong>,</strong></span> 
     </span>
    </p>
   </div>
   <div class='ocr_carea' id='block_1_34' title="bbox 767 3430 1942 3515">
    <p class='ocr_par' dir='ltr' id='par_1_34' title="bbox 767 3430 1942 3515">
     <span class='ocr_line' id='line_1_34' title="bbox 767 3430 1942 3515; baseline -0.031 -2"><span class='ocrx_word' id='word_1_181' title='bbox 767 3458 888 3512; x_wconf 59' lang='lat' dir='ltr'><strong>Haec</strong></span> <span class='ocrx_word' id='word_1_182' title='bbox 911 3450 1111 3507; x_wconf 84' lang='lat' dir='ltr'><strong>Christi</strong></span> <span class='ocrx_word' id='word_1_183' title='bbox 1140 3445 1279 3515; x_wconf 86' lang='lat' dir='ltr'><strong>regis</strong></span> <span class='ocrx_word' id='word_1_184' title='bbox 1313 3451 1508 3510; x_wconf 87' lang='lat' dir='ltr'><strong>sponsa</strong></span> <span class='ocrx_word' id='word_1_185' title='bbox 1532 3430 1786 3503; x_wconf 85' lang='lat' dir='ltr'><strong>perennis</strong></span> <span class='ocrx_word' id='word_1_186' title='bbox 1807 3432 1942 3481; x_wconf 89' lang='lat' dir='ltr'><strong>erat.</strong></span> 
     </span>
    </p>
   </div>
   <div class='ocr_carea' id='block_1_35' title="bbox 700 3514 2074 3602">
    <p class='ocr_par' dir='ltr' id='par_1_35' title="bbox 700 3514 2074 3602">
     <span class='ocr_line' id='line_1_35' title="bbox 700 3514 2074 3602; baseline -0.028 -1"><span class='ocrx_word' id='word_1_187' title='bbox 700 3548 847 3602; x_wconf 80' lang='lat' dir='ltr'><strong>Hanc</strong></span> <span class='ocrx_word' id='word_1_188' title='bbox 873 3532 1087 3598; x_wconf 88' lang='lat' dir='ltr'><strong>humilis</strong></span> <span class='ocrx_word' id='word_1_189' title='bbox 1112 3514 1279 3591; x_wconf 88' lang='lat' dir='ltr'><strong>abbas</strong></span> <span class='ocrx_word' id='word_1_190' title='bbox 1305 3530 1407 3584; x_wconf 78' lang='lat' dir='ltr'><strong>Ato</strong></span> <span class='ocrx_word' id='word_1_191' title='bbox 1430 3529 1455 3566; x_wconf 70' lang='grc' dir='ltr'>δ</span> <span class='ocrx_word' id='word_1_192' title='bbox 1483 3526 1858 3581; x_wconf 74' lang='lat' dir='ltr'><strong>construxerat</strong></span> <span class='ocrx_word' id='word_1_193' title='bbox 1884 3514 2074 3573; x_wconf 67' lang='lat' dir='ltr'><strong>azdem,</strong></span> 
     </span>
    </p>
   </div>
   <div class='ocr_carea' id='block_1_36' title="bbox 774 3608 1873 3690">
    <p class='ocr_par' dir='ltr' id='par_1_36' title="bbox 774 3608 1873 3690">
     <span class='ocr_line' id='line_1_36' title="bbox 774 3608 1873 3690; baseline -0.03 1"><span class='ocrx_word' id='word_1_194' title='bbox 774 3638 919 3690; x_wconf 88' lang='lat' dir='ltr'><strong>Dona</strong></span> <span class='ocrx_word' id='word_1_195' title='bbox 947 3631 1034 3686; x_wconf 89' lang='lat' dir='ltr'><strong>cui</strong></span> <span class='ocrx_word' id='word_1_196' title='bbox 1060 3628 1308 3684; x_wconf 87' lang='lat' dir='ltr'><strong>Christus</strong></span> <span class='ocrx_word' id='word_1_197' title='bbox 1331 3621 1493 3675; x_wconf 90' lang='lat' dir='ltr'><strong>donet</strong></span> <span class='ocrx_word' id='word_1_198' title='bbox 1519 3618 1575 3671; x_wconf 92' lang='lat' dir='ltr'><strong>in</strong></span> <span class='ocrx_word' id='word_1_199' title='bbox 1599 3626 1723 3667; x_wconf 82' lang='lat' dir='ltr'><strong>arce</strong></span> <span class='ocrx_word' id='word_1_200' title='bbox 1744 3608 1873 3678; x_wconf 90' lang='lat' dir='ltr'><strong>poli.</strong></span> 
     </span>
    </p>
   </div>
   <div class='ocr_carea' id='block_1_37' title="bbox 1371 3707 1583 3791">
    <p class='ocr_par' dir='ltr' id='par_1_37' title="bbox 1371 3707 1583 3791">
     <span class='ocr_line' id='line_1_37' title="bbox 1371 3707 1583 3791; baseline -0.033 -25"><span class='ocrx_word' id='word_1_201' title='bbox 1371 3707 1583 3791; x_wconf 66' lang='lat' dir='ltr'><strong>Lxxy.</strong></span> 
     </span>
    </p>
   </div>
   <div class='ocr_carea' id='block_1_38' title="bbox 703 3790 2264 3870">
    <p class='ocr_par' dir='ltr' id='par_1_38' title="bbox 703 3790 2264 3870">
     <span class='ocr_line' id='line_1_38' title="bbox 703 3790 2264 3870; baseline -0.023 2"><span class='ocrx_word' id='word_1_202' title='bbox 703 3819 778 3870; x_wconf 78' lang='lat' dir='ltr'><strong>Ad</strong></span> <span class='ocrx_word' id='word_1_203' title='bbox 810 3832 955 3869; x_wconf 87' lang='lat' dir='ltr'><strong>aram</strong></span> <span class='ocrx_word' id='word_1_204' title='bbox 983 3821 1280 3866; x_wconf 85' lang='lat' dir='ltr'><strong>sanctorum</strong></span> <span class='ocrx_word' id='word_1_205' title='bbox 1311 3790 1546 3869; x_wconf 74' lang='lat' dir='ltr'><strong>Quintini</strong></span> <span class='ocrx_word' id='word_1_206' title='bbox 1587 3807 1633 3851; x_wconf 88' lang='lat' dir='ltr'><strong>et</strong></span> <span class='ocrx_word' id='word_1_207' title='bbox 1674 3790 1911 3861; x_wconf 80' lang='lat' dir='ltr'><strong>Dionysii</strong></span> <span class='ocrx_word' id='word_1_208' title='bbox 1952 3795 2264 3855; x_wconf 54' lang='lat' dir='ltr'><strong>mcrtyrum.</strong></span> 
     </span>
    </p>
   </div>
   <div class='ocr_carea' id='block_1_39' title="bbox 706 3882 2013 3973">
    <p class='ocr_par' dir='ltr' id='par_1_39' title="bbox 706 3882 2013 3973">
     <span class='ocr_line' id='line_1_39' title="bbox 706 3882 2013 3973; baseline -0.026 -11"><span class='ocrx_word' id='word_1_209' title='bbox 706 3907 989 3973; x_wconf 84' lang='lat' dir='ltr'><strong>Quintinus</strong></span> <span class='ocrx_word' id='word_1_210' title='bbox 1019 3909 1244 3968; x_wconf 86' lang='lat' dir='ltr'><strong>martyr,</strong></span> <span class='ocrx_word' id='word_1_211' title='bbox 1285 3894 1450 3946; x_wconf 89' lang='lat' dir='ltr'><strong>Pater</strong></span> <span class='ocrx_word' id='word_1_212' title='bbox 1476 3897 1530 3943; x_wconf 90' lang='lat' dir='ltr'><strong>et</strong></span> <span class='ocrx_word' id='word_1_213' title='bbox 1552 3882 1839 3953; x_wconf 82' lang='lat' dir='ltr'><strong>Dionysius</strong></span> <span class='ocrx_word' id='word_1_214' title='bbox 1863 3892 2013 3931; x_wconf 88' lang='lat' dir='ltr'><strong>aram</strong></span> 
     </span>
    </p>
   </div>
   <div class='ocr_carea' id='block_1_40' title="bbox 778 3967 2109 4056">
    <p class='ocr_par' dir='ltr' id='par_1_40' title="bbox 778 3967 2109 4056">
     <span class='ocr_line' id='line_1_40' title="bbox 778 3967 2109 4056; baseline -0.024 -5"><span class='ocrx_word' id='word_1_215' title='bbox 778 3999 923 4051; x_wconf 83' lang='lat' dir='ltr'><strong>Hanc</strong></span> <span class='ocrx_word' id='word_1_216' title='bbox 952 3998 1169 4047; x_wconf 85' lang='lat' dir='ltr'><strong>servent</strong></span> <span class='ocrx_word' id='word_1_217' title='bbox 1195 3983 1447 4056; x_wconf 89' lang='lat' dir='ltr'><strong>precibus</strong></span> <span class='ocrx_word' id='word_1_218' title='bbox 1478 3993 1690 4048; x_wconf 89' lang='lat' dir='ltr'><strong>semper</strong></span> <span class='ocrx_word' id='word_1_219' title='bbox 1712 3975 1779 4029; x_wconf 91' lang='lat' dir='ltr'><strong>ab</strong></span> <span class='ocrx_word' id='word_1_220' title='bbox 1811 3975 1965 4027; x_wconf 86' lang='lat' dir='ltr'><strong>hoste</strong></span> <span class='ocrx_word' id='word_1_221' title='bbox 1998 3967 2109 4023; x_wconf 85' lang='lat' dir='ltr'><strong>suis</strong></span> 
     </span>
    </p>
   </div>
   <div class='ocr_carea' id='block_1_41' title="bbox 711 4062 1869 4142">
    <p class='ocr_par' dir='ltr' id='par_1_41' title="bbox 711 4062 1869 4142">
     <span class='ocr_line' id='line_1_41' title="bbox 711 4062 1869 4142; baseline -0.026 1"><span class='ocrx_word' id='word_1_222' title='bbox 711 4089 967 4142; x_wconf 83' lang='lat' dir='ltr'><strong>Doctores</strong></span> <span class='ocrx_word' id='word_1_223' title='bbox 1004 4082 1124 4133; x_wconf 67' lang='lat' dir='ltr'><strong>vita:</strong></span> <span class='ocrx_word' id='word_1_224' title='bbox 1151 4072 1359 4130; x_wconf 88' lang='lat' dir='ltr'><strong>meritis</strong></span> <span class='ocrx_word' id='word_1_225' title='bbox 1388 4068 1662 4123; x_wconf 86' lang='lat' dir='ltr'><strong>vivacibus</strong></span> <span class='ocrx_word' id='word_1_226' title='bbox 1688 4062 1869 4123; x_wconf 90' lang='lat' dir='ltr'><strong>ambo,</strong></span> 
     </span>
    </p>
   </div>
   <div class='ocr_carea' id='block_1_42' title="bbox 781 4158 1975 4247">
    <p class='ocr_par' dir='ltr' id='par_1_42' title="bbox 781 4158 1975 4247">
     <span class='ocr_line' id='line_1_42' title="bbox 781 4158 1975 4247; baseline -0.026 -13"><span class='ocrx_word' id='word_1_227' title='bbox 781 4170 1170 4247; x_wconf 65' lang='lat' dir='ltr'><strong>Sanguine‘qui</strong></span> <span class='ocrx_word' id='word_1_228' title='bbox 1202 4180 1357 4222; x_wconf 90' lang='lat' dir='ltr'><strong>roseo</strong></span> <span class='ocrx_word' id='word_1_229' title='bbox 1387 4174 1557 4232; x_wconf 87' lang='lat' dir='ltr'><strong>regna</strong></span> <span class='ocrx_word' id='word_1_230' title='bbox 1588 4160 1744 4212; x_wconf 90' lang='lat' dir='ltr'><strong>beata</strong></span> <span class='ocrx_word' id='word_1_231' title='bbox 1773 4158 1975 4208; x_wconf 82' lang='lat' dir='ltr'><strong>tenent.</strong></span> 
     </span>
    </p>
   </div>
   <div class='ocr_carea' id='block_1_43' title="bbox 907 4266 2081 4429">
    <p class='ocr_par' dir='ltr' id='par_1_43' title="bbox 907 4266 2081 4429">
     <span class='ocr_line' id='line_1_43' title="bbox 907 4266 2081 4429; baseline -0.025 -1"><span class='ocrx_word' id='word_1_232' title='bbox 907 4375 985 4427; x_wconf 82' lang='lat' dir='ltr'><strong>Ad</strong></span> <span class='ocrx_word' id='word_1_233' title='bbox 1012 4384 1161 4424; x_wconf 85' lang='lat' dir='ltr'><strong>aram</strong></span> <span class='ocrx_word' id='word_1_234' title='bbox 1185 4266 1745 4429; x_wconf 47' lang='lat' dir='ltr'><strong>samtohixgillibcrti</strong></span> <span class='ocrx_word' id='word_1_235' title='bbox 1769 4358 1816 4405; x_wconf 86' lang='lat' dir='ltr'><strong>et</strong></span> <span class='ocrx_word' id='word_1_236' title='bbox 1843 4348 2081 4421; x_wconf 75' lang='lat' dir='ltr'><strong>Agatha.</strong></span> 
     </span>
    </p>
   </div>
   <div class='ocr_carea' id='block_1_44' title="bbox 725 4459 2136 4551">
    <p class='ocr_par' dir='ltr' id='par_1_44' title="bbox 725 4459 2136 4551">
     <span class='ocr_line' id='line_1_44' title="bbox 725 4459 2136 4551; baseline -0.025 -4"><span class='ocrx_word' id='word_1_237' title='bbox 725 4494 872 4546; x_wconf 76' lang='lat' dir='ltr'><strong>lianc</strong></span> <span class='ocrx_word' id='word_1_238' title='bbox 896 4487 1056 4542; x_wconf 87' lang='lat' dir='ltr'><strong>Pater</strong></span> <span class='ocrx_word' id='word_1_239' title='bbox 1079 4478 1327 4551; x_wconf 85' lang='lat' dir='ltr'><strong>egregius</strong></span> <span class='ocrx_word' id='word_1_240' title='bbox 1353 4485 1503 4528; x_wconf 89' lang='lat' dir='ltr'><strong>aram</strong></span> <span class='ocrx_word' id='word_1_241' title='bbox 1529 4459 1822 4524; x_wconf 78' lang='lat' dir='ltr'><strong>Filibertus</strong></span> <span class='ocrx_word' id='word_1_242' title='bbox 1843 4472 1875 4551; x_wconf 14' lang='grc' dir='ltr'><strong>οῗ</strong></span> <span class='ocrx_word' id='word_1_243' title='bbox 1896 4459 2136 4542; x_wconf 81' lang='lat' dir='ltr'><strong>habebit,</strong></span> 
     </span>
    </p>
   </div>
   <div class='ocr_carea' id='block_1_45' title="bbox 795 4550 1988 4633">
    <p class='ocr_par' dir='ltr' id='par_1_45' title="bbox 795 4550 1988 4633">
     <span class='ocr_line' id='line_1_45' title="bbox 795 4550 1988 4633; baseline -0.026 0"><span class='ocrx_word' id='word_1_244' title='bbox 795 4576 1030 4633; x_wconf 86' lang='lat' dir='ltr'><strong>Plurima</strong></span> <span class='ocrx_word' id='word_1_245' title='bbox 1057 4550 1359 4625; x_wconf 75' lang='lat' dir='ltr'><strong>construxit</strong></span> <span class='ocrx_word' id='word_1_246' title='bbox 1381 4560 1472 4628; x_wconf 90' lang='lat' dir='ltr'><strong>qui</strong></span> <span class='ocrx_word' id='word_1_247' title='bbox 1501 4557 1616 4612; x_wconf 88' lang='lat' dir='ltr'><strong>loca</strong></span> <span class='ocrx_word' id='word_1_248' title='bbox 1645 4560 1831 4608; x_wconf 90' lang='lat' dir='ltr'><strong>sancta</strong></span> <span class='ocrx_word' id='word_1_249' title='bbox 1860 4550 1988 4604; x_wconf 85' lang='lat' dir='ltr'><strong>Deo.</strong></span> 
     </span>
    </p>
   </div>
   <div class='ocr_carea' id='block_1_46' title="bbox 727 4636 2283 4732">
    <p class='ocr_par' dir='ltr' id='par_1_46' title="bbox 727 4636 2283 4732">
     <span class='ocr_line' id='line_1_46' title="bbox 727 4636 2283 4732; baseline -0.025 -8"><span class='ocrx_word' id='word_1_250' title='bbox 727 4670 862 4725; x_wconf 82' lang='lat' dir='ltr'><strong>lluic</strong></span> <span class='ocrx_word' id='word_1_251' title='bbox 880 4672 1091 4732; x_wconf 87' lang='lat' dir='ltr'><strong>quoque</strong></span> <span class='ocrx_word' id='word_1_252' title='bbox 1110 4653 1393 4722; x_wconf 84' lang='lat' dir='ltr'><strong>conjuncta</strong></span> <span class='ocrx_word' id='word_1_253' title='bbox 1410 4654 1496 4702; x_wconf 88' lang='lat' dir='ltr'><strong>est</strong></span> <span class='ocrx_word' id='word_1_254' title='bbox 1515 4642 1815 4700; x_wconf 88' lang='lat' dir='ltr'><strong>clarissima</strong></span> <span class='ocrx_word' id='word_1_255' title='bbox 1838 4646 2044 4707; x_wconf 87' lang='lat' dir='ltr'><strong>martyr</strong></span> <span class='ocrx_word' id='word_1_256' title='bbox 2056 4636 2283 4708; x_wconf 79' lang='lat' dir='ltr'><strong>Agatlia,</strong></span> 
     </span>
    </p>
   </div>
   <div class='ocr_carea' id='block_1_47' title="bbox 796 4725 2038 4810">
    <p class='ocr_par' dir='ltr' id='par_1_47' title="bbox 796 4725 2038 4810">
     <span class='ocr_line' id='line_1_47' title="bbox 796 4725 2038 4810; baseline -0.026 0"><span class='ocrx_word' id='word_1_257' title='bbox 796 4725 1026 4810; x_wconf 75' lang='lat' dir='ltr'><strong>Venerat</strong></span> <span class='ocrx_word' id='word_1_258' title='bbox 1052 4748 1111 4803; x_wconf 86' lang='lat' dir='ltr'><strong>in</strong></span> <span class='ocrx_word' id='word_1_259' title='bbox 1135 4742 1427 4801; x_wconf 83' lang='lat' dir='ltr'><strong>thalamum</strong></span> <span class='ocrx_word' id='word_1_260' title='bbox 1456 4733 1715 4804; x_wconf 76' lang='lat' dir='ltr'><strong>sanguine</strong></span> <span class='ocrx_word' id='word_1_261' title='bbox 1740 4730 1891 4800; x_wconf 83' lang='lat' dir='ltr'><strong>virgo</strong></span> <span class='ocrx_word' id='word_1_262' title='bbox 1913 4725 2038 4797; x_wconf 90' lang='lat' dir='ltr'><strong>poli.</strong></span> 
     </span>
    </p>
   </div>
   <div class='ocr_carea' id='block_1_48' title="bbox 1310 4834 1757 4899">
    <p class='ocr_par' dir='ltr' id='par_1_48' title="bbox 1310 4834 1757 4899">
     <span class='ocr_line' id='line_1_48' title="bbox 1310 4834 1757 4899; baseline -0.025 2"><span class='ocrx_word' id='word_1_263' title='bbox 1310 4848 1311 4851; x_wconf 59' lang='grc'><em>“</em></span> <span class='ocrx_word' id='word_1_264' title='bbox 1385 4841 1637 4899; x_wconf 84' lang='lat' dir='ltr'><strong>LXXVII.</strong></span> <span class='ocrx_word' id='word_1_265' title='bbox 1756 4834 1757 4837; x_wconf 64' lang='grc'>’</span> 
     </span>
    </p>
   </div>
   <div class='ocr_carea' id='block_1_49' title="bbox 969 4921 2050 5007">
    <p class='ocr_par' dir='ltr' id='par_1_49' title="bbox 969 4921 2050 5007">
     <span class='ocr_line' id='line_1_49' title="bbox 969 4921 2050 5007; baseline -0.022 -11"><span class='ocrx_word' id='word_1_266' title='bbox 969 4943 1047 4997; x_wconf 78' lang='lat' dir='ltr'><strong>Ad</strong></span> <span class='ocrx_word' id='word_1_267' title='bbox 1075 4954 1221 4992; x_wconf 84' lang='lat' dir='ltr'><strong>aram</strong></span> <span class='ocrx_word' id='word_1_268' title='bbox 1244 4934 1409 5007; x_wconf 79' lang='lat' dir='ltr'><strong>sancti</strong></span> <span class='ocrx_word' id='word_1_269' title='bbox 1437 4928 1709 4985; x_wconf 73' lang='lat' dir='ltr'><strong>Michaelis</strong></span> <span class='ocrx_word' id='word_1_270' title='bbox 1730 4921 2050 4991; x_wconf 79' lang='lat' dir='ltr'><strong>archangeli.</strong></span> 
     </span>
    </p>
   </div>
   <div class='ocr_carea' id='block_1_50' title="bbox 737 5035 2022 5131">
    <p class='ocr_par' dir='ltr' id='par_1_50' title="bbox 737 5035 2022 5131">
     <span class='ocr_line' id='line_1_50' title="bbox 737 5035 2022 5131; baseline -0.026 -12"><span class='ocrx_word' id='word_1_271' title='bbox 737 5066 955 5131; x_wconf 75' lang='lat' dir='ltr'><strong>Magnus</strong></span> <span class='ocrx_word' id='word_1_272' title='bbox 978 5060 1044 5113; x_wconf 90' lang='lat' dir='ltr'><strong>ab</strong></span> <span class='ocrx_word' id='word_1_273' title='bbox 1067 5068 1191 5110; x_wconf 88' lang='lat' dir='ltr'><strong>arce</strong></span> <span class='ocrx_word' id='word_1_274' title='bbox 1214 5045 1436 5125; x_wconf 80' lang='lat' dir='ltr'><strong>Michael</strong></span> <span class='ocrx_word' id='word_1_275' title='bbox 1471 5039 1823 5109; x_wconf 84' lang='lat' dir='ltr'><strong>archangelus</strong></span> <span class='ocrx_word' id='word_1_276' title='bbox 1846 5035 2022 5089; x_wconf 89' lang='lat' dir='ltr'><strong>aulam</strong></span> 
     </span>
    </p>
   </div>
   <div class='ocr_carea' id='block_1_51' title="bbox 812 5122 2117 5216">
    <p class='ocr_par' dir='ltr' id='par_1_51' title="bbox 812 5122 2117 5216">
     <span class='ocr_line' id='line_1_51' title="bbox 812 5122 2117 5216; baseline -0.024 -11"><span class='ocrx_word' id='word_1_277' title='bbox 812 5122 958 5205; x_wconf 76' lang='lat' dir='ltr'><strong>[Iane</strong></span> <span class='ocrx_word' id='word_1_278' title='bbox 990 5144 1237 5216; x_wconf 80' lang='lat' dir='ltr'><strong>precibus</strong></span> <span class='ocrx_word' id='word_1_279' title='bbox 1264 5122 1476 5207; x_wconf 81' lang='lat' dir='ltr'><strong>semper</strong></span> <span class='ocrx_word' id='word_1_280' title='bbox 1506 5138 1688 5199; x_wconf 75' lang='lat' dir='ltr'><strong>servet</strong></span> <span class='ocrx_word' id='word_1_281' title='bbox 1716 5129 1783 5182; x_wconf 86' lang='lat' dir='ltr'><strong>ab</strong></span> <span class='ocrx_word' id='word_1_282' title='bbox 1813 5128 1965 5187; x_wconf 83' lang='lat' dir='ltr'><strong>hoste</strong></span> <span class='ocrx_word' id='word_1_283' title='bbox 1994 5122 2117 5194; x_wconf 91' lang='lat' dir='ltr'><strong>piis.</strong></span> 
     </span>
    </p>
   </div>
   <div class='ocr_carea' id='block_1_52' title="bbox 742 5219 2194 5309">
    <p class='ocr_par' dir='ltr' id='par_1_52' title="bbox 742 5219 2194 5309">
     <span class='ocr_line' id='line_1_52' title="bbox 742 5219 2194 5309; baseline -0.023 -14"><span class='ocrx_word' id='word_1_284' title='bbox 742 5243 975 5309; x_wconf 83' lang='lat' dir='ltr'><strong>Quisque</strong></span> <span class='ocrx_word' id='word_1_285' title='bbox 993 5235 1137 5303; x_wconf 81' lang='lat' dir='ltr'><strong>legas</strong></span> <span class='ocrx_word' id='word_1_286' title='bbox 1161 5227 1367 5292; x_wconf 76' lang='lat' dir='ltr'><strong>versus,</strong></span> <span class='ocrx_word' id='word_1_287' title='bbox 1395 5235 1497 5296; x_wconf 89' lang='lat' dir='ltr'><strong>pro</strong></span> <span class='ocrx_word' id='word_1_288' title='bbox 1524 5234 1630 5289; x_wconf 89' lang='lat' dir='ltr'><strong>quo</strong></span> <span class='ocrx_word' id='word_1_289' title='bbox 1648 5226 1875 5271; x_wconf 79' lang='lat' dir='ltr'><strong>exorare</strong></span> <span class='ocrx_word' id='word_1_290' title='bbox 1902 5219 2194 5275; x_wconf 73' lang='lat' dir='ltr'><strong>memento,</strong></span> 
     </span>
    </p>
   </div>
   <div class='ocr_carea' id='block_1_53' title="bbox 812 5301 2038 5388">
    <p class='ocr_par' dir='ltr' id='par_1_53' title="bbox 812 5301 2038 5388">
     <span class='ocr_line' id='line_1_53' title="bbox 812 5301 2038 5388; baseline -0.026 -5"><span class='ocrx_word' id='word_1_291' title='bbox 812 5301 916 5383; x_wconf 77' lang='lat' dir='ltr'><strong>Pro</strong></span> <span class='ocrx_word' id='word_1_292' title='bbox 944 5301 1137 5379; x_wconf 76' lang='lat' dir='ltr'><strong>sudore</strong></span> <span class='ocrx_word' id='word_1_293' title='bbox 1159 5315 1333 5383; x_wconf 85' lang='lat' dir='ltr'><strong>brevi,</strong></span> <span class='ocrx_word' id='word_1_294' title='bbox 1355 5324 1415 5370; x_wconf 89' lang='lat' dir='ltr'><strong>ut</strong></span> <span class='ocrx_word' id='word_1_295' title='bbox 1442 5308 1665 5388; x_wconf 57' lang='lat' dir='ltr'><strong>prgmia</strong></span> <span class='ocrx_word' id='word_1_296' title='bbox 1691 5305 1850 5373; x_wconf 87' lang='lat' dir='ltr'><strong>longa</strong></span> <span class='ocrx_word' id='word_1_297' title='bbox 1878 5301 2038 5371; x_wconf 84' lang='lat' dir='ltr'><strong>legat.</strong></span> 
     </span>
    </p>
   </div>
   <div class='ocr_carea' id='block_1_54' title="bbox 820 5468 1477 5546">
    <p class='ocr_par' dir='ltr' id='par_1_54' title="bbox 820 5468 1477 5546">
     <span class='ocr_line' id='line_1_54' title="bbox 820 5468 1477 5546; baseline -0.03 -6"><span class='ocrx_word' id='word_1_298' title='bbox 820 5498 843 5525; x_wconf 76' lang='grc' dir='ltr'><strong>ο</strong></span> <span class='ocrx_word' id='word_1_299' title='bbox 872 5484 995 5546; x_wconf 71' lang='grc' dir='ltr'><strong>Με..</strong></span> <span class='ocrx_word' id='word_1_300' title='bbox 1022 5487 1094 5534; x_wconf 86' lang='lat' dir='ltr'><strong>tot</strong></span> <span class='ocrx_word' id='word_1_301' title='bbox 1126 5484 1180 5546; x_wconf 63' lang='lat' dir='ltr'><strong>tu</strong></span> <span class='ocrx_word' id='word_1_302' title='bbox 1195 5468 1477 5546; x_wconf 62' lang='lat' dir='ltr'><strong>mercedes.</strong></span> 
     </span>
    </p>
   </div>
   <div class='ocr_carea' id='block_1_55' title="bbox 821 5518 2303 5607">
    <p class='ocr_par' dir='ltr' id='par_1_55' title="bbox 821 5518 2303 5607">
     <span class='ocr_line' id='line_1_55' title="bbox 821 5518 2303 5607; baseline -0.026 1"><span class='ocrx_word' id='word_1_303' title='bbox 821 5518 846 5593; x_wconf 53' lang='grc' dir='ltr'>ί</span> <span class='ocrx_word' id='word_1_304' title='bbox 1126 5518 1397 5598; x_wconf 68' lang='lat' dir='ltr'><strong>&#39;éi</strong></span> <span class='ocrx_word' id='word_1_305' title='bbox 1408 5518 2127 5607; x_wconf 42' lang='grc' dir='ltr'><strong>⁷ἷιίειειιεεξξ-οιιωιιιοῐ)ειεμςξιῆξ.</strong></span> <span class='ocrx_word' id='word_1_306' title='bbox 2141 5518 2303 5607; x_wconf 49' lang='grc' dir='ltr'><strong>ξιξεξί-</strong></span> 
     </span>
    </p>
   </div>
   <div class='ocr_carea' id='block_1_56' title="bbox 753 5588 2302 5686">
    <p class='ocr_par' dir='ltr' id='par_1_56' title="bbox 753 5588 2302 5686">
     <span class='ocr_line' id='line_1_56' title="bbox 753 5588 2302 5686; baseline -0.024 -10"><span class='ocrx_word' id='word_1_307' title='bbox 753 5588 1728 5686; x_wconf 54' lang='grc' dir='ltr'><strong>ιίςιξδρῖἕέἔρἶιςῖῇἓὶοιξέςωηολξδ.</strong></span> <span class='ocrx_word' id='word_1_308' title='bbox 1757 5596 1833 5650; x_wconf 90' lang='lat' dir='ltr'><strong>De</strong></span> <span class='ocrx_word' id='word_1_309' title='bbox 1858 5593 2047 5680; x_wconf 57' lang='lat' dir='ltr'><strong>eo&#39;vid.</strong></span> <span class='ocrx_word' id='word_1_310' title='bbox 2079 5588 2302 5664; x_wconf 82' lang='lat' dir='ltr'><strong>Mahill.,</strong></span> 
     </span>
    </p>
   </div>
   <div class='ocr_carea' id='block_1_57' title="bbox 757 5667 1707 5745">
    <p class='ocr_par' dir='ltr' id='par_1_57' title="bbox 757 5667 1707 5745">
     <span class='ocr_line' id='line_1_57' title="bbox 757 5667 1707 5745; baseline -0.029 0"><span class='ocrx_word' id='word_1_311' title='bbox 757 5667 1165 5745; x_wconf 57' lang='lat' dir='ltr'><strong>ili&#39;rE&#39;ii&#39;iB‘nii.</strong></span> <span class='ocrx_word' id='word_1_312' title='bbox 1189 5677 1409 5745; x_wconf 81' lang='lat' dir='ltr'><strong>Bened.,</strong></span> <span class='ocrx_word' id='word_1_313' title='bbox 1435 5687 1556 5745; x_wconf 67' lang='lat' dir='ltr'><strong>pag.</strong></span> <span class='ocrx_word' id='word_1_314' title='bbox 1585 5667 1707 5745; x_wconf 53' lang='lat'><strong>507.</strong></span> 
     </span>
    </p>
   </div>
   <div class='ocr_carea' id='block_1_58' title="bbox 812 5725 2306 5811">
    <p class='ocr_par' dir='ltr' id='par_1_58' title="bbox 812 5725 2306 5811">
     <span class='ocr_line' id='line_1_58' title="bbox 812 5725 2306 5811; baseline 0.026 -72"><span class='ocrx_word' id='word_1_315' title='bbox 812 5725 1165 5811; x_wconf 40' lang='grc' dir='ltr'><strong>2.Ῥῇ</strong></span> <span class='ocrx_word' id='word_1_316' title='bbox 1177 5725 1611 5804; x_wconf 39' lang='grc' dir='ltr'><strong>ὧῐὲξῶἶηέῖίοί</strong></span> <span class='ocrx_word' id='word_1_317' title='bbox 1636 5752 1760 5794; x_wconf 61' lang='grc' dir='ltr'><strong>δερ.</strong></span> <span class='ocrx_word' id='word_1_318' title='bbox 1777 5750 1873 5801; x_wconf 86' lang='lat' dir='ltr'><strong>vn,</strong></span> <span class='ocrx_word' id='word_1_319' title='bbox 1891 5729 1980 5803; x_wconf 87' lang='lat' dir='ltr'><strong>qui</strong></span> <span class='ocrx_word' id='word_1_320' title='bbox 2005 5725 2306 5785; x_wconf 73' lang='lat' dir='ltr'><strong>construxit</strong></span> 
     </span>
    </p>
   </div>
   <div class='ocr_carea' id='block_1_59' title="bbox 1394 322 3024 448">
    <p class='ocr_par' dir='ltr' id='par_1_59' title="bbox 1394 322 3024 448">
     <span class='ocr_line' id='line_1_59' title="bbox 1394 322 3024 448; baseline -0.024 0"><span class='ocrx_word' id='word_1_321' title='bbox 1394 443 1399 448; x_wconf 85' lang='lat'><strong>.</strong></span> <span class='ocrx_word' id='word_1_322' title='bbox 1451 389 1514 444; x_wconf 71' lang='grc' dir='ltr'><strong>Β.</strong></span> <span class='ocrx_word' id='word_1_323' title='bbox 1554 387 1615 441; x_wconf 81' lang='lat' dir='ltr'><strong>r.</strong></span> <span class='ocrx_word' id='word_1_324' title='bbox 1651 379 1878 438; x_wconf 73' lang='lat' dir='ltr'><strong>ALBlNl</strong></span> <span class='ocrx_word' id='word_1_325' title='bbox 1917 375 2047 431; x_wconf 67' lang='lat' dir='ltr'><strong>seu</strong></span> <span class='ocrx_word' id='word_1_326' title='bbox 2087 368 2365 427; x_wconf 65' lang='lat' dir='ltr'><strong>ALCUlNl</strong></span> <span class='ocrx_word' id='word_1_327' title='bbox 2402 362 2684 422; x_wconf 77' lang='lat' dir='ltr'><strong>OPERL&#39;M</strong></span> <span class='ocrx_word' id='word_1_328' title='bbox 2722 359 2899 414; x_wconf 68' lang='lat' dir='ltr'><strong>psus</strong></span> <span class='ocrx_word' id='word_1_329' title='bbox 2939 355 3024 411; x_wconf 84' lang='lat' dir='ltr'><strong>v1.</strong></span> 
     </span>
    </p>
   </div>
   <div class='ocr_carea' id='block_1_60' title="bbox 3754 315 3853 366">
    <p class='ocr_par' dir='ltr' id='par_1_60' title="bbox 3754 315 3853 366">
     <span class='ocr_line' id='line_1_60' title="bbox 3754 315 3853 366; baseline -0.051 0"><span class='ocrx_word' id='word_1_330' title='bbox 3754 315 3853 366; x_wconf 63' lang='grc' dir='ltr'><strong>ηδ</strong></span> 
     </span>
    </p>
   </div>
   <div class='ocr_carea' id='block_1_61' title="bbox 2858 463 3323 543">
    <p class='ocr_par' dir='ltr' id='par_1_61' title="bbox 2858 463 3323 543">
     <span class='ocr_line' id='line_1_61' title="bbox 2858 463 3323 543; baseline -0.022 -16"><span class='ocrx_word' id='word_1_331' title='bbox 2858 470 3017 543; x_wconf 73' lang='lat'><strong>213</strong></span> <span class='ocrx_word' id='word_1_332' title='bbox 3048 463 3323 523; x_wconf 69' lang='lat' dir='ltr'><strong>Lxxvnt.</strong></span> 
     </span>
    </p>
   </div>
   <div class='ocr_carea' id='block_1_62' title="bbox 2374 550 3691 626">
    <p class='ocr_par' dir='ltr' id='par_1_62' title="bbox 2374 550 3691 626">
     <span class='ocr_line' id='line_1_62' title="bbox 2374 550 3691 626; baseline -0.017 -2"><span class='ocrx_word' id='word_1_333' title='bbox 2374 590 2375 595; x_wconf 45' lang='grc' dir='ltr'><strong>η</strong></span> <span class='ocrx_word' id='word_1_334' title='bbox 2472 569 2551 622; x_wconf 80' lang='lat' dir='ltr'><strong>Ad</strong></span> <span class='ocrx_word' id='word_1_335' title='bbox 2582 583 2732 620; x_wconf 84' lang='lat' dir='ltr'><strong>aram</strong></span> <span class='ocrx_word' id='word_1_336' title='bbox 2762 572 3063 617; x_wconf 85' lang='lat' dir='ltr'><strong>sanctorum</strong></span> <span class='ocrx_word' id='word_1_337' title='bbox 3093 556 3305 626; x_wconf 82' lang='lat' dir='ltr'><strong>Sulpilii</strong></span> <span class='ocrx_word' id='word_1_338' title='bbox 3335 563 3379 607; x_wconf 84' lang='lat' dir='ltr'><strong>et</strong></span> <span class='ocrx_word' id='word_1_339' title='bbox 3407 550 3691 607; x_wconf 79' lang='lat' dir='ltr'><strong>Columba&#39;.</strong></span> 
     </span>
    </p>
   </div>
   <div class='ocr_carea' id='block_1_63' title="bbox 2308 640 3603 729">
    <p class='ocr_par' dir='ltr' id='par_1_63' title="bbox 2308 640 3603 729">
     <span class='ocr_line' id='line_1_63' title="bbox 2308 640 3603 729; baseline -0.015 -14"><span class='ocrx_word' id='word_1_340' title='bbox 2308 660 2568 729; x_wconf 88' lang='lat' dir='ltr'><strong>Sulpitius</strong></span> <span class='ocrx_word' id='word_1_341' title='bbox 2594 653 2814 727; x_wconf 64' lang='lat' dir='ltr'><strong>praasul,</strong></span> <span class='ocrx_word' id='word_1_342' title='bbox 2844 642 3050 722; x_wconf 79' lang='lat' dir='ltr'><strong>pastor,</strong></span> <span class='ocrx_word' id='word_1_343' title='bbox 3075 646 3379 717; x_wconf 79' lang='lat' dir='ltr'><strong>patriarcha</strong></span> <span class='ocrx_word' id='word_1_344' title='bbox 3411 640 3603 709; x_wconf 83' lang='lat' dir='ltr'><strong>ﬁdelis,</strong></span> 
     </span>
    </p>
   </div>
   <div class='ocr_carea' id='block_1_64' title="bbox 2376 734 3426 821">
    <p class='ocr_par' dir='ltr' id='par_1_64' title="bbox 2376 734 3426 821">
     <span class='ocr_line' id='line_1_64' title="bbox 2376 734 3426 821; baseline -0.017 -17"><span class='ocrx_word' id='word_1_345' title='bbox 2376 749 2649 804; x_wconf 79' lang='lat' dir='ltr'><strong>Auxilium</strong></span> <span class='ocrx_word' id='word_1_346' title='bbox 2680 744 2834 799; x_wconf 82' lang='lat' dir='ltr'><strong>nobis</strong></span> <span class='ocrx_word' id='word_1_347' title='bbox 2855 740 2962 821; x_wconf 76' lang='lat' dir='ltr'><strong>hic</strong></span> <span class='ocrx_word' id='word_1_348' title='bbox 2976 739 3114 793; x_wconf 89' lang='lat' dir='ltr'><strong>ferat</strong></span> <span class='ocrx_word' id='word_1_349' title='bbox 3135 738 3237 791; x_wconf 91' lang='lat' dir='ltr'><strong>iste</strong></span> <span class='ocrx_word' id='word_1_350' title='bbox 3259 734 3426 805; x_wconf 89' lang='lat' dir='ltr'><strong>pium.</strong></span> 
     </span>
    </p>
   </div>
   <div class='ocr_carea' id='block_1_65' title="bbox 2309 824 3598 913">
    <p class='ocr_par' dir='ltr' id='par_1_65' title="bbox 2309 824 3598 913">
     <span class='ocr_line' id='line_1_65' title="bbox 2309 824 3598 913; baseline -0.016 -16"><span class='ocrx_word' id='word_1_351' title='bbox 2309 844 2509 913; x_wconf 88' lang='lat' dir='ltr'><strong>Inclyta</strong></span> <span class='ocrx_word' id='word_1_352' title='bbox 2538 838 2799 908; x_wconf 85' lang='lat' dir='ltr'><strong>martyrio</strong></span> <span class='ocrx_word' id='word_1_353' title='bbox 2826 834 3030 903; x_wconf 91' lang='lat' dir='ltr'><strong>pariter</strong></span> <span class='ocrx_word' id='word_1_354' title='bbox 3053 832 3143 886; x_wconf 91' lang='lat' dir='ltr'><strong>hic</strong></span> <span class='ocrx_word' id='word_1_355' title='bbox 3164 830 3316 897; x_wconf 80' lang='lat' dir='ltr'><strong>virgo</strong></span> <span class='ocrx_word' id='word_1_356' title='bbox 3344 824 3598 881; x_wconf 84' lang='lat' dir='ltr'><strong>Columba</strong></span> 
     </span>
    </p>
   </div>
   <div class='ocr_carea' id='block_1_66' title="bbox 2381 918 3506 997">
    <p class='ocr_par' dir='ltr' id='par_1_66' title="bbox 2381 918 3506 997">
     <span class='ocr_line' id='line_1_66' title="bbox 2381 918 3506 997; baseline -0.013 -12"><span class='ocrx_word' id='word_1_357' title='bbox 2381 930 2648 986; x_wconf 84' lang='lat' dir='ltr'><strong>Defendat</strong></span> <span class='ocrx_word' id='word_1_358' title='bbox 2675 925 2949 997; x_wconf 88' lang='lat' dir='ltr'><strong>precibus,</strong></span> <span class='ocrx_word' id='word_1_359' title='bbox 2979 929 3122 976; x_wconf 91' lang='lat' dir='ltr'><strong>tecta</strong></span> <span class='ocrx_word' id='word_1_360' title='bbox 3145 927 3359 974; x_wconf 88' lang='lat' dir='ltr'><strong>sacrata</strong></span> <span class='ocrx_word' id='word_1_361' title='bbox 3380 918 3506 971; x_wconf 91' lang='lat' dir='ltr'><strong>Deo.</strong></span> 
     </span>
    </p>
   </div>
   <div class='ocr_carea' id='block_1_67' title="bbox 2981 1009 3219 1066">
    <p class='ocr_par' dir='ltr' id='par_1_67' title="bbox 2981 1009 3219 1066">
     <span class='ocr_line' id='line_1_67' title="bbox 2981 1009 3219 1066; baseline -0.021 0"><span class='ocrx_word' id='word_1_362' title='bbox 2981 1009 3219 1066; x_wconf 83' lang='lat' dir='ltr'><strong>LXXIX.</strong></span> 
     </span>
    </p>
   </div>
   <div class='ocr_carea' id='block_1_68' title="bbox 2508 1092 3681 1164">
    <p class='ocr_par' dir='ltr' id='par_1_68' title="bbox 2508 1092 3681 1164">
     <span class='ocr_line' id='line_1_68' title="bbox 2508 1092 3681 1164; baseline -0.014 -3"><span class='ocrx_word' id='word_1_363' title='bbox 2508 1108 2588 1161; x_wconf 78' lang='lat' dir='ltr'><strong>Ad</strong></span> <span class='ocrx_word' id='word_1_364' title='bbox 2620 1122 2768 1159; x_wconf 88' lang='lat' dir='ltr'><strong>aram</strong></span> <span class='ocrx_word' id='word_1_365' title='bbox 2798 1110 3100 1158; x_wconf 78' lang='lat' dir='ltr'><strong>sanctorum</strong></span> <span class='ocrx_word' id='word_1_366' title='bbox 3130 1096 3356 1150; x_wconf 84' lang='lat' dir='ltr'><strong>Amandi</strong></span> <span class='ocrx_word' id='word_1_367' title='bbox 3379 1103 3425 1149; x_wconf 89' lang='lat' dir='ltr'><strong>et</strong></span> <span class='ocrx_word' id='word_1_368' title='bbox 3448 1092 3681 1164; x_wconf 61' lang='lat' dir='ltr'><strong>Agathe.</strong></span> 
     </span>
    </p>
   </div>
   <div class='ocr_carea' id='block_1_69' title="bbox 2317 1183 3653 1261">
    <p class='ocr_par' dir='ltr' id='par_1_69' title="bbox 2317 1183 3653 1261">
     <span class='ocr_line' id='line_1_69' title="bbox 2317 1183 3653 1261; baseline -0.013 -8"><span class='ocrx_word' id='word_1_369' title='bbox 2317 1199 2430 1255; x_wconf 82' lang='lat' dir='ltr'><strong>Hac</strong></span> <span class='ocrx_word' id='word_1_370' title='bbox 2459 1200 2632 1254; x_wconf 89' lang='lat' dir='ltr'><strong>honor</strong></span> <span class='ocrx_word' id='word_1_371' title='bbox 2658 1206 2786 1250; x_wconf 89' lang='lat' dir='ltr'><strong>ecce</strong></span> <span class='ocrx_word' id='word_1_372' title='bbox 2811 1201 2936 1247; x_wconf 88' lang='lat' dir='ltr'><strong>tuus</strong></span> <span class='ocrx_word' id='word_1_373' title='bbox 2954 1188 3151 1261; x_wconf 73' lang='lat' dir='ltr'><strong>prtesul</strong></span> <span class='ocrx_word' id='word_1_374' title='bbox 3179 1186 3454 1240; x_wconf 82' lang='lat' dir='ltr'><strong>Amandus</strong></span> <span class='ocrx_word' id='word_1_375' title='bbox 3480 1183 3532 1238; x_wconf 93' lang='lat' dir='ltr'><strong>in</strong></span> <span class='ocrx_word' id='word_1_376' title='bbox 3561 1197 3653 1236; x_wconf 89' lang='lat' dir='ltr'><strong>ara</strong></span> 
     </span>
    </p>
   </div>
   <div class='ocr_carea' id='block_1_70' title="bbox 2388 1276 3513 1350">
    <p class='ocr_par' dir='ltr' id='par_1_70' title="bbox 2388 1276 3513 1350">
     <span class='ocr_line' id='line_1_70' title="bbox 2388 1276 3513 1350; baseline -0.016 -5"><span class='ocrx_word' id='word_1_377' title='bbox 2388 1290 2505 1347; x_wconf 86' lang='lat' dir='ltr'><strong>Jam</strong></span> <span class='ocrx_word' id='word_1_378' title='bbox 2529 1288 2742 1350; x_wconf 88' lang='lat' dir='ltr'><strong>colitur,</strong></span> <span class='ocrx_word' id='word_1_379' title='bbox 2779 1284 2933 1339; x_wconf 92' lang='lat' dir='ltr'><strong>nobis</strong></span> <span class='ocrx_word' id='word_1_380' title='bbox 2960 1292 3019 1336; x_wconf 90' lang='lat' dir='ltr'><strong>tu</strong></span> <span class='ocrx_word' id='word_1_381' title='bbox 3043 1280 3305 1335; x_wconf 78' lang='lat' dir='ltr'><strong>auxiliare</strong></span> <span class='ocrx_word' id='word_1_382' title='bbox 3331 1276 3513 1329; x_wconf 91' lang='lat' dir='ltr'><strong>Pater.</strong></span> 
     </span>
    </p>
   </div>
   <div class='ocr_carea' id='block_1_71' title="bbox 2320 1365 3691 1454">
    <p class='ocr_par' dir='ltr' id='par_1_71' title="bbox 2320 1365 3691 1454">
     <span class='ocr_line' id='line_1_71' title="bbox 2320 1365 3691 1454; baseline -0.017 -15"><span class='ocrx_word' id='word_1_383' title='bbox 2320 1386 2484 1454; x_wconf 86' lang='lat' dir='ltr'><strong>Virgo</strong></span> <span class='ocrx_word' id='word_1_384' title='bbox 2506 1386 2715 1436; x_wconf 87' lang='lat' dir='ltr'><strong>sacrata</strong></span> <span class='ocrx_word' id='word_1_385' title='bbox 2738 1378 2849 1431; x_wconf 91' lang='lat' dir='ltr'><strong>Deo</strong></span> <span class='ocrx_word' id='word_1_386' title='bbox 2882 1389 2982 1429; x_wconf 91' lang='lat' dir='ltr'><strong>nec</strong></span> <span class='ocrx_word' id='word_1_387' title='bbox 3011 1388 3117 1428; x_wconf 91' lang='lat' dir='ltr'><strong>non</strong></span> <span class='ocrx_word' id='word_1_388' title='bbox 3141 1370 3432 1426; x_wconf 74' lang='lat' dir='ltr'><strong>veneratur</strong></span> <span class='ocrx_word' id='word_1_389' title='bbox 3460 1365 3691 1436; x_wconf 83' lang='lat' dir='ltr'><strong>Agatha,</strong></span> 
     </span>
    </p>
   </div>
   <div class='ocr_carea' id='block_1_72' title="bbox 2393 1455 3502 1537">
    <p class='ocr_par' dir='ltr' id='par_1_72' title="bbox 2393 1455 3502 1537">
     <span class='ocr_line' id='line_1_72' title="bbox 2393 1455 3502 1537; baseline -0.017 -9"><span class='ocrx_word' id='word_1_390' title='bbox 2393 1458 2655 1528; x_wconf 84' lang='lat' dir='ltr'><strong>Defendat</strong></span> <span class='ocrx_word' id='word_1_391' title='bbox 2683 1466 2935 1537; x_wconf 87' lang='lat' dir='ltr'><strong>precibus</strong></span> <span class='ocrx_word' id='word_1_392' title='bbox 2966 1472 3105 1517; x_wconf 90' lang='lat' dir='ltr'><strong>tecta</strong></span> <span class='ocrx_word' id='word_1_393' title='bbox 3134 1455 3344 1516; x_wconf 79' lang='lat' dir='ltr'><strong>sacrata</strong></span> <span class='ocrx_word' id='word_1_394' title='bbox 3373 1458 3502 1511; x_wconf 89' lang='lat' dir='ltr'><strong>Deo.</strong></span> 
     </span>
    </p>
   </div>
   <div class='ocr_carea' id='block_1_73' title="bbox 2996 1551 3207 1607">
    <p class='ocr_par' dir='ltr' id='par_1_73' title="bbox 2996 1551 3207 1607">
     <span class='ocr_line' id='line_1_73' title="bbox 2996 1551 3207 1607; baseline -0.024 1"><span class='ocrx_word' id='word_1_395' title='bbox 2996 1551 3207 1607; x_wconf 75' lang='lat' dir='ltr'><strong>LXXX.</strong></span> 
     </span>
    </p>
   </div>
   <div class='ocr_carea' id='block_1_74' title="bbox 2614 1635 3631 1703">
    <p class='ocr_par' dir='ltr' id='par_1_74' title="bbox 2614 1635 3631 1703">
     <span class='ocr_line' id='line_1_74' title="bbox 2614 1635 3631 1703; baseline -0.016 0"><span class='ocrx_word' id='word_1_396' title='bbox 2614 1646 2940 1703; x_wconf 83' lang='lat' dir='ltr'><strong>Desiderium</strong></span> <span class='ocrx_word' id='word_1_397' title='bbox 2967 1641 3238 1697; x_wconf 74' lang='lat' dir='ltr'><strong>habitandi</strong></span> <span class='ocrx_word' id='word_1_398' title='bbox 3258 1640 3312 1692; x_wconf 87' lang='lat' dir='ltr'><strong>in</strong></span> <span class='ocrx_word' id='word_1_399' title='bbox 3335 1638 3489 1691; x_wconf 88' lang='lat' dir='ltr'><strong>domo</strong></span> <span class='ocrx_word' id='word_1_400' title='bbox 3513 1635 3631 1689; x_wconf 86' lang='lat' dir='ltr'><strong>Dei.</strong></span> 
     </span>
    </p>
   </div>
   <div class='ocr_carea' id='block_1_75' title="bbox 2329 1722 3893 1809">
    <p class='ocr_par' dir='ltr' id='par_1_75' title="bbox 2329 1722 3893 1809">
     <span class='ocr_line' id='line_1_75' title="bbox 2329 1722 3893 1809; baseline -0.014 -12"><span class='ocrx_word' id='word_1_401' title='bbox 2329 1742 2497 1809; x_wconf 76' lang='lat' dir='ltr'><strong>Quam</strong></span> <span class='ocrx_word' id='word_1_402' title='bbox 2530 1739 2743 1803; x_wconf 86' lang='lat' dir='ltr'><strong>dilecta,</strong></span> <span class='ocrx_word' id='word_1_403' title='bbox 2776 1737 2938 1799; x_wconf 87' lang='lat' dir='ltr'><strong>Deus,</strong></span> <span class='ocrx_word' id='word_1_404' title='bbox 2971 1740 3063 1787; x_wconf 90' lang='lat' dir='ltr'><strong>tua</strong></span> <span class='ocrx_word' id='word_1_405' title='bbox 3083 1739 3208 1787; x_wconf 86' lang='lat' dir='ltr'><strong>sunt</strong></span> <span class='ocrx_word' id='word_1_406' title='bbox 3235 1729 3367 1784; x_wconf 90' lang='lat' dir='ltr'><strong>mihi</strong></span> <span class='ocrx_word' id='word_1_407' title='bbox 3390 1726 3609 1796; x_wconf 89' lang='lat' dir='ltr'><strong>templa,</strong></span> <span class='ocrx_word' id='word_1_408' title='bbox 3633 1722 3893 1786; x_wconf 88' lang='lat' dir='ltr'><strong>Sabaoth,</strong></span> 
     </span>
    </p>
   </div>
   <div class='ocr_carea' id='block_1_76' title="bbox 2260 1812 3676 1892">
    <p class='ocr_par' dir='ltr' id='par_1_76' title="bbox 2260 1812 3676 1892">
     <span class='ocr_line' id='line_1_76' title="bbox 2260 1812 3676 1892; baseline -0.016 -1"><span class='ocrx_word' id='word_1_409' title='bbox 2260 1812 2303 1872; x_wconf 69' lang='grc' dir='ltr'>Β</span> <span class='ocrx_word' id='word_1_410' title='bbox 2402 1835 2672 1890; x_wconf 77' lang='lat' dir='ltr'><strong>Virtutum</strong></span> <span class='ocrx_word' id='word_1_411' title='bbox 2699 1829 2983 1892; x_wconf 91' lang='lat' dir='ltr'><strong>Dominus,</strong></span> <span class='ocrx_word' id='word_1_412' title='bbox 3013 1841 3106 1880; x_wconf 84' lang='lat' dir='ltr'><strong>rex</strong></span> <span class='ocrx_word' id='word_1_413' title='bbox 3134 1838 3286 1878; x_wconf 87' lang='lat' dir='ltr'><strong>meus</strong></span> <span class='ocrx_word' id='word_1_414' title='bbox 3316 1817 3676 1891; x_wconf 35' lang='lat' dir='ltr'><strong>atqtte‘Deus!</strong></span> 
     </span>
    </p>
   </div>
   <div class='ocr_carea' id='block_1_77' title="bbox 2333 1904 3824 1978">
    <p class='ocr_par' dir='ltr' id='par_1_77' title="bbox 2333 1904 3824 1978">
     <span class='ocr_line' id='line_1_77' title="bbox 2333 1904 3824 1978; baseline -0.014 0"><span class='ocrx_word' id='word_1_415' title='bbox 2333 1924 2408 1977; x_wconf 83' lang='lat' dir='ltr'><strong>Te</strong></span> <span class='ocrx_word' id='word_1_416' title='bbox 2438 1922 2601 1975; x_wconf 90' lang='lat' dir='ltr'><strong>Pater</strong></span> <span class='ocrx_word' id='word_1_417' title='bbox 2632 1919 2768 1973; x_wconf 88' lang='lat' dir='ltr'><strong>alme</strong></span> <span class='ocrx_word' id='word_1_418' title='bbox 2794 1932 2971 1971; x_wconf 90' lang='lat' dir='ltr'><strong>meum</strong></span> <span class='ocrx_word' id='word_1_419' title='bbox 3000 1929 3116 1977; x_wconf 88' lang='lat' dir='ltr'><strong>cor.</strong></span> <span class='ocrx_word' id='word_1_420' title='bbox 3143 1921 3195 1967; x_wconf 91' lang='lat' dir='ltr'><strong>te</strong></span> <span class='ocrx_word' id='word_1_421' title='bbox 3224 1926 3353 1965; x_wconf 87' lang='lat' dir='ltr'><strong>caro</strong></span> <span class='ocrx_word' id='word_1_422' title='bbox 3390 1907 3582 1978; x_wconf 65' lang='lat' dir='ltr'><strong>quaerit</strong></span> <span class='ocrx_word' id='word_1_423' title='bbox 3608 1904 3824 1973; x_wconf 90' lang='lat' dir='ltr'><strong>ubique,</strong></span> 
     </span>
    </p>
   </div>
   <div class='ocr_carea' id='block_1_78' title="bbox 2403 1996 3545 2079">
    <p class='ocr_par' dir='ltr' id='par_1_78' title="bbox 2403 1996 3545 2079">
     <span class='ocr_line' id='line_1_78' title="bbox 2403 1996 3545 2079; baseline -0.015 -14"><span class='ocrx_word' id='word_1_424' title='bbox 2403 2012 2588 2079; x_wconf 85' lang='lat' dir='ltr'><strong>Tuque</strong></span> <span class='ocrx_word' id='word_1_425' title='bbox 2614 2008 2758 2062; x_wconf 89' lang='lat' dir='ltr'><strong>Deus</strong></span> <span class='ocrx_word' id='word_1_426' title='bbox 2782 2007 2934 2059; x_wconf 89' lang='lat' dir='ltr'><strong>vivus</strong></span> <span class='ocrx_word' id='word_1_427' title='bbox 2956 2003 3145 2073; x_wconf 89' lang='lat' dir='ltr'><strong>gaudia</strong></span> <span class='ocrx_word' id='word_1_428' title='bbox 3170 2014 3362 2070; x_wconf 88' lang='lat' dir='ltr'><strong>magna</strong></span> <span class='ocrx_word' id='word_1_429' title='bbox 3392 1996 3545 2051; x_wconf 90' lang='lat' dir='ltr'><strong>mihi.</strong></span> 
     </span>
    </p>
   </div>
   <div class='ocr_carea' id='block_1_79' title="bbox 2335 2084 3674 2170">
    <p class='ocr_par' dir='ltr' id='par_1_79' title="bbox 2335 2084 3674 2170">
     <span class='ocr_line' id='line_1_79' title="bbox 2335 2084 3674 2170; baseline -0.013 -14"><span class='ocrx_word' id='word_1_430' title='bbox 2335 2101 2544 2170; x_wconf 87' lang='lat' dir='ltr'><strong>Quique</strong></span> <span class='ocrx_word' id='word_1_431' title='bbox 2573 2098 2680 2153; x_wconf 76' lang='lat' dir='ltr'><strong>tuis</strong></span> <span class='ocrx_word' id='word_1_432' title='bbox 2706 2095 2864 2151; x_wconf 90' lang='lat' dir='ltr'><strong>tectis</strong></span> <span class='ocrx_word' id='word_1_433' title='bbox 2884 2093 3148 2155; x_wconf 88' lang='lat' dir='ltr'><strong>habitant,</strong></span> <span class='ocrx_word' id='word_1_434' title='bbox 3182 2096 3308 2145; x_wconf 89' lang='lat' dir='ltr'><strong>sunt</strong></span> <span class='ocrx_word' id='word_1_435' title='bbox 3334 2086 3490 2141; x_wconf 85' lang='lat' dir='ltr'><strong>valde</strong></span> <span class='ocrx_word' id='word_1_436' title='bbox 3514 2084 3674 2139; x_wconf 84' lang='lat' dir='ltr'><strong>beati.</strong></span> 
     </span>
    </p>
   </div>
   <div class='ocr_carea' id='block_1_80' title="bbox 2407 2168 3585 2248">
    <p class='ocr_par' dir='ltr' id='par_1_80' title="bbox 2407 2168 3585 2248">
     <span class='ocr_line' id='line_1_80' title="bbox 2407 2168 3585 2248; baseline -0.013 -5"><span class='ocrx_word' id='word_1_437' title='bbox 2407 2168 2474 2243; x_wconf 82' lang='lat' dir='ltr'><strong>Et</strong></span> <span class='ocrx_word' id='word_1_438' title='bbox 2504 2194 2754 2243; x_wconf 89' lang='lat' dir='ltr'><strong>resonant</strong></span> <span class='ocrx_word' id='word_1_439' title='bbox 2786 2183 2973 2238; x_wconf 91' lang='lat' dir='ltr'><strong>laudes</strong></span> <span class='ocrx_word' id='word_1_440' title='bbox 3003 2168 3059 2236; x_wconf 89' lang='lat' dir='ltr'><strong>hi</strong></span> <span class='ocrx_word' id='word_1_441' title='bbox 3092 2180 3187 2235; x_wconf 92' lang='lat' dir='ltr'><strong>tibi</strong></span> <span class='ocrx_word' id='word_1_442' title='bbox 3210 2188 3514 2248; x_wconf 88' lang='lat' dir='ltr'><strong>perpetuas.</strong></span> <span class='ocrx_word' id='word_1_443' title='bbox 3576 2242 3585 2247; x_wconf 26' lang='grc' dir='ltr'>δ</span> 
     </span>
    </p>
   </div>
   <div class='ocr_carea' id='block_1_81' title="bbox 2338 2261 3900 2344">
    <p class='ocr_par' dir='ltr' id='par_1_81' title="bbox 2338 2261 3900 2344">
     <span class='ocr_line' id='line_1_81' title="bbox 2338 2261 3900 2344; baseline -0.013 -12"><span class='ocrx_word' id='word_1_444' title='bbox 2338 2278 2435 2332; x_wconf 74' lang='lat' dir='ltr'><strong>llic</strong></span> <span class='ocrx_word' id='word_1_445' title='bbox 2462 2277 2611 2340; x_wconf 91' lang='lat' dir='ltr'><strong>mihi,</strong></span> <span class='ocrx_word' id='word_1_446' title='bbox 2640 2288 2843 2344; x_wconf 79' lang='lat' dir='ltr'><strong>quaeso,</strong></span> <span class='ocrx_word' id='word_1_447' title='bbox 2874 2274 3089 2327; x_wconf 90' lang='lat' dir='ltr'><strong>domum</strong></span> <span class='ocrx_word' id='word_1_448' title='bbox 3116 2269 3292 2325; x_wconf 88' lang='lat' dir='ltr'><strong>tribue</strong></span> <span class='ocrx_word' id='word_1_449' title='bbox 3311 2308 3325 2333; x_wconf 94' lang='lat'><strong>,</strong></span> <span class='ocrx_word' id='word_1_450' title='bbox 3374 2265 3655 2344; x_wconf 84' lang='lat' dir='ltr'><strong>mitissime</strong></span> <span class='ocrx_word' id='word_1_451' title='bbox 3684 2261 3900 2332; x_wconf 78' lang='lat' dir='ltr'><strong>pastor!</strong></span> 
     </span>
    </p>
   </div>
   <div class='ocr_carea' id='block_1_82' title="bbox 2418 2338 3652 2437">
    <p class='ocr_par' dir='ltr' id='par_1_82' title="bbox 2418 2338 3652 2437">
     <span class='ocr_line' id='line_1_82' title="bbox 2418 2338 3652 2437; baseline -0.013 -14"><span class='ocrx_word' id='word_1_452' title='bbox 2418 2368 2591 2437; x_wconf 88' lang='lat' dir='ltr'><strong>thue</strong></span> <span class='ocrx_word' id='word_1_453' title='bbox 2619 2376 2742 2421; x_wconf 90' lang='lat' dir='ltr'><strong>tuas</strong></span> <span class='ocrx_word' id='word_1_454' title='bbox 2769 2364 2953 2419; x_wconf 87' lang='lat' dir='ltr'><strong>laudes</strong></span> <span class='ocrx_word' id='word_1_455' title='bbox 2983 2362 3071 2417; x_wconf 91' lang='lat' dir='ltr'><strong>hic</strong></span> <span class='ocrx_word' id='word_1_456' title='bbox 3101 2361 3217 2415; x_wconf 91' lang='lat' dir='ltr'><strong>sine</strong></span> <span class='ocrx_word' id='word_1_457' title='bbox 3248 2359 3354 2414; x_wconf 78' lang='lat' dir='ltr'><strong>fine</strong></span> <span class='ocrx_word' id='word_1_458' title='bbox 3379 2338 3589 2413; x_wconf 85' lang='lat' dir='ltr'><strong>canam.</strong></span> <span class='ocrx_word' id='word_1_459' title='bbox 3650 2343 3652 2345; x_wconf 53' lang='grc'><em>’</em></span> 
     </span>
    </p>
   </div>
   <div class='ocr_carea' id='block_1_83' title="bbox 3002 2447 3238 2507">
    <p class='ocr_par' dir='ltr' id='par_1_83' title="bbox 3002 2447 3238 2507">
     <span class='ocr_line' id='line_1_83' title="bbox 3002 2447 3238 2507; baseline -0.025 0"><span class='ocrx_word' id='word_1_460' title='bbox 3002 2447 3238 2507; x_wconf 86' lang='lat' dir='ltr'><strong>LXXXI.</strong></span> 
     </span>
    </p>
   </div>
   <div class='ocr_carea' id='block_1_84' title="bbox 2536 2536 3713 2607">
    <p class='ocr_par' dir='ltr' id='par_1_84' title="bbox 2536 2536 3713 2607">
     <span class='ocr_line' id='line_1_84' title="bbox 2536 2536 3713 2607; baseline -0.017 0"><span class='ocrx_word' id='word_1_461' title='bbox 2536 2553 2616 2607; x_wconf 80' lang='lat' dir='ltr'><strong>Ad</strong></span> <span class='ocrx_word' id='word_1_462' title='bbox 2648 2548 2930 2605; x_wconf 87' lang='lat' dir='ltr'><strong>oratorium</strong></span> <span class='ocrx_word' id='word_1_463' title='bbox 2957 2543 3125 2598; x_wconf 77' lang='lat' dir='ltr'><strong>sancti</strong></span> <span class='ocrx_word' id='word_1_464' title='bbox 3152 2539 3423 2594; x_wconf 80' lang='lat' dir='ltr'><strong>Laurentii</strong></span> <span class='ocrx_word' id='word_1_465' title='bbox 3450 2536 3713 2605; x_wconf 77' lang='lat' dir='ltr'><strong>martyris.</strong></span> 
     </span>
    </p>
   </div>
   <div class='ocr_carea' id='block_1_85' title="bbox 2351 2632 3568 2711">
    <p class='ocr_par' dir='ltr' id='par_1_85' title="bbox 2351 2632 3568 2711">
     <span class='ocr_line' id='line_1_85' title="bbox 2351 2632 3568 2711; baseline -0.016 -8"><span class='ocrx_word' id='word_1_466' title='bbox 2351 2648 2499 2703; x_wconf 74' lang='lat' dir='ltr'><strong>lianc</strong></span> <span class='ocrx_word' id='word_1_467' title='bbox 2522 2645 2681 2699; x_wconf 88' lang='lat' dir='ltr'><strong>levita</strong></span> <span class='ocrx_word' id='word_1_468' title='bbox 2706 2640 2801 2696; x_wconf 90' lang='lat' dir='ltr'><strong>Dei</strong></span> <span class='ocrx_word' id='word_1_469' title='bbox 2823 2634 3381 2711; x_wconf 42' lang='lat' dir='ltr'><strong>meritis‘Laurentius</strong></span> <span class='ocrx_word' id='word_1_470' title='bbox 3401 2632 3568 2686; x_wconf 67' lang='lat' dir='ltr'><strong>autem</strong></span> 
     </span>
    </p>
   </div>
   <div class='ocr_carea' id='block_1_86' title="bbox 2350 2721 3680 2807">
    <p class='ocr_par' dir='ltr' id='par_1_86' title="bbox 2350 2721 3680 2807">
     <span class='ocr_line' id='line_1_86' title="bbox 2350 2721 3680 2807; baseline -0.015 -15"><span class='ocrx_word' id='word_1_471' title='bbox 2350 2737 2585 2807; x_wconf 78' lang='lat' dir='ltr'><strong>Inclytus</strong></span> <span class='ocrx_word' id='word_1_472' title='bbox 2613 2737 2857 2795; x_wconf 79' lang='lat' dir='ltr'><strong>exornet,</strong></span> <span class='ocrx_word' id='word_1_473' title='bbox 2890 2726 3097 2781; x_wconf 89' lang='lat' dir='ltr'><strong>Domini</strong></span> <span class='ocrx_word' id='word_1_474' title='bbox 3114 2722 3227 2791; x_wconf 88' lang='lat' dir='ltr'><strong>jam</strong></span> <span class='ocrx_word' id='word_1_475' title='bbox 3251 2721 3442 2791; x_wconf 89' lang='lat' dir='ltr'><strong>plenus</strong></span> <span class='ocrx_word' id='word_1_476' title='bbox 3464 2733 3680 2783; x_wconf 87' lang='lat' dir='ltr'><strong>amore;</strong></span> 
     </span>
    </p>
   </div>
   <div class='ocr_carea' id='block_1_87' title="bbox 2352 2808 3910 2897">
    <p class='ocr_par' dir='ltr' id='par_1_87' title="bbox 2352 2808 3910 2897">
     <span class='ocr_line' id='line_1_87' title="bbox 2352 2808 3910 2897; baseline -0.015 -13"><span class='ocrx_word' id='word_1_477' title='bbox 2352 2830 2522 2897; x_wconf 83' lang='lat' dir='ltr'><strong>Quem</strong></span> <span class='ocrx_word' id='word_1_478' title='bbox 2544 2841 2643 2880; x_wconf 90' lang='lat' dir='ltr'><strong>nec</strong></span> <span class='ocrx_word' id='word_1_479' title='bbox 2671 2822 2885 2876; x_wconf 82' lang='lat' dir='ltr'><strong>flamma</strong></span> <span class='ocrx_word' id='word_1_480' title='bbox 2908 2832 3074 2874; x_wconf 82' lang='lat' dir='ltr'><strong>vorax</strong></span> <span class='ocrx_word' id='word_1_481' title='bbox 3106 2815 3236 2870; x_wconf 90' lang='lat' dir='ltr'><strong>vicit</strong></span> <span class='ocrx_word' id='word_1_482' title='bbox 3255 2854 3269 2879; x_wconf 91' lang='lat'><strong>,</strong></span> <span class='ocrx_word' id='word_1_483' title='bbox 3303 2828 3402 2868; x_wconf 90' lang='lat' dir='ltr'><strong>nec</strong></span> <span class='ocrx_word' id='word_1_484' title='bbox 3428 2810 3663 2874; x_wconf 89' lang='lat' dir='ltr'><strong>vincula,</strong></span> <span class='ocrx_word' id='word_1_485' title='bbox 3687 2808 3910 2872; x_wconf 82' lang='lat' dir='ltr'><strong>ferrum,</strong></span> 
     </span>
    </p>
   </div>
   <div class='ocr_carea' id='block_1_88' title="bbox 2351 2901 3743 2988">
    <p class='ocr_par' dir='ltr' id='par_1_88' title="bbox 2351 2901 3743 2988">
     <span class='ocr_line' id='line_1_88' title="bbox 2351 2901 3743 2988; baseline -0.017 -11"><span class='ocrx_word' id='word_1_486' title='bbox 2351 2920 2457 2976; x_wconf 89' lang='lat' dir='ltr'><strong>Per</strong></span> <span class='ocrx_word' id='word_1_487' title='bbox 2483 2916 2703 2988; x_wconf 75' lang='lat' dir='ltr'><strong>gladios,</strong></span> <span class='ocrx_word' id='word_1_488' title='bbox 2738 2914 2907 2983; x_wconf 88' lang='lat' dir='ltr'><strong>ignes,</strong></span> <span class='ocrx_word' id='word_1_489' title='bbox 2933 2909 3127 2964; x_wconf 72' lang='lat' dir='ltr'><strong>coelum</strong></span> <span class='ocrx_word' id='word_1_490' title='bbox 3148 2903 3460 2961; x_wconf 88' lang='lat' dir='ltr'><strong>conscendit</strong></span> <span class='ocrx_word' id='word_1_491' title='bbox 3485 2903 3537 2956; x_wconf 90' lang='lat' dir='ltr'><strong>in</strong></span> <span class='ocrx_word' id='word_1_492' title='bbox 3559 2901 3743 2956; x_wconf 87' lang='lat' dir='ltr'><strong>altum.</strong></span> 
     </span>
    </p>
   </div>
   <div class='ocr_carea' id='block_1_89' title="bbox 2353 2994 3637 3065">
    <p class='ocr_par' dir='ltr' id='par_1_89' title="bbox 2353 2994 3637 3065">
     <span class='ocr_line' id='line_1_89' title="bbox 2353 2994 3637 3065; baseline -0.018 1"><span class='ocrx_word' id='word_1_493' title='bbox 2353 3010 2491 3065; x_wconf 86' lang='lat' dir='ltr'><strong>Ecce</strong></span> <span class='ocrx_word' id='word_1_494' title='bbox 2516 3007 2613 3063; x_wconf 89' lang='lat' dir='ltr'><strong>Dei</strong></span> <span class='ocrx_word' id='word_1_495' title='bbox 2636 3004 2851 3060; x_wconf 79' lang='lat' dir='ltr'><strong>famulis</strong></span> <span class='ocrx_word' id='word_1_496' title='bbox 2876 3001 3084 3055; x_wconf 81' lang='lat' dir='ltr'><strong>faciens</strong></span> <span class='ocrx_word' id='word_1_497' title='bbox 3116 2994 3369 3063; x_wconf 79' lang='lat' dir='ltr'><strong>suffragia</strong></span> <span class='ocrx_word' id='word_1_498' title='bbox 3400 3007 3637 3060; x_wconf 87' lang='lat' dir='ltr'><strong>semper,</strong></span> 
     </span>
    </p>
   </div>
   <div class='ocr_carea' id='block_1_90' title="bbox 2203 3082 3695 3176">
    <p class='ocr_par' dir='ltr' id='par_1_90' title="bbox 2203 3082 3695 3176">
     <span class='ocr_line' id='line_1_90' title="bbox 2203 3082 3695 3176; baseline -0.015 -18"><span class='ocrx_word' id='word_1_499' title='bbox 2203 3132 2207 3137; x_wconf 90' lang='lat'><strong><em>-</em></strong></span> <span class='ocrx_word' id='word_1_500' title='bbox 2285 3120 2328 3176; x_wconf 73' lang='grc' dir='ltr'>ο</span> <span class='ocrx_word' id='word_1_501' title='bbox 2360 3100 2585 3170; x_wconf 76' lang='lat' dir='ltr'><strong>Adjuvat</strong></span> <span class='ocrx_word' id='word_1_502' title='bbox 2605 3104 2764 3164; x_wconf 89' lang='lat' dir='ltr'><strong>atque</strong></span> <span class='ocrx_word' id='word_1_503' title='bbox 2793 3107 2919 3147; x_wconf 91' lang='lat' dir='ltr'><strong>suos</strong></span> <span class='ocrx_word' id='word_1_504' title='bbox 2943 3088 3199 3149; x_wconf 87' lang='lat' dir='ltr'><strong>cultores,</strong></span> <span class='ocrx_word' id='word_1_505' title='bbox 3231 3083 3519 3143; x_wconf 84' lang='lat' dir='ltr'><strong>credimus.</strong></span> <span class='ocrx_word' id='word_1_506' title='bbox 3549 3082 3695 3135; x_wconf 86' lang='lat' dir='ltr'><strong>inde.</strong></span> 
     </span>
    </p>
   </div>
   <div class='ocr_carea' id='block_1_91' title="bbox 2419 3257 3863 3345">
    <p class='ocr_par' dir='ltr' id='par_1_91' title="bbox 2419 3257 3863 3345">
     <span class='ocr_line' id='line_1_91' title="bbox 2419 3257 3863 3345; baseline -0.016 -13"><span class='ocrx_word' id='word_1_507' title='bbox 2419 3278 2496 3331; x_wconf 83' lang='lat' dir='ltr'><strong>Ad</strong></span> <span class='ocrx_word' id='word_1_508' title='bbox 2525 3274 2770 3345; x_wconf 83' lang='lat' dir='ltr'><strong>templum</strong></span> <span class='ocrx_word' id='word_1_509' title='bbox 2806 3265 3107 3326; x_wconf 73' lang='lat' dir='ltr'><strong>sanctorum</strong></span> <span class='ocrx_word' id='word_1_510' title='bbox 3134 3264 3301 3320; x_wconf 83' lang='lat' dir='ltr'><strong>Elidii</strong></span> <span class='ocrx_word' id='word_1_511' title='bbox 3333 3258 3557 3334; x_wconf 77' lang='lat' dir='ltr'><strong>episcopi</strong></span> <span class='ocrx_word' id='word_1_512' title='bbox 3582 3268 3629 3313; x_wconf 85' lang='lat' dir='ltr'><strong>et</strong></span> <span class='ocrx_word' id='word_1_513' title='bbox 3665 3257 3863 3312; x_wconf 83' lang='lat' dir='ltr'><strong>Leonii.</strong></span> 
     </span>
    </p>
   </div>
   <div class='ocr_carea' id='block_1_92' title="bbox 2362 3348 3921 3437">
    <p class='ocr_par' dir='ltr' id='par_1_92' title="bbox 2362 3348 3921 3437">
     <span class='ocr_line' id='line_1_92' title="bbox 2362 3348 3921 3437; baseline -0.016 -13"><span class='ocrx_word' id='word_1_514' title='bbox 2362 3369 2463 3423; x_wconf 79' lang='lat' dir='ltr'><strong>llic</strong></span> <span class='ocrx_word' id='word_1_515' title='bbox 2489 3380 2700 3437; x_wconf 87' lang='lat' dir='ltr'><strong>quoque</strong></span> <span class='ocrx_word' id='word_1_516' title='bbox 2718 3369 3023 3417; x_wconf 87' lang='lat' dir='ltr'><strong>sanctorum</strong></span> <span class='ocrx_word' id='word_1_517' title='bbox 3046 3363 3273 3429; x_wconf 87' lang='lat' dir='ltr'><strong>pausant</strong></span> <span class='ocrx_word' id='word_1_518' title='bbox 3301 3354 3409 3409; x_wconf 92' lang='lat' dir='ltr'><strong>duo</strong></span> <span class='ocrx_word' id='word_1_519' title='bbox 3436 3364 3663 3419; x_wconf 89' lang='lat' dir='ltr'><strong>corpora</strong></span> <span class='ocrx_word' id='word_1_520' title='bbox 3680 3348 3921 3411; x_wconf 86' lang='lat' dir='ltr'><strong>Patrum,</strong></span> 
     </span>
    </p>
   </div>
   <div class='ocr_carea' id='block_1_93' title="bbox 2364 3443 3515 3539">
    <p class='ocr_par' dir='ltr' id='par_1_93' title="bbox 2364 3443 3515 3539">
     <span class='ocr_line' id='line_1_93' title="bbox 2364 3443 3515 3539; baseline -0.018 -24"><span class='ocrx_word' id='word_1_521' title='bbox 2364 3459 2570 3539; x_wconf 87' lang='lat' dir='ltr'><strong>Elidius</strong></span> <span class='ocrx_word' id='word_1_522' title='bbox 2595 3454 2787 3526; x_wconf 75' lang='lat' dir='ltr'><strong>praesul</strong></span> <span class='ocrx_word' id='word_1_523' title='bbox 2811 3450 3073 3506; x_wconf 86' lang='lat' dir='ltr'><strong>Pictensis</strong></span> <span class='ocrx_word' id='word_1_524' title='bbox 3096 3447 3262 3519; x_wconf 90' lang='lat' dir='ltr'><strong>gloria</strong></span> <span class='ocrx_word' id='word_1_525' title='bbox 3286 3443 3477 3515; x_wconf 87' lang='lat' dir='ltr'><strong>plebis.</strong></span> <span class='ocrx_word' id='word_1_526' title='bbox 3504 3458 3515 3467; x_wconf 58' lang='grc' dir='ltr'><strong><em>λ</em></strong></span> 
     </span>
    </p>
   </div>
   <div class='ocr_carea' id='block_1_94' title="bbox 2366 3532 3617 3615">
    <p class='ocr_par' dir='ltr' id='par_1_94' title="bbox 2366 3532 3617 3615">
     <span class='ocr_line' id='line_1_94' title="bbox 2366 3532 3617 3615; baseline -0.018 -10"><span class='ocrx_word' id='word_1_527' title='bbox 2366 3532 2747 3615; x_wconf 87' lang='lat' dir='ltr'><strong>Inclaususque</strong></span> <span class='ocrx_word' id='word_1_528' title='bbox 2770 3544 2929 3598; x_wconf 86' lang='lat' dir='ltr'><strong>Pater</strong></span> <span class='ocrx_word' id='word_1_529' title='bbox 2954 3540 3162 3595; x_wconf 89' lang='lat' dir='ltr'><strong>meritis</strong></span> <span class='ocrx_word' id='word_1_530' title='bbox 3186 3536 3418 3591; x_wconf 79' lang='lat' dir='ltr'><strong>Leonius</strong></span> <span class='ocrx_word' id='word_1_531' title='bbox 3444 3532 3617 3586; x_wconf 89' lang='lat' dir='ltr'><strong>almis.</strong></span> 
     </span>
    </p>
   </div>
   <div class='ocr_carea' id='block_1_95' title="bbox 2368 3620 3679 3699">
    <p class='ocr_par' dir='ltr' id='par_1_95' title="bbox 2368 3620 3679 3699">
     <span class='ocr_line' id='line_1_95' title="bbox 2368 3620 3679 3699; baseline -0.016 -6"><span class='ocrx_word' id='word_1_532' title='bbox 2368 3636 2622 3695; x_wconf 84' lang='lat' dir='ltr'><strong>Arnulfus</strong></span> <span class='ocrx_word' id='word_1_533' title='bbox 2647 3636 2813 3690; x_wconf 89' lang='lat' dir='ltr'><strong>frater</strong></span> <span class='ocrx_word' id='word_1_534' title='bbox 2841 3631 3096 3699; x_wconf 87' lang='lat' dir='ltr'><strong>templum</strong></span> <span class='ocrx_word' id='word_1_535' title='bbox 3128 3630 3477 3682; x_wconf 83' lang='lat' dir='ltr'><strong>renovaverat</strong></span> <span class='ocrx_word' id='word_1_536' title='bbox 3507 3620 3679 3683; x_wconf 87' lang='lat' dir='ltr'><strong>istud;</strong></span> 
     </span>
    </p>
   </div>
   <div class='ocr_carea' id='block_1_96' title="bbox 2369 3706 3750 3784">
    <p class='ocr_par' dir='ltr' id='par_1_96' title="bbox 2369 3706 3750 3784">
     <span class='ocr_line' id='line_1_96' title="bbox 2369 3706 3750 3784; baseline -0.018 0"><span class='ocrx_word' id='word_1_537' title='bbox 2369 3728 2592 3783; x_wconf 61' lang='lat' dir='ltr'><strong>Praemia</strong></span> <span class='ocrx_word' id='word_1_538' title='bbox 2617 3725 2703 3781; x_wconf 92' lang='lat' dir='ltr'><strong>cui</strong></span> <span class='ocrx_word' id='word_1_539' title='bbox 2731 3721 2978 3778; x_wconf 90' lang='lat' dir='ltr'><strong>Christus</strong></span> <span class='ocrx_word' id='word_1_540' title='bbox 3001 3719 3204 3772; x_wconf 89' lang='lat' dir='ltr'><strong>tribuat</strong></span> <span class='ocrx_word' id='word_1_541' title='bbox 3228 3730 3328 3784; x_wconf 92' lang='lat' dir='ltr'><strong>per</strong></span> <span class='ocrx_word' id='word_1_542' title='bbox 3362 3710 3517 3767; x_wconf 63' lang='lat' dir='ltr'><strong>saecla</strong></span> <span class='ocrx_word' id='word_1_543' title='bbox 3542 3706 3750 3764; x_wconf 80' lang='lat' dir='ltr'><strong>salutis.</strong></span> 
     </span>
    </p>
   </div>
   <div class='ocr_carea' id='block_1_97' title="bbox 3019 3825 3297 3883">
    <p class='ocr_par' dir='ltr' id='par_1_97' title="bbox 3019 3825 3297 3883">
     <span class='ocr_line' id='line_1_97' title="bbox 3019 3825 3297 3883; baseline -0.018 0"><span class='ocrx_word' id='word_1_544' title='bbox 3019 3825 3297 3883; x_wconf 84' lang='lat' dir='ltr'><strong>LXXXIII.</strong></span> 
     </span>
    </p>
   </div>
   <div class='ocr_carea' id='block_1_98' title="bbox 2502 3910 3794 3987">
    <p class='ocr_par' dir='ltr' id='par_1_98' title="bbox 2502 3910 3794 3987">
     <span class='ocr_line' id='line_1_98' title="bbox 2502 3910 3794 3987; baseline -0.015 -8"><span class='ocrx_word' id='word_1_545' title='bbox 2502 3927 2583 3981; x_wconf 83' lang='lat' dir='ltr'><strong>Ad</strong></span> <span class='ocrx_word' id='word_1_546' title='bbox 2609 3924 2877 3980; x_wconf 84' lang='lat' dir='ltr'><strong>ecclesiam</strong></span> <span class='ocrx_word' id='word_1_547' title='bbox 2904 3928 3084 3975; x_wconf 85' lang='lat' dir='ltr'><strong>sancto</strong></span> <span class='ocrx_word' id='word_1_548' title='bbox 3119 3914 3277 3971; x_wconf 87' lang='lat' dir='ltr'><strong>Petro</strong></span> <span class='ocrx_word' id='word_1_549' title='bbox 3309 3910 3540 3987; x_wconf 77' lang='lat' dir='ltr'><strong>apostolo</strong></span> <span class='ocrx_word' id='word_1_550' title='bbox 3571 3922 3794 3963; x_wconf 82' lang='lat' dir='ltr'><strong>sacram.</strong></span> 
     </span>
    </p>
   </div>
   <div class='ocr_carea' id='block_1_99' title="bbox 2375 3998 3838 4087">
    <p class='ocr_par' dir='ltr' id='par_1_99' title="bbox 2375 3998 3838 4087">
     <span class='ocr_line' id='line_1_99' title="bbox 2375 3998 3838 4087; baseline -0.016 -14"><span class='ocrx_word' id='word_1_551' title='bbox 2375 4020 2563 4075; x_wconf 90' lang='lat' dir='ltr'><strong>Petrus</strong></span> <span class='ocrx_word' id='word_1_552' title='bbox 2592 4012 2916 4087; x_wconf 83' lang='lat' dir='ltr'><strong>apostolicus</strong></span> <span class='ocrx_word' id='word_1_553' title='bbox 2934 4009 3183 4081; x_wconf 87' lang='lat' dir='ltr'><strong>princeps</strong></span> <span class='ocrx_word' id='word_1_554' title='bbox 3214 4006 3336 4075; x_wconf 88' lang='lat' dir='ltr'><strong>pius</strong></span> <span class='ocrx_word' id='word_1_555' title='bbox 3369 4001 3581 4070; x_wconf 81' lang='lat' dir='ltr'><strong>adjuvet</strong></span> <span class='ocrx_word' id='word_1_556' title='bbox 3602 3998 3691 4053; x_wconf 88' lang='lat' dir='ltr'><strong>hic</strong></span> <span class='ocrx_word' id='word_1_557' title='bbox 3717 4011 3838 4059; x_wconf 86' lang='lat' dir='ltr'><strong>nos,</strong></span> 
     </span>
    </p>
   </div>
   <div class='ocr_carea' id='block_1_100' title="bbox 2374 4091 3742 4181">
    <p class='ocr_par' dir='ltr' id='par_1_100' title="bbox 2374 4091 3742 4181">
     <span class='ocr_line' id='line_1_100' title="bbox 2374 4091 3742 4181; baseline -0.018 -13"><span class='ocrx_word' id='word_1_558' title='bbox 2374 4112 2536 4181; x_wconf 90' lang='lat' dir='ltr'><strong>Cujus</strong></span> <span class='ocrx_word' id='word_1_559' title='bbox 2564 4111 2767 4165; x_wconf 91' lang='lat' dir='ltr'><strong>honore</strong></span> <span class='ocrx_word' id='word_1_560' title='bbox 2790 4119 2947 4161; x_wconf 89' lang='lat' dir='ltr'><strong>sacro</strong></span> <span class='ocrx_word' id='word_1_561' title='bbox 2973 4107 3221 4158; x_wconf 87' lang='lat' dir='ltr'><strong>constant</strong></span> <span class='ocrx_word' id='word_1_562' title='bbox 3243 4099 3359 4152; x_wconf 73' lang='lat' dir='ltr'><strong>hazc</strong></span> <span class='ocrx_word' id='word_1_563' title='bbox 3385 4101 3525 4149; x_wconf 88' lang='lat' dir='ltr'><strong>tecta</strong></span> <span class='ocrx_word' id='word_1_564' title='bbox 3548 4091 3742 4147; x_wconf 79' lang='lat' dir='ltr'><strong>dicata.</strong></span> 
     </span>
    </p>
   </div>
   <div class='ocr_carea' id='block_1_101' title="bbox 2377 4180 3671 4275">
    <p class='ocr_par' dir='ltr' id='par_1_101' title="bbox 2377 4180 3671 4275">
     <span class='ocr_line' id='line_1_101' title="bbox 2377 4180 3671 4275; baseline -0.022 -13"><span class='ocrx_word' id='word_1_565' title='bbox 2377 4205 2477 4275; x_wconf 85' lang='lat' dir='ltr'><strong>Qui</strong></span> <span class='ocrx_word' id='word_1_566' title='bbox 2514 4201 2615 4257; x_wconf 86' lang='lat' dir='ltr'><strong>sibi</strong></span> <span class='ocrx_word' id='word_1_567' title='bbox 2644 4198 2987 4257; x_wconf 89' lang='lat' dir='ltr'><strong>commissum</strong></span> <span class='ocrx_word' id='word_1_568' title='bbox 3011 4199 3195 4261; x_wconf 91' lang='lat' dir='ltr'><strong>pastor</strong></span> <span class='ocrx_word' id='word_1_569' title='bbox 3222 4191 3506 4243; x_wconf 89' lang='lat' dir='ltr'><strong>conservet</strong></span> <span class='ocrx_word' id='word_1_570' title='bbox 3531 4180 3671 4236; x_wconf 86' lang='lat' dir='ltr'><strong>ovile</strong></span> 
     </span>
    </p>
   </div>
   <div class='ocr_carea' id='block_1_102' title="bbox 2377 4268 3687 4361">
    <p class='ocr_par' dir='ltr' id='par_1_102' title="bbox 2377 4268 3687 4361">
     <span class='ocr_line' id='line_1_102' title="bbox 2377 4268 3687 4361; baseline -0.022 -12"><span class='ocrx_word' id='word_1_571' title='bbox 2377 4268 2629 4361; x_wconf 78' lang='lat' dir='ltr'><strong>Protegat</strong></span> <span class='ocrx_word' id='word_1_572' title='bbox 2653 4297 2813 4359; x_wconf 88' lang='lat' dir='ltr'><strong>atque</strong></span> <span class='ocrx_word' id='word_1_573' title='bbox 2840 4292 2990 4354; x_wconf 87' lang='lat' dir='ltr'><strong>regat</strong></span> <span class='ocrx_word' id='word_1_574' title='bbox 3013 4280 3167 4336; x_wconf 89' lang='lat' dir='ltr'><strong>donis</strong></span> <span class='ocrx_word' id='word_1_575' title='bbox 3194 4275 3501 4333; x_wconf 75' lang='lat' dir='ltr'><strong>ctelestibus</strong></span> <span class='ocrx_word' id='word_1_576' title='bbox 3526 4268 3651 4325; x_wconf 89' lang='lat' dir='ltr'><strong>illud</strong></span> <span class='ocrx_word' id='word_1_577' title='bbox 3674 4309 3687 4333; x_wconf 95' lang='lat'><strong>,</strong></span> 
     </span>
    </p>
   </div>
   <div class='ocr_carea' id='block_1_103' title="bbox 2379 4362 3610 4453">
    <p class='ocr_par' dir='ltr' id='par_1_103' title="bbox 2379 4362 3610 4453">
     <span class='ocr_line' id='line_1_103' title="bbox 2379 4362 3610 4453; baseline -0.021 -13"><span class='ocrx_word' id='word_1_578' title='bbox 2379 4385 2673 4453; x_wconf 88' lang='lat' dir='ltr'><strong>Perpetuas</strong></span> <span class='ocrx_word' id='word_1_579' title='bbox 2697 4378 2852 4433; x_wconf 91' lang='lat' dir='ltr'><strong>nobis</strong></span> <span class='ocrx_word' id='word_1_580' title='bbox 2874 4383 2927 4430; x_wconf 91' lang='lat' dir='ltr'><strong>et</strong></span> <span class='ocrx_word' id='word_1_581' title='bbox 2951 4381 3135 4444; x_wconf 87' lang='lat' dir='ltr'><strong>portas</strong></span> <span class='ocrx_word' id='word_1_582' title='bbox 3160 4369 3361 4440; x_wconf 90' lang='lat' dir='ltr'><strong>pandat</strong></span> <span class='ocrx_word' id='word_1_583' title='bbox 3382 4362 3610 4443; x_wconf 83' lang='lat' dir='ltr'><strong>Olympi.</strong></span> 
     </span>
    </p>
   </div>
   <div class='ocr_carea' id='block_1_104' title="bbox 2308 4477 3299 4538">
    <p class='ocr_par' dir='ltr' id='par_1_104' title="bbox 2308 4477 3299 4538">
     <span class='ocr_line' id='line_1_104' title="bbox 2308 4477 3299 4538; baseline -0.006 0"><span class='ocrx_word' id='word_1_584' title='bbox 2308 4477 2359 4538; x_wconf 81' lang='grc' dir='ltr'><strong>Ι)</strong></span> <span class='ocrx_word' id='word_1_585' title='bbox 3017 4478 3299 4535; x_wconf 83' lang='lat' dir='ltr'><strong>LXXXIV.</strong></span> 
     </span>
    </p>
   </div>
   <div class='ocr_carea' id='block_1_105' title="bbox 2872 4568 3451 4647">
    <p class='ocr_par' dir='ltr' id='par_1_105' title="bbox 2872 4568 3451 4647">
     <span class='ocr_line' id='line_1_105' title="bbox 2872 4568 3451 4647; baseline -0.016 -20"><span class='ocrx_word' id='word_1_586' title='bbox 2872 4576 2947 4627; x_wconf 74' lang='lat' dir='ltr'><strong>Ad</strong></span> <span class='ocrx_word' id='word_1_587' title='bbox 2969 4572 3150 4647; x_wconf 81' lang='lat' dir='ltr'><strong>cellam</strong></span> <span class='ocrx_word' id='word_1_588' title='bbox 3172 4568 3451 4643; x_wconf 82' lang='lat' dir='ltr'><strong>hospitum.</strong></span> 
     </span>
    </p>
   </div>
   <div class='ocr_carea' id='block_1_106' title="bbox 2387 4654 3698 4739">
    <p class='ocr_par' dir='ltr' id='par_1_106' title="bbox 2387 4654 3698 4739">
     <span class='ocr_line' id='line_1_106' title="bbox 2387 4654 3698 4739; baseline -0.019 -8"><span class='ocrx_word' id='word_1_589' title='bbox 2387 4677 2484 4731; x_wconf 81' lang='lat' dir='ltr'><strong>llic</strong></span> <span class='ocrx_word' id='word_1_590' title='bbox 2506 4675 2657 4728; x_wconf 87' lang='lat' dir='ltr'><strong>locus</strong></span> <span class='ocrx_word' id='word_1_591' title='bbox 2683 4668 2983 4739; x_wconf 86' lang='lat' dir='ltr'><strong>hospitibus</strong></span> <span class='ocrx_word' id='word_1_592' title='bbox 3005 4669 3185 4734; x_wconf 80' lang='lat' dir='ltr'><strong>pateat</strong></span> <span class='ocrx_word' id='word_1_593' title='bbox 3211 4659 3391 4715; x_wconf 88' lang='lat' dir='ltr'><strong>veniat</strong></span> <span class='ocrx_word' id='word_1_594' title='bbox 3408 4656 3434 4696; x_wconf 72' lang='grc' dir='ltr'>ἀ</span> <span class='ocrx_word' id='word_1_595' title='bbox 3460 4654 3625 4719; x_wconf 91' lang='lat' dir='ltr'><strong>ultro,</strong></span> <span class='ocrx_word' id='word_1_596' title='bbox 3696 4673 3698 4677; x_wconf 55' lang='grc' dir='ltr'>ν</span> 
     </span>
    </p>
   </div>
   <div class='ocr_carea' id='block_1_107' title="bbox 2389 4740 3936 4833">
    <p class='ocr_par' dir='ltr' id='par_1_107' title="bbox 2389 4740 3936 4833">
     <span class='ocr_line' id='line_1_107' title="bbox 2389 4740 3936 4833; baseline -0.019 -12"><span class='ocrx_word' id='word_1_597' title='bbox 2389 4767 2618 4833; x_wconf 89' lang='lat' dir='ltr'><strong>Semper</strong></span> <span class='ocrx_word' id='word_1_598' title='bbox 2638 4765 2741 4817; x_wconf 90' lang='lat' dir='ltr'><strong>erit</strong></span> <span class='ocrx_word' id='word_1_599' title='bbox 2760 4758 3010 4829; x_wconf 88' lang='lat' dir='ltr'><strong>quoniam</strong></span> <span class='ocrx_word' id='word_1_600' title='bbox 3037 4759 3328 4829; x_wconf 83' lang='lat' dir='ltr'><strong>susceptus</strong></span> <span class='ocrx_word' id='word_1_601' title='bbox 3352 4751 3403 4803; x_wconf 90' lang='lat' dir='ltr'><strong>in</strong></span> <span class='ocrx_word' id='word_1_602' title='bbox 3430 4746 3639 4816; x_wconf 86' lang='lat' dir='ltr'><strong>hospite</strong></span> <span class='ocrx_word' id='word_1_603' title='bbox 3676 4740 3936 4799; x_wconf 82' lang='lat' dir='ltr'><strong>Christus.</strong></span> 
     </span>
    </p>
   </div>
   <div class='ocr_carea' id='block_1_108' title="bbox 2391 4825 3663 4924">
    <p class='ocr_par' dir='ltr' id='par_1_108' title="bbox 2391 4825 3663 4924">
     <span class='ocr_line' id='line_1_108' title="bbox 2391 4825 3663 4924; baseline -0.02 -13"><span class='ocrx_word' id='word_1_604' title='bbox 2391 4857 2577 4924; x_wconf 87' lang='lat' dir='ltr'><strong>Sitque</strong></span> <span class='ocrx_word' id='word_1_605' title='bbox 2604 4851 2848 4906; x_wconf 86' lang='lat' dir='ltr'><strong>minister</strong></span> <span class='ocrx_word' id='word_1_606' title='bbox 2874 4860 3040 4899; x_wconf 86' lang='lat' dir='ltr'><strong>ovans</strong></span> <span class='ocrx_word' id='word_1_607' title='bbox 3066 4844 3206 4895; x_wconf 89' lang='lat' dir='ltr'><strong>fesso</strong></span> <span class='ocrx_word' id='word_1_608' title='bbox 3234 4825 3439 4893; x_wconf 79' lang='lat' dir='ltr'><strong>servire</strong></span> <span class='ocrx_word' id='word_1_609' title='bbox 3461 4834 3663 4897; x_wconf 85' lang='lat' dir='ltr'><strong>vianti,</strong></span> 
     </span>
    </p>
   </div>
   <div class='ocr_carea' id='block_1_109' title="bbox 2390 4916 3555 5010">
    <p class='ocr_par' dir='ltr' id='par_1_109' title="bbox 2390 4916 3555 5010">
     <span class='ocr_line' id='line_1_109' title="bbox 2390 4916 3555 5010; baseline -0.02 -10"><span class='ocrx_word' id='word_1_610' title='bbox 2390 4948 2457 5001; x_wconf 85' lang='lat' dir='ltr'><strong>Et</strong></span> <span class='ocrx_word' id='word_1_611' title='bbox 2484 4916 2662 4998; x_wconf 76' lang='lat' dir='ltr'><strong>lavare</strong></span> <span class='ocrx_word' id='word_1_612' title='bbox 2693 4939 2855 5010; x_wconf 91' lang='lat' dir='ltr'><strong>pedes</strong></span> <span class='ocrx_word' id='word_1_613' title='bbox 2880 4932 3176 5005; x_wconf 89' lang='lat' dir='ltr'><strong>peregrinis</strong></span> <span class='ocrx_word' id='word_1_614' title='bbox 3198 4916 3424 5000; x_wconf 87' lang='lat' dir='ltr'><strong>gaudeat</strong></span> <span class='ocrx_word' id='word_1_615' title='bbox 3448 4924 3555 4978; x_wconf 89' lang='lat' dir='ltr'><strong>ille.</strong></span> 
     </span>
    </p>
   </div>
   <div class='ocr_carea' id='block_1_110' title="bbox 2394 5010 3761 5097">
    <p class='ocr_par' dir='ltr' id='par_1_110' title="bbox 2394 5010 3761 5097">
     <span class='ocr_line' id='line_1_110' title="bbox 2394 5010 3761 5097; baseline -0.02 -8"><span class='ocrx_word' id='word_1_616' title='bbox 2394 5034 2517 5088; x_wconf 79' lang='lat' dir='ltr'><strong>Haec</strong></span> <span class='ocrx_word' id='word_1_617' title='bbox 2541 5027 2782 5097; x_wconf 78' lang='lat' dir='ltr'><strong>exempla</strong></span> <span class='ocrx_word' id='word_1_618' title='bbox 2811 5024 2953 5081; x_wconf 88' lang='lat' dir='ltr'><strong>dedit</strong></span> <span class='ocrx_word' id='word_1_619' title='bbox 2973 5020 3220 5077; x_wconf 90' lang='lat' dir='ltr'><strong>Christus</strong></span> <span class='ocrx_word' id='word_1_620' title='bbox 3243 5010 3459 5086; x_wconf 85' lang='lat' dir='ltr'><strong>pietatis</strong></span> <span class='ocrx_word' id='word_1_621' title='bbox 3482 5020 3692 5066; x_wconf 88' lang='lat' dir='ltr'><strong>amator</strong></span> <span class='ocrx_word' id='word_1_622' title='bbox 3716 5026 3730 5063; x_wconf 90' lang='lat'>:</span> <span class='ocrx_word' id='word_1_623' title='bbox 3760 5012 3761 5015; x_wconf 68' lang='grc'><em>“</em></span> 
     </span>
    </p>
   </div>
   <div class='ocr_carea' id='block_1_111' title="bbox 2393 5103 3741 5191">
    <p class='ocr_par' dir='ltr' id='par_1_111' title="bbox 2393 5103 3741 5191">
     <span class='ocr_line' id='line_1_111' title="bbox 2393 5103 3741 5191; baseline -0.019 -15"><span class='ocrx_word' id='word_1_624' title='bbox 2393 5122 2484 5176; x_wconf 90' lang='lat' dir='ltr'><strong>Ille</strong></span> <span class='ocrx_word' id='word_1_625' title='bbox 2510 5120 2656 5191; x_wconf 92' lang='lat' dir='ltr'><strong>prior</strong></span> <span class='ocrx_word' id='word_1_626' title='bbox 2672 5117 2879 5187; x_wconf 88' lang='lat' dir='ltr'><strong>plantas</strong></span> <span class='ocrx_word' id='word_1_627' title='bbox 2902 5110 3102 5164; x_wconf 84' lang='lat' dir='ltr'><strong>lavavit</strong></span> <span class='ocrx_word' id='word_1_628' title='bbox 3126 5103 3528 5185; x_wconf 82' lang='lat' dir='ltr'><strong>discipulorum,</strong></span> <span class='ocrx_word' id='word_1_629' title='bbox 3734 5124 3741 5127; x_wconf 82' lang='grc'><strong><em>-</em></strong></span> 
     </span>
    </p>
   </div>
   <div class='ocr_carea' id='block_1_112' title="bbox 2398 5183 3734 5270">
    <p class='ocr_par' dir='ltr' id='par_1_112' title="bbox 2398 5183 3734 5270">
     <span class='ocr_line' id='line_1_112' title="bbox 2398 5183 3734 5270; baseline -0.018 -6"><span class='ocrx_word' id='word_1_630' title='bbox 2398 5183 2527 5264; x_wconf 63' lang='lat' dir='ltr'><strong>Haec</strong></span> <span class='ocrx_word' id='word_1_631' title='bbox 2545 5183 2747 5263; x_wconf 75' lang='lat' dir='ltr'><strong>faciens</strong></span> <span class='ocrx_word' id='word_1_632' title='bbox 2778 5202 2947 5260; x_wconf 88' lang='lat' dir='ltr'><strong>frater</strong></span> <span class='ocrx_word' id='word_1_633' title='bbox 2968 5205 3153 5270; x_wconf 78' lang='lat' dir='ltr'><strong>speret</strong></span> <span class='ocrx_word' id='word_1_634' title='bbox 3168 5194 3270 5251; x_wconf 89' lang='lat' dir='ltr'><strong>sibi</strong></span> <span class='ocrx_word' id='word_1_635' title='bbox 3292 5183 3517 5263; x_wconf 67' lang='lat' dir='ltr'><strong>praemia</strong></span> <span class='ocrx_word' id='word_1_636' title='bbox 3543 5190 3734 5258; x_wconf 76' lang='lat' dir='ltr'><strong>magna</strong></span> 
     </span>
    </p>
   </div>
   <div class='ocr_carea' id='block_1_113' title="bbox 2398 5275 3609 5359">
    <p class='ocr_par' dir='ltr' id='par_1_113' title="bbox 2398 5275 3609 5359">
     <span class='ocr_line' id='line_1_113' title="bbox 2398 5275 3609 5359; baseline -0.021 -2"><span class='ocrx_word' id='word_1_637' title='bbox 2398 5302 2455 5357; x_wconf 93' lang='lat' dir='ltr'><strong>In</strong></span> <span class='ocrx_word' id='word_1_638' title='bbox 2484 5300 2633 5357; x_wconf 61' lang='lat' dir='ltr'><strong>caelis</strong></span> <span class='ocrx_word' id='word_1_639' title='bbox 2651 5296 2835 5359; x_wconf 89' lang='lat' dir='ltr'><strong>tribui,</strong></span> <span class='ocrx_word' id='word_1_640' title='bbox 2855 5291 3054 5348; x_wconf 81' lang='lat' dir='ltr'><strong>Christi</strong></span> <span class='ocrx_word' id='word_1_641' title='bbox 3080 5275 3346 5357; x_wconf 59' lang='lat' dir='ltr'><strong>pracepta&#39;</strong></span> <span class='ocrx_word' id='word_1_642' title='bbox 3374 5288 3609 5337; x_wconf 88' lang='lat' dir='ltr'><strong>secutus.</strong></span> 
     </span>
    </p>
   </div>
   <div class='ocr_carea' id='block_1_114' title="bbox 2404 5424 3951 5509">
    <p class='ocr_par' dir='ltr' id='par_1_114' title="bbox 2404 5424 3951 5509">
     <span class='ocr_line' id='line_1_114' title="bbox 2404 5424 3951 5509; baseline -0.021 0"><span class='ocrx_word' id='word_1_643' title='bbox 2404 5448 2724 5508; x_wconf 86' lang='lat' dir='ltr'><strong>monasteria</strong></span> <span class='ocrx_word' id='word_1_644' title='bbox 2774 5442 3143 5509; x_wconf 74' lang='lat' dir='ltr'><strong>Gemetieanse</strong></span> <span class='ocrx_word' id='word_1_645' title='bbox 3184 5438 3244 5509; x_wconf 84' lang='lat' dir='ltr'><strong>S.</strong></span> <span class='ocrx_word' id='word_1_646' title='bbox 3295 5433 3504 5509; x_wconf 56' lang='lat' dir='ltr'><strong>Maria,</strong></span> <span class='ocrx_word' id='word_1_647' title='bbox 3537 5446 3635 5487; x_wconf 88' lang='lat' dir='ltr'><strong>seu</strong></span> <span class='ocrx_word' id='word_1_648' title='bbox 3679 5428 3737 5509; x_wconf 58' lang='grc' dir='ltr'><strong>ξε</strong></span> <span class='ocrx_word' id='word_1_649' title='bbox 3781 5424 3951 5492; x_wconf 80' lang='lat' dir='ltr'><strong>Petri,</strong></span> 
     </span>
    </p>
   </div>
   <div class='ocr_carea' id='block_1_115' title="bbox 2402 5496 3951 5589">
    <p class='ocr_par' dir='ltr' id='par_1_115' title="bbox 2402 5496 3951 5589">
     <span class='ocr_line' id='line_1_115' title="bbox 2402 5496 3951 5589; baseline -0.018 -13"><span class='ocrx_word' id='word_1_650' title='bbox 2402 5496 2724 5589; x_wconf 49' lang='lat' dir='ltr'><strong>iiﬁie&#39;ééif</strong></span> <span class='ocrx_word' id='word_1_651' title='bbox 2739 5496 2807 5569; x_wconf 28' lang='lat' dir='ltr'><strong>in.</strong></span> <span class='ocrx_word' id='word_1_652' title='bbox 2830 5496 3510 5589; x_wconf 1' lang='lat' dir='ltr'><strong>dimgsijﬁothomagensi</strong></span> <span class='ocrx_word' id='word_1_653' title='bbox 3532 5541 3552 5570; x_wconf 88' lang='lat'><strong>,</strong></span> <span class='ocrx_word' id='word_1_654' title='bbox 3594 5509 3650 5555; x_wconf 80' lang='lat' dir='ltr'><strong>et</strong></span> <span class='ocrx_word' id='word_1_655' title='bbox 3692 5496 3951 5561; x_wconf 76' lang='lat' dir='ltr'><strong>Hel-ense,</strong></span> 
     </span>
    </p>
   </div>
   <div class='ocr_carea' id='block_1_116' title="bbox 2409 5579 3221 5652">
    <p class='ocr_par' dir='ltr' id='par_1_116' title="bbox 2409 5579 3221 5652">
     <span class='ocr_line' id='line_1_116' title="bbox 2409 5579 3221 5652; baseline -0.018 -8"><span class='ocrx_word' id='word_1_656' title='bbox 2409 5579 2759 5649; x_wconf 69' lang='lat' dir='ltr'><strong>Nermaatier,</strong></span> <span class='ocrx_word' id='word_1_657' title='bbox 2788 5582 2926 5652; x_wconf 85' lang='lat' dir='ltr'><strong>apud</strong></span> <span class='ocrx_word' id='word_1_658' title='bbox 2949 5579 3221 5652; x_wconf 72' lang='lat' dir='ltr'><strong>Pictbnes.‘</strong></span> 
     </span>
    </p>
   </div>
   <div class='ocr_carea' id='block_1_117' title="bbox 2474 5648 3077 5723">
    <p class='ocr_par' dir='ltr' id='par_1_117' title="bbox 2474 5648 3077 5723">
     <span class='ocr_line' id='line_1_117' title="bbox 2474 5648 3077 5723; baseline -0.02 -10"><span class='ocrx_word' id='word_1_659' title='bbox 2474 5660 2499 5698; x_wconf 74' lang='grc' dir='ltr'><strong><em>ἀ</em></strong></span> <span class='ocrx_word' id='word_1_660' title='bbox 2534 5658 2729 5723; x_wconf 79' lang='lat' dir='ltr'><strong>Forte,‘</strong></span> <span class='ocrx_word' id='word_1_661' title='bbox 2744 5648 3077 5708; x_wconf 65' lang='lat' dir='ltr'><strong>venientibus.</strong></span> 
     </span>
    </p>
   </div>
  </div>
