4268 6222
357 416 459 471 719

352 531 583 598 Semper
607 532 782 581 amate
811 523 1001 585 Deum,
1035 521 1255 584 fratres,
1278 529 1332 574 et
1355 529 1562 574 vosmet
1588 526 1785 581 amate,

357 618 541 689 Diligit
568 615 657 674 ille
683 615 875 679 Deum,
898 628 1059 668 verus
1079 612 1169 681 qui
1196 620 1282 667 est
1310 609 1493 665 fratris
1519 617 1748 664 amator.

1012 702 1273 757 LXXXV.

503 798 584 851 Ad
612 796 897 852 oratorium
936 803 1234 849 sanctorum
1260 791 1473 845 Martini
1500 800 1547 844 et
1574 787 1787 844 Celadi.

356 888 690 945 Pontiﬁcalis
718 901 853 957 apex
876 885 1167 955 praeclarus
1194 884 1249 937 in
1278 883 1409 950 orbe
1426 882 1700 943 sacerdos,

363 981 635 1035 Virtutum
658 977 867 1032 meritis
896 975 1157 1029 Martinus
1188 964 1451 1027 maximus
1474 977 1683 1032 auctor,

360 1068 489 1124 llzec
509 1076 722 1124 sacrata
752 1066 854 1121 sibi
880 1064 1133 1120 defendat
1158 1070 1296 1118 tecta
1324 1069 1613 1131 patronus:

361 1159 590 1226 Adjuvet
612 1164 772 1228 atque
794 1170 982 1226 preces
1003 1163 1217 1209 nostras
1240 1153 1456 1223 pietatis
1483 1165 1687 1214 amore,

362 1248 436 1305 Ut
472 1250 613 1304 Deus
642 1249 982 1316 omnipotens
1011 1245 1332 1301 famulorum
1360 1252 1484 1298 vota
1514 1246 1733 1297 suorum

363 1338 605 1408 Impleat,
635 1348 691 1393 et
718 1339 872 1392 donis
896 1337 1207 1392 coelestibus
1233 1341 1426 1404 augeat
1445 1333 1582 1388 illos.

366 1432 449 1485 Sit
475 1433 595 1502 pius
623 1441 677 1486 et
701 1429 939 1486 clemens
960 1429 1114 1484 nobis
1144 1442 1237 1482 rex
1266 1427 1503 1497 optimus
1527 1424 1636 1479 ille.

363 1522 480 1577 Hoc
510 1536 722 1591 quoque
750 1518 865 1587 jam
890 1526 1084 1588 pausat
1108 1517 1304 1587 praesul
1333 1515 1581 1571 Gelasius
1602 1513 1798 1575 almus,

367 1612 560 1665 Clarus
590 1611 642 1664 in
676 1610 806 1663 urbe
834 1616 987 1677 pater
1010 1614 1299 1676 prasente,
1329 1614 1384 1661 et
1413 1605 1602 1660 doctor
1623 1605 1902 1667 honestus,

362 1699 673 1769 i‘rtecipuus
700 1697 925 1761 meritis,
955 1696 1112 1750 vivax
1139 1710 1387 1751 sermone
1410 1695 1619 1750 salutis.

368 1793 519 1849 lianc
540 1792 818 1847 renovavit
840 1791 983 1846 enim
1000 1788 1113 1858 jam
1135 1788 1365 1845 Gundun
1380 1800 1405 1830 ι
1420 1803 1507 1843 me
1527 1788 1678 1858 prius
1705 1788 1734 1828 ι’
1764 1787 1940 1841 aulam

368 1884 569 1938 Ductus
593 1897 776 1936 amore
803 1880 1059 1944 Patrum,
1084 1881 1287 1935 tribuat
1325 1880 1411 1934 cui
1438 1879 1660 1949 prmmia
1696 1878 1942 1934 Christus

369 1972 512 2029 Mitis
536 1973 591 2027 in
618 1980 877 2027 aeternum
912 1968 1055 2024 felici
1082 1970 1139 2024 in
1169 1969 1295 2024 sede
1322 1968 1588 2039 polorum.

1018 2059 1302 2114 LXXXVI.

486 2154 564 2207 Ad
593 2152 864 2209 ecclesiam
889 2153 1053 2206 beatie
1080 2152 1296 2221 virginis
1327 2149 1515 2205 Maria:
1542 2149 1824 2203 Nobiliori.

371 2242 496 2297 Hac
518 2242 633 2297 loca
667 2256 787 2311 qua:
815 2240 1015 2305 cernis,
1053 2240 1244 2304 lector,
1270 2240 1594 2293 venerabilis
1622 2240 1756 2293 aulae

371 2334 623 2411 Partibus
650 2332 913 2399 ecclesiae,
936 2331 1148 2388 fuerant
1169 2332 1396 2387 ecclesia
1416 2331 1706 2400 quondam.

372 2427 481 2482 Sed
505 2426 666 2480 Pater
686 2434 739 2480 et
766 2434 951 2494 pastor
974 2424 1196 2494 supplex
1227 2424 1331 2478 Ato
1363 2433 1386 2461 ε
1414 2422 1634 2477 sustulit
1662 2422 1785 2485 ista,

372 2519 440 2572 Et
463 2518 625 2572 terris
644 2517 896 2586 quoniam
928 2516 1095 2569 nimio
1116 2516 1303 2570 dilexit
1328 2530 1531 2570 amore.

377 2609 540 2685 Virgo
570 2606 756 2668 Maria,
796 2606 890 2659 Dei
922 2605 1174 2674 genitrix,
1205 2614 1295 2659 tua
1327 2606 1528 2660 intacta
1560 2596 1839 2669 Tonantis,

374 2695 479 2762 Tu,
508 2696 691 2767 regina
712 2695 840 2764 poli,
871 2696 995 2750 vita:
1020 2711 1143 2766 spes
1165 2696 1396 2750 maxima
1430 2704 1661 2751 nostrae:

379 2786 449 2843 Ut
480 2784 573 2841 tibi
597 2785 792 2852 cultus,
820 2786 994 2841 honor
1017 2785 1168 2841 fieret
1197 2785 1565 2841 memorabilis
1592 2785 1773 2842 isthic.

378 2872 482 2938 Tu,
505 2888 719 2943 quoque
744 2873 1041 2943 reSpiceres
1069 2874 1226 2929 solita
1247 2874 1795 2945 pietateprecantes:

378 2961 479 3017 Hic
506 2961 733 3016 famulas
758 2961 1093 3033 famulosque
1112 2964 1230 3025 Dei,
1258 2964 1546 3018 mitissima
1574 2962 1760 3032 Virgo,

380 3050 459 3105 'l'u
484 3052 733 3119 precibus
754 3052 955 3107 nostris
981 3067 1195 3123 semper
1218 3052 1512 3107 clementer
1530 3052 1741 3115 adesto,

380 3141 556 3213 Atque
589 3142 705 3199 dies
734 3150 945 3197 nostros
964 3142 1217 3212 precibus
1245 3156 1369 3212 rege
1400 3156 1611 3211 semper
1640 3142 1859 3211 ubique,

383 3230 454 3286 Ut
477 3246 575 3287 nos
600 3242 883 3288 conservet
905 3230 1031 3287 J’esu
1058 3233 1146 3302 pia
1169 3233 1343 3303 gratia
1375 3230 1598 3286 Christi.

1015 3341 1318 3397 LXXXVII.

928 3412 1009 3465 Ad
1055 3414 1402 3481 refecton'unt.

384 3501 597 3559 Christe
620 3500 782 3567 Deus,
805 3510 1004 3558 nostra:
1032 3504 1256 3557 benedic
1278 3489 1524 3557 convivia
1555 3518 1773 3567 mensa,

387 3589 622 3659 Quzeque
652 3592 760 3646 tuis
788 3592 962 3646 servis
989 3592 1272 3645 mitissime
1301 3593 1441 3645 dona”
1472 3593 1687 3658 dedisti,

387 3678 489 3743 Per
518 3687 571 3734 te
606 3679 714 3733 sint
737 3678 1021 3735 benedicta
1043 3681 1280 3749 quidem.
1310 3679 1390 3733 Tu
1412 3680 1635 3750 largitor
1657 3680 1852 3745 almus,

388 3767 577 3823 Omnia
609 3774 667 3821 tu
690 3767 916 3823 dederas
943 3769 1126 3832 nobis;
1152 3784 1265 3837 iam
1293 3768 1551 3838 quidquid
1579 3770 1859 3832 habemus,

389 3859 527 3913 Sunt
546 3859 684 3913 bona
712 3859 905 3928 quippe
933 3856 1049 3925 tua,
1080 3860 1206 3929 quia
1234 3867 1289 3913 tu
1314 3860 1487 3915 bonus
1505 3861 1684 3915 omnia
1713 3862 1919 3917 condis.

391 3947 499 4003 Vos
522 3962 734 4018 quoque
760 3949 997 4003 conviva:
1028 3948 1231 4013 laudes,
1279 3964 1408 4019 rogo
1425 3989 1440 4015 ,
1477 3948 1637 4005 dicite
1663 3950 1881 4006 Christo
1905 3966 1920 4004 :

394 4037 619 4109 Semper
647 4040 701 4093 in
725 4055 821 4095 ore
854 4049 1045 4096 sonent
1060 4026 1221 4111 pacis
1246 4041 1331 4096 vel
1350 4042 1513 4097 verba
1540 4043 1748 4098 salutis.

394 4126 619 4197 Semper
646 4137 788 4182 amat
818 4143 1007 4197 pacem
1032 4128 1297 4194 Christus,
1337 4130 1428 4200 qui
1452 4130 1663 4186 dixerat
1688 4132 1801 4202 ipse
1839 4151 1851 4185 :

394 4215 473 4270 Do
498 4216 756 4286 vobisque
778 4230 987 4295 pacem,
1014 4218 1166 4273 vobis
1185 4232 1481 4287 pacemque
1507 4219 1771 4290 relinquo.

397 4304 480 4361 Sit
502 4321 715 4377 quoque
736 4308 924 4362 nostra
950 4323 1141 4364 manus
1167 4310 1381 4365 miseris
1405 4310 1705 4383 largissima
1727 4329 1963 4385 semper,

396 4396 609 4468 Accipit
629 4398 734 4453 hoc
757 4396 1027 4464 Christus,
1050 4398 1264 4455 dederis
1293 4410 1348 4453 tu
1371 4415 1605 4471 paupere
1630 4404 1909 4475 quidquid,

398 4486 465 4543 Et
488 4488 583 4544 tibi
614 4503 720 4544 non
747 4490 926 4545 tardat
946 4489 1253 4544 mercedem
1284 4490 1509 4545 reddere
1532 4506 1800 4561 magnam.

1016 4579 1344 4637 LXXXVIII.

906 4669 987 4723 Ad
1006 4669 1372 4725 dormitorium
1400 4669 1449 4723 ἀ.

400 4754 468 4812 Et
486 4754 725 4825 requiem
748 4758 895 4811 nocti
925 4768 948 4795 ο
978 4758 1223 4824 dederas,
1247 4760 1531 4830 lucemque
1553 4760 1753 4829 labori,

472 4900 498 4929 ι
535 4886 785 4944 Gundun.
811 4886 943 4943 Vide
971 4887 1107 4942 infra
1128 4904 1344 4944 carmen
1375 4889 1495 4944 lOl.

474 4958 503 4998 δ
539 4958 681 5013 Edit.
712 4958 963 5013 mendose
987 4966 1001 5011 :‘
1029 4958 1504 5013 Gununmenribua.

476 5026 818 5106 sufﬁgat-Via;
825 5042 1022 5106 supra;
1031 5042 1247 5106 carmen
1282 5021 1369 5106 7“.
1412 5025 1525 5082 Hoc
1545 5026 1875 5106 epigramma
1902 5028 1977 5085 de.

404 5092 627 5168 bgilica
662 5092 1023 5168 μοι)ῦίιὼῃῇ
1064 5096 1323 5168 explicari
1353 5110 1512 5168 posse
1551 5092 1739 5168 censet
1758 5092 1971 5168 qiioque

408 5161 745 5239 ιιιιιίυρηίυξ
778 5166 973 5239 emt
996 5161 1224 5239 mill.
1248 5161 1373 5239 pas:
1404 5164 1532 5239 ἔξω,
1565 5180 1695 5239 me

410 5248 513 5315 iam
543 5218 1225 5315 virginis
1563 5218 1970 5315 tanniam.

411 5312 473 5358 ut
492 5301 734 5375 patetiex
761 5301 941 5375 variis
982 5306 1218 5375 chartis,
1258 5301 1319 5360 lii
1358 5306 1575 5375 quibus__
1596 5301 1975 5364 Morinum-ium

412 5381 605 5446 nocte
634 5371 821 5427 Harios
858 5380 907 5425 et
936 5371 1105 5446 coacti
1148 5371 1725 5446 Iuniani'appellatur,
1761 5376 1976 5432 tametsi

414 5442 573 5515 modo
611 5457 778 5515 unum
824 5442 992 5515 sancti
1032 5442 1495 5515 {nutantiuomen
1532 5442 1735 5515 passim
1759 5446 1976 5501 retinet.

416 5508 575 5593 Plura
599 5510 721 5566 vide
743 5510 882 5593 apud
910 5509 1155 5593 eumdem
1181 5508 1380 5577 ﬂebili.

482 5576 512 5617 ἀ
549 5577 606 5633 In
635 5594 734 5635 ms.
760 5576 845 5634 tit.
872 5593 888 5634 :
918 5578 997 5631 Ad
1019 5579 1339 5635 caminorum
1364 5582 1451 5638 ubi
1479 5583 1637 5637 abbas
1660 5581 1872 5637 dormit.

496 5657 519 5719 ξ
554 5645 679 5719 ἕεις
712 5648 793 5719 μ
818 5650 1045 5719 restim
1080 5658 1297 5703 ηοαενη·

495 5717 520 5786 τ
554 5715 673 5786 bis,
706 5715 929 5786 frigidus
952 5734 979 5769 e
1003 5732 1177 5771 rem.

492 5784 516 5825 Ι
559 5778 679 5845 δίς..
706 5778 978 5851 despiciat.

1342 406 1666 464 CARMINA.
1709 436 1776 444 —
1814 399 2333 459 lNSCBlPTlONES
2372 399 2622 455 ΥΑῘΠᾹΞ.

3495 405 3597 462 7350

1954 516 2003 573 Α
2033 509 2293 579 Prospera
2323 527 2649 565 conservans
2678 510 2891 567 famulis
2919 520 3229 582 ncetesque,
3260 516 3499 586 diesque.

2033 601 2112 654 Ad
2143 610 2193 655 te
2218 616 2313 655 cor
2336 602 2540 669 vigilet,
2576 616 2798 656 somnus
2816 604 2862 657 si
2892 602 3106 659 claudat
3132 603 3329 658 ocellos
3346 646 3359 665 .

2035 693 2109 748 Te
2136 693 2285 747 labor
2309 702 2363 748 et
2392 695 2607 764 requies
2636 694 2937 750 collaudem
2959 695 3211 751 omnibus
3234 698 3403 751 horis.

2671 806 2957 861 LXXXIX.

2567 898 2647 949 Ad
2686 900 3079 968 hypocaustmn.

2036 985 2284 1055 Frigidus
2313 987 2570 1041 hibernus
2607 988 2624 1025 τ
2656 990 2876 1043 veniens
2899 989 2964 1043 de
2996 999 3173 1043 monte
3200 990 3393 1053 viator,

2108 1076 2224 1130 Non
2254 1092 2371 1131 mea
2400 1078 2681 1145 displiceat
2711 1081 2733 1117 ε
2762 1081 2972 1148 hospita
3004 1088 3165 1143 tecta,
3200 1096 3347 1149 rogo.

2036 1166 2097 1219 Si
2131 1182 2249 1221 mea
2279 1169 2416 1220 dona
2448 1167 2543 1221 tibi
2573 1168 2780 1237 cupias,
2808 1171 3051 1223 nimbose
3075 1172 3269 1233 viator,

2109 1256 2185 1310 Da
2212 1256 2362 1325 prior
2388 1272 2513 1312 ecce
2542 1266 2653 1324 tua,
2686 1259 2764 1313 sic
2794 1259 2889 1313 tibi
2912 1261 3111 1329 prende
3136 1276 3271 1313 mea.

2667 1369 2829 1440 214
2864 1369 2974 1424 xc-

2608 1459 2686 1512 Ad
2710 1460 3050 1513 cwnoculum.

2043 1550 2167 1605 “me
2190 1558 2272 1605 cst
2307 1558 2491 1605 sancta
2514 1551 2724 1613 domus,
2752 1551 2903 1619 pacis
2927 1552 3097 1616 locus,
3125 1551 3246 1604 aula
3276 1550 3487 1612 salutis,

2044 1640 2217 1707 Quam
2243 1642 2519 1721 superbic
2550 1656 2762 1709 semper
2794 1650 3011 1695 maneat
3040 1642 3343 1697 benedictio
3371 1641 3569 1696 Christi
3599 1654 3613 1689 :

2044 1730 2100 1783 1n
2125 1744 2230 1798 qua
2262 1729 2578 1798 multiplicet
2609 1730 2635 1768 ιι
2663 1728 2890 1782 fratrum
2919 1730 3165 1782 convivia
3194 1729 3372 1798 largus
3396 1769 3408 1790 ,

1974 1855 2020 1915 Β
2047 1819 2149 1885 Qui
2175 1819 2444 1887 quondam
2472 1820 2671 1889 populi,
2705 1819 2910 1884 ccelesti
2940 1835 3163 1874 munere
3188 1820 3339 1874 dives
3357 1861 3371 1882 ,

2048 1911 2281 1966 Panibus
2308 1926 2374 1965 ex
2400 1912 2637 1980 quinque
2660 1912 2876 1964 satiavit
2906 1911 3068 1963 millia
3100 1912 3355 1980 quinque.

2763 2001 2897 2057 XCI.

2230 2092 2309 2147 Ad
2334 2108 2480 2145 aram
2508 2101 2810 2146 sanctorum
2841 2090 3047 2147 Cosma:
3083 2102 3131 2147 et
3159 2092 3428 2146 Damiam’.

2046 2180 2161 2235 Hac
2184 2180 2290 2234 duo
2321 2181 2562 2249 germani
2591 2179 2833 2243 Cosmas,
2874 2181 3167 2236 Damianus
3197 2182 3249 2234 in
3280 2196 3376 2235 ara

2116 2267 2421 2338 Iunguntur
2443 2269 2727 2339 siquidem,
2757 2284 2970 2339 semper
2994 2271 3199 2325 honore
3227 2272 3365 2341 pari.

2048 2359 2193 2425 Quos
2220 2360 2380 2415 terris
2403 2360 2607 2439 genuit,
2639 2375 2746 2415 uno
2763 2360 2841 2415 -de
2870 2362 3096 2425 viscere,
3127 2369 3301 2415 mater

2117 2447 2224 2503 Par
2249 2440 2434 2525 genuit
2459 2448 2657 2504 fratres
2686 2450 3112 2520 martyriumque
3137 2449 3278 2520 polo.
3354 2448 3361 2451 ’

2758 2559 2915 2615 XCII.

2105 2649 2185 2702 Ad
2240 2649 2479 2719 sepulcra
2521 2660 2825 2772 8011010"!th
2860 2649 3095 2774 gemmis
3138 2651 3363 2723 episcopi
3404 2664 3452 2708 et
3498 2656 3625 2725 Apr!

2724 2736 2755 2771 α
2826 2738 2856 2773 a
2883 2736 2949 2774 is.

2724 2736 2949 2774 αυοαιισ.

2053 2826 2221 2895 Hujus
2242 2828 2330 2883 hic
2356 2836 2545 2896 pausat
2562 2829 2859 2897 praeclarus
2887 2831 3170 2902 episcopus
3198 2835 3345 2890 urbis
3422 2903 3431 2911 .

2124 2915 2352 2971 Nomine
2376 2915 2630 2982 Joannes,
2659 2917 2743 2971 vir
2763 2918 2887 2988 pius
2909 2926 3073 2989 atque
3099 2920 3295 2977 b‘onus.

2054 3005 2154 3062 ilic
2180 3008 2471 3077 requiescit
2496 3006 2658 3077 Aper,
2684 3007 2845 3077 hujus
2868 3010 3195 3067 venerabilis
3222 3013 3390 3069 abbas
3456 3040 3461 3041 ί

2060 3123 2063 3126 ν
2124 3095 2381 3154 Ecclesiae
2407 3106 2612 3166 pastor,
2649 3108 2932 3170 promptus
2957 3101 3011 3155 in
3030 3116 3191 3157 omne
3214 3102 3435 3158 bonum.

1976 3184 2027 3250 C
2058 3184 2164 3241 Sed
2191 3186 2419 3256 pedibus
2437 3188 2620 3256 populi
2644 3186 2861 3244 fuerant
2894 3189 2907 3238 i
2946 3190 3152 3245 calcata
3175 3193 3418 3260 sepulcra
3438 3232 3455 3259 ,

2127 3274 2239 3330 Nec
2258 3275 2437 3344 paries
2462 3276 2647 3339 cinxit,
2682 3289 2743 3332 ut
2768 3279 2950 3333 decuit
2977 3280 3240 3349 patribus.

2058 3365 2172 3422 Hoc
2190 3367 2295 3420 Ato
2327 3382 2431 3421 non
2458 3365 2645 3431 suffert
2669 3368 2693 3406 ιι
2717 3367 2879 3437 Aperi
2906 3384 3190 3424 successor
3217 3371 3456 3438 honoris,

2129 3457 2369 3528 Corpora
2396 3457 2597 3512 calcari
2618 3474 2773 3512 sacra
2802 3468 3019 3529 patrum
3044 3460 3304 3529 pedibus:

2060 3548 2167 3603 Sed
2190 3558 2535 3603 monumenta
2574 3548 2589 3586 ι
2622 3548 2772 3603 brevi
2798 3549 3003 3617 placuit
3032 3552 3357 3624 concingere
3376 3569 3554 3621 muro,

2129 3637 2320 3700 Pervia
2349 3654 2418 3693 ne
2444 3639 2624 3710 populi
2656 3640 2811 3695 busta
2835 3641 3013 3697 forent
3040 3643 3284 3712 pedibus.

2059 3726 2278 3782 Addidit
2302 3736 2358 3783 et
2386 3738 2583 3783 nostra:
2613 3730 2795 3785 statim
2824 3730 2912 3800 pia
2942 3732 3094 3799 signa
3126 3733 3334 3797 salutis,

2128 3818 2187 3872 In
2217 3834 2325 3889 quo
2351 3818 2598 3873 Salvator
2635 3821 2808 3873 victor
2828 3820 2897 3873 ab
2920 3822 3073 3875 hoste
3096 3822 3257 3876 redit.

2058 3907 2285 3977 Insuper
2307 3908 2477 3963 altare
2502 3910 2689 3963 statuit
2709 3909 3015 3965 venerabile
3044 3910 3280 3978 Christo,

2130 3997 2187 4053 lu
2222 4013 2329 4067 quo
2354 4015 2453 4069 pro
2474 4000 2723 4068 patribus
2759 4001 2931 4055 hostia
2959 4017 3113 4056 sacra
3140 4002 3297 4060 foret.

2061 4087 2132 4143 Ut
2158 4088 2305 4144 Deus
2324 4094 2664 4160 omnipotens
2692 4092 2933 4160 requiem
2973 4095 3291 4149 concederet
3319 4094 3442 4160 illis,

2133 4178 2267 4232 Cum
2297 4179 2499 4233 sanctis
2521 4179 2747 4248 pariter,
2779 4194 2992 4250 semper
3015 4181 3069 4235 in
3091 4196 3216 4237 arce
3236 4182 3363 4252 poli.

2764 4287 2941 4343 XCIII.

2102 4396 2181 4449 Ad
2204 4411 2353 4450 arant
2371 4405 2669 4451 sanctorum
2691 4381 2927 4452 Gervasii
2952 4408 2999 4450 et
3025 4396 3258 4452 Protasii
3284 4408 3595 4470 martyrum.

1992 4518 2048 4581 Β
2070 4484 2596 4581 Οθτγεείυεᾴωπιγτ
2624 4486 2785 4541 simul
2812 4495 2975 4557 atque
3002 4486 3279 4581 Protasius
3314 4466 3488 4545 alnius

2070 4576 2182 4631 Hac
2212 4576 2317 4631 duo
2343 4574 2599 4631 Germani
2628 4576 2831 4645 pariter
2861 4586 3187 4631 venerantur
3216 4570 3270 4651 in
3292 4592 3384 4631 ara
3414 4595 3427 4631 :
3462 4631 3468 4637 ,

2066 4665 2213 4732 Quos
2242 4665 2363 4720 tulit
2384 4681 2490 4723 una
2518 4665 2634 4720 dies
2668 4665 2860 4728 terris,
2893 4665 3051 4719 simul
3074 4680 3286 4736 unaque
3306 4666 3463 4729 ctelo,

2070 4761 2326 4831 Martyrio
2351 4759 2571 4823 similes,
2605 4759 2813 4813 similes
2834 4756 3046 4813 fervore
3074 4758 3219 4814 fidei.

2114 4892 2155 4931 ’δ
2188 4889 2357 4955 Εάῖι..
2386 4888 2670 4957 multiplici
2690 4897 2760 4940 et.

2138 4958 2155 4997 ί
2192 4958 2307 5013 Hoc
2340 4952 2571 5011 carmen
2609 4959 2682 5009 ita
2716 4959 3061 5009 emendatum
3106 4954 3253 5008 dedit
3280 4952 3627 5009 Hahillouius

2065 5039 2175 5084 tom
2206 5026 2269 5082 11.
2301 5026 2499 5081 Annal.
2543 5026 2668 5079 libr.
2714 5040 2859 5096 xgm,
2891 5039 3014 5096 pag.
3046 5023 3170 5096 307.
3205 5022 3405 5096 Es_l_id,
3434 5026 3625 5079 eodem

2057 5097 2350 5164 interprete
2366 5096 2699 5166 epitaphium
2739 5092 3239 5166 Joannls'episcopi
3266 5092 3629 5149 Piotaviensis

2066 5177 2122 5221 ct
2166 5162 2294 5237 Apri
2343 5162 2581 5237 abbatis,
2621 5162 3154 5237 quorumgsepulera.
3177 5178 3251 5237 ne
3280 5177 3313 5237 _a
3346 5172 3629 5232 pertrans-

2066 5232 2322 5293 euutihus
2344 5232 2821 5297 concalearentnr,
2846 5235 2950 5290 Ato
2972 5232 3140 5286 abbas
3162 5233 3295 5300 Apri
3316 5245 3627 5300 successor,

2065 5316 2120 5359 et
2136 5303 2451 5384 monasterii
2474 5301 2875 5384 Nobiliacensis
2899 5298 3237 5384 restaurator
3259 5316 3418 5384 iniure
3433 5298 3627 5363 ciml',

2066 5374 2308 5449 apposita
2336 5386 2500 5447 cruce
2531 5372 2695 5453 simul
2720 5385 2842 5424 cum
2866 5371 3045 5451 altari,
3072 5373 3124 5425 iu
3149 5385 3258 5441 quo
3281 5371 3511 5424 victima
3538 5382 3628 5421 sa-

2064 5456 2158 5496 cra
2184 5439 2295 5496 Deo
2322 5454 2420 5508 pro
2455 5440 2712 5495 Patribus
2750 5438 3026 5496 defunctis
3054 5440 3459 5508 immolaretur;
3484 5434 3630 5508 quod

2062 5505 2338 5593 egregium
2368 5508 2738 5593 testimonium
2759 5519 2846 5565 est
2863 5525 2961 5581 pro
2985 5509 3234 5568 doctrina
3259 5505 3529 5561 catholica
3559 5505 3631 5560 de

2062 5583 2339 5634 sacrificio
2368 5592 2466 5646 pro
2499 5583 2747 5632 mortuis.

2136 5648 2152 5698 l
2194 5647 2363 5709 Edit.,
2393 5648 2624 5715 fuerunt.

2134 5720 2159 5761 ι
2194 5717 2359 5779 Edit.,
2392 5717 2818 5785 ocato-suﬂ'erat.

2142 5786 2158 5826 ι
2195 5786 2361 5853 Εὼι.,
2394 5798 2745 5843 monumento.
