4268 6196
679 381 770 434 754

929 593 952 617 ιι
982 578 1055 631 Ad
1084 583 1284 645 portam
1313 569 1537 625 basilicae
1579 565 1981 620 Nobiliacensis.

681 693 839 748 Porta
862 692 1051 745 domus
1077 685 1284 741 Domini
1309 684 1422 736 huic
1451 687 1554 744 est,
1573 687 1629 733 et
1655 675 1800 746 regia
1826 672 1946 728 οωιὶ
1967 712 1980 734 ,

684 781 808 835 Ilaec
832 778 923 832 tibi
952 775 1135 845 pandit
1162 774 1263 827 iter
1285 771 1455 826 sancti
1478 777 1534 822 et
1552 765 1785 822 saeraria
1815 758 1997 832 templi
2026 778 2036 812 :

682 870 854 936 Quam
876 867 903 906 δ
931 862 1050 919 mox
1082 862 1320 916 invenies
1341 870 1562 928 magnos
1589 853 1922 922 requiescere
1956 848 2161 901 Patres.

687 962 770 1015 Sit
797 960 888 1014 tibi
914 972 1035 1027 Spes
1063 954 1310 1024 precibus
1331 951 1524 1005 horum
1551 946 1808 1016 praeclara
1830 941 2040 1003 salutis,

687 1051 745 1104 Si
777 1059 831 1102 lu
859 1047 1019 1103 corde
1041 1047 1147 1116 pio,
1186 1047 1455 1114 prostrato
1489 1046 1542 1091 et
1567 1049 1787 1105 corpore
1809 1031 2012 1102 poscis,

685 1140 732 1194 Α
755 1138 968 1194 Christo
996 1135 1256 1190 scelerum
1283 1131 1513 1192 veniam,
1549 1132 1817 1196 peccator,
1854 1118 2096 1175 habebis.

690 1230 1002 1284 Nullateniis
1032 1226 1220 1282 dubius
1246 1223 1382 1277 sacri
1414 1231 1525 1274 tere
1545 1218 1728 1272 limina
1751 1212 1933 1282 templi
1959 1229 1971 1263 :

691 1319 881 1373 Omnia
907 1317 1139 1373 credenti
1165 1321 1382 1384 prmstat
1407 1312 1494 1382 pia
1514 1309 1684 1380 gratia
1715 1304 1933 1360 Christi.

693 1410 918 1464 Fecerat
937 1409 1035 1462 has
1059 1405 1240 1469 valvas
1265 1419 1369 1458 ara:
1390 1402 1512 1471 pius
1540 1399 1676 1453 abba
1703 1394 1965 1454 minister,

696 1500 767 1555 Ut
789 1498 1059 1552 mandavit
1085 1497 1186 1549 Ato
1210 1495 1434 1548 fratrum
1459 1486 1777 1544 venerabilis
1806 1485 1990 1538 abbas.

696 1589 1002 1659 Ingrediens
1027 1586 1279 1654 templum
1305 1598 1402 1653 pro
1426 1596 1531 1651 quo
1562 1576 1850 1640 intereede,
1879 1577 2072 1636 viator,

701 1677 772 1733 Ut
793 1677 937 1732 Deus
963 1676 1298 1744 omnipotens
1326 1673 1471 1726 illum
1501 1675 1784 1746 conservet
1810 1665 2027 1733 ubique.

1393 1779 1552 1836 XCV.

926 1877 1006 1931 Ad
1035 1876 1317 1930 oratorium
1349 1874 1514 1928 sancti
1539 1871 1763 1925 "Andrea:
1789 1865 2030 1938 apostoli.

625 2000 628 2003 '
707 1991 1002 2061 Discipulus
1022 1989 1223 2043 Christi
1251 2003 1411 2042 verus
1432 1986 1742 2056 primusque
1764 1988 1978 2036 secutor

779 2081 901 2135 Haec
922 2087 1071 2148 regat
1095 2078 1336 2132 Andreas
1364 2085 1506 2130 tecta
1533 2080 1744 2128 sacrata
1769 2071 1893 2125 sibi.

706 2167 905 2224 AIl‘erat
930 2167 1180 2220 auxilium
1204 2165 1357 2225 nobis
1377 2164 1648 2218 habitator
1665 2158 1898 2231 Olympi,

781 2258 846 2314 Ut
871 2264 1066 2311 nostra:
1092 2255 1156 2309 ad
1178 2254 1450 2309 Christum
1485 2250 1798 2322 perveniant
1828 2248 2099 2316 lacrymre.

709 2349 970 2402 Exaudire
989 2347 1125 2416 pius,
1159 2344 1362 2400 caelesti
1388 2342 1636 2397 Christus
1659 2341 1727 2394 ab
1748 2352 1889 2400 arce,

779 2435 1033 2508 Dignetur
1053 2434 1276 2489 famulos
1306 2445 1517 2501 semper
1540 2438 1599 2484 ut
1624 2428 1713 2483 ille
1739 2441 1880 2482 suos.

1391 2539 1572 2595 XCVI.

907 2657 1238 2726 Epitaphium
1264 2648 1543 2706 Fortunati
1573 2659 1735 2719 poeta:
1760 2647 2065 2701 Christiani.

718 2767 831 2824 liae
859 2779 1070 2835 quoque
1094 2750 1345 2832 praesenti
1371 2759 1562 2829 pmsul
1595 2758 1880 2826 requiescit
1900 2756 1955 2810 in
1985 2755 2105 2809 aula

785 2855 1108 2910 Fortunatus
1143 2853 1286 2906 enim
1314 2850 1416 2914 vir,
1450 2848 1613 2902 decus
1645 2844 1919 2910 Ecclesiae,

721 2947 952 3000 Plurima
980 2943 1069 3012 qui
1094 2942 1222 2997 fecit
1244 2947 1548 2995 sanctorum
1573 2937 1812 2992 carmina
1839 2944 2037 3000 metro,

789 3034 1176 3090 Concelebrans
1203 3038 1418 3084 sanctos
1436 3028 1682 3083 laudibus
1705 3028 2040 3099 hymnidicis.

723 3126 822 3189 Qui
847 3137 1089 3178 sermone
1111 3120 1212 3174 fuit
1242 3120 1444 3174 nitidus
1473 3133 1737 3188 sensuque
1761 3117 1954 3183 fidelis,

795 3213 1003 3284 Ingenio
1029 3211 1253 3275 calidus,
1280 3215 1555 3279 promptus
1582 3216 1638 3262 et
1662 3223 1757 3263 ore
1777 3222 1891 3262 suo.

1391 3314 1591 3370 XCVII.

923 3432 1000 3485 Ad
1035 3447 1178 3484 aram
1207 3430 1371 3484 sancti
1394 3427 1640 3498 Stephani
1659 3428 2070 3497 protomartyris.

728 3543 926 3598 Nobilis
955 3545 1051 3596 hac
1077 3541 1379 3609 Stephanus
1409 3538 1601 3590 colitur
1620 3546 1982 3607 protomartyr
2008 3539 2059 3591 iii
2087 3553 2200 3601 ara,

801 3632 915 3685 Vini
943 3631 1140 3684 faciens
1167 3628 1322 3689 caelo,
1352 3627 1475 3678 dum
1504 3627 1649 3693 prior
1671 3634 1812 3679 astra
1840 3627 1990 3694 petit.

730 3722 771 3776 A
806 3730 948 3776 terra
974 3720 1037 3773 ad
1064 3718 1255 3772 ccelum
1281 3715 1510 3785 lapidum
1538 3713 1635 3767 sibi
1663 3714 1920 3783 grandine
1947 3714 2086 3767 scala

804 3812 922 3866 Iizcc
949 3822 1080 3873 erat,
1109 3817 1168 3862 ut
1185 3807 1455 3860 Christum
1479 3813 1722 3858 cerneret
1747 3820 1866 3858 arce
1892 3806 2014 3873 poli.

1394 3912 1614 3967 XCVIII.

974 4007 1050 4058 Ad
1081 4020 1228 4057 arani
1253 4003 1418 4055 sancti
1442 4000 1662 4053 Joannis
1691 4001 2028 4069 evangelista.

739 4120 847 4172 Iioc
868 4117 1032 4170 altare
1055 4123 1198 4168 tenet
1221 4113 1434 4168 Christo
1463 4113 1678 4166 sinistra
1708 4111 1958 4176 Joannes,

806 4209 902 4274 Qui
933 4221 1092 4274 super
1121 4207 1171 4257 iii
1196 4219 1349 4257 cmna
1377 4212 1591 4272 pectora
1620 4212 1802 4254 saneta
1834 4203 2010 4255 cubat.

739 4299 835 4363 Qui
863 4304 1062 4350 secreta
1093 4293 1197 4361 poli
1225 4293 1288 4346 de
1314 4307 1465 4345 sacro
1491 4291 1632 4344 fonte
1662 4291 1902 4355 bibebat,

808 4386 950 4438 lianc
980 4391 1141 4437 totam
1170 4382 1418 4451 precibus
1449 4389 1688 4451 protegat
1723 4381 1808 4435 ille
1836 4384 2066 4439 domum.

813 4526 836 4568 ε
876 4513 950 4566 De
975 4513 1118 4565 varia
1146 4510 1533 4563 restauratione
1561 4510 1871 4563 monasterii
1903 4509 2285 4566 Nobiliacensis

744 4585 881 4634 facta
919 4582 984 4633 ab
1008 4582 1176 4632 Atone
1205 4578 1395 4646 abbate
1436 4591 1575 4630 anno
1601 4577 1702 4630 795
1727 4578 1844 4630 vide
1888 4580 2130 4646 superius
2169 4597 2286 4633 car-

745 4651 882 4703 mina
913 4649 1001 4711 74,
1027 4648 1092 4701 86
1113 4655 1167 4700 et
1194 4645 1281 4698 92.

813 4721 840 4759 δ
879 4720 1056 4779 Forte,
1085 4733 1202 4786 quo.

813 4798 834 4826 ε
877 4783 1139 4854 Guarinus
1159 4825 1172 4845 .
1221 4799 1286 4836 an
1317 4783 1456 4837 idem
1483 4785 1572 4851 qui
1595 4800 1751 4854 supra
1777 4799 1942 4838 carm.
1975 4785 2042 4840 85
2073 4795 2291 4840 vocatur

745 4853 1111 4925 GundunaDe
1139 4861 1362 4919 utroque
1404 4855 1558 4908 nobis
1594 4853 1772 4925 ignota
1813 4856 2008 4908 omnia.
2059 4855 2157 4909 Ms.
2195 4857 2286 4910 ha-

744 4924 854 4984 bet,
883 4921 1210 4976 Gunduinns.

814 4990 842 5029 ει
882 4991 1001 5054 Ms.,
1024 4991 1182 5046 initis.

820 5070 845 5130 ξ
880 5057 991 5112 Hoc
1032 5068 1095 5130 et
1121 5064 1447 5130 subsequens
1472 5059 1813 5130 epigramma,
1861 5061 2000 5130 quod
2033 5076 2173 5130 nunc
2215 5075 2283 5116 ex

749 5128 864 5197 cod.
919 5141 1019 5180 ms.
1062 5125 1447 5197 Salisbur'gensi
1475 5125 1810 5197 emendatius
1824 5125 2039 5197 prodit,
2067 5129 2282 5197 gMabil-

749 5196 922 5251 Iunius
943 5205 1071 5268 tum.
1091 5195 1135 5248 ιι
1159 5195 1348 5252 Annal.
1371 5213 1491 5268 pag.
1521 5195 1643 5268 ω,
1668 5195 1914 5268 intelligit
1931 5198 1999 5268 de
2023 5195 2279 5268 Hagntfo,

748 5274 924 5335 scunt
949 5265 1084 5335 alias
1119 5275 1353 5324 vocatur.
1375 5265 1682 5335 ’ll’agnulfo,
1715 5266 1905 5319 abbate
1930 5265 2279 5335 EIoriaoeiisi;

750 5335 838 5400 qui
856 5334 942 5387 hic
969 5333 1211 5388 laudatur
1246 5336 1314 5387 ob
1338 5332 1618 5388 cameram
1641 5336 1706 5390 ad
1748 5347 1904 5387 usum
1948 5332 2173 5388 fratrum
2214 5336 2290 5389 le-

751 5403 983 5482 gentium
1005 5412 1359 5482 exstructam,
1372 5411 1430 5482 _et
1447 5405 1732 5482 oratorium
1759 5402 1828 5457 illi
1857 5401 2188 5472 adiunctum,
2235 5407 2288 5460 in

750 5483 856 5538 quo
881 5471 990 5538 ipse
1013 5481 1218 5528 secreto
1251 5471 1478 5528 orationi
1500 5481 1732 5527 vacaret.

828 5539 848 5610 ξ
1022 5539 1152 5606 SaI.,
1193 5540 1416 5610 Hagulf.

827 5609 851 5644 ε
888 5607 1046 5669 Εάίιη
1086 5611 1235 5663 duret
1261 5607 1561 5665 benedictio.

821 5672 846 5712 ⁵
875 5674 1049 5741 Forte,
1097 5677 1269 5732 Nunc.

1511 366 1568 420 Β.
1609 367 1667 418 F.
1710 333 1928 419 ALBINI
1966 358 2093 414 SEU
2127 350 2398 409 ALCUINI
2437 349 2716 404 OPEBUM
2757 348 2932 402 PARS
2973 345 3056 400 V'I.

1373 479 1529 534 XCIV
2210 493 2214 497 ·
2262 464 2310 521 Δ

2315 4441 2364 4496 I)

3791 331 3897 387 752

3021 459 3199 514 XCIX.

2501 557 2576 609 Ad
2603 571 2749 608 arani
2775 563 3074 607 sanctarum
3101 549 3358 618 virginum
3387 554 3695 615 martyrum.

2338 649 2642 718 Virginibus
2667 646 2834 700 sacris
2871 652 2953 699 est
2972 644 3073 697 hoe
3099 635 3266 694 altare
3287 638 3546 699 dicatum,

2403 737 2643 806 Corpora
2671 750 2794 789 nam
2817 747 3042 803 quarum
3064 729 3256 800 templa
3285 727 3435 781 fuere
3459 725 3574 780 Dei.

2338 827 2607 898 Sanguine
2634 826 2719 879 vel
2749 839 2902 878 roseo
2934 821 3056 877 caeli
3087 820 3178 890 qui
3207 833 3370 887 regna
3393 814 3668 877 tenebunt,

2406 915 2464 970 lu
2491 915 2660 986 fragili
2683 929 2811 969 sexu
2842 912 3000 968 fortia
3036 909 3173 966 bella
3201 915 3414 979 gerunt.

3092 999 3133 1055 C

2650 1074 2731 1127 Ad
2760 1089 2909 1127 aram
2932 1040 3236 1125 sanctorum
3263 1075 3573 1135 martyrum.

2341 1165 2683 1237 Martyribus,
2716 1162 2973 1216 mundum
2995 1161 3211 1231 quinam
3237 1159 3412 1212 vicere
3443 1153 3746 1223 triumphis.

2363 1248 2368 1261 ί
2411 1253 2671 1309 Omnibus
2694 1252 2808 1306 hau:
2831 1265 3066 1320 praesens
3090 1264 3184 1303 ara
3215 1248 3391 1301 dicata
3421 1247 3574 1299 nitet.

2343 1342 2448 1399 Per
2471 1343 2691 1413 gladios,
2717 1342 2869 1410 ignes
2893 1349 2947 1394 et
2978 1356 3073 1410 per
3099 1340 3388 1399 tormenta,
3411 1334 3634 1406 ﬂagella,

2416 1433 2679 1488 Mentibus
2706 1431 3007 1501 intrepidis,
3037 1427 3379 1499 regna'beata
3405 1433 3610 1495 petunt.

3121 1520 3162 1573 Ι.

3121 1520 3162 1573 I.

2671 1614 3009 1687 Epitaphium
3034 1519 3258 1668 Cimini
3287 1609 3591 1663 sacerdotis.

2353 1708 2477 1764 [iam
2509 1708 2682 1763 diruta
2711 1707 2923 1776 quidem
2949 1703 3235 1776 renovavit.
3262 1701 3458 1769 templa
3483 1699 3734 1755 sacerdos

2282 1800 2331 1859 Β
2423 1796 2698 1853 Gunvinus
2735 1807 2755 1835 ο
2788 1809 2981 1866 magno
3007 1795 3197 1849 ductus
3217 1808 3401 1848 amore
3428 1791 3542 1846 Dei.

2351 1886 2578 1943 Iustitia:
2607 1887 2799 1950 cultor,
2829 1887 2951 1940 vita:
2974 1885 3210 1938 melioris
3231 1891 3459 1948 amator,

2420 1978 2681 2032 Providus
2703 1977 2932 2047 ingenio,
2959 1984 3149 2029 cautus
3174 1976 3227 2028 in
3256 1975 3491 2043 eloquio,

2356 2068 2564 2123 Reddat
2589 2068 2644 2121 in
2673 2074 2933 2121 aeternum
2960 2066 3128 2119 amori
3149 2065 3175 2104 ιι
3207 2066 3294 2120 cui
3316 2065 3535 2134 praemia
3556 2063 3820 2119 Christus.

2425 2156 2571 2212 Illius
2598 2157 2686 2212 hic
2707 2171 2900 2225 corpus
2924 2164 3113 2225 pausat
3139 2157 3190 2211 iii
3218 2157 3319 2211 hoc
3343 2156 3564 2210 tumulo.

2457 2278 2534 2325 ν.
2565 2279 2656 2325 ιι
2695 2278 3214 2326 ιοιιιηιιο
3252 2277 3796 2326 ιιοιιιαιιιι.

2598 2364 2700 2422 Ea:
2720 2381 2828 2422 ms.
2856 2361 3310 2440 Salisburgensi
3334 2360 3676 2422 emendatam

3023 2481 3182 2552 215
3243 2481 3349 2537 cu.

2821 2584 2843 2611 ε
2879 2571 2956 2626 De
2979 2570 3251 2642 Magnulfo
3265 2572 3466 2625 abbate.

2365 2663 2515 2719 Hanc
2567 2661 2822 2734 Magnulf,
2874 2661 2892 2701 ί
2947 2661 3168 2716 humilis
3231 2676 3498 2716 cameram
3552 2668 3923 2716 construxerat

3645 2751 3850 2823 [abbas,

2369 2844 2441 2902 Ut
2483 2843 2653 2900 dulcis
2695 2841 2936 2914 patribus
2983 2842 3137 2897 fieret
3185 2843 3446 2897 habitatio
3473 2842 3711 2896 sanctis:

2369 2935 2512 3001 Quos
2535 2936 2737 2991 servire
2774 2934 2953 3007 [daret
2974 2933 3263 2990 Benedicto
3291 2933 3348 3005 l3]
3381 2933 3626 2989 Christus
3650 2936 3704 2988 in
3728 2950 3923 2998 mvum.

2372 3026 2441 3081 Ut
2466 3027 2612 3081 locus
2641 3027 2742 3079 iste
2775 3025 2928 3079 foret
2964 3025 3076 3092 jam
3107 3023 3366 3094 [jamque]
3410 3023 3711 3093 legentibus
3745 3033 3922 3093 aptus.

2294 3123 2342 3184 C
2372 3117 2443 3172 Ut
2467 3118 2577 3181 lux,
2632 3117 2898 3186 praevidit,
2939 3115 3144 3185 fulgens
3168 3117 3403 3170 radiaret
3428 3115 3482 3169 in
3524 3115 3690 3178 illam,

2374 3208 2440 3260 Et
2473 3207 2660 3262 domus
2693 3207 2883 3260 orandi
2928 3203 3077 3260 fieret
3123 3221 3280 3274 quam
3305 3205 3545 3274 proxima
3569 3203 3788 3268 Christi,

2375 3297 2429 3348 In
2467 3311 2569 3363 qua
2596 3303 2802 3349 secreto
2827 3294 3089 3362 potuisset
3118 3302 3354 3362 tempore
3376 3293 3542 3357 solus,

2376 3389 2510 3441 Ante
2562 3386 2729 3440 altare
2753 3387 2961 3456 jacens,
3003 3385 3263 3454 Iaerymas
3305 3384 3579 3438 effundere
3602 3383 3804 3436 dulces.

2377 3477 2525 3531 Tunc
2544 3477 2570 3515 ιι
2597 3483 2647 3528 te
2681 3483 2862 3530 sancte
2886 3489 3078 3543 precor
3103 3471 3262 3541 hujus
3290 3483 3345 3526 tu
3377 3482 3562 3541 pastor
3587 3472 3743 3527 ovilis
3779 3474 3793 3511 ί

2380 3565 2553 3632 thue
2582 3564 2594 3612 ἱ
2646 3565 2782 3617 inter
2811 3578 3073 3617 memores
3130 3562 3454 3632 Magnulfum
3493 3563 3655 3616 verba
3675 3559 3931 3630 precandi

2377 3653 2518 3706 Illius
2549 3662 2707 3719 atque
2752 3653 2984 3704 animam
3013 3651 3356 3704 commendes
3386 3650 3661 3722 [maxime]
3697 3649 3931 3704 Christo.

2381 3741 2524 3813 [Qui]
2558 3742 2652 3795 tibi
2667 3741 2776 3809 jam
2814 3741 2969 3794 talem
3009 3739 3277 3811 [habitare
3315 3742 3642 3796 instruxerat
3671 3738 3720 3812 1ί]
3761 3738 3932 3793 aedem

2379 3834 2456 3887 Tu
2483 3849 2692 3902 quoque
2718 3834 2836 3887 vive
2880 3833 2990 3887 Deo
3014 3832 3138 3887 felix
3169 3848 3262 3902 per
3287 3842 3522 3901 tempora
3554 3833 3730 3901 longa,

2378 3922 2459 3976 Ad
2480 3937 2720 3975 normam
2758 3921 2970 3991 regulae,
3004 3920 3224 3975 fratrum
3269 3933 3479 3989 quoque
3497 3922 3703 3989 corrige
3746 3920 3932 3982 vitam,

2383 4013 2451 4068 Ut
2481 4015 2572 4067 tibi
2614 4012 2966 4067 celsithronus
2986 4014 3181 4066 tribuat
3213 4013 3298 4081 pia
3328 4013 3545 4080 pucmia
3570 4012 3832 4075 Christus,

2380 4099 2511 4153 Cum
2538 4109 2723 4154 sancto
2757 4102 2962 4172 pariter
2991 4101 3300 4172 [Benedicto
3337 4101 3376 4173 l]
3414 4102 3569 4155 Patre
3614 4117 3711 4170 per
3740 4119 3932 4158 :evuni.

3071 4191 3196 4245 CIII.

2757 4280 2830 4333 De
2857 4281 3035 4332 eodem
3059 4279 3330 4349 Magnulfo
3357 4281 3558 4334 abbate.

2382 4366 2657 4434 Empserat
2686 4368 2822 4420 hanc
2849 4383 3083 4421 mensam
3105 4379 3141 4405 ω
3159 4368 3394 4438 Magnulf
3412 4370 3729 4426 venerabilis
3749 4372 3934 4436 abbas,

2465 4495 2693 4566 iﬁlliijus
2733 4508 2785 4549 tu
2838 4511 3014 4565 pastor
3056 4499 3220 4551 ovilis.
3280 4499 3359 4552 Cl.
3391 4500 3723 4552 Maliillonius
3761 4515 3825 4553 ev
3855 4500 3938 4553 liis

2386 4573 2440 4637 et
2468 4565 2584 4637 aliis
2606 4565 2852 4637 versibus
2895 4567 3378 4637 patereexistimat
3403 4567 3724 4637 Magnulfum
3763 4569 3935 4624 adhuc

2387 4634 2440 4686 in
2473 4635 2611 4688 vivis
2635 4634 2816 4696 fuisse,
2874 4650 2993 4687 cum
3036 4634 3286 4689 Alcuinus
3317 4635 3429 4691 hinc
3448 4634 3684 4691 carmina
3739 4639 3936 4693 'conde-

2388 4712 2488 4774 ret.
2554 4703 2659 4774 Sed
2695 4719 2760 4757 ex
2794 4704 3050 4774 _liocl_o_co
3098 4705 3391 4774 clarissime
3440 4716 3602 4774 patet,
3654 4707 3934 4762 Alcuinum

2389 4772 2593 4853 hortari
2616 4771 2896 4853 quemdam
2936 4771 3154 4842 Magulﬁ
3177 4771 3560 4853 successorem,
3595 4785 3675 4853 ut_
3701 4776 3841 4853 illius
3880 4777 3934 4829 in

2389 4841 2639 4910 precibus
2672 4841 2881 4913 suissit
2925 4841 3148 4913 memor.
3194 4843 3358 4913 Igitur
3384 4843 3638 4913 Aleuinus
3661 4844 3762 4898 hoc
3778 4852 3832 4898 et
3853 4858 3938 4898 se-

2392 4910 3080 4982 quenscarineii_condidit
3122 4910 3243 4980 post
3275 4911 3478 4982 obitum
3494 4911 3794 4982 _Magniilii,
3845 4913 3934 4982 qui

2391 4978 2614 5062 contigit
2639 4994 2777 5033 anno
2802 4979 2925 5061 79b,
2952 4978 3212 5034 directum
3257 4979 3340 5061 vel
3389 4981 3454 5034 ad
3484 4978 3796 5062 «tradunt,
3843 4978 3934 5050 qui

2389 5063 2607 5118 nonnisi
2619 5062 2714 5117 per
2726 5062 3100 5118 sesquiannum
3115 5049 3339 5102 abbatiaa
3349 5050 3578 5117 praefuit,
3594 5049 3674 5104 vel
3689 5053 3756 5105 ad
3766 5051 3935 5106 Theo-

2389 5090 3107 5187 HEﬁEﬁ'éEJ'EﬁKpBE
3115 5090 3582 5187 ἷιῖιῖεἳιέἧὲιῖὲξὶιῖἶ
3603 5090 3756 5176 viii:
3777 5090 3932 5177 ἰτῐῖτῖ

2389 5185 2733 5261 dem_M_abiil.
2762 5185 2864 5241 loc.
2919 5188 3008 5241 cit.
3038 5201 3156 5255 pag.
3187 5185 3309 5241 5M.

2463 5253 2476 5325 ᾗ
2523 5253 2686 5325 Edit.,
2745 5266 2802 5309 iit
2828 5272 2963 5325 quin.

2463 5323 2490 5362 ι
2525 5324 2688 5388 Edit.,
2736 5323 2939 5388 σηπίη..
2984 5323 3051 5375 ad
3095 5324 3430 5378 habitandum
3448 5336 3727 5381 struxerat.

2469 5392 2487 5429 λ
2528 5393 2691 5458 Edit.,
2745 5392 3027 5446 benedicat.
3687 5438 3689 5440 _

2465 5473 2504 5499 In
2532 5461 2679 5521 Hanc
2702 5478 2950 5515 mensam.
2981 5462 3036 5516 In
3064 5478 3164 5518 ms.
3207 5463 3503 5529 Salisburg.
3535 5464 3654 5519 loco
3683 5481 3933 5529 mensam,

2465 5479 2504 5499 ιη
2532 5479 2679 5521 nunc
2702 5479 2950 5515 mensam.
2981 5479 3036 5516 in
3064 5479 3164 5518 ms.
3207 5479 3419 5519 baiisbu
3490 5504 3503 5516 .
3535 5479 3654 5519 ioco
3683 5481 3933 5529 mensam,

2397 5531 2620 5584 habetur
2670 5547 2922 5584 mansam.
2988 5532 3206 5589 Rectius
3260 5533 3398 5588 forte
3425 5479 3754 5604 'fcgenduiii,
3804 5541 3937 5590 tuine

2398 5615 2654 5652 mansum.
2784 5617 2786 5622 ’

2453 5616 2654 5651 ansttm.
2784 5617 2786 5622 ’
