4268 6190
638 172 740 201 ἐξ

648 194 741 227 1ὓέ)

636 290 890 345 Esuriens
911 287 1134 357 dapibus
1180 301 1373 355 corpus
1398 271 1524 339 dum
1550 286 1787 354 pascitur
1813 283 1957 349 illud,
2072 319 2074 321 ›
2226 285 2279 343 Δ

637 380 785 436 Mutis
807 379 891 448 pia
922 387 1173 447 pascatur
1218 377 1397 432 verbis
1444 374 1754 431 cmlestibus
1783 373 1893 427 illa.

634 473 703 529 Et
752 473 867 528 laus
894 473 1030 527 alma
1080 472 1189 527 Deo
1220 480 1331 526 tota
1381 470 1653 540 capitatur
1678 480 1701 508 α
1735 469 1788 521 in
1812 468 1953 531 aula,

635 564 796 620 Plena
820 565 931 619 suis
959 562 1174 618 t'amulis
1221 562 1446 632 dapibus
1492 577 1612 632 qua:
1644 560 1672 599 δ
1702 559 1906 614 fercula
1958 566 2198 626 praestat.

632 658 805 730 Atque
833 661 1070 713 animum
1131 660 1335 727 pariter
1363 658 1569 713 cmlcsti
1598 671 1734 728 pane
1768 653 1989 711 cibavit.

1363 768 1475 823 CX.

1197 873 1219 902 ε
1264 862 1342 914 Ad
1374 877 1627 914 mensam.

632 952 857 1009 Fercula
886 960 1081 1007 nostra
1110 952 1231 1021 pius
1268 950 1514 1005 Christus
1540 949 1821 1004 benedicat
1854 947 1907 1000 in
1932 946 2075 1010 aula,

629 1043 696 1097 Et
721 1058 815 1098 sua
841 1042 1157 1113 multiplicct
1200 1040 1495 1096 clementer
1514 1054 1737 1115 munera
1764 1038 1934 1091 servis
1951 1036 2002 1087 ἀ.

629 1136 731 1203 Qui
784 1151 1035 1190 mannam
1063 1134 1257 1204 populo
1313 1132 1520 1187 cmlcsti
1578 1131 1723 1185 misit
1752 1130 1805 1184 in
1844 1129 2041 1191 imbre,

630 1224 871 1295 Rupibus
904 1234 960 1280 et
977 1224 1057 1279 sic
1092 1224 1143 1280 ei
1174 1232 1196 1260 ε
1229 1218 1430 1277 sitienti
1463 1220 1682 1274 flumina
1710 1218 1881 1272 fudit:

628 1316 861 1371 Panibus
907 1326 962 1372 et
998 1316 1176 1385 quinis
1220 1313 1439 1369 satiavit
1478 1312 1643 1367 millia
1682 1312 1917 1380 quinque
1952 1329 1963 1361 :
2022 1296 2039 1305 ’

627 1410 729 1475 Qui
766 1408 1031 1463 convertit
1078 1421 1246 1476 aquas
1291 1404 1523 1460 mirandi
1574 1403 1627 1456 in
1655 1402 1778 1455 vina
1825 1400 2056 1469 saporis,

628 1503 735 1556 bos
766 1510 819 1557 et
859 1509 1041 1556 nostra
1090 1497 1562 1554 ‘simulbenedicat
1614 1495 1817 1550 fercula
1866 1493 2031 1555 mitis,

625 1592 1022 1662 Conservetque
1065 1606 1191 1646 suos
1227 1589 1456 1645 famulos
1496 1588 1548 1641 in
1570 1602 1703 1657 pace
1741 1600 1955 1647 serena,

626 1683 894 1739 Laudibus
940 1691 1100 1751 atque
1144 1682 1256 1738 suis
1278 1681 1440 1735 faciat
1472 1680 1765 1749 consistere
1790 1692 1969 1731 sanos.

625 1765 884 1832 Paciﬁcas
923 1789 1121 1839 mores,
1155 1773 1371 1837 fratres,
1405 1787 1502 1826 vos
1534 1785 1748 1841 semper
1782 1776 1980 1831 amate,

625 1871 848 1939 Semper
896 1876 1045 1923 amat
1084 1867 1339 1937 quoniam
1383 1879 1579 1934 pacem.
1624 1878 1717 1917 rex
1764 1861 1876 1929 ipse
1910 1858 2180 1929 polorum.

623 1962 780 2018 Pacis
824 1969 1094 2015 amatores
1135 1960 1245 2013 nati
1269 1964 1394 2012 sunt
1429 1969 1554 2011 ecce
1591 1951 1870 2009 Tonantis.

630 2052 649 2091 ί
685 2052 783 2108 Hic
815 2051 1013 2123 pariter
1055 2049 1248 2104 fratres
1274 2047 1485 2103 Domini
1516 2061 1645 2119 cum
1664 2043 1910 2120 laudibus
1930 2042 2186 2112 ‘intrent,

624 2145 847 2215 Semper
867 2144 919 2198 iu
940 2157 1035 2215 ore
1079 2150 1234 2196 sonat
1260 2153 1489 2210 quorum
1508 2138 1627 2192 laus
1650 2136 1820 2205 gloria
1846 2133 2082 2189 Christo.

625 2236 745 2292 Huic
778 2248 871 2316 est
895 2250 1049 2292 sacra
1076 2235 1183 2297 via,
1238 2230 1463 2303 pedibus
1518 2231 1632 2285 huic
1674 2227 1857 2299 pervia
1892 2224 2155 2286 fratrum,

623 2328 781 2384 Solus
808 2329 1011 2381 amicus
1036 2340 1203 2379 ovans
1248 2323 1445 2392 plantis
1471 2326 1810 2391 pertranseat
1831 2317 1997 2371 illam.

624 2420 740 2476 Non
766 2419 972 2474 alienus
1018 2430 1137 2471 eam
1163 2415 1389 2487 pedibus
1414 2419 1696 2484 percurrat
1724 2410 1942 2480 iniquis,

623 2512 735 2568 Non
758 2511 863 2577 fur,
888 2509 1199 2578 falsiloquus
1230 2505 1534 2575 quisquam,
1561 2518 1667 2557 non
1695 2508 1873 2557 mente
1904 2500 2135 2571 maligna
2174 2513 2196 2551 ι

622 2604 729 2659 Sed
766 2603 1037 2658 fraternus
1078 2614 1231 2654 amor
1261 2598 1469 2668 pariter
1491 2597 1777 2651 «imitetur
1796 2602 2003 2649 euntes.

625 2699 689 2751 Et
725 2711 827 2766 pax
874 2702 1037 2764 atque
1070 2693 1202 2747 fides
1227 2691 1417 2760 pietas,
1447 2687 1754 2751 concordia,
1777 2702 1949 2752 sacra,

626 2790 689 2843 Et
717 2785 897 2842 divina
924 2783 1082 2841 simul
1132 2790 1348 2837 resonet
1366 2780 1485 2834 laus
1513 2794 1726 2849 semper
1757 2779 1810 2832 in
1832 2793 1944 2832 ore.

623 2878 834 2934 Currite
861 2874 1000 2949 [vos]
1037 2874 1261 2945 juvenes
1290 2870 1490 2925 Christi
1519 2876 1871 2938 properanter
1905 2868 1972 2923 ad
1993 2864 2189 2929 aulam,

627 2969 953 3038 [mentisque
992 2965 1185 3021 animis
1228 2978 1387 3018 voces
1436 2961 1618 3016 audite
1664 2973 1940 3028 supernas.

626 3058 743 3117 Non
785 3076 881 3115 vos
904 3058 1133 3128 decipiat
1187 3056 1341 3111 fallax
1386 3053 1613 3109 dulcedo
1645 3053 1909 3122 iocorum,

620 3152 743 3227 .Non
774 3148 1006 3206 carnalis
1034 3162 1205 3210 amor,
1257 3144 1434 3209 ludus,
1478 3143 1790 3215 petulantia,
1825 3142 1993 3195 risus.

625 3245 762 3299 Dum
786 3241 927 3312 viget
951 3247 973 3285 ε
1002 3248 1163 3305 atque
1185 3234 1324 3289 valet
1347 3234 1520 3287 calido
1543 3232 1655 3303 [de]
1681 3231 1941 3301 sanguine
1974 3242 2195 3297 corpus.

628 3336 824 3391 Discite
870 3331 1116 3402 Ilorigcra
1146 3334 1413 3383 saeratam
1443 3333 1600 3380 aetate
1635 3322 1903 3393 sophiam,

630 3430 771 3484 More
802 3424 1012 3483 ﬂuentis
1052 3438 1202 3493 aqua:
1247 3418 1457 3491 fugiunt
1505 3416 1629 3487 quia
1668 3422 1908 3484 tempora
1959 3426 2189 3480 semper.

1352 3535 1486 3592 CXI.

930 3653 1008 3710 Ad
1037 3668 1184 3704 aram
1208 3652 1377 3703 sancti
1420 3648 1644 3702 Ioannis
1674 3645 1954 3715 Baptism-

629 3773 933 3825 Praecursor
970 3762 1183 3817 Domini
1213 3748 1443 3830 magnus.
1457 3758 1697 3827 Baptista
1726 3755 1986 3818 Ioannes,

628 3866 777 3920 Ilanc
806 3865 962 3916 ornat
996 3863 1239 3912 sanctam
1264 3850 1471 3905 meritis
1497 3846 1813 3902 sublimibus
1838 3844 2034 3898 aulam.

628 3957 728 4023 Qui
765 3954 863 4009 fuit
928 3952 1176 4006 humanae
1205 3943 1537 4022 venerandus
1558 3954 1735 4011 praeco
1765 3937 1977 3999 salutis,

632 4048 729 4103 llic
759 4046 898 4101 lerat
926 4043 1181 4098 auxilium
1227 4038 1383 4094 nobis
1405 4035 1607 4089 virtute
1626 4046 1878 4103 superna.

1402 4174 1514 4227 XII.

1402 4176 1514 4227 XII.

982 4270 1060 4323 Ad
1087 4283 1237 4322 aram
1262 4176 1428 4319 sanEti
1451 4260 1619 4317 Salvii
1639 4260 1903 4327 martyris.

633 4389 842 4447 Salvius
874 4385 960 4441 hic
986 4379 1178 4455 przesul
1208 4376 1416 4432 meritis
1460 4380 1516 4429 et
1538 4378 1747 4442 martyr
1774 4370 2057 4431 honestus,

632 4480 887 4539 Pmseuti
910 4477 1079 4535 sacris
1099 4471 1238 4529 votis
1262 4475 1590 4529 memoratur
1610 4465 1665 4518 in
1688 4479 1806 4519 ara.

1284 4628 1291 4635 .
1318 4581 1494 4639 CXIII.

1048 4681 1126 4736 Ad
1153 4695 1300 4735 aram
1329 4675 1494 4730 sancti
1522 4668 1766 4725 Bavonis.
1864 4673 1868 4678 '
1912 4699 1919 4706 -

635 4777 762 4833 Ilaec
792 4773 908 4829 loca
935 4769 1233 4826 sanctiﬁcat
1257 4760 1592 4820 venerandus
1633 4756 1785 4813 Bavo
1821 4750 2092 4815 sacerdos,

638 4865 937 4941 Discipulos
958 4863 1068 4919 vita
1117 4859 1294 4915 Patris
1329 4853 1625 4922 condignas
1652 4848 1902 4905 Amandi.

708 5060 731 5087 ι
774 5041 895 5107 Ms.,
928 5048 1182 5095 cantetur.

710 5118 737 5225 ξ
758 5114 1204 5241 ιὲιδίἶοέαέξιιτηεη
1232 5170 1545 5230 inscribitur
1565 5167 1621 5223 in
1640 5165 1758 5241 cod.
1791 5178 1895 5219 ms.
1910 5214 1913 5217 ,
1929 5164 2128 5241 Salisb.

706 5255 733 5295 ἀ
759 5236 1067 5311 Sicilia—itur
1088 5262 1305 5304 carmen
1336 5244 1390 5299 in
1414 5241 1601 5311 eodem
1621 5236 1741 5293 cod.
1776 5249 1901 5301 ms.,
1927 5238 2200 5295 οοηιίηιιει-

640 5333 729 5380 tur
757 5309 881 5397 vero
914 5324 968 5379 in
990 5320 1225 5397 editione
1252 5309 1592 5397 Quercetani.

718 5406 741 5433 ο
779 5393 874 5446 Ms.
888 5433 901 5454 ,
932 5402 980 5445 et
1000 5391 1170 5444 siccis.

718 5463 737 5502 ί
765 5447 900 5528 Quze
926 5457 1013 5514 hic
1031 5466 1347 5527 sequuntur,
1394 5471 1499 5511 non
1528 5458 1594 5512 ad
1615 5471 1876 5528 mensam.
1900 5451 2008 5528 sed
2030 5447 2200 5528 adlo-

642 5518 809 5592 cum:
815 5544 921 5601 quo
950 5518 1144 5584 fratres
1165 5531 1231 5583 ad
1264 5518 1509 5601 chorum,
1546 5528 1611 5581 ad
1632 5526 1913 5601 colloquia,
1945 5521 2009 5575 ad
2047 5518 2201 5574 scho-

646 5608 753 5658 lam
793 5596 868 5658 ire
899 5607 1312 5662 consueverunt,
1350 5596 1621 5666 pertinere
1651 5596 1913 5650 videntur.

760 6058 1423 6159 \

860 6168 1271 6182 "—————¥7.
1414 6166 1493 6173 ε-ιγ
1540 6170 1679 6183 ιᾉ-νᾼη
1716 6172 1733 6175 ,ι

1480 172 1540 224 Β.
1576 173 1635 225 r.
1675 170 1902 224 ALBuu
1935 170 2066 225 seu
2101 168 2380 224 ALCUNI
2415 152 2698 227 OPERUM
2737 172 2913 226 rans
2951 172 3035 225 vr.
3128 130 3131 133 δ

2219 2965 2268 3025 ρ

3761 146 3865 198 756

3010 286 3190 341 CXIV.

2409 379 2490 432 Ad
2511 380 2777 433 ecclesiam
2813 378 2978 432 sancti
3002 377 3253 447 Stephani
3274 358 3671 447 protomartyris
3687 376 3738 429 Ιι.

2304 495 2415 550 IIac
2440 509 2665 565 magnus
2686 494 2881 549 colitur
2910 476 3223 563 Stephanus.
3250 499 3613 561 protomartyr
3634 490 3689 544 in
3720 486 3874 554 aula,

2302 588 2404 655 Qui
2439 586 2541 641 fuit
2563 586 2808 657 egregius
2854 584 3063 649 meritis
3112 591 3167 637 et
3190 579 3404 637 nomine
3429 580 3627 636 clarus.

2300 674 2402 741 Qui
2432 674 2632 743 lapides
2657 674 2795 726 iutcr
2834 669 3104 724 Christum
3134 668 3386 723 cernebat
3410 666 3463 720 in
3492 680 3636 729 arce,
3706 728 3707 731 η

2300 767 2381 821 Ad
2429 767 2782 834 dextramque
2824 764 2917 818 Dei
2953 770 3182 818 stantem
3210 775 3371 831 super
3395 760 3560 813 ardua
3596 758 3717 812 caeli

2300 859 2564 923 Culmina,
2602 857 2745 911 ferre
2787 870 2884 909 suo
2934 851 3186 922 suti‘ragia
3225 858 3461 921 martyre
3484 862 3697 917 magna.

2300 952 2465 1022 Cujus
2488 952 2693 1007 honore
2722 950 2811 1018 pio
2838 947 2964 1010 fecit
3014 945 3331 1000 Ambrosius
3353 942 3542 1004 aedem,

2298 1047 2418 1102 3am
2478 1044 2727 1114 precibus
2750 1041 2957 1095 veniam
3006 1043 3305 1093 mereretur
3332 1038 3347 1076 ί
3379 1043 3437 1088 ut
3466 1032 3604 1087 illius
3635 1030 3819 1084 almis-

2301 1140 2405 1193 Pro
2429 1151 2535 1208 quo
2561 1137 2786 1207 quisque
2814 1133 2961 1202 legas
2996 1130 3209 1185 titulum
3234 1142 3461 1183 exorare
3501 1132 3794 1182 memento.

2301 1232 2477 1301 thue
2502 1243 2661 1285 suum
2704 1224 2962 1281 famulum
3012 1220 3259 1276 Christus
3280 1224 3560 1275 conservet
3590 1216 3643 1269 in
3670 1229 3862 1267 :erumt

2650 1431 2729 1484 Ad
2751 1444 2897 1484 aram
2920 1333 3277 1480 sanchgetri'
3294 1418 3533 1492 apostoli.

2302 1551 2413 1604 Rex
2436 1545 2659 1603 Carolus
2680 1540 2878 1599 Christi
2911 1551 3102 1608 magno
3129 1536 3348 1590 devotus
3400 1544 3602 1590 amore,

2232 1626 2272 1686 Β
2300 1640 2543 1695 Jusserat
2575 1638 2713 1691 hanc
2736 1646 2885 1685 aram
2911 1628 3084 1685 sacris
3141 1625 3339 1680 vestire
3368 1619 3594 1676 metallis

2292 1732 2373 1787 Ad
2409 1732 2572 1785 decus
2598 1724 2868 1786 Ecclesiae,
2895 1719 3167 1790 propriam
3194 1711 3512 1782 sibimetque
3539 1708 3783 1765 salutem.

2290 1825 2482 1879 Petrus
2508 1817 2799 1890 apostolico
2850 1813 3102 1884 princeps
3128 1810 3182 1863 in
3214 1806 3426 1878 agmine
3443 1804 3650 1875 primus

2290 1916 2403 1968 IIoc
2432 1913 2603 1966 altare
2650 1911 2819 1980 rcgat,
2858 1904 3018 1962 simul
3046 1912 3102 1957 et
3125 1904 3239 1958 haec
3264 1898 3460 1969 templa
3491 1904 3701 1961 tuetur;

2289 2006 2517 2076 Adjuvet
2546 2012 2603 2059 et
2631 2001 2882 2072 precibus
2911 1996 3233 2053 famulorum
3266 2001 3391 2047 vota
3428 2004 3667 2045 suorum.

2291 2100 2402 2155 lloc
2426 2112 2562 2167 opus
2588 2094 2813 2151 antistes
2837 2104 2965 2160 rege
2993 2087 3281 2142 mandante
3302 2081 3528 2153 peregit,

2290 2164 2642 2246 IIildilbaldus
2680 2182 2693 2234 i
2735 2183 2901 2238 Ovans
2941 2177 3199 2249 Agripina
3219 2172 3414 2245 praesul
3444 2172 3495 2227 in
3525 2164 3678 2227 urbe.

2286 2266 2453 2359 217
2492 2276 2590 2333 Hic
2633 2291 2732 2347 pro
2774 2287 2921 2342 rege,
2973 2269 3194 2331 Patres,
3245 2264 3461 2320 Christo
3500 2263 3586 2334 pia
3626 2274 3859 2316 munera-

2776 2373 2783 2381 ‘
3593 2350 3752 2422 [ferte
3775 2391 3788 2414 ,

2297 2462 2364 2515 Ut
2393 2465 2677 2514 conservet
2699 2468 2821 2509 eum
2843 2453 3081 2507 caelestis
3116 2446 3287 2517 gratia
3318 2457 3579 2513 semper.,

2293 2551 2419 2603 llaec
2449 2553 2533 2601 est
2566 2545 2705 2599 alma
2729 2542 2919 2597 domus
2941 2536 3094 2593 donis
3124 2534 3346 2590 solidata
3375 2530 3639 2602 supernis.

2296 2641 2444 2693 lianc
2473 2646 2621 2707 regat
2650 2633 3008 2703 omnipotens,
3044 2639 3239 2697 magno
3266 2639 3390 2679 cum
3409 2622 3651 2693 principe
3675 2619 3867 2675 Petrm.

2297 2730 2379 2785 Sit
2412 2728 2507 2783 tibi
2535 2735 2683 2783 certa
2711 2722 2880 2783 salus,
2910 2719 3082 2794 veniae
3103 2731 3245 2786 spes.
3274 2714 3443 2784 ianua
3465 2712 3609 2771 vitae.

2296 2820 2549 2891 Quisquis
2572 2816 2735 2871 corde
2755 2813 2845 2882 pio
2868 2812 3138 2881 lacrymas
3166 2808 3269 2860 hac
3292 2804 3472 2859 fundis
3502 2803 3555 2856 in
3572 2802 3715 2856 aula.

2999 2923 3180 2983 CXVI.

2486 3025 2565 3080 Ad
2599 3023 2947 3078 conditorium
2984 3026 3284 3074 sanctarum
3326 3012 3683 3083 reliquiarum.

2296 3144 2440 3207 “me,
2469 3150 2523 3196 tu
2545 3154 2705 3210 quam
2729 3135 2907 3219 cernis
2927 3176 2939 3197 ,
2968 3116 3265 3201 praeparata
3288 3119 3630 3183 domuncula,
3664 3118 3861 3177 lector,

2295 3230 2590 3301 Relliquias
2627 3234 2849 3297 propter
2873 3214 3058 3278 sacras
3072 3220 3183 3289 jam
3214 3214 3427 3271 condita
3450 3216 3662 3267 constat

2297 3325 2366 3381 Ut
2390 3323 2538 3377 locus
2556 3320 2645 3375 hic
2670 3316 2902 3372 mundus
2930 3310 3180 3381 suifragia
3205 3312 3389 3362 sancta
3416 3312 3623 3359 teneret
3657 3320 3671 3355 :

2297 3412 2552 3470 Servulus
2572 3418 2633 3466 ut
2657 3406 2857 3465 Christi
2885 3404 3107 3461 veniens
3137 3406 3320 3454 oraret
3352 3397 3406 3450 in
3433 3396 3561 3456 isto,

2301 3503 2539 3558 Iusserat
2555 3498 2781 3553 Albinus
2803 3502 2955 3548 vates
2975 3492 3091 3545 haec
3117 3496 3259 3543 tecta
3284 3499 3504 3555 parare,

2296 3596 2401 3651 Pro
2422 3588 2665 3663 quo,qui
2687 3584 2901 3642 titulum
2919 3581 3119 3643 videas,
3149 3579 3305 3632 orare
3326 3578 3617 3629 memento.

2864 3746 2869 3757 .
2982 3688 3184 3747 CXVII.

2722 3788 2796 3842 De
2820 3782 3065 3840 ruricnlis
3092 3776 3431 3849 castigandis.

2298 3903 2535 3958 Venerat
2568 3897 2750 3953 infelix
2780 3892 3017 3949 rurensis
3041 3889 3196 3944 turba
3223 3889 3439 3948 timore,

2298 3996 2469 4064 Quam
2500 3975 2698 4065 premit
2720 3988 2941 4060 opiﬁces
2959 3987 2987 4027 ιι
3016 3984 3420 4042 illisinamatus
3448 3977 3744 4034 Amandus.

2299 4088 2435 4157 Quid
2461 4086 2666 4141 faciunt
2692 4081 2917 4138 miseri?
2958 4074 3295 4147 Rumpantur
3321 4072 3480 4129 dorsa
3509 4067 3763 4138 ﬂagellis.

2300 4181 2384 4237 Sit
2404 4194 2494 4235 rea
2518 4174 2771 4233 ruriculis
2790 4179 2997 4227 tantum
3018 4164 3316 4223 substantia
3344 4161 3515 4238 salva.

2972 4274 3201 4333 CXVIII.

2488 4384 2490 4387 ’
2550 4378 2633 4433 De
2652 4375 2851 4432 adibus
2876 4371 3040 4428 sacris
3063 4370 3126 4424 ab
3149 4367 3372 4423 Alcuino
3395 4365 3621 4436 refectis.

2301 4495 2526 4550 Albinus
2547 4490 2772 4547 veniens
2794 4484 3081 4559 peregrino
3106 4482 3247 4538 vatis
3276 4482 3344 4537 ab
3364 4478 3516 4541 orbe,

2302 4586 2399 4641 His
2433 4598 2595 4655 quem
2631 4580 2831 4638 direxit
2858 4578 3117 4651 praeclara
3138 4574 3417 4631 Britannia
3443 4569 3624 4624 terris.

2304 4654 2546 4749 Suscipit
2565 4677 2711 4732 hunc
2743 4672 2995 4735 Carolus,
3018 4667 3179 4737 huius
3205 4679 3300 4720 rex
3328 4661 3562 4729 inclytus
3593 4654 3793 4724 orbis,-

2301 4772 2434 4828 Cum
2457 4772 2655 4841 pietate
2674 4781 2844 4823 sacra:
2864 4763 3067 4833 sophiae
3090 4768 3207 4813 tum
3226 4760 3448 4826 prapter
3470 4760 3729 4805 amorem.

2301 4863 2399 4919 Hic
2424 4863 2601 4918 diruta
2628 4858 2717 4916 diu
2746 4864 3088 4912 camerarum
3118 4845 3355 4903 culmina
3373 4841 3561 4911 jussit,

2225 4311 2276 4369 D

2372 5038 2399 5078 ⁸
2430 5036 2599 5102 Ειιῑιη
2617 5035 2745 5089 vivet
2761 5024 2830 5084 et.

2369 5108 2397 5148 ιι
2430 5082 2898 5176 EBc""p§{-§ie}et
2925 5097 3255 5165 subsequens
3292 5101 3509 5150 carmen
3554 5082 3876 5155 contulimus

2300 5192 2425 5232 eum
2473 5191 2576 5232 ms.
2594 5170 2814 5229 'Salisb.

2378 5248 2392 5287 ί
2445 5245 2577 5302 Cod.
2619 5242 2751 5304 Sal.,
2780 5246 3025 5294 meretur.
3124 5290 3125 5293 η

2373 5314 2387 5366 i
2448 5287 3237 5371 Εῑᾶίιῐῖιὶᾶιιὲῗίἱέιᾰέωιδυς.
3296 5298 3662 5371 Hildebo’ldup,
3683 5287 3881 5371 “0913:

2302 5358 2656 5442 uicti
2662 5358 3043 5450 iéﬁi's'c’oﬁdi’éi
3056 5358 3517 5447 arebicapellanus
3530 5358 3722 5443 palatii
3743 5358 3881 5417 obiit

2305 5472 2451 5509 anno
2478 5454 2605 5509 819.

2376 5526 2401 5565 κ
2441 5524 2645 5595 Sensus
2667 5520 2948 5577 obscurus.
