4268 6224
375 323 474 376 757

376 433 445 488 Ut
466 429 661 495 cernis,
689 428 880 486 lector.
905 430 1069 480 totam
1094 435 1354 477 renovare
1379 433 1476 490 per
1503 417 1681 472 aulam
1708 429 1757 468 ι.

375 521 474 575 llic
494 519 612 574 loca
645 517 888 586 reliquiis
916 521 1158 571 statuens
1185 499 1468 580 aptissima
1494 506 1686 571 sacris,

377 607 698 664 Sanctorum
720 605 933 674 requies
954 610 1130 658 certos
1150 608 1211 656 ut
1223 600 1448 655 haberet
1470 598 1724 658 honores,

379 698 456 763 Ut
479 697 636 754 decet
659 696 712 750 in
745 694 905 750 terris
931 692 1179 754 venerari
1207 696 1396 745 sancta
1423 687 1658 758 piorum,

379 785 524 852 Quos
547 787 688 840 Deus
713 782 944 839 in‘coelis
973 781 1142 836 voluit
1178 792 1405 847 regnare
1424 791 1522 858 per
1545 789 1738 830 aevum.

380 907 482 953 xx.
533 904 624 950 ll
681 891 1223 966 lenaeum"
1278 898 1338 944 ι.
1396 865 1942 966 ξΙτΙξ--ρὲ-ἰιιξ-

417 973 816 1020 εσιοιιιι
851 972 950 1018 ιτ
979 971 1039 1018 Ι.
1069 963 1392 1016 Διιποι
1425 959 1904 1012 ιιιοιιιηι.

540 1164 569 1205 δ
609 1163 686 1218 De
713 1164 796 1218 via
823 1160 1019 1231 duplici
1049 1071 1374 1213 (Sigeum
1401 1163 1448 1209 et
1473 1166 1784 1220 cauponam.

384 1275 486 1332 llic
507 1284 564 1330 tu
593 1291 690 1346 per
724 1281 950 1329 stratum
974 1269 1204 1345 pergens
1237 1268 1491 1346 subsiste,
1524 1266 1721 1328 viator,

389 1342 694 1422 Versiculos
721 1376 922 1434 paucos
948 1342 1186 1416 studiosa
1220 1342 1439 1428 perlege
1465 1363 1665 1410 mente.

387 1457 446 1510 In
476 1456 584 1520 via,
605 1470 766 1524 quam
797 1453 996 1518 cernis,
1029 1449 1227 1522 duplici
1253 1449 1457 1505 ditatur
1493 1447 1698 1501 honore
1723 1461 1736 1496 :

391 1547 514 1602 Haec
541 1547 608 1601 ad
632 1560 927 1616 cauponem
947 1545 1091 1600 ducit
1111 1550 1299 1613 potare
1327 1551 1348 1580 ο
1377 1539 1644 1596 volentem
1673 1555 1683 1590 :

391 1630 562 1706 Elige,
587 1635 728 1705 quod
749 1635 958 1704 placeat
991 1633 1088 1688 tibi
1110 1647 1252 1686 nunc
1271 1631 1396 1693 iter,
1417 1643 1544 1684 ecce
1571 1625 1776 1689 viator,

391 1730 496 1781 Aut
518 1736 704 1798 potare
730 1741 958 1788 mecum,
985 1739 1170 1782 sacros
1199 1716 1292 1777 aut
1312 1721 1523 1776 discere
1543 1717 1744 1772 libros-

395 1818 453 1874 Si
484 1828 672 1889 potare
695 1819 844 1883 velis,
876 1831 1123 1873 nummos
1156 1823 1414 1886 praestare
1449 1809 1669 1866 debebis
1698 1826 1713 1861 :

393 1908 611 1964 Discere
634 1910 679 1964 si
708 1909 918 1979 cupias,
950 1906 1141 1976 gratis,
1165 1903 1308 1975 quod
1343 1900 1564 1972 quieris,
1595 1896 1840 1952 habebis.

1178 2015 1249 2070 Χ.

1085 2016 1249 2071 CXX.

761 2111 788 2150 ά
817 2109 896 2163 Ad
923 2107 1193 2162 ecclesiam
1217 2105 1384 2162 sancti
1412 2103 1580 2157 Petri.

398 2225 644 2296 Claviger
669 2220 942 2285 aetherius,
964 2229 1150 2289 portas
1177 2216 1270 2286 qui
1295 2216 1481 2286 pandit
1511 2212 1746 2284 Olympi,

401 2315 610 2377 Petrus,
639 2311 930 2383 apostolico
966 2308 1258 2380 praeclarus
1303 2305 1357 2359 in
1392 2304 1602 2375 agmine
1635 2314 1658 2340 ε
1686 2301 1961 2370 princeps,

400 2407 653 2474 Protegat
693 2404 835 2457 hanc
869 2400 1044 2454 aulam
1101 2397 1317 2453 Christo
1358 2395 1594 2449 donante
1630 2407 1729 2461 per
1761 2402 1958 2452 aevum,

383 2481 575 2563 Quam
595 2491 756 2547 Pater
780 2491 1028 2563 egregius
1054 2487 1391 2544 Ilrodbertus
1417 2483 1436 2522 ί
1470 2482 1675 2538 fecerat
1703 2480 1853 2546 olim,

405 2585 477 2641 Ut
504 2584 642 2640 foret
662 2583 955 2638 altithrono
976 2579 1308 2649 laus,'gloria
1333 2591 1544 2646 semper
1583 2574 1638 2629 in
1676 2572 1790 2637 illa,

404 2676 615 2745 Septies
637 2675 800 2743 inque
825 2673 911 2727 die
931 2671 1116 2726 laudes
1149 2670 1239 2725 ubi
1265 2668 1447 2723 dicere
1471 2664 1693 2722 Christo

403 2766 738 2820 Conveniunt
756 2763 976 2835 pariter,
1002 2762 1195 2816 devoto
1216 2768 1453 2829 pectore,
1488 2756 1704 2810 fratres.

405 2854 536 2920 Vos,
560 2856 686 2910 dum
710 2856 862 2933 signa
881 2862 1095 2917 sonent,
1118 2851 1350 2923 prompti
1383 2851 1407 2889 ε
1437 2845 1743 2903 concurrite
1765 2843 1968 2908 cuncti,

406 2946 623 3002 Vertico
645 2947 934 3011 submisso,
962 2945 1154 3000 devota
1178 2950 1360 2998 mente
1386 2940 1583 2995 venite.
1676 3005 1678 3008 ν

406 3035 690 3105 Angelicus
711 3035 963 3104 quoniam
995 3041 1169 3088 cmtus
1191 3023 1290 3086 vos
1318 3037 1524 3100 spectat
1555 3028 1606 3081 in
1643 3026 1795 3090 aula,

410 3126 476 3180 Et
503 3123 644 3178 Deus
670 3121 926 3176 auxilium
963 3118 1182 3174 humilis
1207 3116 1314 3172 fert
1331 3118 1360 3156 ιλ
1383 3115 1544 3171 corde
1571 3112 1861 3183 precantis.

409 3215 547 3268 Ante
573 3212 743 3268 altare
764 3211 860 3266 Dei
885 3211 1154 3281 lacrymas
1175 3217 1503 3278 quaprOpter
1526 3219 1740 3259 amaras

412 3303 638 3359 Fundite
657 3342 672 3369 ,
707 3302 982 3357 dulcisona
1008 3299 1211 3371 pariter
1231 3313 1354 3352 cum
1384 3296 1540 3350 laude
1572 3293 1826 3356 Tonanti,

418 3392 484 3448 Ut
509 3405 601 3446 vos
622 3399 904 3445 conservet
929 3389 1131 3459 pariter
1155 3386 1355 3454 pietate
1375 3390 1619 3451 paterna.

1095 3499 1276 3556 CXXI.

715 3597 795 3651 Ad
825 3611 973 3650 arant
1001 3593 1160 3648 beatw
1188 3589 1398 3660 virginis
1428 3586 1638 3641 Μαι-ἕω.

416 3688 692 3757 Auxiliare
709 3697 816 3752 tuis
830 3694 1102 3767 precibus,
1131 3691 1219 3762 pia
1249 3689 1411 3761 Virgo
1439 3687 1628 3752 Maria,

419 3791 630 3847 .Eterni
653 3789 794 3861 regis
813 3786 1064 3850 famulos,
1094 3783 1276 3853 regina
1305 3781 1572 3850 polorum.

420 3883 642 3938 Nomine
663 3894 893 3947 namque
922 3886 1012 3932 tuo
1037 3875 1290 3946 quoniam
1314 3874 1429 3926 haec
1469 3877 1555 3924 est
1580 3881 1674 3922 ara
1700 3865 1906 3926 dicata,

421 3972 616 4028 Tristia
637 3969 924 4041 depelleus,
950 3966 1105 4021 nobis
1125 3971 1181 4018 et
1204 3975 1460 4033 prospera
1483 3957 1690 4013 donans
1725 3955 1767 4010 ί.

823 4045 834 4051 ’
1093 4053 1298 4110 cxxu.

838 4158 843 4162 ‘
865 4145 946 4200 Ad
986 4153 1223 4216 sanctum
1255 4141 1539 4196 Andream.

424 4243 537 4299 IIoc
565 4219 731 4298 altare
753 4237 864 4295 suis
888 4232 1115 4300 meritis,
1139 4231 1390 4289 defendat
1410 4230 1479 4283 ab
1513 4229 1670 4283 hoste

425 4313 668 4411 Andreas
692 4328 894 4386 Christi
918 4323 1173 4397 famulus,
1200 4322 1290 4391 qui
1314 4319 1450 4374 retia
1472 4316 1657 4372 mundi

425 4422 790 4490 Contempsit,
819 4419 1094 4493 Christum
1122 4422 1233 4469 tota
1265 4412 1472 4482 virtute,
1498 4414 1738 4471 secutus,

427 4512 502 4567 De
522 4525 685 4567 cruce
706 4510 800 4580 qui
823 4523 978 4564 sacra
1001 4507 1123 4563 felix
1149 4501 1464 4562 conscendit
1489 4498 1502 4549 ἱ
1541 4498 1845 4570 Olympum.

501 4657 529 4686 ι
568 4641 694 4703 Haec
725 4639 792 4696 de
826 4636 1114 4706 cameratis
1139 4635 1402 4706 basilicae
1435 4631 1776 4706 Turonensis
1802 4639 1990 4684 orato-

429 4716 530 4771 riis
557 4700 802 4798 intelligit
828 4700 1175 4798 Mabillonius‘
1191 4700 1323 4760 tom.
1349 4702 1390 4756 II
1419 4701 1638 4766 Annal.,
1669 4700 1792 4756 libr.
1821 4713 1989 4761 χχιιι,
2073 4718 2081 4724 ·

431 4800 554 4896 με.
581 4783 706 4840 561.
740 4783 749 4784 ί
1171 4783 1175 4798 ¹
1538 4836 1551 4850 ο

565 4853 680 4896 nm
705 4865 923 4896 oni-men
969 4849 1025 4896 in
1075 4846 1204 4896 edit.
1232 4843 1555 4896 Ouereetam
1581 4852 1705 4893 cum
1751 4836 1993 4896 sequenti

565 4853 680 4910 Hoc
705 4865 923 4910 carmen
969 4849 1026 4904 in
1075 4846 1204 4903 edit.
1232 4843 1705 4912 Quercctanicum
1751 4843 1997 4912 sequenti

433 4907 734 4979 connexum
749 4907 1020 4988 habetur;
1045 4935 1076 4974 a
1102 4933 1211 4988 quo
1237 4907 1415 4988 tamen
1452 4909 1579 4988 illud
1602 4907 1672 4962 ob
1695 4907 1998 4988 argumenti

434 4975 1219 5072 dircrsitatemseparavim'us,
1246 4984 1414 5042 secuti
1449 4979 1689 5072 codicem
1725 4975 2000 5032 salisbur-

436 5076 676 5135 gensem,
708 5059 801 5130 qui
848 5051 1013 5114 hosce
1061 5068 1407 5112 versus'non
1459 5051 1642 5108 habet.

508 5130 736 5202 °,_It‘.dit.,
761 5136 990 5202 portare.
1013 5126 1240 5184 Videtur
1279 5126 1467 5182 deesse
1512 5120 1742 5177 alterum
1783 5130 2000 5171 versum

440 5203 505 5260 de
535 5197 626 5271 vi;
650 5199 726 5270 ad.
743 5197 1024 5271 scholam-
1351 5211 1371 5271 _‘

505 5253 762 5331 diremti
780 5253 885 5325 hoc
921 5278 1138 5320 carmen
1177 5279 1300 5319 cum
1334 5265 1520 5320 decem
1550 5253 1898 5331 sequentibus
1922 5253 1998 5331 _in

441 5323 1126 5406 comitiis—.Salisburgensi,
1148 5348 1215 5388 ex
1248 5334 1474 5406 quoilla
1510 5323 1706 5386 alicubi
1749 5323 2002 5382 emenda-

445 5412 617 5466 vimus
659 5415 712 5463 et
739 5403 977 5478 singulis"
989 5403 1176 5458 titulos
1211 5403 1526 5474 adiecimus.

518 5492 542 5519 ο
577 5478 720 5534 Edit.
742 5517 758 5542 ,
786 5476 1033 5531 maxime.

520 5550 538 5589 τ
581 5535 924 5602 Ητοάόεηιιε.
978 5542 1209 5598 Sanctus
1256 5541 1772 5610 scilicet'Rupertus
1799 5535 2008 5610 primus

446 5621 727 5692 cpiscopus
737 5612 1172 5692 Salisburgensis
1201 5621 1254 5667 et
1283 5611 1533 5668 conditor
1553 5606 1866 5667 monasterii
1882 5620 2008 5661 san-

447 5684 520 5746 cti
548 5684 693 5745 Petri
716 5684 933 5744 ibidem.

1355 306 1676 366 causam.
1733 336 1802 346 —
1838 281 2349 357 I‘NSCRIPTIONES
2382 297 2633 353 vaste.

1959 412 2012 470 Δ

2014 4426 2071 4488 D

2705 407 2936 463 CXXIII.

2497 500 2583 553 Ad‘
2606 510 2844 554 sanctum
2877 495 3126 552 Paulum.

2036 591 2160 646 llzec
2182 593 2300 647 loca
2333 599 2516 648 sancta
2538 597 2684 644 tenet
2703 587 3008 658 praeclarus
3032 603 3086 641 ιιι
3107 583 3239 642 orbe
3263 583 3526 656 magister

2038 682 2256 748 Paulus,
2283 681 2574 752 apostolico
2597 688 2912 750 numeratus
2946 678 3001 732 in
3026 677 3215 733 ordine
3244 676 3448 741 doctor,

2039 767 2382 841 Vassophiae
2417 771 2666 834 electum,
2700 767 2936 824 caelestis
2958 781 3134 836 praeco
3155 765 3366 829 salutis,

2042 863 2312 934 Sanguine
2335 864 2426 934 qui
2456 878 2612 919 roseo
2640 862 2760 918 coeli
2790 860 3095 931 penetravit
3126 859 3177 912 in
3205 871 3384 913 arcem
3408 855 3458 909 ιι.
3509 913 3513 915 ,

2698 971 2936 1028 CXXIV.

2591 1059 2610 1099 ι
2650 1060 2715 1114 In
2739 1059 3058 1115 Ctenteterio.

2047 1144 2173 1207 “:Bc
2209 1160 2417 1221 aequata
2453 1151 2568 1206 solo
2595 1151 2751 1204 viluit
2799 1150 2988 1204 domus
3019 1148 3215 1217 inclyta
3246 1145 3547 1215 quondam,

2049 1243 2163 1298 Non
2197 1243 2319 1297 tulit
2343 1244 2482 1297 hanc
2504 1243 2764 1312 speciem,
2789 1241 2992 1295 Christi
3013 1240 3235 1294 devotus
3265 1238 3469 1292 honore

2048 1335 2296 1388 Arnonus
2330 1333 2522 1403 praesul
2552 1333 2798 1398 humilis;
2850 1327 3394 1397 renovarejacentem

2047 1423 2256 1492 Incipit,
2279 1430 2332 1476 et
2366 1422 2558 1477 melius
2583 1429 2752 1476 totam
2791 1427 3165 1476 construxerat
3186 1419 3391 1482 aedem;

2049 1511 2637 1566 Consecrans‘summis
2662 1511 3108 1565 intercessoribus
3145 1510 3311 1563 illam.

2051 1603 2314 1672 Principis
2331 1601 2528 1672 egregii
2551 1602 2725 1670 primo
2747 1600 3020 1655 Michaelis
3038 1602 3267 1662 honore,

2055 1695 2317 1764 Principis
2365 1692 2621 1748 Ecclesia:
2655 1707 2864 1746 necnon
2893 1693 2991 1746 sub
3021 1691 3236 1745 nomine
3257 1687 3436 1750 Petri;
3508 1669 3512 1674 λ

2057 1786 2321 1857 Principis
2341 1795 2394 1838 et
2419 1784 2645 1839 fratrum
2671 1782 2935 1852 praeclari,
2963 1790 3022 1857 et
3048 1781 3224 1836 Patris
3249 1775 3509 1842 Amandi;

2057 1875 2125 1930 Ut
2152 1883 2419 1940 sanctum,
2443 1873 2633 1939 voluit,
2670 1864 3306 1944 polyan‘druminatribus
3333 1876 3493 1923 esset.

2055 1963 2162 2018 Vos
2188 1965 2241 2018 in
2262 1967 2396 2033 pace
2430 1963 2526 2017 Dei
2552 1962 2704 2018 chari
2738 1961 3079 2032 requiescite,
3110 1959 3323 2019 fratres,

2058 2055 2236 2108 Donec
2266 2054 2333 2108 ab
2354 2053 2577 2108 :elheria
2608 2046 2803 2126 clamet
2828 2052 2947 2120 pius
2969 2049 3189 2121 angelus
3211 2063 3336 2102 arce
3363 2065 3375 2099 :

2060 2143 2276 2214 Surgite
2297 2159 2438 2212 nunc
2461 2142 2694 2221 prompti
2709 2150 2744 2173 ’³³
2770 2149 2927 2197 terra:
2952 2141 3014 2195 de
3034 2139 3272 2209 pulvere,
3301 2135 3492 2190 fratres
3521 2154 3535 2188 ε

2061 2231 2168 2287 Vos
2188 2244 2344 2288 vocat
2365 2233 2656 2289 adveniens
2679 2231 2841 2303 judex
2875 2231 2940 2286 de
2967 2230 3199 2285 culmine
3224 2227 3344 2283 cmli
3380 2243 3393 2279 ε

2062 2321 2197 2377 Cum
2221 2321 2428 2376 meritis
2453 2317 2663 2376 animas
2692 2321 2928 2390 propriis
2954 2317 3214 2373 assuntite
3237 2323 3446 2371 vestras
3476 2333 3495 2367 τ

2063 2412 2203 2467 Ante
2225 2412 2320 2466 Dei
2341 2410 2541 2467 Christi
2569 2425 2824 2481 magnum
2852 2409 3010 2462 modo
3035 2415 3176 2461 state
3204 2405 3462 2468 tribunal,

2068 2502 2138 2560 Ut
2160 2502 2427 2572 condigna
2459 2501 2572 2556 suis
2599 2500 2779 2570 capiat
2801 2499 2925 2569 quis
2945 2497 3168 2568 praemia
3187 2492 3382 2552 factis.

2068 2591 2282 2660 Vosque
2313 2593 2498 2645 timete
2527 2592 2670 2645 diem
2711 2589 2883 2652 horis,
2916 2602 3127 2657 precor,
3169 2584 3416 2640 omnibus
3461 2583 3630 2646 illum,

2069 2683 2233 2754 218
2268 2680 2374 2748 Qui
2415 2680 2594 2751 legitis
2639 2693 2830 2733 versus
2878 2677 3075 2746 operis,
3109 2675 3234 2729 dum
3284 2681 3494 2742 tempus
3537 2672 3638 2726 ha-

2205 2781 2213 2787 '
3375 2760 3536 2833 [betis
3550 2801 3565 2824 ,

2073 2862 2144 2920 Ut
2166 2878 2263 2918 vos
2291 2863 2528 2917 inveniat
2549 2859 2771 2914 veniens
2795 2857 2887 2911 lux
2918 2856 3004 2911 illa
3029 2863 3247 2926 paratos
3279 2863 3326 2906 η.

2072 2953 2249 3022 Atque
2291 2953 2395 3006 mei
2422 2965 2689 3006 memores
2713 2990 2727 3014 ,
2765 2948 2989 3018 supplex
3018 2960 3177 3016 rogo,
3211 2957 3420 3014 semper
3455 2943 3506 2996 in
3542 2957 3642 2995 ore

2075 3042 2290 3098 Dicite:
2336 3041 2550 3096 Christe
2575 3031 2684 3094 "tuo
2714 3046 2737 3072 ο
2779 3037 2979 3091 famulo
3026 3037 3144 3105 pius
3180 3041 3297 3088 esto
3327 3047 3420 3101 per
3447 3047 3640 3085 rerum.
3718 3103 3720 3106 ν

2044 3125 2047 3199 ἶ
2074 3133 2266 3189 Alcuin
2298 3143 2324 3182 ιι
2346 3132 2496 3188 dicor
2518 3144 2639 3201 ego,
2664 3127 2776 3197 jam
2808 3143 2902 3182 vos
2929 3127 3046 3181 sine
3071 3125 3172 3178 fine
3201 3123 3394 3177 valete.

2717 3244 2719 3246 ·
2765 3217 2972 3273 CXXV.

2554 3311 2893 3364 Ad'sanctam
2938 3305 3187 3360 Mariam.

2079 3404 2204 3458 Haec
2225 3402 2414 3457 domus
2444 3389 2702 3454 Ecclesiis
2723 3397 2844 3451 aliis
2873 3405 2932 3450 ut
2959 3403 3135 3449 mater
3162 3396 3413 3456 habetur,

2039 3542 2044 3546 .
2081 3492 2242 3564 Virgo
2264 3492 2357 3547 Dei
2381 3489 2582 3546 Christi
2617 3497 2788 3544 mater
2811 3495 3138 3557 quapropter
3169 3487 3221 3539 in
3247 3485 3348 3540 ista

2081 3585 2216 3640 Cum
2243 3583 2457 3639 Christo
2486 3581 2701 3655 colitur,
2733 3578 2985 3648 precibus
3010 3590 3128 3643 quae
3154 3583 3332 3628 servet
3355 3572 3493 3627 ovile

2082 3679 2230 3735 Istud
2259 3679 2326 3733 ab
2365 3677 2519 3731 hoste
2550 3673 2674 3743 piis,
2704 3670 3032 3740 flagitamus,
3063 3683 3273 3738 semper
3297 3667 3515 3736 ubique.

2753 3761 2984 3818 CXXVI.

2370 3857 2448 3911 Αει
2479 3865 2718 3911 sanctum
2747 3851 3010 3907 Joannem
3048 3850 3360 3920 Baptistam.

2085 3952 2199 4009 Iloc
2226 3951 2468 4021 Baptista
2499 3959 2691 4021 potens
2719 3953 2900 4001 teneat
2921 3944 3090 3998 altare
3115 3941 3372 4004 Joannes,

2089 4047 2291 4118 Martyr
2317 4054 2372 4100 et
2397 4043 2649 4114 egregius
2678 4038 2841 4095 simul
2867 4036 3184 4091 Anastasius
3215 4035 3407 4087 almus.

2088 4139 2201 4194 Iloc
2231 4132 2626 4191 Maximilianus
2650 4131 2783 4184 item
2808 4125 3084 4182 confessor
3103 4124 3342 4186 habebit,

2087 4227 2197 4283 Nos
2231 4223 2482 4296 precibus
2507 4223 2701 4277 horum
2729 4218 2930 4274 Christi
2961 4216 3048 4296 pia
3079 4214 3269 4287 dextra
3293 4221 3496 4267 tuetur.
3593 4254 3599 4259 .

2751 4327 3008 4386 CXXVII.

2572 4402 2649 4458 Ad
2681 4411 2920 4457 sanctum
2945 4397 3192 4454 Paulum.

2095 4502 2208 4557 llac
2243 4498 2442 4555 Paulus
2470 4497 2658 4554 doctor
2686 4493 2871 4576 mundi
2900 4501 2954 4547 et
2983 4491 3298 4548 Benedictus
3322 4491 3374 4545 in
3403 4505 3528 4555 ara,
3557 4535 3562 4540 .

2165 4639 2196 4694 ,⁸
2235 4635 2358 4698 Ms.,
2388 4630 2694 4702 prumptim.

2167 4707 2195 4746 δ
2238 4705 2361 4766 Ms.,
2388 4699 2605 4754 humilia
2630 4706 2726 4752 est.

2177 4778 2192 4816 ί
2241 4775 2406 4837 Edit.,
2437 4769 2607 4823 donis.

2171 4845 2185 4895 i
2235 4845 2403 4906 Edit.,
2439 4836 2713 4893 concessit.

2172 4917 2197 4955 ¹ί
2239 4914 2413 4978 Edit.,
2445 4910 2501 4962 in
2529 4922 2669 4960 arce.

2173 4984 2191 5024 ι
2235 4966 2356 5037 l—Ioc
2394 4966 2638 5039 carmen,
2668 4972 2851 5042 judice
2891 4972 3089 5029 Mabill.
3132 4972 3252 5042 Aet.
3306 4968 3494 5042 Sanct.
3535 4966 3668 5026 Ben.

2099 5071 2224 5114 saec.
2255 5068 2328 5115 tv,
2361 5055 2501 5116 part.
2536 5038 2729 5116 t,pa'g.
2777 5044 2865 5108 65,
2906 5041 3308 5116 intelligendum
3332 5047 3420 5116 est
3462 5038 3526 5092 de
3546 5051 3668 5116 ora-

2102 5109 2240 5183 torio
2268 5109 2326 5176 εξ
2361 5109 2507 5173 Petri
2562 5109 2801 5179 Elntinte,
2848 5112 2990 5184 quod
3033 5109 3283 5168 Arnonus
3329 5109 3665 5184 instauravit.

2103 5178 2439 5258 fratrumque
2481 5178 2881 5258 polyandrumf
2904 5183 2961 5258 ιιι
2990 5178 3519 5258 θεμηςίξιιιειειςξιιιιι
3548 5191 3670 5255 esse

2106 5245 2292 5322 Elin,
2320 5245 2590 5327 adjuttcto'
2608 5255 2664 5311 S.
2699 5254 2970 5327 Michaelis
2997 5261 3053 5307 ct
3104 5250 3159 5304 S.
3182 5247 3408 5302 Amandl
3435 5245 3671 5320 patrocie

2103 5335 2213 5390 nio.
2245 5323 2558 5396 Vide'supra
2585 5340 2804 5381 carmen
2823 5323 2915 5380 29.

2177 5412 2214 5435 ιι
2255 5398 2352 5453 Ms.
2370 5438 2384 5461 ,
2414 5396 2718 5468 prumptim.

2178 5483 2203 5521 ιι
2232 5470 2373 5526 Edit.
2385 5508 2400 5533 ,
2428 5476 2662 5536 pacatos.

2179 5549 2203 5579 °
2240 5539 2404 5600 Edit.,
2440 5537 2597 5590 dicite
2623 5541 2887 5604 perpetuo.

2184 5625 2208 5664 Ρ
2240 5608 2362 5677 Ms,
2386 5605 2661 5660 Alrhuinc.
2715 5631 2721 5637 -
