  <div class='ocr_page' id='page_1' title='image "/cluster/home/n/w/nwhite01/storage/ocr_20150623/101/uva.x000834944/389.png"; bbox 0 0 4268 6208; ppageno 0'>
   <div class='ocr_carea' id='block_1_1' title="bbox 540 293 645 350">
    <p class='ocr_par' dir='ltr' id='par_1_1' title="bbox 540 293 645 350">
     <span class='ocr_line' id='line_1_1' title="bbox 540 293 645 350; baseline 0.01 -2"><span class='ocrx_word' id='word_1_1' title='bbox 540 293 645 350; x_wconf 78' lang='grc'><strong>765</strong></span> 
     </span>
    </p>
   </div>
   <div class='ocr_carea' id='block_1_2' title="bbox 546 398 1790 476">
    <p class='ocr_par' dir='ltr' id='par_1_2' title="bbox 546 398 1790 476">
     <span class='ocr_line' id='line_1_2' title="bbox 546 398 1790 476; baseline -0.01 -13"><span class='ocrx_word' id='word_1_2' title='bbox 546 407 614 463; x_wconf 90' lang='lat' dir='ltr'><strong>Ut</strong></span> <span class='ocrx_word' id='word_1_3' title='bbox 638 405 836 462; x_wconf 87' lang='lat' dir='ltr'><strong>dudum</strong></span> <span class='ocrx_word' id='word_1_4' title='bbox 861 402 1102 476; x_wconf 86' lang='lat' dir='ltr'><strong>angelico</strong></span> <span class='ocrx_word' id='word_1_5' title='bbox 1130 401 1292 461; x_wconf 98' lang='lat' dir='ltr'><strong>discit</strong></span> <span class='ocrx_word' id='word_1_6' title='bbox 1314 400 1627 472; x_wconf 76' lang='lat' dir='ltr'><strong>virguncula</strong></span> <span class='ocrx_word' id='word_1_7' title='bbox 1658 398 1790 462; x_wconf 85' lang='lat' dir='ltr'><strong>fatu,</strong></span> 
     </span>
    </p>
   </div>
   <div class='ocr_carea' id='block_1_3' title="bbox 541 488 1964 551">
    <p class='ocr_par' dir='ltr' id='par_1_3' title="bbox 541 488 1964 551">
     <span class='ocr_line' id='line_1_3' title="bbox 541 488 1964 551; baseline -0.008 0"><span class='ocrx_word' id='word_1_8' title='bbox 541 497 674 551; x_wconf 90' lang='lat' dir='ltr'><strong>Cum</strong></span> <span class='ocrx_word' id='word_1_9' title='bbox 702 495 861 550; x_wconf 87' lang='lat' dir='ltr'><strong>Pater</strong></span> <span class='ocrx_word' id='word_1_10' title='bbox 894 494 1156 549; x_wconf 75' lang='lat' dir='ltr'><strong>altisonus</strong></span> <span class='ocrx_word' id='word_1_11' title='bbox 1183 490 1401 548; x_wconf 83' lang='lat' dir='ltr'><strong>Gabriel</strong></span> <span class='ocrx_word' id='word_1_12' title='bbox 1426 491 1663 546; x_wconf 75' lang='lat' dir='ltr'><strong>misisset</strong></span> <span class='ocrx_word' id='word_1_13' title='bbox 1692 489 1758 543; x_wconf 91' lang='lat' dir='ltr'><strong>ab</strong></span> <span class='ocrx_word' id='word_1_14' title='bbox 1785 488 1964 543; x_wconf 86' lang='lat' dir='ltr'><strong>astris.</strong></span> 
     </span>
    </p>
   </div>
   <div class='ocr_carea' id='block_1_4' title="bbox 540 580 1967 656">
    <p class='ocr_par' dir='ltr' id='par_1_4' title="bbox 540 580 1967 656">
     <span class='ocr_line' id='line_1_4' title="bbox 540 580 1967 656; baseline -0.007 -15"><span class='ocrx_word' id='word_1_15' title='bbox 540 586 667 641; x_wconf 66' lang='lat' dir='ltr'><strong>Haec</strong></span> <span class='ocrx_word' id='word_1_16' title='bbox 692 585 810 649; x_wconf 85' lang='lat' dir='ltr'><strong>fuit.</strong></span> <span class='ocrx_word' id='word_1_17' title='bbox 842 586 1091 656; x_wconf 82' lang='lat' dir='ltr'><strong>egregius</strong></span> <span class='ocrx_word' id='word_1_18' title='bbox 1115 598 1275 655; x_wconf 92' lang='lat' dir='ltr'><strong>quam</strong></span> <span class='ocrx_word' id='word_1_19' title='bbox 1304 582 1506 653; x_wconf 84' lang='lat' dir='ltr'><strong>promit</strong></span> <span class='ocrx_word' id='word_1_20' title='bbox 1527 580 1768 636; x_wconf 85' lang='lat' dir='ltr'><strong>carmine</strong></span> <span class='ocrx_word' id='word_1_21' title='bbox 1796 586 1967 643; x_wconf 87' lang='lat' dir='ltr'><strong>vates,</strong></span> 
     </span>
    </p>
   </div>
   <div class='ocr_carea' id='block_1_5' title="bbox 540 669 1946 747">
    <p class='ocr_par' dir='ltr' id='par_1_5' title="bbox 540 669 1946 747">
     <span class='ocr_line' id='line_1_5' title="bbox 540 669 1946 747; baseline -0.009 -14"><span class='ocrx_word' id='word_1_22' title='bbox 540 676 642 745; x_wconf 89' lang='lat' dir='ltr'><strong>Qui</strong></span> <span class='ocrx_word' id='word_1_23' title='bbox 673 677 906 747; x_wconf 87' lang='lat' dir='ltr'><strong>Solymis</strong></span> <span class='ocrx_word' id='word_1_24' title='bbox 932 675 1203 745; x_wconf 90' lang='lat' dir='ltr'><strong>quondam</strong></span> <span class='ocrx_word' id='word_1_25' title='bbox 1227 674 1376 729; x_wconf 81' lang='lat' dir='ltr'><strong>dives</strong></span> <span class='ocrx_word' id='word_1_26' title='bbox 1402 671 1646 742; x_wconf 82' lang='lat' dir='ltr'><strong>regnavit</strong></span> <span class='ocrx_word' id='word_1_27' title='bbox 1676 669 1729 723; x_wconf 92' lang='lat' dir='ltr'><strong>in</strong></span> <span class='ocrx_word' id='word_1_28' title='bbox 1761 669 1907 724; x_wconf 83' lang='lat' dir='ltr'><strong>arvis</strong></span> <span class='ocrx_word' id='word_1_29' title='bbox 1933 685 1946 721; x_wconf 89' lang='lat'>:</span> 
     </span>
    </p>
   </div>
   <div class='ocr_carea' id='block_1_6' title="bbox 539 759 2063 837">
    <p class='ocr_par' dir='ltr' id='par_1_6' title="bbox 539 759 2063 837">
     <span class='ocr_line' id='line_1_6' title="bbox 539 759 2063 837; baseline -0.005 -18"><span class='ocrx_word' id='word_1_30' title='bbox 539 767 702 837; x_wconf 71' lang='lat'><strong>220</strong></span> <span class='ocrx_word' id='word_1_31' title='bbox 731 764 930 819; x_wconf 79' lang='lat' dir='ltr'><strong>Hortus</strong></span> <span class='ocrx_word' id='word_1_32' title='bbox 954 764 1229 819; x_wconf 84' lang='lat' dir='ltr'><strong>conclusus</strong></span> <span class='ocrx_word' id='word_1_33' title='bbox 1258 762 1467 817; x_wconf 80' lang='lat' dir='ltr'><strong>librenti</strong></span> <span class='ocrx_word' id='word_1_34' title='bbox 1500 761 1553 814; x_wconf 91' lang='lat' dir='ltr'><strong>in</strong></span> <span class='ocrx_word' id='word_1_35' title='bbox 1580 759 1781 816; x_wconf 81' lang='lat' dir='ltr'><strong>vertice</strong></span> <span class='ocrx_word' id='word_1_36' title='bbox 1807 773 2063 813; x_wconf 89' lang='lat' dir='ltr'><strong>vernans.</strong></span> 
     </span>
    </p>
   </div>
   <div class='ocr_carea' id='block_1_7' title="bbox 542 850 1921 928">
    <p class='ocr_par' dir='ltr' id='par_1_7' title="bbox 542 850 1921 928">
     <span class='ocr_line' id='line_1_7' title="bbox 542 850 1921 928; baseline -0.005 -17"><span class='ocrx_word' id='word_1_37' title='bbox 542 858 685 914; x_wconf 82' lang='lat' dir='ltr'><strong>Fons</strong></span> <span class='ocrx_word' id='word_1_38' title='bbox 713 873 927 928; x_wconf 90' lang='lat' dir='ltr'><strong>quoque</strong></span> <span class='ocrx_word' id='word_1_39' title='bbox 953 858 1188 927; x_wconf 87' lang='lat' dir='ltr'><strong>signatus</strong></span> <span class='ocrx_word' id='word_1_40' title='bbox 1215 855 1419 911; x_wconf 75' lang='lat' dir='ltr'><strong>ccelesti</strong></span> <span class='ocrx_word' id='word_1_41' title='bbox 1449 852 1659 924; x_wconf 76' lang='lat' dir='ltr'><strong>gurgite</strong></span> <span class='ocrx_word' id='word_1_42' title='bbox 1684 850 1921 921; x_wconf 83' lang='lat' dir='ltr'><strong>pollens;</strong></span> 
     </span>
    </p>
   </div>
   <div class='ocr_carea' id='block_1_8' title="bbox 538 938 1923 1014">
    <p class='ocr_par' dir='ltr' id='par_1_8' title="bbox 538 938 1923 1014">
     <span class='ocr_line' id='line_1_8' title="bbox 538 938 1923 1014; baseline -0.008 -9"><span class='ocrx_word' id='word_1_43' title='bbox 538 950 754 1004; x_wconf 80' lang='lat' dir='ltr'><strong>Necnon</strong></span> <span class='ocrx_word' id='word_1_44' title='bbox 784 958 837 1003; x_wconf 94' lang='lat' dir='ltr'><strong>et</strong></span> <span class='ocrx_word' id='word_1_45' title='bbox 864 956 1044 1002; x_wconf 90' lang='lat' dir='ltr'><strong>turtur</strong></span> <span class='ocrx_word' id='word_1_46' title='bbox 1075 945 1357 1001; x_wconf 90' lang='lat' dir='ltr'><strong>tremulus.</strong></span> <span class='ocrx_word' id='word_1_47' title='bbox 1387 943 1484 999; x_wconf 89' lang='lat' dir='ltr'><strong>Cui</strong></span> <span class='ocrx_word' id='word_1_48' title='bbox 1514 942 1773 1014; x_wconf 85' lang='lat' dir='ltr'><strong>praescius</strong></span> <span class='ocrx_word' id='word_1_49' title='bbox 1802 938 1923 995; x_wconf 85' lang='lat' dir='ltr'><strong>inﬁt</strong></span> 
     </span>
    </p>
   </div>
   <div class='ocr_carea' id='block_1_9' title="bbox 537 1034 2070 1110">
    <p class='ocr_par' dir='ltr' id='par_1_9' title="bbox 537 1034 2070 1110">
     <span class='ocr_line' id='line_1_9' title="bbox 537 1034 2070 1110; baseline -0.008 -16"><span class='ocrx_word' id='word_1_50' title='bbox 537 1041 772 1110; x_wconf 77' lang='lat' dir='ltr'><strong>Angelus</strong></span> <span class='ocrx_word' id='word_1_51' title='bbox 800 1054 813 1092; x_wconf 94' lang='lat'><strong>:</strong></span> <span class='ocrx_word' id='word_1_52' title='bbox 844 1039 923 1092; x_wconf 86' lang='lat' dir='ltr'><strong>En</strong></span> <span class='ocrx_word' id='word_1_53' title='bbox 951 1036 1192 1093; x_wconf 85' lang='lat' dir='ltr'><strong>sobolem</strong></span> <span class='ocrx_word' id='word_1_54' title='bbox 1220 1035 1531 1106; x_wconf 87' lang='lat' dir='ltr'><strong>generabis,</strong></span> <span class='ocrx_word' id='word_1_55' title='bbox 1561 1034 1736 1102; x_wconf 84' lang='lat' dir='ltr'><strong>virgo,</strong></span> <span class='ocrx_word' id='word_1_56' title='bbox 1761 1043 2070 1101; x_wconf 88' lang='lat' dir='ltr'><strong>perennem,</strong></span> 
     </span>
    </p>
   </div>
   <div class='ocr_carea' id='block_1_10' title="bbox 538 1124 1887 1201">
    <p class='ocr_par' dir='ltr' id='par_1_10' title="bbox 538 1124 1887 1201">
     <span class='ocr_line' id='line_1_10' title="bbox 538 1124 1887 1201; baseline -0.006 -16"><span class='ocrx_word' id='word_1_57' title='bbox 538 1132 713 1199; x_wconf 80' lang='lat' dir='ltr'><strong>Atque</strong></span> <span class='ocrx_word' id='word_1_58' title='bbox 737 1131 1081 1201; x_wconf 82' lang='lat' dir='ltr'><strong>puerperium</strong></span> <span class='ocrx_word' id='word_1_59' title='bbox 1110 1128 1350 1199; x_wconf 84' lang='lat' dir='ltr'><strong>paritura</strong></span> <span class='ocrx_word' id='word_1_60' title='bbox 1373 1139 1637 1197; x_wconf 89' lang='lat' dir='ltr'><strong>puerpera</strong></span> <span class='ocrx_word' id='word_1_61' title='bbox 1663 1124 1887 1195; x_wconf 79' lang='lat' dir='ltr'><strong>gignens</strong></span> 
     </span>
    </p>
   </div>
   <div class='ocr_carea' id='block_1_11' title="bbox 539 1217 1885 1276">
    <p class='ocr_par' dir='ltr' id='par_1_11' title="bbox 539 1217 1885 1276">
     <span class='ocr_line' id='line_1_11' title="bbox 539 1217 1885 1276; baseline -0.005 -1"><span class='ocrx_word' id='word_1_62' title='bbox 539 1221 705 1276; x_wconf 81' lang='lat' dir='ltr'><strong>Filius</strong></span> <span class='ocrx_word' id='word_1_63' title='bbox 730 1220 1021 1276; x_wconf 78' lang='lat' dir='ltr'><strong>Altithroni</strong></span> <span class='ocrx_word' id='word_1_64' title='bbox 1048 1219 1256 1274; x_wconf 87' lang='lat' dir='ltr'><strong>faustus</strong></span> <span class='ocrx_word' id='word_1_65' title='bbox 1289 1219 1552 1272; x_wconf 87' lang='lat' dir='ltr'><strong>vocitetur</strong></span> <span class='ocrx_word' id='word_1_66' title='bbox 1577 1217 1631 1270; x_wconf 90' lang='lat' dir='ltr'><strong>in</strong></span> <span class='ocrx_word' id='word_1_67' title='bbox 1661 1230 1834 1269; x_wconf 77' lang='lat' dir='ltr'><strong>:evum</strong></span> <span class='ocrx_word' id='word_1_68' title='bbox 1866 1224 1885 1261; x_wconf 72' lang='grc' dir='ltr'><em>τ</em></span> 
     </span>
    </p>
   </div>
   <div class='ocr_carea' id='block_1_12' title="bbox 538 1310 1790 1385">
    <p class='ocr_par' dir='ltr' id='par_1_12' title="bbox 538 1310 1790 1385">
     <span class='ocr_line' id='line_1_12' title="bbox 538 1310 1790 1385; baseline -0.004 -17"><span class='ocrx_word' id='word_1_69' title='bbox 538 1314 770 1383; x_wconf 82' lang='lat' dir='ltr'><strong>Spiritus</strong></span> <span class='ocrx_word' id='word_1_70' title='bbox 800 1329 830 1367; x_wconf 90' lang='lat' dir='ltr'><strong>e</strong></span> <span class='ocrx_word' id='word_1_71' title='bbox 857 1314 998 1367; x_wconf 71' lang='lat' dir='ltr'><strong>coelo</strong></span> <span class='ocrx_word' id='word_1_72' title='bbox 1025 1313 1204 1367; x_wconf 87' lang='lat' dir='ltr'><strong>veniet</strong></span> <span class='ocrx_word' id='word_1_73' title='bbox 1228 1311 1603 1385; x_wconf 87' lang='lat' dir='ltr'><strong>sanctissimus</strong></span> <span class='ocrx_word' id='word_1_74' title='bbox 1632 1310 1686 1363; x_wconf 92' lang='lat' dir='ltr'><strong>in</strong></span> <span class='ocrx_word' id='word_1_75' title='bbox 1717 1316 1790 1373; x_wconf 90' lang='lat' dir='ltr'><strong>te,</strong></span> 
     </span>
    </p>
   </div>
   <div class='ocr_carea' id='block_1_13' title="bbox 539 1398 1775 1457">
    <p class='ocr_par' dir='ltr' id='par_1_13' title="bbox 539 1398 1775 1457">
     <span class='ocr_line' id='line_1_13' title="bbox 539 1398 1775 1457; baseline -0.006 -1"><span class='ocrx_word' id='word_1_76' title='bbox 539 1403 723 1457; x_wconf 73' lang='lat' dir='ltr'><strong>Virtus</strong></span> <span class='ocrx_word' id='word_1_77' title='bbox 752 1417 879 1457; x_wconf 89' lang='lat' dir='ltr'><strong>ecce</strong></span> <span class='ocrx_word' id='word_1_78' title='bbox 908 1410 999 1456; x_wconf 93' lang='lat' dir='ltr'><strong>tuo</strong></span> <span class='ocrx_word' id='word_1_79' title='bbox 1026 1400 1235 1457; x_wconf 84' lang='lat' dir='ltr'><strong>confert</strong></span> <span class='ocrx_word' id='word_1_80' title='bbox 1258 1400 1575 1455; x_wconf 88' lang='lat' dir='ltr'><strong>umbracula</strong></span> <span class='ocrx_word' id='word_1_81' title='bbox 1605 1398 1775 1454; x_wconf 90' lang='lat' dir='ltr'><strong>cordi.</strong></span> 
     </span>
    </p>
   </div>
   <div class='ocr_carea' id='block_1_14' title="bbox 538 1489 1853 1560">
    <p class='ocr_par' dir='ltr' id='par_1_14' title="bbox 538 1489 1853 1560">
     <span class='ocr_line' id='line_1_14' title="bbox 538 1489 1853 1560; baseline -0.005 -13"><span class='ocrx_word' id='word_1_82' title='bbox 538 1493 714 1548; x_wconf 83' lang='lat' dir='ltr'><strong>Patris</strong></span> <span class='ocrx_word' id='word_1_83' title='bbox 737 1492 1083 1548; x_wconf 88' lang='lat' dir='ltr'><strong>obumbrabit</strong></span> <span class='ocrx_word' id='word_1_84' title='bbox 1106 1501 1180 1555; x_wconf 90' lang='lat' dir='ltr'><strong>te,</strong></span> <span class='ocrx_word' id='word_1_85' title='bbox 1211 1491 1397 1560; x_wconf 87' lang='lat' dir='ltr'><strong>Virgo,</strong></span> <span class='ocrx_word' id='word_1_86' title='bbox 1426 1489 1568 1544; x_wconf 89' lang='lat' dir='ltr'><strong>celsa</strong></span> <span class='ocrx_word' id='word_1_87' title='bbox 1595 1495 1853 1556; x_wconf 85' lang='lat' dir='ltr'><strong>potestas.</strong></span> 
     </span>
    </p>
   </div>
   <div class='ocr_carea' id='block_1_15' title="bbox 546 1578 1792 1652">
    <p class='ocr_par' dir='ltr' id='par_1_15' title="bbox 546 1578 1792 1652">
     <span class='ocr_line' id='line_1_15' title="bbox 546 1578 1792 1652; baseline -0.005 -13"><span class='ocrx_word' id='word_1_88' title='bbox 546 1586 664 1652; x_wconf 90' lang='lat' dir='ltr'><strong>Quo</strong></span> <span class='ocrx_word' id='word_1_89' title='bbox 690 1586 834 1640; x_wconf 91' lang='lat' dir='ltr'><strong>dictu</strong></span> <span class='ocrx_word' id='word_1_90' title='bbox 870 1584 1030 1637; x_wconf 83' lang='lat' dir='ltr'><strong>matri</strong></span> <span class='ocrx_word' id='word_1_91' title='bbox 1063 1589 1378 1652; x_wconf 90' lang='lat' dir='ltr'><strong>turgescunt</strong></span> <span class='ocrx_word' id='word_1_92' title='bbox 1399 1580 1608 1635; x_wconf 88' lang='lat' dir='ltr'><strong>viscera</strong></span> <span class='ocrx_word' id='word_1_93' title='bbox 1638 1578 1792 1643; x_wconf 68' lang='lat' dir='ltr'><strong>fretu,</strong></span> 
     </span>
    </p>
   </div>
   <div class='ocr_carea' id='block_1_16' title="bbox 539 1667 1936 1745">
    <p class='ocr_par' dir='ltr' id='par_1_16' title="bbox 539 1667 1936 1745">
     <span class='ocr_line' id='line_1_16' title="bbox 539 1667 1936 1745; baseline -0.005 -17"><span class='ocrx_word' id='word_1_94' title='bbox 539 1676 641 1743; x_wconf 88' lang='lat' dir='ltr'><strong>Qui</strong></span> <span class='ocrx_word' id='word_1_95' title='bbox 673 1677 886 1745; x_wconf 77' lang='lat' dir='ltr'><strong>genitus</strong></span> <span class='ocrx_word' id='word_1_96' title='bbox 910 1673 1168 1727; x_wconf 89' lang='lat' dir='ltr'><strong>mundum</strong></span> <span class='ocrx_word' id='word_1_97' title='bbox 1199 1670 1504 1726; x_wconf 85' lang='lat' dir='ltr'><strong>miseranda</strong></span> <span class='ocrx_word' id='word_1_98' title='bbox 1532 1669 1652 1723; x_wconf 85' lang='lat' dir='ltr'><strong>labe</strong></span> <span class='ocrx_word' id='word_1_99' title='bbox 1681 1667 1936 1734; x_wconf 83' lang='lat' dir='ltr'><strong>resolvit,</strong></span> 
     </span>
    </p>
   </div>
   <div class='ocr_carea' id='block_1_17' title="bbox 538 1761 1687 1837">
    <p class='ocr_par' dir='ltr' id='par_1_17' title="bbox 538 1761 1687 1837">
     <span class='ocr_line' id='line_1_17' title="bbox 538 1761 1687 1837; baseline -0.007 -16"><span class='ocrx_word' id='word_1_100' title='bbox 538 1768 713 1837; x_wconf 81' lang='lat' dir='ltr'><strong>Atque</strong></span> <span class='ocrx_word' id='word_1_101' title='bbox 733 1767 1028 1822; x_wconf 82' lang='lat' dir='ltr'><strong>cruciﬁxus</strong></span> <span class='ocrx_word' id='word_1_102' title='bbox 1051 1765 1254 1835; x_wconf 87' lang='lat' dir='ltr'><strong>polluta</strong></span> <span class='ocrx_word' id='word_1_103' title='bbox 1276 1761 1488 1833; x_wconf 90' lang='lat' dir='ltr'><strong>piacula</strong></span> <span class='ocrx_word' id='word_1_104' title='bbox 1515 1761 1687 1814; x_wconf 86' lang='lat' dir='ltr'><strong>tersit.</strong></span> 
     </span>
    </p>
   </div>
   <div class='ocr_carea' id='block_1_18' title="bbox 1249 1853 1401 1911">
    <p class='ocr_par' dir='ltr' id='par_1_18' title="bbox 1249 1853 1401 1911">
     <span class='ocr_line' id='line_1_18' title="bbox 1249 1853 1401 1911; baseline -0.013 0"><span class='ocrx_word' id='word_1_105' title='bbox 1249 1853 1401 1911; x_wconf 85' lang='lat' dir='ltr'><strong>CLII.</strong></span> 
     </span>
    </p>
   </div>
   <div class='ocr_carea' id='block_1_19' title="bbox 684 1928 1970 2023">
    <p class='ocr_par' dir='ltr' id='par_1_19' title="bbox 684 1928 1970 2023">
     <span class='ocr_line' id='line_1_19' title="bbox 684 1928 1970 2023; baseline -0.006 -17"><span class='ocrx_word' id='word_1_106' title='bbox 684 1964 708 1991; x_wconf 75' lang='grc' dir='ltr'><strong>ει</strong></span> <span class='ocrx_word' id='word_1_107' title='bbox 746 1951 939 2005; x_wconf 81' lang='lat' dir='ltr'><strong>Versus</strong></span> <span class='ocrx_word' id='word_1_108' title='bbox 967 1949 1176 2003; x_wconf 79' lang='lat' dir='ltr'><strong>Alcuini</strong></span> <span class='ocrx_word' id='word_1_109' title='bbox 1199 1948 1263 2023; x_wconf 73' lang='lat' dir='ltr'><strong>de</strong></span> <span class='ocrx_word' id='word_1_110' title='bbox 1287 1945 1506 2001; x_wconf 77' lang='lat' dir='ltr'><strong>ecclesia</strong></span> <span class='ocrx_word' id='word_1_111' title='bbox 1530 1946 1697 2000; x_wconf 85' lang='lat' dir='ltr'><strong>sancti</strong></span> <span class='ocrx_word' id='word_1_112' title='bbox 1721 1928 1970 2016; x_wconf 81' lang='lat' dir='ltr'><strong>Liutgeri.</strong></span> 
     </span>
    </p>
   </div>
   <div class='ocr_carea' id='block_1_20' title="bbox 538 2036 1853 2112">
    <p class='ocr_par' dir='ltr' id='par_1_20' title="bbox 538 2036 1853 2112">
     <span class='ocr_line' id='line_1_20' title="bbox 538 2036 1853 2112; baseline -0.007 -15"><span class='ocrx_word' id='word_1_113' title='bbox 538 2043 637 2097; x_wconf 86' lang='lat' dir='ltr'><strong>Iiic</strong></span> <span class='ocrx_word' id='word_1_114' title='bbox 664 2041 823 2096; x_wconf 86' lang='lat' dir='ltr'><strong>Pater</strong></span> <span class='ocrx_word' id='word_1_115' title='bbox 851 2040 1101 2112; x_wconf 82' lang='lat' dir='ltr'><strong>egregius</strong></span> <span class='ocrx_word' id='word_1_116' title='bbox 1126 2039 1335 2094; x_wconf 90' lang='lat' dir='ltr'><strong>meritis</strong></span> <span class='ocrx_word' id='word_1_117' title='bbox 1359 2036 1669 2091; x_wconf 82' lang='lat' dir='ltr'><strong>Bonifacius</strong></span> <span class='ocrx_word' id='word_1_118' title='bbox 1697 2036 1853 2089; x_wconf 80' lang='lat' dir='ltr'><strong>almis</strong></span> 
     </span>
    </p>
   </div>
   <div class='ocr_carea' id='block_1_21' title="bbox 540 2126 1938 2199">
    <p class='ocr_par' dir='ltr' id='par_1_21' title="bbox 540 2126 1938 2199">
     <span class='ocr_line' id='line_1_21' title="bbox 540 2126 1938 2199; baseline -0.006 -11"><span class='ocrx_word' id='word_1_119' title='bbox 540 2133 675 2188; x_wconf 83' lang='lat' dir='ltr'><strong>Cum</strong></span> <span class='ocrx_word' id='word_1_120' title='bbox 707 2132 871 2186; x_wconf 90' lang='lat' dir='ltr'><strong>sociis</strong></span> <span class='ocrx_word' id='word_1_121' title='bbox 897 2131 1102 2199; x_wconf 82' lang='lat' dir='ltr'><strong>pariter</strong></span> <span class='ocrx_word' id='word_1_122' title='bbox 1128 2128 1389 2184; x_wconf 84' lang='lat' dir='ltr'><strong>fundebat</strong></span> <span class='ocrx_word' id='word_1_123' title='bbox 1412 2127 1691 2199; x_wconf 84' lang='lat' dir='ltr'><strong>sanguinis</strong></span> <span class='ocrx_word' id='word_1_124' title='bbox 1718 2126 1938 2189; x_wconf 88' lang='lat' dir='ltr'><strong>undam,</strong></span> 
     </span>
    </p>
   </div>
   <div class='ocr_carea' id='block_1_22' title="bbox 536 2219 1838 2293">
    <p class='ocr_par' dir='ltr' id='par_1_22' title="bbox 536 2219 1838 2293">
     <span class='ocr_line' id='line_1_22' title="bbox 536 2219 1838 2293; baseline -0.005 -15"><span class='ocrx_word' id='word_1_125' title='bbox 536 2224 740 2293; x_wconf 77' lang='lat' dir='ltr'><strong>inclyta</strong></span> <span class='ocrx_word' id='word_1_126' title='bbox 776 2222 1025 2292; x_wconf 74' lang='lat' dir='ltr'><strong>martyrii</strong></span> <span class='ocrx_word' id='word_1_127' title='bbox 1058 2229 1336 2276; x_wconf 85' lang='lat' dir='ltr'><strong>sumentes</strong></span> <span class='ocrx_word' id='word_1_128' title='bbox 1361 2226 1647 2275; x_wconf 83' lang='lat' dir='ltr'><strong>stemmata</strong></span> <span class='ocrx_word' id='word_1_129' title='bbox 1674 2219 1838 2272; x_wconf 90' lang='lat' dir='ltr'><strong>sacri.</strong></span> 
     </span>
    </p>
   </div>
   <div class='ocr_carea' id='block_1_23' title="bbox 543 2307 1941 2378">
    <p class='ocr_par' dir='ltr' id='par_1_23' title="bbox 543 2307 1941 2378">
     <span class='ocr_line' id='line_1_23' title="bbox 543 2307 1941 2378; baseline -0.006 -11"><span class='ocrx_word' id='word_1_130' title='bbox 543 2314 711 2368; x_wconf 77' lang='lat' dir='ltr'><strong>Terra</strong></span> <span class='ocrx_word' id='word_1_131' title='bbox 742 2313 898 2366; x_wconf 85' lang='lat' dir='ltr'><strong>beata</strong></span> <span class='ocrx_word' id='word_1_132' title='bbox 930 2310 1091 2365; x_wconf 90' lang='lat' dir='ltr'><strong>nimis</strong></span> <span class='ocrx_word' id='word_1_133' title='bbox 1122 2318 1434 2365; x_wconf 89' lang='lat' dir='ltr'><strong>sanctorum</strong></span> <span class='ocrx_word' id='word_1_134' title='bbox 1465 2308 1723 2378; x_wconf 87' lang='lat' dir='ltr'><strong>sanguine</strong></span> <span class='ocrx_word' id='word_1_135' title='bbox 1752 2307 1903 2361; x_wconf 89' lang='lat' dir='ltr'><strong>dives</strong></span> <span class='ocrx_word' id='word_1_136' title='bbox 1929 2307 1941 2359; x_wconf 90' lang='lat'><strong>!</strong></span> 
     </span>
    </p>
   </div>
   <div class='ocr_carea' id='block_1_24' title="bbox 538 2397 1921 2469">
    <p class='ocr_par' dir='ltr' id='par_1_24' title="bbox 538 2397 1921 2469">
     <span class='ocr_line' id='line_1_24' title="bbox 538 2397 1921 2469; baseline -0.007 -10"><span class='ocrx_word' id='word_1_137' title='bbox 538 2403 860 2459; x_wconf 80' lang='lat' dir='ltr'><strong>Transvolat</strong></span> <span class='ocrx_word' id='word_1_138' title='bbox 886 2404 1012 2457; x_wconf 85' lang='lat' dir='ltr'><strong>hinc</strong></span> <span class='ocrx_word' id='word_1_139' title='bbox 1042 2402 1214 2457; x_wconf 92' lang='lat' dir='ltr'><strong>victor</strong></span> <span class='ocrx_word' id='word_1_140' title='bbox 1245 2400 1399 2456; x_wconf 90' lang='lat' dir='ltr'><strong>miles</strong></span> <span class='ocrx_word' id='word_1_141' title='bbox 1425 2401 1494 2455; x_wconf 90' lang='lat' dir='ltr'><strong>ad</strong></span> <span class='ocrx_word' id='word_1_142' title='bbox 1521 2400 1741 2469; x_wconf 66' lang='lat' dir='ltr'><strong>prtemia</strong></span> <span class='ocrx_word' id='word_1_143' title='bbox 1776 2397 1921 2461; x_wconf 76' lang='lat' dir='ltr'><strong>caeli,</strong></span> 
     </span>
    </p>
   </div>
   <div class='ocr_carea' id='block_1_25' title="bbox 541 2494 1763 2565">
    <p class='ocr_par' dir='ltr' id='par_1_25' title="bbox 541 2494 1763 2565">
     <span class='ocr_line' id='line_1_25' title="bbox 541 2494 1763 2565; baseline -0.004 -15"><span class='ocrx_word' id='word_1_144' title='bbox 541 2494 739 2551; x_wconf 88' lang='lat' dir='ltr'><strong>Ultima</strong></span> <span class='ocrx_word' id='word_1_145' title='bbox 766 2496 1061 2565; x_wconf 87' lang='lat' dir='ltr'><strong>cespitibus</strong></span> <span class='ocrx_word' id='word_1_146' title='bbox 1090 2496 1211 2551; x_wconf 90' lang='lat' dir='ltr'><strong>istis</strong></span> <span class='ocrx_word' id='word_1_147' title='bbox 1240 2494 1467 2565; x_wconf 89' lang='lat' dir='ltr'><strong>vestigia</strong></span> <span class='ocrx_word' id='word_1_148' title='bbox 1494 2494 1763 2561; x_wconf 89' lang='lat' dir='ltr'><strong>linquens.</strong></span> 
     </span>
    </p>
   </div>
   <div class='ocr_carea' id='block_1_26' title="bbox 540 2581 1917 2654">
    <p class='ocr_par' dir='ltr' id='par_1_26' title="bbox 540 2581 1917 2654">
     <span class='ocr_line' id='line_1_26' title="bbox 540 2581 1917 2654; baseline -0.004 -15"><span class='ocrx_word' id='word_1_149' title='bbox 540 2585 751 2639; x_wconf 85' lang='lat' dir='ltr'><strong>Suadeo</strong></span> <span class='ocrx_word' id='word_1_150' title='bbox 781 2594 1131 2654; x_wconf 69' lang='lat' dir='ltr'><strong>quapropzer,</strong></span> <span class='ocrx_word' id='word_1_151' title='bbox 1164 2592 1391 2638; x_wconf 90' lang='lat' dir='ltr'><strong>curvato</strong></span> <span class='ocrx_word' id='word_1_152' title='bbox 1421 2582 1647 2652; x_wconf 88' lang='lat' dir='ltr'><strong>poplite,</strong></span> <span class='ocrx_word' id='word_1_153' title='bbox 1675 2581 1917 2651; x_wconf 80' lang='lat' dir='ltr'><strong>supplex,</strong></span> 
     </span>
    </p>
   </div>
   <div class='ocr_carea' id='block_1_27' title="bbox 540 2674 1845 2747">
    <p class='ocr_par' dir='ltr' id='par_1_27' title="bbox 540 2674 1845 2747">
     <span class='ocr_line' id='line_1_27' title="bbox 540 2674 1845 2747; baseline -0.003 -15"><span class='ocrx_word' id='word_1_154' title='bbox 540 2678 645 2743; x_wconf 87' lang='lat' dir='ltr'><strong>&#39;i‘u,</strong></span> <span class='ocrx_word' id='word_1_155' title='bbox 670 2678 975 2747; x_wconf 88' lang='lat' dir='ltr'><strong>quicunque</strong></span> <span class='ocrx_word' id='word_1_156' title='bbox 1012 2676 1169 2747; x_wconf 83' lang='lat' dir='ltr'><strong>legis,</strong></span> <span class='ocrx_word' id='word_1_157' title='bbox 1201 2677 1363 2731; x_wconf 90' lang='lat' dir='ltr'><strong>terris</strong></span> <span class='ocrx_word' id='word_1_158' title='bbox 1398 2676 1492 2730; x_wconf 73' lang='lat' dir='ltr'><strong>bis‘</strong></span> <span class='ocrx_word' id='word_1_159' title='bbox 1510 2674 1691 2731; x_wconf 86' lang='lat' dir='ltr'><strong>oscula</strong></span> <span class='ocrx_word' id='word_1_160' title='bbox 1724 2674 1845 2745; x_wconf 85' lang='lat' dir='ltr'><strong>fige.</strong></span> 
     </span>
    </p>
   </div>
   <div class='ocr_carea' id='block_1_28' title="bbox 541 2763 2011 2839">
    <p class='ocr_par' dir='ltr' id='par_1_28' title="bbox 541 2763 2011 2839">
     <span class='ocr_line' id='line_1_28' title="bbox 541 2763 2011 2839; baseline -0.004 -16"><span class='ocrx_word' id='word_1_161' title='bbox 541 2769 677 2839; x_wconf 89' lang='lat' dir='ltr'><strong>Spes</strong></span> <span class='ocrx_word' id='word_1_162' title='bbox 705 2769 800 2822; x_wconf 83' lang='lat' dir='ltr'><strong>tibi</strong></span> <span class='ocrx_word' id='word_1_163' title='bbox 825 2783 1015 2839; x_wconf 85' lang='lat' dir='ltr'><strong>magna</strong></span> <span class='ocrx_word' id='word_1_164' title='bbox 1045 2768 1159 2833; x_wconf 82' lang='lat' dir='ltr'><strong>ﬁat,</strong></span> <span class='ocrx_word' id='word_1_165' title='bbox 1191 2767 1459 2838; x_wconf 84' lang='lat' dir='ltr'><strong>lacrymas</strong></span> <span class='ocrx_word' id='word_1_166' title='bbox 1490 2765 1784 2821; x_wconf 84' lang='lat' dir='ltr'><strong>ascendere</strong></span> <span class='ocrx_word' id='word_1_167' title='bbox 1810 2763 2011 2819; x_wconf 80' lang='lat' dir='ltr'><strong>ccelum</strong></span> 
     </span>
    </p>
   </div>
   <div class='ocr_carea' id='block_1_29' title="bbox 539 2855 1872 2929">
    <p class='ocr_par' dir='ltr' id='par_1_29' title="bbox 539 2855 1872 2929">
     <span class='ocr_line' id='line_1_29' title="bbox 539 2855 1872 2929; baseline -0.004 -16"><span class='ocrx_word' id='word_1_168' title='bbox 539 2860 675 2914; x_wconf 92' lang='lat' dir='ltr'><strong>IIinc</strong></span> <span class='ocrx_word' id='word_1_169' title='bbox 701 2860 939 2929; x_wconf 87' lang='lat' dir='ltr'><strong>potuisse</strong></span> <span class='ocrx_word' id='word_1_170' title='bbox 965 2868 1108 2923; x_wconf 89' lang='lat' dir='ltr'><strong>tuas,</strong></span> <span class='ocrx_word' id='word_1_171' title='bbox 1141 2857 1304 2912; x_wconf 88' lang='lat' dir='ltr'><strong>fultas</strong></span> <span class='ocrx_word' id='word_1_172' title='bbox 1328 2858 1649 2926; x_wconf 89' lang='lat' dir='ltr'><strong>patronibus</strong></span> <span class='ocrx_word' id='word_1_173' title='bbox 1674 2856 1702 2895; x_wconf 73' lang='grc' dir='ltr'><strong>ιι</strong></span> <span class='ocrx_word' id='word_1_174' title='bbox 1734 2855 1872 2910; x_wconf 87' lang='lat' dir='ltr'><strong>istis.</strong></span> 
     </span>
    </p>
   </div>
   <div class='ocr_carea' id='block_1_30' title="bbox 542 2947 1981 3017">
    <p class='ocr_par' dir='ltr' id='par_1_30' title="bbox 542 2947 1981 3017">
     <span class='ocr_line' id='line_1_30' title="bbox 542 2947 1981 3017; baseline -0.006 -11"><span class='ocrx_word' id='word_1_175' title='bbox 542 2950 638 3006; x_wconf 85' lang='lat' dir='ltr'><strong>llic</strong></span> <span class='ocrx_word' id='word_1_176' title='bbox 665 2958 847 3005; x_wconf 89' lang='lat' dir='ltr'><strong>manet</strong></span> <span class='ocrx_word' id='word_1_177' title='bbox 876 2948 964 3002; x_wconf 89' lang='lat' dir='ltr'><strong>ille</strong></span> <span class='ocrx_word' id='word_1_178' title='bbox 995 2964 1160 3003; x_wconf 87' lang='lat' dir='ltr'><strong>cruor</strong></span> <span class='ocrx_word' id='word_1_179' title='bbox 1188 2957 1383 3003; x_wconf 89' lang='lat' dir='ltr'><strong>cuncto</strong></span> <span class='ocrx_word' id='word_1_180' title='bbox 1407 2947 1698 3017; x_wconf 88' lang='lat' dir='ltr'><strong>pretiosior</strong></span> <span class='ocrx_word' id='word_1_181' title='bbox 1725 2960 1877 3008; x_wconf 92' lang='lat' dir='ltr'><strong>auro,</strong></span> <span class='ocrx_word' id='word_1_182' title='bbox 1978 2990 1981 2991; x_wconf 39' lang='grc' dir='ltr'><em>ν</em></span> 
     </span>
    </p>
   </div>
   <div class='ocr_carea' id='block_1_31' title="bbox 540 3025 1945 3113">
    <p class='ocr_par' dir='ltr' id='par_1_31' title="bbox 540 3025 1945 3113">
     <span class='ocr_line' id='line_1_31' title="bbox 540 3025 1945 3113; baseline -0.006 -15"><span class='ocrx_word' id='word_1_183' title='bbox 540 3044 885 3113; x_wconf 80' lang='lat' dir='ltr'><strong>Membraque</strong></span> <span class='ocrx_word' id='word_1_184' title='bbox 912 3041 1118 3096; x_wconf 75' lang='lat' dir='ltr'><strong>ccelcsti</strong></span> <span class='ocrx_word' id='word_1_185' title='bbox 1149 3056 1272 3095; x_wconf 88' lang='lat' dir='ltr'><strong>rore</strong></span> <span class='ocrx_word' id='word_1_186' title='bbox 1295 3041 1384 3096; x_wconf 88' lang='lat' dir='ltr'><strong>hic</strong></span> <span class='ocrx_word' id='word_1_187' title='bbox 1411 3038 1633 3110; x_wconf 79' lang='lat' dir='ltr'><strong>Perfusa‘</strong></span> <span class='ocrx_word' id='word_1_188' title='bbox 1648 3025 1945 3108; x_wconf 72' lang='lat' dir='ltr'><strong>quiescunt.</strong></span> 
     </span>
    </p>
   </div>
   <div class='ocr_carea' id='block_1_32' title="bbox 540 3128 1894 3204">
    <p class='ocr_par' dir='ltr' id='par_1_32' title="bbox 540 3128 1894 3204">
     <span class='ocr_line' id='line_1_32' title="bbox 540 3128 1894 3204; baseline -0.007 -13"><span class='ocrx_word' id='word_1_189' title='bbox 540 3136 769 3204; x_wconf 82' lang='lat' dir='ltr'><strong>Adjuvat</strong></span> <span class='ocrx_word' id='word_1_190' title='bbox 798 3136 924 3189; x_wconf 88' lang='lat' dir='ltr'><strong>hinc</strong></span> <span class='ocrx_word' id='word_1_191' title='bbox 948 3133 1147 3188; x_wconf 86' lang='lat' dir='ltr'><strong>Paulus</strong></span> <span class='ocrx_word' id='word_1_192' title='bbox 1176 3134 1387 3197; x_wconf 89' lang='lat' dir='ltr'><strong>doctor,</strong></span> <span class='ocrx_word' id='word_1_193' title='bbox 1417 3130 1724 3185; x_wconf 85' lang='lat' dir='ltr'><strong>Bonifacius</strong></span> <span class='ocrx_word' id='word_1_194' title='bbox 1748 3128 1894 3194; x_wconf 85' lang='lat' dir='ltr'><strong>inde,</strong></span> 
     </span>
    </p>
   </div>
   <div class='ocr_carea' id='block_1_33' title="bbox 544 3223 1840 3297">
    <p class='ocr_par' dir='ltr' id='par_1_33' title="bbox 544 3223 1840 3297">
     <span class='ocr_line' id='line_1_33' title="bbox 544 3223 1840 3297; baseline -0.004 -16"><span class='ocrx_word' id='word_1_195' title='bbox 544 3227 665 3283; x_wconf 66' lang='lat' dir='ltr'><strong>Iimc</strong></span> <span class='ocrx_word' id='word_1_196' title='bbox 694 3228 797 3282; x_wconf 89' lang='lat' dir='ltr'><strong>illis</strong></span> <span class='ocrx_word' id='word_1_197' title='bbox 820 3227 1035 3297; x_wconf 90' lang='lat' dir='ltr'><strong>quando</strong></span> <span class='ocrx_word' id='word_1_198' title='bbox 1061 3234 1277 3281; x_wconf 88' lang='lat' dir='ltr'><strong>constat</strong></span> <span class='ocrx_word' id='word_1_199' title='bbox 1306 3224 1466 3280; x_wconf 89' lang='lat' dir='ltr'><strong>simul</strong></span> <span class='ocrx_word' id='word_1_200' title='bbox 1493 3224 1615 3277; x_wconf 86' lang='lat' dir='ltr'><strong>aula</strong></span> <span class='ocrx_word' id='word_1_201' title='bbox 1642 3223 1840 3277; x_wconf 85' lang='lat' dir='ltr'><strong>dicata.</strong></span> 
     </span>
    </p>
   </div>
   <div class='ocr_carea' id='block_1_34' title="bbox 1250 3316 1423 3373">
    <p class='ocr_par' dir='ltr' id='par_1_34' title="bbox 1250 3316 1423 3373">
     <span class='ocr_line' id='line_1_34' title="bbox 1250 3316 1423 3373; baseline -0.017 0"><span class='ocrx_word' id='word_1_202' title='bbox 1250 3316 1423 3373; x_wconf 83' lang='lat' dir='ltr'><strong>CLIII.</strong></span> 
     </span>
    </p>
   </div>
   <div class='ocr_carea' id='block_1_35' title="bbox 585 3400 2091 3478">
    <p class='ocr_par' dir='ltr' id='par_1_35' title="bbox 585 3400 2091 3478">
     <span class='ocr_line' id='line_1_35' title="bbox 585 3400 2091 3478; baseline -0.007 -13"><span class='ocrx_word' id='word_1_203' title='bbox 585 3423 606 3451; x_wconf 73' lang='grc' dir='ltr'><em>ε</em></span> <span class='ocrx_word' id='word_1_204' title='bbox 635 3411 712 3465; x_wconf 87' lang='lat' dir='ltr'><strong>De</strong></span> <span class='ocrx_word' id='word_1_205' title='bbox 738 3409 971 3464; x_wconf 73' lang='lat' dir='ltr'><strong>basilicis</strong></span> <span class='ocrx_word' id='word_1_206' title='bbox 999 3418 1304 3462; x_wconf 86' lang='lat' dir='ltr'><strong>sanctorum</strong></span> <span class='ocrx_word' id='word_1_207' title='bbox 1330 3406 1685 3478; x_wconf 77' lang='lat' dir='ltr'><strong>apostolorum</strong></span> <span class='ocrx_word' id='word_1_208' title='bbox 1725 3400 1894 3457; x_wconf 80' lang='lat' dir='ltr'><strong>sancti</strong></span> <span class='ocrx_word' id='word_1_209' title='bbox 1925 3401 2091 3455; x_wconf 87' lang='lat' dir='ltr'><strong>Petri.</strong></span> 
     </span>
    </p>
   </div>
   <div class='ocr_carea' id='block_1_36' title="bbox 547 3500 2037 3560">
    <p class='ocr_par' dir='ltr' id='par_1_36' title="bbox 547 3500 2037 3560">
     <span class='ocr_line' id='line_1_36' title="bbox 547 3500 2037 3560; baseline -0.01 0"><span class='ocrx_word' id='word_1_210' title='bbox 547 3506 695 3560; x_wconf 88' lang='lat' dir='ltr'><strong>lianc</strong></span> <span class='ocrx_word' id='word_1_211' title='bbox 725 3505 919 3559; x_wconf 85' lang='lat' dir='ltr'><strong>Petrus</strong></span> <span class='ocrx_word' id='word_1_212' title='bbox 945 3502 1189 3556; x_wconf 90' lang='lat' dir='ltr'><strong>absidam</strong></span> <span class='ocrx_word' id='word_1_213' title='bbox 1217 3500 1242 3539; x_wconf 75' lang='grc' dir='ltr'><strong>τι</strong></span> <span class='ocrx_word' id='word_1_214' title='bbox 1276 3507 1589 3555; x_wconf 87' lang='lat' dir='ltr'><strong>sanctorum</strong></span> <span class='ocrx_word' id='word_1_215' title='bbox 1617 3503 1765 3551; x_wconf 88' lang='lat' dir='ltr'><strong>sorte</strong></span> <span class='ocrx_word' id='word_1_216' title='bbox 1788 3500 2037 3556; x_wconf 83' lang='lat' dir='ltr'><strong>coronat,</strong></span> 
     </span>
    </p>
   </div>
   <div class='ocr_carea' id='block_1_37' title="bbox 550 3584 2001 3668">
    <p class='ocr_par' dir='ltr' id='par_1_37' title="bbox 550 3584 2001 3668">
     <span class='ocr_line' id='line_1_37' title="bbox 550 3584 2001 3668; baseline -0.011 -16"><span class='ocrx_word' id='word_1_217' title='bbox 550 3598 799 3668; x_wconf 76' lang='lat' dir='ltr'><strong>Claviger</strong></span> <span class='ocrx_word' id='word_1_218' title='bbox 823 3596 1115 3657; x_wconf 62' lang='lat' dir='ltr'><strong>aethereus,</strong></span> <span class='ocrx_word' id='word_1_219' title='bbox 1146 3593 1238 3664; x_wconf 86' lang='lat' dir='ltr'><strong>qui</strong></span> <span class='ocrx_word' id='word_1_220' title='bbox 1269 3600 1480 3663; x_wconf 89' lang='lat' dir='ltr'><strong>portam</strong></span> <span class='ocrx_word' id='word_1_221' title='bbox 1510 3587 1698 3659; x_wconf 85' lang='lat' dir='ltr'><strong>pandit</strong></span> <span class='ocrx_word' id='word_1_222' title='bbox 1729 3586 1783 3641; x_wconf 92' lang='lat' dir='ltr'><strong>in</strong></span> <span class='ocrx_word' id='word_1_223' title='bbox 1812 3584 2001 3649; x_wconf 75' lang='lat' dir='ltr'><strong>:ethra,</strong></span> 
     </span>
    </p>
   </div>
   <div class='ocr_carea' id='block_1_38' title="bbox 544 3681 1692 3743">
    <p class='ocr_par' dir='ltr' id='par_1_38' title="bbox 544 3681 1692 3743">
     <span class='ocr_line' id='line_1_38' title="bbox 544 3681 1692 3743; baseline -0.006 -3"><span class='ocrx_word' id='word_1_224' title='bbox 544 3685 755 3742; x_wconf 83' lang='lat' dir='ltr'><strong>Janitor</strong></span> <span class='ocrx_word' id='word_1_225' title='bbox 781 3695 998 3743; x_wconf 67' lang='lat' dir='ltr'><strong>aeterna:</strong></span> <span class='ocrx_word' id='word_1_226' title='bbox 1028 3684 1311 3741; x_wconf 90' lang='lat' dir='ltr'><strong>recludens</strong></span> <span class='ocrx_word' id='word_1_227' title='bbox 1339 3683 1528 3738; x_wconf 89' lang='lat' dir='ltr'><strong>limina</strong></span> <span class='ocrx_word' id='word_1_228' title='bbox 1554 3681 1692 3735; x_wconf 71' lang='lat' dir='ltr'><strong>vitae.</strong></span> 
     </span>
    </p>
   </div>
   <div class='ocr_carea' id='block_1_39' title="bbox 547 3768 2057 3849">
    <p class='ocr_par' dir='ltr' id='par_1_39' title="bbox 547 3768 2057 3849">
     <span class='ocr_line' id='line_1_39' title="bbox 547 3768 2057 3849; baseline -0.009 -15"><span class='ocrx_word' id='word_1_229' title='bbox 547 3778 810 3834; x_wconf 88' lang='lat' dir='ltr'><strong>Omnibus</strong></span> <span class='ocrx_word' id='word_1_230' title='bbox 833 3780 924 3834; x_wconf 90' lang='lat' dir='ltr'><strong>hic</strong></span> <span class='ocrx_word' id='word_1_231' title='bbox 944 3780 1219 3849; x_wconf 88' lang='lat' dir='ltr'><strong>geminum</strong></span> <span class='ocrx_word' id='word_1_232' title='bbox 1249 3777 1476 3847; x_wconf 86' lang='lat' dir='ltr'><strong>digessit</strong></span> <span class='ocrx_word' id='word_1_233' title='bbox 1501 3776 1695 3844; x_wconf 84' lang='lat' dir='ltr'><strong>dogma</strong></span> <span class='ocrx_word' id='word_1_234' title='bbox 1714 3786 1817 3841; x_wconf 84' lang='lat' dir='ltr'><strong>per</strong></span> <span class='ocrx_word' id='word_1_235' title='bbox 1846 3768 2057 3832; x_wconf 84' lang='lat' dir='ltr'><strong>orbem,</strong></span> 
     </span>
    </p>
   </div>
   <div class='ocr_carea' id='block_1_40' title="bbox 552 3860 1913 3937">
    <p class='ocr_par' dir='ltr' id='par_1_40' title="bbox 552 3860 1913 3937">
     <span class='ocr_line' id='line_1_40' title="bbox 552 3860 1913 3937; baseline -0.006 -13"><span class='ocrx_word' id='word_1_236' title='bbox 552 3869 708 3937; x_wconf 84' lang='lat' dir='ltr'><strong>Quod</strong></span> <span class='ocrx_word' id='word_1_237' title='bbox 737 3867 883 3922; x_wconf 82' lang='lat' dir='ltr'><strong>binis</strong></span> <span class='ocrx_word' id='word_1_238' title='bbox 910 3875 1127 3922; x_wconf 86' lang='lat' dir='ltr'><strong>constat</strong></span> <span class='ocrx_word' id='word_1_239' title='bbox 1155 3867 1487 3934; x_wconf 81' lang='lat' dir='ltr'><strong>descriptum</strong></span> <span class='ocrx_word' id='word_1_240' title='bbox 1512 3864 1614 3918; x_wconf 88' lang='lat' dir='ltr'><strong>rite</strong></span> <span class='ocrx_word' id='word_1_241' title='bbox 1642 3860 1839 3917; x_wconf 87' lang='lat' dir='ltr'><strong>libellis</strong></span> <span class='ocrx_word' id='word_1_242' title='bbox 1867 3871 1913 3925; x_wconf 75' lang='grc' dir='ltr'><strong>ο.</strong></span> 
     </span>
    </p>
   </div>
   <div class='ocr_carea' id='block_1_41' title="bbox 552 3954 1971 4029">
    <p class='ocr_par' dir='ltr' id='par_1_41' title="bbox 552 3954 1971 4029">
     <span class='ocr_line' id='line_1_41' title="bbox 552 3954 1971 4029; baseline -0.01 -15"><span class='ocrx_word' id='word_1_243' title='bbox 552 3961 775 4016; x_wconf 79' lang='lat' dir='ltr'><strong>Pectore</strong></span> <span class='ocrx_word' id='word_1_244' title='bbox 804 3958 896 4029; x_wconf 90' lang='lat' dir='ltr'><strong>qui</strong></span> <span class='ocrx_word' id='word_1_245' title='bbox 924 3956 1109 4027; x_wconf 89' lang='lat' dir='ltr'><strong>patulo</strong></span> <span class='ocrx_word' id='word_1_246' title='bbox 1136 3954 1337 4010; x_wconf 86' lang='lat' dir='ltr'><strong>Christi</strong></span> <span class='ocrx_word' id='word_1_247' title='bbox 1367 3959 1635 4021; x_wconf 68' lang='lat' dir='ltr'><strong>praecepta</strong></span> <span class='ocrx_word' id='word_1_248' title='bbox 1666 3956 1971 4018; x_wconf 88' lang='lat' dir='ltr'><strong>capessant.</strong></span> 
     </span>
    </p>
   </div>
   <div class='ocr_carea' id='block_1_42' title="bbox 551 4044 1853 4123">
    <p class='ocr_par' dir='ltr' id='par_1_42' title="bbox 551 4044 1853 4123">
     <span class='ocr_line' id='line_1_42' title="bbox 551 4044 1853 4123; baseline -0.011 -16"><span class='ocrx_word' id='word_1_249' title='bbox 551 4051 621 4108; x_wconf 88' lang='lat' dir='ltr'><strong>Ut</strong></span> <span class='ocrx_word' id='word_1_250' title='bbox 644 4051 793 4123; x_wconf 85' lang='lat' dir='ltr'><strong>prius</strong></span> <span class='ocrx_word' id='word_1_251' title='bbox 822 4062 1101 4118; x_wconf 54' lang='lat' dir='ltr'><strong>aequoreas</strong></span> <span class='ocrx_word' id='word_1_252' title='bbox 1127 4044 1382 4115; x_wconf 88' lang='lat' dir='ltr'><strong>captabat</strong></span> <span class='ocrx_word' id='word_1_253' title='bbox 1408 4049 1557 4097; x_wconf 89' lang='lat' dir='ltr'><strong>recte</strong></span> <span class='ocrx_word' id='word_1_254' title='bbox 1583 4049 1853 4102; x_wconf 80' lang='lat' dir='ltr'><strong>catervas,</strong></span> 
     </span>
    </p>
   </div>
   <div class='ocr_carea' id='block_1_43' title="bbox 554 4130 1927 4212">
    <p class='ocr_par' dir='ltr' id='par_1_43' title="bbox 554 4130 1927 4212">
     <span class='ocr_line' id='line_1_43' title="bbox 554 4130 1927 4212; baseline -0.012 -14"><span class='ocrx_word' id='word_1_255' title='bbox 554 4144 723 4199; x_wconf 88' lang='lat' dir='ltr'><strong>Linea</strong></span> <span class='ocrx_word' id='word_1_256' title='bbox 754 4139 1116 4212; x_wconf 84' lang='lat' dir='ltr'><strong>squamigeris</strong></span> <span class='ocrx_word' id='word_1_257' title='bbox 1141 4135 1440 4192; x_wconf 87' lang='lat' dir='ltr'><strong>extendens</strong></span> <span class='ocrx_word' id='word_1_258' title='bbox 1468 4132 1681 4188; x_wconf 85' lang='lat' dir='ltr'><strong>vincula</strong></span> <span class='ocrx_word' id='word_1_259' title='bbox 1704 4130 1927 4185; x_wconf 87' lang='lat' dir='ltr'><strong>turmis:</strong></span> 
     </span>
    </p>
   </div>
   <div class='ocr_carea' id='block_1_44' title="bbox 552 4222 1983 4295">
    <p class='ocr_par' dir='ltr' id='par_1_44' title="bbox 552 4222 1983 4295">
     <span class='ocr_line' id='line_1_44' title="bbox 552 4222 1983 4295; baseline -0.009 -8"><span class='ocrx_word' id='word_1_260' title='bbox 552 4233 645 4288; x_wconf 81' lang='lat' dir='ltr'><strong>Sic</strong></span> <span class='ocrx_word' id='word_1_261' title='bbox 669 4232 950 4286; x_wconf 87' lang='lat' dir='ltr'><strong>hominum</strong></span> <span class='ocrx_word' id='word_1_262' title='bbox 980 4243 1202 4293; x_wconf 89' lang='lat' dir='ltr'><strong>cuneos,</strong></span> <span class='ocrx_word' id='word_1_263' title='bbox 1232 4224 1419 4281; x_wconf 91' lang='lat' dir='ltr'><strong>mundi</strong></span> <span class='ocrx_word' id='word_1_264' title='bbox 1445 4224 1511 4279; x_wconf 89' lang='lat' dir='ltr'><strong>de</strong></span> <span class='ocrx_word' id='word_1_265' title='bbox 1537 4222 1748 4295; x_wconf 87' lang='lat' dir='ltr'><strong>gurgite</strong></span> <span class='ocrx_word' id='word_1_266' title='bbox 1777 4228 1983 4292; x_wconf 86' lang='lat' dir='ltr'><strong>raptos,</strong></span> 
     </span>
    </p>
   </div>
   <div class='ocr_carea' id='block_1_45' title="bbox 554 4318 1935 4387">
    <p class='ocr_par' dir='ltr' id='par_1_45' title="bbox 554 4318 1935 4387">
     <span class='ocr_line' id='line_1_45' title="bbox 554 4318 1935 4387; baseline -0.007 -8"><span class='ocrx_word' id='word_1_267' title='bbox 554 4318 715 4379; x_wconf 84' lang='lat' dir='ltr'><strong>Ducit</strong></span> <span class='ocrx_word' id='word_1_268' title='bbox 738 4323 804 4378; x_wconf 90' lang='lat' dir='ltr'><strong>ad</strong></span> <span class='ocrx_word' id='word_1_269' title='bbox 834 4331 1095 4377; x_wconf 67' lang='lat' dir='ltr'><strong>aeternum</strong></span> <span class='ocrx_word' id='word_1_270' title='bbox 1120 4320 1326 4375; x_wconf 65' lang='lat' dir='ltr'><strong>Caelesti</strong></span> <span class='ocrx_word' id='word_1_271' title='bbox 1351 4318 1555 4387; x_wconf 87' lang='lat' dir='ltr'><strong>remige</strong></span> <span class='ocrx_word' id='word_1_272' title='bbox 1583 4328 1840 4387; x_wconf 87' lang='lat' dir='ltr'><strong>regnum;</strong></span> <span class='ocrx_word' id='word_1_273' title='bbox 1932 4322 1935 4324; x_wconf 76' lang='grc'><strong>’</strong></span> 
     </span>
    </p>
   </div>
   <div class='ocr_carea' id='block_1_46' title="bbox 556 4407 1829 4477">
    <p class='ocr_par' dir='ltr' id='par_1_46' title="bbox 556 4407 1829 4477">
     <span class='ocr_line' id='line_1_46' title="bbox 556 4407 1829 4477; baseline -0.01 -5"><span class='ocrx_word' id='word_1_274' title='bbox 556 4418 627 4473; x_wconf 82' lang='lat' dir='ltr'><strong>Ut</strong></span> <span class='ocrx_word' id='word_1_275' title='bbox 656 4416 748 4471; x_wconf 90' lang='lat' dir='ltr'><strong>tibi</strong></span> <span class='ocrx_word' id='word_1_276' title='bbox 779 4413 1027 4468; x_wconf 85' lang='lat' dir='ltr'><strong>Salvator</strong></span> <span class='ocrx_word' id='word_1_277' title='bbox 1056 4426 1184 4466; x_wconf 89' lang='lat' dir='ltr'><strong>vera</strong></span> <span class='ocrx_word' id='word_1_278' title='bbox 1211 4424 1336 4464; x_wconf 90' lang='lat' dir='ltr'><strong>eum</strong></span> <span class='ocrx_word' id='word_1_279' title='bbox 1362 4424 1494 4464; x_wconf 91' lang='lat' dir='ltr'><strong>voce</strong></span> <span class='ocrx_word' id='word_1_280' title='bbox 1519 4407 1829 4477; x_wconf 87' lang='lat' dir='ltr'><strong>spopondit,</strong></span> 
     </span>
    </p>
   </div>
   <div class='ocr_carea' id='block_1_47' title="bbox 555 4500 1882 4578">
    <p class='ocr_par' dir='ltr' id='par_1_47' title="bbox 555 4500 1882 4578">
     <span class='ocr_line' id='line_1_47' title="bbox 555 4500 1882 4578; baseline -0.011 -14"><span class='ocrx_word' id='word_1_281' title='bbox 555 4508 781 4576; x_wconf 85' lang='lat' dir='ltr'><strong>Quando</strong></span> <span class='ocrx_word' id='word_1_282' title='bbox 809 4506 1110 4578; x_wconf 87' lang='lat' dir='ltr'><strong>piscantem</strong></span> <span class='ocrx_word' id='word_1_283' title='bbox 1140 4503 1317 4573; x_wconf 85' lang='lat' dir='ltr'><strong>panda</strong></span> <span class='ocrx_word' id='word_1_284' title='bbox 1344 4501 1409 4557; x_wconf 92' lang='lat' dir='ltr'><strong>de</strong></span> <span class='ocrx_word' id='word_1_285' title='bbox 1429 4514 1605 4572; x_wconf 85' lang='lat' dir='ltr'><strong>puppe</strong></span> <span class='ocrx_word' id='word_1_286' title='bbox 1633 4500 1882 4553; x_wconf 87' lang='lat' dir='ltr'><strong>vocabat.</strong></span> 
     </span>
    </p>
   </div>
   <div class='ocr_carea' id='block_1_48' title="bbox 557 4588 1802 4672">
    <p class='ocr_par' dir='ltr' id='par_1_48' title="bbox 557 4588 1802 4672">
     <span class='ocr_line' id='line_1_48' title="bbox 557 4588 1802 4672; baseline -0.011 -16"><span class='ocrx_word' id='word_1_287' title='bbox 557 4603 657 4667; x_wconf 84' lang='lat' dir='ltr'><strong>Qui</strong></span> <span class='ocrx_word' id='word_1_288' title='bbox 691 4599 837 4672; x_wconf 92' lang='lat' dir='ltr'><strong>ponti</strong></span> <span class='ocrx_word' id='word_1_289' title='bbox 872 4597 1101 4670; x_wconf 91' lang='lat' dir='ltr'><strong>pedibus</strong></span> <span class='ocrx_word' id='word_1_290' title='bbox 1127 4594 1359 4652; x_wconf 83' lang='lat' dir='ltr'><strong>calcavit</strong></span> <span class='ocrx_word' id='word_1_291' title='bbox 1384 4591 1581 4649; x_wconf 67' lang='lat' dir='ltr'><strong>caerula</strong></span> <span class='ocrx_word' id='word_1_292' title='bbox 1603 4588 1802 4660; x_wconf 85' lang='lat' dir='ltr'><strong>glauci,</strong></span> 
     </span>
    </p>
   </div>
   <div class='ocr_carea' id='block_1_49' title="bbox 561 4678 2053 4764">
    <p class='ocr_par' dir='ltr' id='par_1_49' title="bbox 561 4678 2053 4764">
     <span class='ocr_line' id='line_1_49' title="bbox 561 4678 2053 4764; baseline -0.009 -18"><span class='ocrx_word' id='word_1_293' title='bbox 561 4694 668 4748; x_wconf 82' lang='lat' dir='ltr'><strong>Sed</strong></span> <span class='ocrx_word' id='word_1_294' title='bbox 698 4708 848 4748; x_wconf 89' lang='lat' dir='ltr'><strong>mare</strong></span> <span class='ocrx_word' id='word_1_295' title='bbox 876 4700 1211 4764; x_wconf 89' lang='lat' dir='ltr'><strong>mergentem</strong></span> <span class='ocrx_word' id='word_1_296' title='bbox 1238 4686 1461 4744; x_wconf 90' lang='lat' dir='ltr'><strong>tumidis</strong></span> <span class='ocrx_word' id='word_1_297' title='bbox 1482 4700 1588 4739; x_wconf 92' lang='lat' dir='ltr'><strong>non</strong></span> <span class='ocrx_word' id='word_1_298' title='bbox 1619 4681 1830 4738; x_wconf 88' lang='lat' dir='ltr'><strong>sorbuit</strong></span> <span class='ocrx_word' id='word_1_299' title='bbox 1858 4678 2053 4735; x_wconf 85' lang='lat' dir='ltr'><strong>undis:</strong></span> 
     </span>
    </p>
   </div>
   <div class='ocr_carea' id='block_1_50' title="bbox 564 4770 2034 4853">
    <p class='ocr_par' dir='ltr' id='par_1_50' title="bbox 564 4770 2034 4853">
     <span class='ocr_line' id='line_1_50' title="bbox 564 4770 2034 4853; baseline -0.01 -16"><span class='ocrx_word' id='word_1_300' title='bbox 564 4784 793 4839; x_wconf 82' lang='lat' dir='ltr'><strong>Dextera</strong></span> <span class='ocrx_word' id='word_1_301' title='bbox 819 4783 950 4840; x_wconf 89' lang='lat' dir='ltr'><strong>dum</strong></span> <span class='ocrx_word' id='word_1_302' title='bbox 979 4783 1182 4840; x_wconf 85' lang='lat' dir='ltr'><strong>Christi</strong></span> <span class='ocrx_word' id='word_1_303' title='bbox 1209 4778 1479 4853; x_wconf 89' lang='lat' dir='ltr'><strong>turgentia</strong></span> <span class='ocrx_word' id='word_1_304' title='bbox 1508 4788 1787 4831; x_wconf 85' lang='lat' dir='ltr'><strong>marmora</strong></span> <span class='ocrx_word' id='word_1_305' title='bbox 1816 4770 2034 4842; x_wconf 89' lang='lat' dir='ltr'><strong>pressit,</strong></span> 
     </span>
    </p>
   </div>
   <div class='ocr_carea' id='block_1_51' title="bbox 637 4920 2145 5000">
    <p class='ocr_par' dir='ltr' id='par_1_51' title="bbox 637 4920 2145 5000">
     <span class='ocr_line' id='line_1_51' title="bbox 637 4920 2145 5000; baseline -0.011 -6"><span class='ocrx_word' id='word_1_306' title='bbox 637 4950 661 4977; x_wconf 81' lang='grc' dir='ltr'>ιι</span> <span class='ocrx_word' id='word_1_307' title='bbox 695 4937 753 4993; x_wconf 91' lang='lat' dir='ltr'><strong>s.</strong></span> <span class='ocrx_word' id='word_1_308' title='bbox 786 4922 1051 5000; x_wconf 73' lang='lat' dir='ltr'><strong>Liutgcri.</strong></span> <span class='ocrx_word' id='word_1_309' title='bbox 1086 4920 1143 4994; x_wconf 79' lang='lat' dir='ltr'><strong>id</strong></span> <span class='ocrx_word' id='word_1_310' title='bbox 1174 4945 1282 5000; x_wconf 86' lang='lat' dir='ltr'><strong>est,</strong></span> <span class='ocrx_word' id='word_1_311' title='bbox 1326 4935 1415 4993; x_wconf 17' lang='lat' dir='ltr'><strong>de.</strong></span> <span class='ocrx_word' id='word_1_312' title='bbox 1441 4930 1669 4988; x_wconf 78' lang='lat' dir='ltr'><strong>ecclesia</strong></span> <span class='ocrx_word' id='word_1_313' title='bbox 1712 4927 1772 4982; x_wconf 88' lang='lat' dir='ltr'><strong>s.</strong></span> <span class='ocrx_word' id='word_1_314' title='bbox 1818 4921 2078 4979; x_wconf 87' lang='lat' dir='ltr'><strong>Bonifacii</strong></span> <span class='ocrx_word' id='word_1_315' title='bbox 2116 4938 2145 4977; x_wconf 89' lang='lat' dir='ltr'><strong>a</strong></span> 
     </span>
    </p>
   </div>
   <div class='ocr_carea' id='block_1_52' title="bbox 566 5000 2149 5089">
    <p class='ocr_par' dir='ltr' id='par_1_52' title="bbox 566 5000 2149 5089">
     <span class='ocr_line' id='line_1_52' title="bbox 566 5000 2149 5089; baseline -0.011 -26"><span class='ocrx_word' id='word_1_316' title='bbox 566 5018 761 5089; x_wconf 68' lang='lat' dir='ltr'><strong>sancto</strong></span> <span class='ocrx_word' id='word_1_317' title='bbox 798 5000 1065 5089; x_wconf 75' lang='lat' dir='ltr'><strong>Liudgero</strong></span> <span class='ocrx_word' id='word_1_318' title='bbox 1114 5014 1461 5089; x_wconf 45' lang='lat' dir='ltr'><strong>constructar.</strong></span> <span class='ocrx_word' id='word_1_319' title='bbox 1489 5003 1859 5089; x_wconf 43' lang='lat' dir='ltr'><strong>lioc‘carmen.</strong></span> <span class='ocrx_word' id='word_1_320' title='bbox 1902 5000 2149 5089; x_wconf 52' lang='lat' dir='ltr'><strong>recen‘slet</strong></span> 
     </span>
    </p>
   </div>
   <div class='ocr_carea' id='block_1_53' title="bbox 568 5063 2150 5148">
    <p class='ocr_par' dir='ltr' id='par_1_53' title="bbox 568 5063 2150 5148">
     <span class='ocr_line' id='line_1_53' title="bbox 568 5063 2150 5148; baseline -0.011 -14"><span class='ocrx_word' id='word_1_321' title='bbox 568 5063 829 5135; x_wconf 77' lang='lat' dir='ltr'><strong>Altfridus</strong></span> <span class='ocrx_word' id='word_1_322' title='bbox 851 5063 1086 5148; x_wconf 62' lang='lat' dir='ltr'><strong>scriptOr</strong></span> <span class='ocrx_word' id='word_1_323' title='bbox 1104 5077 1261 5148; x_wconf 56' lang='lat' dir='ltr'><strong>Vita:</strong></span> <span class='ocrx_word' id='word_1_324' title='bbox 1291 5072 1465 5148; x_wconf 61' lang='lat' dir='ltr'><strong>sancti</strong></span> <span class='ocrx_word' id='word_1_325' title='bbox 1491 5070 1743 5148; x_wconf 58' lang='lat' dir='ltr'><strong>Liudgeri</strong></span> <span class='ocrx_word' id='word_1_326' title='bbox 1761 5065 2013 5148; x_wconf 63' lang='lat' dir='ltr'><strong>episcopi</strong></span> <span class='ocrx_word' id='word_1_327' title='bbox 2053 5063 2150 5117; x_wconf 83' lang='lat' dir='ltr'><strong>Mi-</strong></span> 
     </span>
    </p>
   </div>
   <div class='ocr_carea' id='block_1_54' title="bbox 570 5139 2147 5221">
    <p class='ocr_par' dir='ltr' id='par_1_54' title="bbox 570 5139 2147 5221">
     <span class='ocr_line' id='line_1_54' title="bbox 570 5139 2147 5221; baseline -0.011 -16"><span class='ocrx_word' id='word_1_328' title='bbox 570 5139 1080 5221; x_wconf 76' lang='lat' dir='ltr'><strong>migardefordensis</strong></span> <span class='ocrx_word' id='word_1_329' title='bbox 1127 5147 1269 5215; x_wconf 87' lang='lat' dir='ltr'><strong>apud</strong></span> <span class='ocrx_word' id='word_1_330' title='bbox 1310 5139 1657 5221; x_wconf 75' lang='lat' dir='ltr'><strong>Westpbalos</strong></span> <span class='ocrx_word' id='word_1_331' title='bbox 1693 5139 1872 5221; x_wconf 52' lang='lat' dir='ltr'><strong>primi.</strong></span> <span class='ocrx_word' id='word_1_332' title='bbox 1919 5139 2147 5191; x_wconf 56' lang='lat' dir='ltr'><strong>Manus.</strong></span> 
     </span>
    </p>
   </div>
   <div class='ocr_carea' id='block_1_55' title="bbox 570 5208 1806 5282">
    <p class='ocr_par' dir='ltr' id='par_1_55' title="bbox 570 5208 1806 5282">
     <span class='ocr_line' id='line_1_55' title="bbox 570 5208 1806 5282; baseline -0.013 -5"><span class='ocrx_word' id='word_1_333' title='bbox 570 5208 689 5277; x_wconf 78' lang='grc' dir='ltr'><strong>Λοῖ.</strong></span> <span class='ocrx_word' id='word_1_334' title='bbox 723 5220 821 5276; x_wconf 90' lang='lat' dir='ltr'><strong>SS.</strong></span> <span class='ocrx_word' id='word_1_335' title='bbox 852 5208 1193 5279; x_wconf 79' lang='lat' dir='ltr'><strong>Bened.saeé.</strong></span> <span class='ocrx_word' id='word_1_336' title='bbox 1229 5230 1303 5277; x_wconf 87' lang='lat' dir='ltr'><strong>tv,</strong></span> <span class='ocrx_word' id='word_1_337' title='bbox 1328 5208 1806 5282; x_wconf 26' lang='lat' dir='ltr'><strong>part.&#39;,t,_pag.’2£._</strong></span> 
     </span>
    </p>
   </div>
   <div class='ocr_carea' id='block_1_56' title="bbox 640 5274 2150 5357">
    <p class='ocr_par' dir='ltr' id='par_1_56' title="bbox 640 5274 2150 5357">
     <span class='ocr_line' id='line_1_56' title="bbox 640 5274 2150 5357; baseline -0.012 -11"><span class='ocrx_word' id='word_1_338' title='bbox 640 5274 1040 5355; x_wconf 13' lang='lat' dir='ltr'><strong>biPatronibus,</strong></span> <span class='ocrx_word' id='word_1_339' title='bbox 1072 5304 1103 5343; x_wconf 89' lang='lat' dir='ltr'><strong>a</strong></span> <span class='ocrx_word' id='word_1_340' title='bbox 1131 5274 1345 5357; x_wconf 64' lang='lat' dir='ltr'><strong>patron&#39;</strong></span> <span class='ocrx_word' id='word_1_341' title='bbox 1368 5282 1453 5334; x_wconf 84' lang='lat' dir='ltr'><strong>vel</strong></span> <span class='ocrx_word' id='word_1_342' title='bbox 1480 5274 1747 5352; x_wconf 55' lang='lat' dir='ltr'><strong>palmites.</strong></span> <span class='ocrx_word' id='word_1_343' title='bbox 1796 5276 1918 5335; x_wconf 77' lang='lat' dir='ltr'><strong>Vid.</strong></span> <span class='ocrx_word' id='word_1_344' title='bbox 1968 5274 2150 5333; x_wconf 87' lang='lat' dir='ltr'><strong>Gloss.</strong></span> 
     </span>
    </p>
   </div>
   <div class='ocr_carea' id='block_1_57' title="bbox 573 5362 1074 5488">
    <p class='ocr_par' dir='ltr' id='par_1_57' title="bbox 573 5362 1074 5488">
     <span class='ocr_line' id='line_1_57' title="bbox 573 5362 1074 5488; baseline -0.01 -70"><span class='ocrx_word' id='word_1_345' title='bbox 573 5362 897 5488; x_wconf 49' lang='lat' dir='ltr'><strong>Canggirhac</strong></span> <span class='ocrx_word' id='word_1_346' title='bbox 920 5376 1074 5415; x_wconf 83' lang='lat' dir='ltr'><strong>voce.</strong></span> 
     </span>
     <span class='ocr_line' id='line_1_58' title="bbox 647 5432 1074 5487; baseline -0.007 1"><span class='ocrx_word' id='word_1_347' title='bbox 647 5446 670 5473; x_wconf 72' lang='grc' dir='ltr'>ε</span> <span class='ocrx_word' id='word_1_348' title='bbox 783 5441 916 5487; x_wconf 78' lang='lat' dir='ltr'><strong>itum</strong></span> <span class='ocrx_word' id='word_1_349' title='bbox 953 5432 1074 5487; x_wconf 83' lang='lat' dir='ltr'><strong>estl</strong></span> 
     </span>
    </p>
   </div>
   <div class='ocr_carea' id='block_1_58' title="bbox 575 5486 1959 5573">
    <p class='ocr_par' dir='ltr' id='par_1_58' title="bbox 575 5486 1959 5573">
     <span class='ocr_line' id='line_1_59' title="bbox 575 5486 1959 5573; baseline -0.017 -11"><span class='ocrx_word' id='word_1_350' title='bbox 575 5503 681 5573; x_wconf 65' lang='grc' dir='ltr'><strong>εἰσι</strong></span> <span class='ocrx_word' id='word_1_351' title='bbox 704 5486 857 5573; x_wconf 59' lang='lat' dir='ltr'><strong>inter</strong></span> <span class='ocrx_word' id='word_1_352' title='bbox 884 5501 1068 5573; x_wconf 67' lang='grc' dir='ltr'><strong>ξιταὺί</strong></span> <span class='ocrx_word' id='word_1_353' title='bbox 1386 5486 1871 5573; x_wconf 30' lang='lat' dir='ltr'><strong>Qusncsrz&#39;carm.</strong></span> <span class='ocrx_word' id='word_1_354' title='bbox 1890 5486 1959 5573; x_wconf 44' lang='lat' dir='ltr'><strong>ﬁ.</strong></span> 
     </span>
    </p>
   </div>
   <div class='ocr_carea' id='block_1_59' title="bbox 644 5556 2158 5627">
    <p class='ocr_par' dir='ltr' id='par_1_59' title="bbox 644 5556 2158 5627">
     <span class='ocr_line' id='line_1_60' title="bbox 644 5556 2158 5627; baseline -0.013 -1"><span class='ocrx_word' id='word_1_355' title='bbox 644 5571 670 5611; x_wconf 75' lang='grc' dir='ltr'><strong><em>ἀ</em></strong></span> <span class='ocrx_word' id='word_1_356' title='bbox 698 5556 853 5625; x_wconf 67' lang='lat' dir='ltr'><strong>lianc</strong></span> <span class='ocrx_word' id='word_1_357' title='bbox 882 5556 1072 5627; x_wconf 61' lang='lat' dir='ltr'><strong>Petrus</strong></span> <span class='ocrx_word' id='word_1_358' title='bbox 1095 5556 1357 5626; x_wconf 56' lang='lat' dir='ltr'><strong>absidem.</strong></span> <span class='ocrx_word' id='word_1_359' title='bbox 1384 5556 1547 5619; x_wconf 56' lang='lat' dir='ltr'><strong>Forte</strong></span> <span class='ocrx_word' id='word_1_360' title='bbox 1584 5558 1869 5617; x_wconf 88' lang='lat' dir='ltr'><strong>ecclesiam</strong></span> <span class='ocrx_word' id='word_1_361' title='bbox 1890 5556 2158 5627; x_wconf 78' lang='lat' dir='ltr'><strong>Taneten-</strong></span> 
     </span>
    </p>
   </div>
   <div class='ocr_carea' id='block_1_60' title="bbox 1147 5622 2156 5705">
    <p class='ocr_par' dir='ltr' id='par_1_60' title="bbox 1147 5622 2156 5705">
     <span class='ocr_line' id='line_1_61' title="bbox 1147 5622 2156 5705; baseline -0.021 -11"><span class='ocrx_word' id='word_1_362' title='bbox 1147 5622 1272 5695; x_wconf 78' lang='lat' dir='ltr'><strong>nam</strong></span> <span class='ocrx_word' id='word_1_363' title='bbox 1317 5635 1601 5705; x_wconf 85' lang='lat' dir='ltr'><strong>Eadburga</strong></span> <span class='ocrx_word' id='word_1_364' title='bbox 1651 5628 1923 5705; x_wconf 73' lang='lat' dir='ltr'><strong>abbatissa</strong></span> <span class='ocrx_word' id='word_1_365' title='bbox 1950 5622 2156 5705; x_wconf 89' lang='lat' dir='ltr'><strong>_eodem</strong></span> 
     </span>
    </p>
   </div>
   <div class='ocr_carea' id='block_1_61' title="bbox 577 5639 1059 5712">
    <p class='ocr_par' dir='ltr' id='par_1_61' title="bbox 577 5639 1059 5712">
     <span class='ocr_line' id='line_1_62' title="bbox 577 5639 1059 5712; baseline -0.008 -13"><span class='ocrx_word' id='word_1_366' title='bbox 577 5657 693 5699; x_wconf 78' lang='lat' dir='ltr'><strong>sem</strong></span> <span class='ocrx_word' id='word_1_367' title='bbox 738 5642 795 5698; x_wconf 91' lang='lat' dir='ltr'><strong>in</strong></span> <span class='ocrx_word' id='word_1_368' title='bbox 842 5639 1059 5712; x_wconf 83' lang='lat' dir='ltr'><strong>Anglia,</strong></span> 
     </span>
    </p>
   </div>
   <div class='ocr_carea' id='block_1_62' title="bbox 1386 278 2952 343">
    <p class='ocr_par' dir='ltr' id='par_1_62' title="bbox 1386 278 2952 343">
     <span class='ocr_line' id='line_1_63' title="bbox 1386 278 2952 343; baseline -0.006 0"><span class='ocrx_word' id='word_1_369' title='bbox 1386 286 1448 343; x_wconf 84' lang='grc' dir='ltr'><strong>Β.</strong></span> <span class='ocrx_word' id='word_1_370' title='bbox 1489 287 1548 342; x_wconf 82' lang='lat' dir='ltr'><strong>F.</strong></span> <span class='ocrx_word' id='word_1_371' title='bbox 1590 278 1816 341; x_wconf 79' lang='lat' dir='ltr'><strong>.\LBINI</strong></span> <span class='ocrx_word' id='word_1_372' title='bbox 1852 282 1983 341; x_wconf 82' lang='lat' dir='ltr'><strong>SEU</strong></span> <span class='ocrx_word' id='word_1_373' title='bbox 2023 282 2299 339; x_wconf 71' lang='lat' dir='ltr'><strong>ALCUINI</strong></span> <span class='ocrx_word' id='word_1_374' title='bbox 2334 281 2618 337; x_wconf 77' lang='lat' dir='ltr'><strong>OPERUM</strong></span> <span class='ocrx_word' id='word_1_375' title='bbox 2652 280 2830 335; x_wconf 83' lang='lat' dir='ltr'><strong>PARS</strong></span> <span class='ocrx_word' id='word_1_376' title='bbox 2869 280 2952 336; x_wconf 76' lang='lat' dir='ltr'><strong>VI.</strong></span> 
     </span>
    </p>
   </div>
   <div class='ocr_carea' id='block_1_63' title="bbox 2137 386 3542 464">
    <p class='ocr_par' dir='ltr' id='par_1_63' title="bbox 2137 386 3542 464">
     <span class='ocr_line' id='line_1_64' title="bbox 2137 386 3542 464; baseline -0.005 -15"><span class='ocrx_word' id='word_1_377' title='bbox 2137 398 2183 455; x_wconf 73' lang='grc' dir='ltr'><strong>Δ</strong></span> <span class='ocrx_word' id='word_1_378' title='bbox 2214 393 2378 463; x_wconf 79' lang='lat' dir='ltr'><strong>Cujus</strong></span> <span class='ocrx_word' id='word_1_379' title='bbox 2406 393 2696 464; x_wconf 63' lang='lat' dir='ltr'><strong>perstabat</strong></span> <span class='ocrx_word' id='word_1_380' title='bbox 2724 392 2989 448; x_wconf 86' lang='lat' dir='ltr'><strong>defunctis</strong></span> <span class='ocrx_word' id='word_1_381' title='bbox 3016 391 3205 445; x_wconf 89' lang='lat' dir='ltr'><strong>umbra</strong></span> <span class='ocrx_word' id='word_1_382' title='bbox 3235 386 3499 463; x_wconf 89' lang='lat' dir='ltr'><strong>medelam</strong></span> <span class='ocrx_word' id='word_1_383' title='bbox 3527 407 3542 442; x_wconf 92' lang='lat'><strong>:</strong></span> 
     </span>
    </p>
   </div>
   <div class='ocr_carea' id='block_1_64' title="bbox 783 5414 2156 5489">
    <p class='ocr_par' dir='ltr' id='par_1_64' title="bbox 783 5414 2156 5489">
     <span class='ocr_line' id='line_1_65' title="bbox 783 5414 2156 5489; baseline -0.015 0"><span class='ocrx_word' id='word_1_384' title='bbox 783 5414 916 5487; x_wconf 63' lang='lat' dir='ltr'><strong>itum</strong></span> <span class='ocrx_word' id='word_1_385' title='bbox 953 5414 1043 5487; x_wconf 74' lang='lat' dir='ltr'><strong>est</strong></span> <span class='ocrx_word' id='word_1_386' title='bbox 1066 5432 1169 5485; x_wconf 87' lang='lat' dir='ltr'><strong>hoc</strong></span> <span class='ocrx_word' id='word_1_387' title='bbox 1212 5415 1436 5484; x_wconf 83' lang='lat' dir='ltr'><strong>carmen</strong></span> <span class='ocrx_word' id='word_1_388' title='bbox 1460 5435 1583 5477; x_wconf 90' lang='lat' dir='ltr'><strong>cum</strong></span> <span class='ocrx_word' id='word_1_389' title='bbox 1609 5416 1960 5489; x_wconf 86' lang='lat' dir='ltr'><strong>sequentibus</strong></span> <span class='ocrx_word' id='word_1_390' title='bbox 1986 5414 2156 5471; x_wconf 79' lang='lat' dir='ltr'><strong>unde—</strong></span> 
     </span>
    </p>
   </div>
   <div class='ocr_carea' id='block_1_65' title="bbox 3674 272 3834 352">
    <p class='ocr_par' dir='ltr' id='par_1_65' title="bbox 3674 272 3834 352">
     <span class='ocr_line' id='line_1_66' title="bbox 3674 272 3834 352; baseline 0.006 -23"><span class='ocrx_word' id='word_1_391' title='bbox 3674 272 3775 331; x_wconf 68' lang='grc' dir='ltr'><strong>τοι</strong></span> <span class='ocrx_word' id='word_1_392' title='bbox 3826 345 3834 352; x_wconf 91' lang='lat'>_</span> 
     </span>
    </p>
   </div>
   <div class='ocr_carea' id='block_1_66' title="bbox 2216 478 3455 542">
    <p class='ocr_par' dir='ltr' id='par_1_66' title="bbox 2216 478 3455 542">
     <span class='ocr_line' id='line_1_67' title="bbox 2216 478 3455 542; baseline -0.002 -7"><span class='ocrx_word' id='word_1_393' title='bbox 2216 483 2353 537; x_wconf 90' lang='lat' dir='ltr'><strong>Dum</strong></span> <span class='ocrx_word' id='word_1_394' title='bbox 2378 483 2493 537; x_wconf 88' lang='lat' dir='ltr'><strong>sani</strong></span> <span class='ocrx_word' id='word_1_395' title='bbox 2518 496 2705 537; x_wconf 89' lang='lat' dir='ltr'><strong>rursus</strong></span> <span class='ocrx_word' id='word_1_396' title='bbox 2731 484 2957 537; x_wconf 90' lang='lat' dir='ltr'><strong>redeunt</strong></span> <span class='ocrx_word' id='word_1_397' title='bbox 2983 480 3048 534; x_wconf 88' lang='lat' dir='ltr'><strong>ad</strong></span> <span class='ocrx_word' id='word_1_398' title='bbox 3080 479 3277 533; x_wconf 90' lang='lat' dir='ltr'><strong>lumina</strong></span> <span class='ocrx_word' id='word_1_399' title='bbox 3309 478 3455 542; x_wconf 63' lang='lat' dir='ltr'><strong>vitm,</strong></span> 
     </span>
    </p>
   </div>
   <div class='ocr_carea' id='block_1_67' title="bbox 2213 564 3617 643">
    <p class='ocr_par' dir='ltr' id='par_1_67' title="bbox 2213 564 3617 643">
     <span class='ocr_line' id='line_1_68' title="bbox 2213 564 3617 643; baseline -0.004 -16"><span class='ocrx_word' id='word_1_400' title='bbox 2213 572 2468 639; x_wconf 88' lang='lat' dir='ltr'><strong>Quamvis</strong></span> <span class='ocrx_word' id='word_1_401' title='bbox 2501 581 2625 627; x_wconf 88' lang='lat' dir='ltr'><strong>ante</strong></span> <span class='ocrx_word' id='word_1_402' title='bbox 2657 573 2827 643; x_wconf 71' lang='lat' dir='ltr'><strong>nigra:</strong></span> <span class='ocrx_word' id='word_1_403' title='bbox 2852 572 3175 627; x_wconf 89' lang='lat' dir='ltr'><strong>lustrassent</strong></span> <span class='ocrx_word' id='word_1_404' title='bbox 3197 564 3383 623; x_wconf 83' lang='lat' dir='ltr'><strong>limina</strong></span> <span class='ocrx_word' id='word_1_405' title='bbox 3408 569 3617 622; x_wconf 88' lang='lat' dir='ltr'><strong>mortis.</strong></span> 
     </span>
    </p>
   </div>
   <div class='ocr_carea' id='block_1_68' title="bbox 2214 652 3674 735">
    <p class='ocr_par' dir='ltr' id='par_1_68' title="bbox 2214 652 3674 735">
     <span class='ocr_line' id='line_1_69' title="bbox 2214 652 3674 735; baseline -0.003 -18"><span class='ocrx_word' id='word_1_406' title='bbox 2214 664 2312 719; x_wconf 83' lang='lat' dir='ltr'><strong>llic</strong></span> <span class='ocrx_word' id='word_1_407' title='bbox 2336 652 2549 733; x_wconf 83' lang='lat' dir='ltr'><strong>quoque</strong></span> <span class='ocrx_word' id='word_1_408' title='bbox 2572 662 2881 735; x_wconf 89' lang='lat' dir='ltr'><strong>poplitibus,</strong></span> <span class='ocrx_word' id='word_1_409' title='bbox 2912 678 3012 717; x_wconf 91' lang='lat' dir='ltr'><strong>nec</strong></span> <span class='ocrx_word' id='word_1_410' title='bbox 3038 676 3145 715; x_wconf 91' lang='lat' dir='ltr'><strong>non</strong></span> <span class='ocrx_word' id='word_1_411' title='bbox 3166 671 3219 715; x_wconf 92' lang='lat' dir='ltr'><strong>et</strong></span> <span class='ocrx_word' id='word_1_412' title='bbox 3244 674 3400 714; x_wconf 90' lang='lat' dir='ltr'><strong>crure</strong></span> <span class='ocrx_word' id='word_1_413' title='bbox 3426 658 3674 729; x_wconf 87' lang='lat' dir='ltr'><strong>gemello,</strong></span> 
     </span>
    </p>
   </div>
   <div class='ocr_carea' id='block_1_69' title="bbox 2211 750 3511 816">
    <p class='ocr_par' dir='ltr' id='par_1_69' title="bbox 2211 750 3511 816">
     <span class='ocr_line' id='line_1_70' title="bbox 2211 750 3511 816; baseline -0.005 -5"><span class='ocrx_word' id='word_1_414' title='bbox 2211 755 2473 811; x_wconf 89' lang='lat' dir='ltr'><strong>Claudum</strong></span> <span class='ocrx_word' id='word_1_415' title='bbox 2500 763 2770 811; x_wconf 90' lang='lat' dir='ltr'><strong>restaurat</strong></span> <span class='ocrx_word' id='word_1_416' title='bbox 2794 754 2965 811; x_wconf 89' lang='lat' dir='ltr'><strong>fretus</strong></span> <span class='ocrx_word' id='word_1_417' title='bbox 2996 753 3193 807; x_wconf 88' lang='lat' dir='ltr'><strong>virtute</strong></span> <span class='ocrx_word' id='word_1_418' title='bbox 3218 750 3511 816; x_wconf 86' lang='lat' dir='ltr'><strong>Tonantis;</strong></span> 
     </span>
    </p>
   </div>
   <div class='ocr_carea' id='block_1_70' title="bbox 2215 842 3431 917">
    <p class='ocr_par' dir='ltr' id='par_1_70' title="bbox 2215 842 3431 917">
     <span class='ocr_line' id='line_1_71' title="bbox 2215 842 3431 917; baseline -0.004 -15"><span class='ocrx_word' id='word_1_419' title='bbox 2215 848 2283 903; x_wconf 90' lang='lat' dir='ltr'><strong>Et</strong></span> <span class='ocrx_word' id='word_1_420' title='bbox 2317 848 2427 902; x_wconf 92' lang='lat' dir='ltr'><strong>cito</strong></span> <span class='ocrx_word' id='word_1_421' title='bbox 2457 848 2661 903; x_wconf 90' lang='lat' dir='ltr'><strong>sanatis</strong></span> <span class='ocrx_word' id='word_1_422' title='bbox 2686 846 2939 917; x_wconf 64' lang='lat' dir='ltr'><strong>praecepit</strong></span> <span class='ocrx_word' id='word_1_423' title='bbox 2966 858 3189 915; x_wconf 90' lang='lat' dir='ltr'><strong>pergere</strong></span> <span class='ocrx_word' id='word_1_424' title='bbox 3212 842 3431 911; x_wconf 88' lang='lat' dir='ltr'><strong>plantis,</strong></span> 
     </span>
    </p>
   </div>
   <div class='ocr_carea' id='block_1_71' title="bbox 2140 933 3783 1009">
    <p class='ocr_par' dir='ltr' id='par_1_71' title="bbox 2140 933 3783 1009">
     <span class='ocr_line' id='line_1_72' title="bbox 2140 933 3783 1009; baseline -0.008 -12"><span class='ocrx_word' id='word_1_425' title='bbox 2140 994 2143 997; x_wconf 72' lang='grc'>,</span> <span class='ocrx_word' id='word_1_426' title='bbox 2212 938 2384 1007; x_wconf 86' lang='lat' dir='ltr'><strong>Quem</strong></span> <span class='ocrx_word' id='word_1_427' title='bbox 2414 939 2564 1009; x_wconf 86' lang='lat' dir='ltr'><strong>prius</strong></span> <span class='ocrx_word' id='word_1_428' title='bbox 2591 939 2659 993; x_wconf 89' lang='lat' dir='ltr'><strong>ad</strong></span> <span class='ocrx_word' id='word_1_429' title='bbox 2698 937 2953 1005; x_wconf 87' lang='lat' dir='ltr'><strong>templum</strong></span> <span class='ocrx_word' id='word_1_430' title='bbox 2980 936 3226 1007; x_wconf 86' lang='lat' dir='ltr'><strong>gestabat</strong></span> <span class='ocrx_word' id='word_1_431' title='bbox 3254 933 3389 988; x_wconf 88' lang='lat' dir='ltr'><strong>forte</strong></span> <span class='ocrx_word' id='word_1_432' title='bbox 3428 934 3783 1004; x_wconf 84' lang='lat' dir='ltr'><strong>propinquus.</strong></span> 
     </span>
    </p>
   </div>
   <div class='ocr_carea' id='block_1_72' title="bbox 2212 1013 3497 1096">
    <p class='ocr_par' dir='ltr' id='par_1_72' title="bbox 2212 1013 3497 1096">
     <span class='ocr_line' id='line_1_73' title="bbox 2212 1013 3497 1096; baseline -0.004 -13"><span class='ocrx_word' id='word_1_433' title='bbox 2212 1029 2312 1085; x_wconf 86' lang='lat' dir='ltr'><strong>Hic</strong></span> <span class='ocrx_word' id='word_1_434' title='bbox 2340 1030 2504 1084; x_wconf 87' lang='lat' dir='ltr'><strong>etiam</strong></span> <span class='ocrx_word' id='word_1_435' title='bbox 2531 1028 2689 1085; x_wconf 90' lang='lat' dir='ltr'><strong>binos</strong></span> <span class='ocrx_word' id='word_1_436' title='bbox 2714 1013 2993 1082; x_wconf 84' lang='lat' dir='ltr'><strong>mulctavit</strong></span> <span class='ocrx_word' id='word_1_437' title='bbox 3014 1034 3186 1080; x_wconf 83' lang='lat' dir='ltr'><strong>morte</strong></span> <span class='ocrx_word' id='word_1_438' title='bbox 3212 1026 3497 1096; x_wconf 83' lang='lat' dir='ltr'><strong>malignos,</strong></span> 
     </span>
    </p>
   </div>
   <div class='ocr_carea' id='block_1_73' title="bbox 2213 1113 3568 1188">
    <p class='ocr_par' dir='ltr' id='par_1_73' title="bbox 2213 1113 3568 1188">
     <span class='ocr_line' id='line_1_74' title="bbox 2213 1113 3568 1188; baseline -0.004 -17"><span class='ocrx_word' id='word_1_439' title='bbox 2213 1119 2312 1185; x_wconf 91' lang='lat' dir='ltr'><strong>Qui</strong></span> <span class='ocrx_word' id='word_1_440' title='bbox 2339 1119 2572 1188; x_wconf 89' lang='lat' dir='ltr'><strong>pretium</strong></span> <span class='ocrx_word' id='word_1_441' title='bbox 2601 1117 2751 1171; x_wconf 90' lang='lat' dir='ltr'><strong>fundi</strong></span> <span class='ocrx_word' id='word_1_442' title='bbox 2777 1116 3023 1182; x_wconf 86' lang='lat' dir='ltr'><strong>celarunt</strong></span> <span class='ocrx_word' id='word_1_443' title='bbox 3049 1113 3236 1180; x_wconf 86' lang='lat' dir='ltr'><strong>fraude</strong></span> <span class='ocrx_word' id='word_1_444' title='bbox 3260 1114 3568 1170; x_wconf 86' lang='lat' dir='ltr'><strong>nefandum.</strong></span> 
     </span>
    </p>
   </div>
   <div class='ocr_carea' id='block_1_74' title="bbox 2211 1205 3569 1280">
    <p class='ocr_par' dir='ltr' id='par_1_74' title="bbox 2211 1205 3569 1280">
     <span class='ocr_line' id='line_1_75' title="bbox 2211 1205 3569 1280; baseline -0.003 -17"><span class='ocrx_word' id='word_1_445' title='bbox 2211 1209 2433 1280; x_wconf 89' lang='lat' dir='ltr'><strong>Insuper</strong></span> <span class='ocrx_word' id='word_1_446' title='bbox 2459 1217 2513 1263; x_wconf 91' lang='lat' dir='ltr'><strong>et</strong></span> <span class='ocrx_word' id='word_1_447' title='bbox 2540 1209 2807 1279; x_wconf 89' lang='lat' dir='ltr'><strong>magicum</strong></span> <span class='ocrx_word' id='word_1_448' title='bbox 2831 1206 2949 1262; x_wconf 89' lang='lat' dir='ltr'><strong>falsi</strong></span> <span class='ocrx_word' id='word_1_449' title='bbox 2974 1207 3290 1276; x_wconf 88' lang='lat' dir='ltr'><strong>phantasma</strong></span> <span class='ocrx_word' id='word_1_450' title='bbox 3314 1205 3569 1270; x_wconf 80' lang='lat' dir='ltr'><strong>Simonis,</strong></span> 
     </span>
    </p>
   </div>
   <div class='ocr_carea' id='block_1_75' title="bbox 2214 1298 3605 1365">
    <p class='ocr_par' dir='ltr' id='par_1_75' title="bbox 2214 1298 3605 1365">
     <span class='ocr_line' id='line_1_76' title="bbox 2214 1298 3605 1365; baseline -0.001 -10"><span class='ocrx_word' id='word_1_451' title='bbox 2214 1298 2475 1355; x_wconf 84' lang='lat' dir='ltr'><strong>Funditus</strong></span> <span class='ocrx_word' id='word_1_452' title='bbox 2505 1314 2791 1363; x_wconf 89' lang='lat' dir='ltr'><strong>evacuans,</strong></span> <span class='ocrx_word' id='word_1_453' title='bbox 2824 1306 2991 1353; x_wconf 90' lang='lat' dir='ltr'><strong>tetras</strong></span> <span class='ocrx_word' id='word_1_454' title='bbox 3015 1298 3245 1353; x_wconf 87' lang='lat' dir='ltr'><strong>detrusit</strong></span> <span class='ocrx_word' id='word_1_455' title='bbox 3271 1298 3323 1352; x_wconf 91' lang='lat' dir='ltr'><strong>in</strong></span> <span class='ocrx_word' id='word_1_456' title='bbox 3349 1298 3605 1365; x_wconf 88' lang='lat' dir='ltr'><strong>umbras;</strong></span> 
     </span>
    </p>
   </div>
   <div class='ocr_carea' id='block_1_76' title="bbox 2214 1387 3451 1459">
    <p class='ocr_par' dir='ltr' id='par_1_76' title="bbox 2214 1387 3451 1459">
     <span class='ocr_line' id='line_1_77' title="bbox 2214 1387 3451 1459; baseline -0.002 -13"><span class='ocrx_word' id='word_1_457' title='bbox 2214 1390 2514 1446; x_wconf 79' lang='lat' dir='ltr'><strong>Romanum</strong></span> <span class='ocrx_word' id='word_1_458' title='bbox 2544 1388 2739 1459; x_wconf 89' lang='lat' dir='ltr'><strong>vulgus</strong></span> <span class='ocrx_word' id='word_1_459' title='bbox 2763 1387 2975 1442; x_wconf 86' lang='lat' dir='ltr'><strong>solvens</strong></span> <span class='ocrx_word' id='word_1_460' title='bbox 3006 1403 3190 1442; x_wconf 88' lang='lat' dir='ltr'><strong>errore</strong></span> <span class='ocrx_word' id='word_1_461' title='bbox 3218 1396 3451 1452; x_wconf 87' lang='lat' dir='ltr'><strong>vetusto,</strong></span> 
     </span>
    </p>
   </div>
   <div class='ocr_carea' id='block_1_77' title="bbox 2213 1478 3471 1553">
    <p class='ocr_par' dir='ltr' id='par_1_77' title="bbox 2213 1478 3471 1553">
     <span class='ocr_line' id='line_1_78' title="bbox 2213 1478 3471 1553; baseline -0.006 -14"><span class='ocrx_word' id='word_1_462' title='bbox 2213 1484 2316 1552; x_wconf 87' lang='lat' dir='ltr'><strong>Qui</strong></span> <span class='ocrx_word' id='word_1_463' title='bbox 2345 1480 2600 1553; x_wconf 73' lang='lat' dir='ltr'><strong>praecelsa</strong></span> <span class='ocrx_word' id='word_1_464' title='bbox 2629 1478 2776 1534; x_wconf 87' lang='lat' dir='ltr'><strong>rudis</strong></span> <span class='ocrx_word' id='word_1_465' title='bbox 2805 1479 3017 1533; x_wconf 89' lang='lat' dir='ltr'><strong>scandit</strong></span> <span class='ocrx_word' id='word_1_466' title='bbox 3045 1478 3258 1548; x_wconf 89' lang='lat' dir='ltr'><strong>fastigia</strong></span> <span class='ocrx_word' id='word_1_467' title='bbox 3284 1478 3471 1543; x_wconf 90' lang='lat' dir='ltr'><strong>turris,</strong></span> 
     </span>
    </p>
   </div>
   <div class='ocr_carea' id='block_1_78' title="bbox 2212 1560 3423 1642">
    <p class='ocr_par' dir='ltr' id='par_1_78' title="bbox 2212 1560 3423 1642">
     <span class='ocr_line' id='line_1_79' title="bbox 2212 1560 3423 1642; baseline -0.005 -15"><span class='ocrx_word' id='word_1_468' title='bbox 2212 1574 2392 1642; x_wconf 84' lang='lat' dir='ltr'><strong>Atque</strong></span> <span class='ocrx_word' id='word_1_469' title='bbox 2420 1578 2711 1626; x_wconf 87' lang='lat' dir='ltr'><strong>coronatus</strong></span> <span class='ocrx_word' id='word_1_470' title='bbox 2738 1568 2877 1622; x_wconf 89' lang='lat' dir='ltr'><strong>lauri</strong></span> <span class='ocrx_word' id='word_1_471' title='bbox 2904 1567 2969 1621; x_wconf 89' lang='lat' dir='ltr'><strong>de</strong></span> <span class='ocrx_word' id='word_1_472' title='bbox 2995 1560 3423 1629; x_wconf 83' lang='lat' dir='ltr'><strong>frondevolavit.</strong></span> 
     </span>
    </p>
   </div>
   <div class='ocr_carea' id='block_1_79' title="bbox 2217 1655 3560 1718">
    <p class='ocr_par' dir='ltr' id='par_1_79' title="bbox 2217 1655 3560 1718">
     <span class='ocr_line' id='line_1_80' title="bbox 2217 1655 3560 1718; baseline -0.005 -1"><span class='ocrx_word' id='word_1_473' title='bbox 2217 1660 2324 1717; x_wconf 90' lang='lat' dir='ltr'><strong>Sed</strong></span> <span class='ocrx_word' id='word_1_474' title='bbox 2345 1675 2468 1715; x_wconf 82' lang='lat' dir='ltr'><strong>mox</strong></span> <span class='ocrx_word' id='word_1_475' title='bbox 2493 1660 2757 1714; x_wconf 70' lang='lat' dir='ltr'><strong>:ethereas</strong></span> <span class='ocrx_word' id='word_1_476' title='bbox 2785 1656 3076 1711; x_wconf 89' lang='lat' dir='ltr'><strong>demittens</strong></span> <span class='ocrx_word' id='word_1_477' title='bbox 3103 1655 3350 1711; x_wconf 87' lang='lat' dir='ltr'><strong>fructifer</strong></span> <span class='ocrx_word' id='word_1_478' title='bbox 3378 1671 3560 1718; x_wconf 87' lang='lat' dir='ltr'><strong>auras,</strong></span> 
     </span>
    </p>
   </div>
   <div class='ocr_carea' id='block_1_80' title="bbox 2145 1727 3571 1813">
    <p class='ocr_par' dir='ltr' id='par_1_80' title="bbox 2145 1727 3571 1813">
     <span class='ocr_line' id='line_1_81' title="bbox 2145 1727 3571 1813; baseline -0.006 -7"><span class='ocrx_word' id='word_1_479' title='bbox 2145 1727 2191 1786; x_wconf 69' lang='grc' dir='ltr'><strong>Β</strong></span> <span class='ocrx_word' id='word_1_480' title='bbox 2218 1750 2463 1806; x_wconf 86' lang='lat' dir='ltr'><strong>Cernuus</strong></span> <span class='ocrx_word' id='word_1_481' title='bbox 2488 1748 2555 1804; x_wconf 90' lang='lat' dir='ltr'><strong>ad</strong></span> <span class='ocrx_word' id='word_1_482' title='bbox 2579 1756 2801 1813; x_wconf 90' lang='lat' dir='ltr'><strong>terram,</strong></span> <span class='ocrx_word' id='word_1_483' title='bbox 2831 1744 3123 1802; x_wconf 86' lang='lat' dir='ltr'><strong>confractis</strong></span> <span class='ocrx_word' id='word_1_484' title='bbox 3148 1745 3362 1800; x_wconf 88' lang='lat' dir='ltr'><strong>ossibus</strong></span> <span class='ocrx_word' id='word_1_485' title='bbox 3388 1743 3571 1808; x_wconf 85' lang='lat' dir='ltr'><strong>ambo,</strong></span> 
     </span>
    </p>
   </div>
   <div class='ocr_carea' id='block_1_81' title="bbox 2218 1834 3352 1909">
    <p class='ocr_par' dir='ltr' id='par_1_81' title="bbox 2218 1834 3352 1909">
     <span class='ocr_line' id='line_1_82' title="bbox 2218 1834 3352 1909; baseline -0.008 -13"><span class='ocrx_word' id='word_1_486' title='bbox 2218 1841 2453 1909; x_wconf 89' lang='lat' dir='ltr'><strong>Corruit,</strong></span> <span class='ocrx_word' id='word_1_487' title='bbox 2487 1849 2543 1894; x_wconf 89' lang='lat' dir='ltr'><strong>et</strong></span> <span class='ocrx_word' id='word_1_488' title='bbox 2565 1838 2729 1893; x_wconf 91' lang='lat' dir='ltr'><strong>Petro</strong></span> <span class='ocrx_word' id='word_1_489' title='bbox 2754 1837 2920 1893; x_wconf 89' lang='lat' dir='ltr'><strong>cessit</strong></span> <span class='ocrx_word' id='word_1_490' title='bbox 2953 1836 3179 1891; x_wconf 88' lang='lat' dir='ltr'><strong>victoria</strong></span> <span class='ocrx_word' id='word_1_491' title='bbox 3201 1834 3352 1889; x_wconf 89' lang='lat' dir='ltr'><strong>belli.</strong></span> 
     </span>
    </p>
   </div>
   <div class='ocr_carea' id='block_1_82' title="bbox 2219 1924 3565 2000">
    <p class='ocr_par' dir='ltr' id='par_1_82' title="bbox 2219 1924 3565 2000">
     <span class='ocr_line' id='line_1_83' title="bbox 2219 1924 3565 2000; baseline -0.007 -13"><span class='ocrx_word' id='word_1_492' title='bbox 2219 1932 2321 1999; x_wconf 89' lang='lat' dir='ltr'><strong>Qui</strong></span> <span class='ocrx_word' id='word_1_493' title='bbox 2348 1947 2506 1987; x_wconf 90' lang='lat' dir='ltr'><strong>cruce</strong></span> <span class='ocrx_word' id='word_1_494' title='bbox 2531 1929 2775 1986; x_wconf 79' lang='lat' dir='ltr'><strong>conﬁxus</strong></span> <span class='ocrx_word' id='word_1_495' title='bbox 2804 1928 3042 2000; x_wconf 89' lang='lat' dir='ltr'><strong>gaudens</strong></span> <span class='ocrx_word' id='word_1_496' title='bbox 3066 1933 3335 1981; x_wconf 88' lang='lat' dir='ltr'><strong>tormenta</strong></span> <span class='ocrx_word' id='word_1_497' title='bbox 3362 1924 3565 1987; x_wconf 84' lang='lat' dir='ltr'><strong>luebat,</strong></span> 
     </span>
    </p>
   </div>
   <div class='ocr_carea' id='block_1_83' title="bbox 2219 2016 3418 2089">
    <p class='ocr_par' dir='ltr' id='par_1_83' title="bbox 2219 2016 3418 2089">
     <span class='ocr_line' id='line_1_84' title="bbox 2219 2016 3418 2089; baseline -0.007 -11"><span class='ocrx_word' id='word_1_498' title='bbox 2219 2023 2447 2078; x_wconf 80' lang='lat' dir='ltr'><strong>Horrida</strong></span> <span class='ocrx_word' id='word_1_499' title='bbox 2478 2021 2711 2077; x_wconf 89' lang='lat' dir='ltr'><strong>crudelis</strong></span> <span class='ocrx_word' id='word_1_500' title='bbox 2736 2035 2993 2089; x_wconf 89' lang='lat' dir='ltr'><strong>passurus</strong></span> <span class='ocrx_word' id='word_1_501' title='bbox 3014 2018 3238 2072; x_wconf 87' lang='lat' dir='ltr'><strong>vulnera</strong></span> <span class='ocrx_word' id='word_1_502' title='bbox 3268 2016 3418 2071; x_wconf 89' lang='lat' dir='ltr'><strong>ferri.</strong></span> 
     </span>
    </p>
   </div>
   <div class='ocr_carea' id='block_1_84' title="bbox 2219 2090 3580 2183">
    <p class='ocr_par' dir='ltr' id='par_1_84' title="bbox 2219 2090 3580 2183">
     <span class='ocr_line' id='line_1_85' title="bbox 2219 2090 3580 2183; baseline -0.003 -16"><span class='ocrx_word' id='word_1_503' title='bbox 2219 2114 2389 2181; x_wconf 87' lang='lat' dir='ltr'><strong>Quem</strong></span> <span class='ocrx_word' id='word_1_504' title='bbox 2418 2111 2578 2176; x_wconf 89' lang='lat' dir='ltr'><strong>Deus,</strong></span> <span class='ocrx_word' id='word_1_505' title='bbox 2602 2110 2821 2166; x_wconf 65' lang='lat' dir='ltr'><strong>aeternis</strong></span> <span class='ocrx_word' id='word_1_506' title='bbox 2848 2116 3096 2164; x_wconf 88' lang='lat' dir='ltr'><strong>ornatum</strong></span> <span class='ocrx_word' id='word_1_507' title='bbox 3115 2109 3239 2183; x_wconf 85' lang='lat' dir='ltr'><strong>jure</strong></span> <span class='ocrx_word' id='word_1_508' title='bbox 3270 2090 3580 2177; x_wconf 84' lang='lat' dir='ltr'><strong>triumphis,</strong></span> 
     </span>
    </p>
   </div>
   <div class='ocr_carea' id='block_1_85' title="bbox 2220 2198 3495 2274">
    <p class='ocr_par' dir='ltr' id='par_1_85' title="bbox 2220 2198 3495 2274">
     <span class='ocr_line' id='line_1_86' title="bbox 2220 2198 3495 2274; baseline -0.006 -15"><span class='ocrx_word' id='word_1_509' title='bbox 2220 2206 2439 2261; x_wconf 77' lang='lat' dir='ltr'><strong>Arbiter</strong></span> <span class='ocrx_word' id='word_1_510' title='bbox 2465 2204 2807 2274; x_wconf 89' lang='lat' dir='ltr'><strong>omnipotens</strong></span> <span class='ocrx_word' id='word_1_511' title='bbox 2832 2202 2899 2256; x_wconf 89' lang='lat' dir='ltr'><strong>ad</strong></span> <span class='ocrx_word' id='word_1_512' title='bbox 2921 2200 3042 2255; x_wconf 68' lang='lat' dir='ltr'><strong>coeli</strong></span> <span class='ocrx_word' id='word_1_513' title='bbox 3066 2198 3297 2254; x_wconf 88' lang='lat' dir='ltr'><strong>culmina</strong></span> <span class='ocrx_word' id='word_1_514' title='bbox 3329 2199 3495 2253; x_wconf 88' lang='lat' dir='ltr'><strong>vexit.</strong></span> 
     </span>
    </p>
   </div>
   <div class='ocr_carea' id='block_1_86' title="bbox 2929 2310 3103 2367">
    <p class='ocr_par' dir='ltr' id='par_1_86' title="bbox 2929 2310 3103 2367">
     <span class='ocr_line' id='line_1_87' title="bbox 2929 2310 3103 2367; baseline -0.023 0"><span class='ocrx_word' id='word_1_515' title='bbox 2929 2310 3103 2367; x_wconf 85' lang='lat' dir='ltr'><strong>CLIV.</strong></span> 
     </span>
    </p>
   </div>
   <div class='ocr_carea' id='block_1_87' title="bbox 2248 2400 3325 2487">
    <p class='ocr_par' dir='ltr' id='par_1_87' title="bbox 2248 2400 3325 2487">
     <span class='ocr_line' id='line_1_88' title="bbox 2248 2400 3325 2487; baseline -0.012 -22"><span class='ocrx_word' id='word_1_516' title='bbox 2248 2482 2253 2487; x_wconf 87' lang='lat'><em>_</em></span> <span class='ocrx_word' id='word_1_517' title='bbox 2686 2404 2873 2460; x_wconf 80' lang='lat' dir='ltr'><strong>Sancti</strong></span> <span class='ocrx_word' id='word_1_518' title='bbox 2902 2401 3062 2457; x_wconf 87' lang='lat' dir='ltr'><strong>Pauli</strong></span> <span class='ocrx_word' id='word_1_519' title='bbox 3086 2400 3325 2471; x_wconf 83' lang='lat' dir='ltr'><strong>apostoli.</strong></span> 
     </span>
    </p>
   </div>
   <div class='ocr_carea' id='block_1_88' title="bbox 2226 2489 3613 2569">
    <p class='ocr_par' dir='ltr' id='par_1_88' title="bbox 2226 2489 3613 2569">
     <span class='ocr_line' id='line_1_89' title="bbox 2226 2489 3613 2569; baseline -0.009 -13"><span class='ocrx_word' id='word_1_520' title='bbox 2226 2500 2449 2564; x_wconf 88' lang='lat' dir='ltr'><strong>Saulus,</strong></span> <span class='ocrx_word' id='word_1_521' title='bbox 2480 2498 2573 2569; x_wconf 88' lang='lat' dir='ltr'><strong>qui</strong></span> <span class='ocrx_word' id='word_1_522' title='bbox 2603 2504 2818 2553; x_wconf 89' lang='lat' dir='ltr'><strong>sanctas</strong></span> <span class='ocrx_word' id='word_1_523' title='bbox 2845 2494 3130 2549; x_wconf 88' lang='lat' dir='ltr'><strong>mulctavit</strong></span> <span class='ocrx_word' id='word_1_524' title='bbox 3159 2506 3379 2545; x_wconf 89' lang='lat' dir='ltr'><strong>carcere</strong></span> <span class='ocrx_word' id='word_1_525' title='bbox 3408 2489 3613 2553; x_wconf 87' lang='lat' dir='ltr'><strong>turbas,</strong></span> 
     </span>
    </p>
   </div>
   <div class='ocr_carea' id='block_1_89' title="bbox 2224 2580 3502 2652">
    <p class='ocr_par' dir='ltr' id='par_1_89' title="bbox 2224 2580 3502 2652">
     <span class='ocr_line' id='line_1_90' title="bbox 2224 2580 3502 2652; baseline -0.009 -7"><span class='ocrx_word' id='word_1_526' title='bbox 2224 2585 2487 2646; x_wconf 87' lang='lat' dir='ltr'><strong>Credulus</strong></span> <span class='ocrx_word' id='word_1_527' title='bbox 2508 2588 2757 2652; x_wconf 85' lang='lat' dir='ltr'><strong>eiiicitur,</strong></span> <span class='ocrx_word' id='word_1_528' title='bbox 2788 2592 2996 2640; x_wconf 87' lang='lat' dir='ltr'><strong>mutato</strong></span> <span class='ocrx_word' id='word_1_529' title='bbox 3022 2583 3239 2648; x_wconf 80' lang='lat' dir='ltr'><strong>nomine</strong></span> <span class='ocrx_word' id='word_1_530' title='bbox 3264 2580 3463 2635; x_wconf 88' lang='lat' dir='ltr'><strong>Paulus</strong></span> <span class='ocrx_word' id='word_1_531' title='bbox 3490 2599 3502 2633; x_wconf 87' lang='lat'><strong>:</strong></span> 
     </span>
    </p>
   </div>
   <div class='ocr_carea' id='block_1_90' title="bbox 2225 2670 3576 2747">
    <p class='ocr_par' dir='ltr' id='par_1_90' title="bbox 2225 2670 3576 2747">
     <span class='ocr_line' id='line_1_91' title="bbox 2225 2670 3576 2747; baseline -0.007 -12"><span class='ocrx_word' id='word_1_532' title='bbox 2225 2682 2469 2735; x_wconf 85' lang='lat' dir='ltr'><strong>Plurima</strong></span> <span class='ocrx_word' id='word_1_533' title='bbox 2495 2676 2772 2747; x_wconf 89' lang='lat' dir='ltr'><strong>frugiferis</strong></span> <span class='ocrx_word' id='word_1_534' title='bbox 2800 2676 3117 2745; x_wconf 90' lang='lat' dir='ltr'><strong>dispergens</strong></span> <span class='ocrx_word' id='word_1_535' title='bbox 3145 2672 3350 2726; x_wconf 90' lang='lat' dir='ltr'><strong>semina</strong></span> <span class='ocrx_word' id='word_1_536' title='bbox 3377 2670 3576 2733; x_wconf 88' lang='lat' dir='ltr'><strong>verbis,</strong></span> 
     </span>
    </p>
   </div>
   <div class='ocr_carea' id='block_1_91' title="bbox 2226 2761 3550 2839">
    <p class='ocr_par' dir='ltr' id='par_1_91' title="bbox 2226 2761 3550 2839">
     <span class='ocr_line' id='line_1_92' title="bbox 2226 2761 3550 2839; baseline -0.011 -15"><span class='ocrx_word' id='word_1_537' title='bbox 2226 2773 2303 2825; x_wconf 90' lang='lat' dir='ltr'><strong>Dc</strong></span> <span class='ocrx_word' id='word_1_538' title='bbox 2330 2785 2437 2839; x_wconf 91' lang='lat' dir='ltr'><strong>quo</strong></span> <span class='ocrx_word' id='word_1_539' title='bbox 2466 2782 2797 2837; x_wconf 74' lang='lat' dir='ltr'><strong>sacra~seges</strong></span> <span class='ocrx_word' id='word_1_540' title='bbox 2819 2764 3003 2819; x_wconf 90' lang='lat' dir='ltr'><strong>mundi</strong></span> <span class='ocrx_word' id='word_1_541' title='bbox 3030 2761 3296 2818; x_wconf 87' lang='lat' dir='ltr'><strong>succrevit</strong></span> <span class='ocrx_word' id='word_1_542' title='bbox 3321 2761 3376 2814; x_wconf 90' lang='lat' dir='ltr'><strong>in</strong></span> <span class='ocrx_word' id='word_1_543' title='bbox 3398 2772 3550 2813; x_wconf 88' lang='lat' dir='ltr'><strong>occa.</strong></span> 
     </span>
    </p>
   </div>
   <div class='ocr_carea' id='block_1_92' title="bbox 2228 2853 3531 2929">
    <p class='ocr_par' dir='ltr' id='par_1_92' title="bbox 2228 2853 3531 2929">
     <span class='ocr_line' id='line_1_93' title="bbox 2228 2853 3531 2929; baseline -0.008 -16"><span class='ocrx_word' id='word_1_544' title='bbox 2228 2862 2397 2929; x_wconf 86' lang='lat' dir='ltr'><strong>Quem</strong></span> <span class='ocrx_word' id='word_1_545' title='bbox 2429 2861 2570 2915; x_wconf 90' lang='lat' dir='ltr'><strong>Deus</strong></span> <span class='ocrx_word' id='word_1_546' title='bbox 2600 2859 2820 2913; x_wconf 85' lang='lat' dir='ltr'><strong>infidum</strong></span> <span class='ocrx_word' id='word_1_547' title='bbox 2852 2856 2976 2911; x_wconf 70' lang='lat' dir='ltr'><strong>cceli</strong></span> <span class='ocrx_word' id='word_1_548' title='bbox 3003 2854 3259 2909; x_wconf 87' lang='lat' dir='ltr'><strong>clamavit</strong></span> <span class='ocrx_word' id='word_1_549' title='bbox 3283 2853 3349 2904; x_wconf 90' lang='lat' dir='ltr'><strong>ab</strong></span> <span class='ocrx_word' id='word_1_550' title='bbox 3384 2865 3531 2913; x_wconf 88' lang='lat' dir='ltr'><strong>arce,</strong></span> 
     </span>
    </p>
   </div>
   <div class='ocr_carea' id='block_1_93' title="bbox 2232 2938 3632 3020">
    <p class='ocr_par' dir='ltr' id='par_1_93' title="bbox 2232 2938 3632 3020">
     <span class='ocr_line' id='line_1_94' title="bbox 2232 2938 3632 3020; baseline -0.008 -16"><span class='ocrx_word' id='word_1_551' title='bbox 2232 2950 2371 3016; x_wconf 84' lang='lat' dir='ltr'><strong>Quid</strong></span> <span class='ocrx_word' id='word_1_552' title='bbox 2393 2966 2472 3004; x_wconf 86' lang='lat' dir='ltr'><strong>me</strong></span> <span class='ocrx_word' id='word_1_553' title='bbox 2492 2947 2811 3020; x_wconf 74' lang='lat' dir='ltr'><strong>persequeris</strong></span> <span class='ocrx_word' id='word_1_554' title='bbox 2836 2945 2969 2999; x_wconf 88' lang='lat' dir='ltr'><strong>dura</strong></span> <span class='ocrx_word' id='word_1_555' title='bbox 2994 2957 3116 2997; x_wconf 90' lang='lat' dir='ltr'><strong>cum</strong></span> <span class='ocrx_word' id='word_1_556' title='bbox 3144 2941 3288 2996; x_wconf 89' lang='lat' dir='ltr'><strong>calce</strong></span> <span class='ocrx_word' id='word_1_557' title='bbox 3317 2938 3632 3010; x_wconf 75' lang='lat' dir='ltr'><strong>refragans?</strong></span> 
     </span>
    </p>
   </div>
   <div class='ocr_carea' id='block_1_94' title="bbox 2150 3033 3667 3125">
    <p class='ocr_par' dir='ltr' id='par_1_94' title="bbox 2150 3033 3667 3125">
     <span class='ocr_line' id='line_1_95' title="bbox 2150 3033 3667 3125; baseline -0.011 -25"><span class='ocrx_word' id='word_1_558' title='bbox 2150 3065 2196 3125; x_wconf 75' lang='grc' dir='ltr'>ο</span> <span class='ocrx_word' id='word_1_559' title='bbox 2233 3046 2387 3114; x_wconf 87' lang='lat' dir='ltr'><strong>Ergo.</strong></span> <span class='ocrx_word' id='word_1_560' title='bbox 2405 3042 2548 3097; x_wconf 90' lang='lat' dir='ltr'><strong>diem</strong></span> <span class='ocrx_word' id='word_1_561' title='bbox 2577 3055 2640 3094; x_wconf 90' lang='lat' dir='ltr'><strong>ac</strong></span> <span class='ocrx_word' id='word_1_562' title='bbox 2664 3046 2875 3119; x_wconf 87' lang='lat' dir='ltr'><strong>noctem</strong></span> <span class='ocrx_word' id='word_1_563' title='bbox 2906 3035 3058 3105; x_wconf 85' lang='lat' dir='ltr'><strong>ponti</strong></span> <span class='ocrx_word' id='word_1_564' title='bbox 3091 3034 3189 3088; x_wconf 90' lang='lat' dir='ltr'><strong>sub</strong></span> <span class='ocrx_word' id='word_1_565' title='bbox 3216 3033 3425 3103; x_wconf 85' lang='lat' dir='ltr'><strong>gurgite</strong></span> <span class='ocrx_word' id='word_1_566' title='bbox 3456 3046 3667 3087; x_wconf 88' lang='lat' dir='ltr'><strong>mersus</strong></span> 
     </span>
    </p>
   </div>
   <div class='ocr_carea' id='block_1_95' title="bbox 2230 3122 3591 3206">
    <p class='ocr_par' dir='ltr' id='par_1_95' title="bbox 2230 3122 3591 3206">
     <span class='ocr_line' id='line_1_96' title="bbox 2230 3122 3591 3206; baseline -0.013 -16"><span class='ocrx_word' id='word_1_567' title='bbox 2230 3135 2420 3206; x_wconf 84' lang='lat' dir='ltr'><strong>Magna</strong></span> <span class='ocrx_word' id='word_1_568' title='bbox 2448 3143 2803 3202; x_wconf 89' lang='lat' dir='ltr'><strong>supernarnm</strong></span> <span class='ocrx_word' id='word_1_569' title='bbox 2831 3126 3027 3181; x_wconf 90' lang='lat' dir='ltr'><strong>meruit</strong></span> <span class='ocrx_word' id='word_1_570' title='bbox 3052 3122 3357 3194; x_wconf 74' lang='lat' dir='ltr'><strong>spectacula</strong></span> <span class='ocrx_word' id='word_1_571' title='bbox 3390 3137 3591 3177; x_wconf 89' lang='lat' dir='ltr'><strong>rerum.</strong></span> 
     </span>
    </p>
   </div>
   <div class='ocr_carea' id='block_1_96' title="bbox 2229 3212 3414 3289">
    <p class='ocr_par' dir='ltr' id='par_1_96' title="bbox 2229 3212 3414 3289">
     <span class='ocr_line' id='line_1_97' title="bbox 2229 3212 3414 3289; baseline -0.015 -8"><span class='ocrx_word' id='word_1_572' title='bbox 2229 3226 2413 3281; x_wconf 88' lang='lat' dir='ltr'><strong>Tertia</strong></span> <span class='ocrx_word' id='word_1_573' title='bbox 2443 3222 2703 3278; x_wconf 66' lang='lat' dir='ltr'><strong>caelorum</strong></span> <span class='ocrx_word' id='word_1_574' title='bbox 2733 3225 2917 3289; x_wconf 87' lang='lat' dir='ltr'><strong>raptus</strong></span> <span class='ocrx_word' id='word_1_575' title='bbox 2942 3215 3157 3284; x_wconf 88' lang='lat' dir='ltr'><strong>fastigia</strong></span> <span class='ocrx_word' id='word_1_576' title='bbox 3182 3212 3414 3274; x_wconf 88' lang='lat' dir='ltr'><strong>scandit,</strong></span> 
     </span>
    </p>
   </div>
   <div class='ocr_carea' id='block_1_97' title="bbox 2229 3295 3651 3385">
    <p class='ocr_par' dir='ltr' id='par_1_97' title="bbox 2229 3295 3651 3385">
     <span class='ocr_line' id='line_1_98' title="bbox 2229 3295 3651 3385; baseline -0.016 -14"><span class='ocrx_word' id='word_1_577' title='bbox 2229 3318 2407 3385; x_wconf 85' lang='lat' dir='ltr'><strong>Atque</strong></span> <span class='ocrx_word' id='word_1_578' title='bbox 2440 3312 2544 3383; x_wconf 91' lang='lat' dir='ltr'><strong>poli</strong></span> <span class='ocrx_word' id='word_1_579' title='bbox 2568 3312 2821 3379; x_wconf 76' lang='lat' dir='ltr'><strong>prbeeres</strong></span> <span class='ocrx_word' id='word_1_580' title='bbox 2850 3304 2985 3359; x_wconf 91' lang='lat' dir='ltr'><strong>vidit</strong></span> <span class='ocrx_word' id='word_1_581' title='bbox 3014 3316 3134 3356; x_wconf 92' lang='lat' dir='ltr'><strong>cum</strong></span> <span class='ocrx_word' id='word_1_582' title='bbox 3164 3306 3341 3373; x_wconf 80' lang='lat' dir='ltr'><strong>mente</strong></span> <span class='ocrx_word' id='word_1_583' title='bbox 3370 3295 3651 3381; x_wconf 84' lang='lat' dir='ltr'><strong>maniplos.</strong></span> 
     </span>
    </p>
   </div>
   <div class='ocr_carea' id='block_1_98' title="bbox 2230 3389 3717 3475">
    <p class='ocr_par' dir='ltr' id='par_1_98' title="bbox 2230 3389 3717 3475">
     <span class='ocr_line' id='line_1_99' title="bbox 2230 3389 3717 3475; baseline -0.016 -13"><span class='ocrx_word' id='word_1_584' title='bbox 2230 3407 2401 3475; x_wconf 90' lang='lat' dir='ltr'><strong>Quem</strong></span> <span class='ocrx_word' id='word_1_585' title='bbox 2440 3418 2508 3473; x_wconf 85' lang='lat' dir='ltr'><strong>py</strong></span> <span class='ocrx_word' id='word_1_586' title='bbox 2520 3399 2759 3455; x_wconf 87' lang='lat' dir='ltr'><strong>thonissa</strong></span> <span class='ocrx_word' id='word_1_587' title='bbox 2783 3409 2985 3466; x_wconf 82' lang='lat' dir='ltr'><strong>procax</strong></span> <span class='ocrx_word' id='word_1_588' title='bbox 3011 3389 3265 3447; x_wconf 80' lang='lat' dir='ltr'><strong>clamavit</strong></span> <span class='ocrx_word' id='word_1_589' title='bbox 3292 3402 3422 3442; x_wconf 88' lang='lat' dir='ltr'><strong>voce</strong></span> <span class='ocrx_word' id='word_1_590' title='bbox 3444 3394 3717 3456; x_wconf 84' lang='lat' dir='ltr'><strong>proterva,</strong></span> 
     </span>
    </p>
   </div>
   <div class='ocr_carea' id='block_1_99' title="bbox 2233 3478 3537 3566">
    <p class='ocr_par' dir='ltr' id='par_1_99' title="bbox 2233 3478 3537 3566">
     <span class='ocr_line' id='line_1_100' title="bbox 2233 3478 3537 3566; baseline -0.016 -15"><span class='ocrx_word' id='word_1_591' title='bbox 2233 3495 2469 3566; x_wconf 88' lang='lat' dir='ltr'><strong>Spiritus</strong></span> <span class='ocrx_word' id='word_1_592' title='bbox 2493 3488 2774 3553; x_wconf 87' lang='lat' dir='ltr'><strong>abscessit,</strong></span> <span class='ocrx_word' id='word_1_593' title='bbox 2808 3483 2975 3539; x_wconf 88' lang='lat' dir='ltr'><strong>Paulo</strong></span> <span class='ocrx_word' id='word_1_594' title='bbox 2996 3489 3259 3553; x_wconf 87' lang='lat' dir='ltr'><strong>purgante</strong></span> <span class='ocrx_word' id='word_1_595' title='bbox 3285 3478 3537 3549; x_wconf 88' lang='lat' dir='ltr'><strong>puellam,</strong></span> 
     </span>
    </p>
   </div>
   <div class='ocr_carea' id='block_1_100' title="bbox 2233 3572 3525 3652">
    <p class='ocr_par' dir='ltr' id='par_1_100' title="bbox 2233 3572 3525 3652">
     <span class='ocr_line' id='line_1_101' title="bbox 2233 3572 3525 3652; baseline -0.015 -11"><span class='ocrx_word' id='word_1_596' title='bbox 2233 3587 2291 3641; x_wconf 92' lang='lat' dir='ltr'><strong>1n</strong></span> <span class='ocrx_word' id='word_1_597' title='bbox 2317 3596 2622 3652; x_wconf 80' lang='lat' dir='ltr'><strong>vacuasque</strong></span> <span class='ocrx_word' id='word_1_598' title='bbox 2648 3576 2836 3651; x_wconf 89' lang='lat' dir='ltr'><strong>procul</strong></span> <span class='ocrx_word' id='word_1_599' title='bbox 2865 3576 3076 3646; x_wconf 83' lang='lat' dir='ltr'><strong>fugiens</strong></span> <span class='ocrx_word' id='word_1_600' title='bbox 3104 3572 3323 3628; x_wconf 86' lang='lat' dir='ltr'><strong>evanuit</strong></span> <span class='ocrx_word' id='word_1_601' title='bbox 3344 3585 3525 3625; x_wconf 89' lang='lat' dir='ltr'><strong>auras.</strong></span> 
     </span>
    </p>
   </div>
   <div class='ocr_carea' id='block_1_101' title="bbox 2234 3660 3548 3745">
    <p class='ocr_par' dir='ltr' id='par_1_101' title="bbox 2234 3660 3548 3745">
     <span class='ocr_line' id='line_1_102' title="bbox 2234 3660 3548 3745; baseline -0.015 -14"><span class='ocrx_word' id='word_1_602' title='bbox 2234 3675 2475 3731; x_wconf 75' lang='lat' dir='ltr'><strong>Etlebum</strong></span> <span class='ocrx_word' id='word_1_603' title='bbox 2499 3686 2747 3745; x_wconf 89' lang='lat' dir='ltr'><strong>puerum,</strong></span> <span class='ocrx_word' id='word_1_604' title='bbox 2772 3670 3091 3741; x_wconf 84' lang='lat' dir='ltr'><strong>lustrantem</strong></span> <span class='ocrx_word' id='word_1_605' title='bbox 3123 3673 3328 3717; x_wconf 87' lang='lat' dir='ltr'><strong>tartara</strong></span> <span class='ocrx_word' id='word_1_606' title='bbox 3353 3660 3548 3715; x_wconf 89' lang='lat' dir='ltr'><strong>mortis</strong></span> 
     </span>
    </p>
   </div>
   <div class='ocr_carea' id='block_1_102' title="bbox 2237 3744 3711 3833">
    <p class='ocr_par' dir='ltr' id='par_1_102' title="bbox 2237 3744 3711 3833">
     <span class='ocr_line' id='line_1_103' title="bbox 2237 3744 3711 3833; baseline -0.018 -10"><span class='ocrx_word' id='word_1_607' title='bbox 2237 3744 2581 3830; x_wconf 15' lang='lat' dir='ltr'><strong>Suscitat,iin</strong></span> <span class='ocrx_word' id='word_1_608' title='bbox 2606 3761 2854 3833; x_wconf 87' lang='lat' dir='ltr'><strong>proprias</strong></span> <span class='ocrx_word' id='word_1_609' title='bbox 2882 3759 3061 3811; x_wconf 89' lang='lat' dir='ltr'><strong>anima</strong></span> <span class='ocrx_word' id='word_1_610' title='bbox 3087 3756 3404 3823; x_wconf 86' lang='lat' dir='ltr'><strong>penetrante</strong></span> <span class='ocrx_word' id='word_1_611' title='bbox 3425 3744 3711 3801; x_wconf 89' lang='lat' dir='ltr'><strong>medullas.</strong></span> 
     </span>
    </p>
   </div>
   <div class='ocr_carea' id='block_1_103' title="bbox 2236 3834 3665 3920">
    <p class='ocr_par' dir='ltr' id='par_1_103' title="bbox 2236 3834 3665 3920">
     <span class='ocr_line' id='line_1_104' title="bbox 2236 3834 3665 3920; baseline -0.017 -8"><span class='ocrx_word' id='word_1_612' title='bbox 2236 3856 2424 3911; x_wconf 83' lang='lat' dir='ltr'><strong>Nonne</strong></span> <span class='ocrx_word' id='word_1_613' title='bbox 2448 3865 2663 3920; x_wconf 89' lang='lat' dir='ltr'><strong>magum</strong></span> <span class='ocrx_word' id='word_1_614' title='bbox 2688 3848 2886 3903; x_wconf 90' lang='lat' dir='ltr'><strong>merito</strong></span> <span class='ocrx_word' id='word_1_615' title='bbox 2912 3842 3139 3914; x_wconf 89' lang='lat' dir='ltr'><strong>geminis</strong></span> <span class='ocrx_word' id='word_1_616' title='bbox 3161 3836 3431 3893; x_wconf 88' lang='lat' dir='ltr'><strong>fraudavit</strong></span> <span class='ocrx_word' id='word_1_617' title='bbox 3460 3834 3665 3899; x_wconf 91' lang='lat' dir='ltr'><strong>ocellis,</strong></span> 
     </span>
    </p>
   </div>
   <div class='ocr_carea' id='block_1_104' title="bbox 2237 3914 3877 4009">
    <p class='ocr_par' dir='ltr' id='par_1_104' title="bbox 2237 3914 3877 4009">
     <span class='ocr_line' id='line_1_105' title="bbox 2237 3914 3877 4009; baseline -0.016 -6"><span class='ocrx_word' id='word_1_618' title='bbox 2237 3947 2498 4003; x_wconf 90' lang='lat' dir='ltr'><strong>Cerneret</strong></span> <span class='ocrx_word' id='word_1_619' title='bbox 2520 3914 2579 3997; x_wconf 73' lang='lat' dir='ltr'><strong>ut</strong></span> <span class='ocrx_word' id='word_1_620' title='bbox 2601 3952 2873 4008; x_wconf 90' lang='lat' dir='ltr'><strong>nunquam</strong></span> <span class='ocrx_word' id='word_1_621' title='bbox 2896 3933 3265 4009; x_wconf 86' lang='lat' dir='ltr'><strong>splendentem</strong></span> <span class='ocrx_word' id='word_1_622' title='bbox 3287 3928 3489 3984; x_wconf 90' lang='lat' dir='ltr'><strong>lumine</strong></span> <span class='ocrx_word' id='word_1_623' title='bbox 3511 3921 3812 3982; x_wconf 68' lang='lat' dir='ltr'><strong>Phanium?</strong></span> <span class='ocrx_word' id='word_1_624' title='bbox 3874 3914 3877 3917; x_wconf 69' lang='grc'><em>’</em></span> 
     </span>
    </p>
   </div>
   <div class='ocr_carea' id='block_1_105' title="bbox 2240 4026 3733 4104">
    <p class='ocr_par' dir='ltr' id='par_1_105' title="bbox 2240 4026 3733 4104">
     <span class='ocr_line' id='line_1_106' title="bbox 2240 4026 3733 4104; baseline -0.017 -8"><span class='ocrx_word' id='word_1_625' title='bbox 2240 4037 2501 4096; x_wconf 88' lang='lat' dir='ltr'><strong>Cruribus</strong></span> <span class='ocrx_word' id='word_1_626' title='bbox 2526 4042 2687 4104; x_wconf 89' lang='lat' dir='ltr'><strong>atque</strong></span> <span class='ocrx_word' id='word_1_627' title='bbox 2710 4030 2852 4087; x_wconf 90' lang='lat' dir='ltr'><strong>suris</strong></span> <span class='ocrx_word' id='word_1_628' title='bbox 2882 4026 3132 4084; x_wconf 85' lang='lat' dir='ltr'><strong>claudum</strong></span> <span class='ocrx_word' id='word_1_629' title='bbox 3159 4031 3428 4080; x_wconf 87' lang='lat' dir='ltr'><strong>restaurat</strong></span> <span class='ocrx_word' id='word_1_630' title='bbox 3452 4027 3733 4092; x_wconf 76' lang='lat' dir='ltr'><strong>aegrotum,</strong></span> 
     </span>
    </p>
   </div>
   <div class='ocr_carea' id='block_1_106' title="bbox 2240 4116 3598 4198">
    <p class='ocr_par' dir='ltr' id='par_1_106' title="bbox 2240 4116 3598 4198">
     <span class='ocr_line' id='line_1_107' title="bbox 2240 4116 3598 4198; baseline -0.016 -13"><span class='ocrx_word' id='word_1_631' title='bbox 2240 4131 2410 4198; x_wconf 91' lang='lat' dir='ltr'><strong>Quem</strong></span> <span class='ocrx_word' id='word_1_632' title='bbox 2438 4127 2650 4183; x_wconf 90' lang='lat' dir='ltr'><strong>fortuna</strong></span> <span class='ocrx_word' id='word_1_633' title='bbox 2680 4120 2833 4194; x_wconf 88' lang='lat' dir='ltr'><strong>prius</strong></span> <span class='ocrx_word' id='word_1_634' title='bbox 2859 4134 3049 4193; x_wconf 90' lang='lat' dir='ltr'><strong>gressu</strong></span> <span class='ocrx_word' id='word_1_635' title='bbox 3072 4116 3311 4187; x_wconf 89' lang='lat' dir='ltr'><strong>privavit</strong></span> <span class='ocrx_word' id='word_1_636' title='bbox 3330 4121 3598 4184; x_wconf 88' lang='lat' dir='ltr'><strong>egentem.</strong></span> 
     </span>
    </p>
   </div>
   <div class='ocr_carea' id='block_1_107' title="bbox 2245 4194 3756 4289">
    <p class='ocr_par' dir='ltr' id='par_1_107' title="bbox 2245 4194 3756 4289">
     <span class='ocr_line' id='line_1_108' title="bbox 2245 4194 3756 4289; baseline -0.02 -13"><span class='ocrx_word' id='word_1_637' title='bbox 2245 4194 2445 4289; x_wconf 81' lang='lat' dir='ltr'><strong>Sicque</strong></span> <span class='ocrx_word' id='word_1_638' title='bbox 2473 4215 2688 4269; x_wconf 87' lang='lat' dir='ltr'><strong>Patrem</strong></span> <span class='ocrx_word' id='word_1_639' title='bbox 2714 4210 2899 4281; x_wconf 88' lang='lat' dir='ltr'><strong>populi</strong></span> <span class='ocrx_word' id='word_1_640' title='bbox 2928 4207 2947 4247; x_wconf 68' lang='grc' dir='ltr'>ί</span> <span class='ocrx_word' id='word_1_641' title='bbox 2975 4222 3136 4277; x_wconf 83' lang='lat' dir='ltr'><strong>quem</strong></span> <span class='ocrx_word' id='word_1_642' title='bbox 3162 4204 3330 4270; x_wconf 85' lang='lat' dir='ltr'><strong>febris</strong></span> <span class='ocrx_word' id='word_1_643' title='bbox 3358 4200 3519 4289; x_wconf 89' lang='lat' dir='ltr'><strong>torsit</strong></span> <span class='ocrx_word' id='word_1_644' title='bbox 3543 4194 3756 4289; x_wconf 81' lang='lat' dir='ltr'><strong>anhela,</strong></span> 
     </span>
    </p>
   </div>
   <div class='ocr_carea' id='block_1_108' title="bbox 2242 4284 3766 4374">
    <p class='ocr_par' dir='ltr' id='par_1_108' title="bbox 2242 4284 3766 4374">
     <span class='ocr_line' id='line_1_109' title="bbox 2242 4284 3766 4374; baseline -0.022 -7"><span class='ocrx_word' id='word_1_645' title='bbox 2242 4284 2502 4366; x_wconf 78' lang='lat' dir='ltr'><strong>Torridus</strong></span> <span class='ocrx_word' id='word_1_646' title='bbox 2526 4314 2686 4374; x_wconf 86' lang='lat' dir='ltr'><strong>atque</strong></span> <span class='ocrx_word' id='word_1_647' title='bbox 2711 4301 2878 4365; x_wconf 89' lang='lat' dir='ltr'><strong>calor,</strong></span> <span class='ocrx_word' id='word_1_648' title='bbox 2907 4296 3137 4368; x_wconf 87' lang='lat' dir='ltr'><strong>frigidus</strong></span> <span class='ocrx_word' id='word_1_649' title='bbox 3166 4296 3189 4333; x_wconf 72' lang='grc' dir='ltr'>ε</span> <span class='ocrx_word' id='word_1_650' title='bbox 3214 4288 3461 4347; x_wconf 89' lang='lat' dir='ltr'><strong>brumale</strong></span> <span class='ocrx_word' id='word_1_651' title='bbox 3482 4284 3766 4354; x_wconf 85' lang='lat' dir='ltr'><strong>coquebat.</strong></span> 
     </span>
    </p>
   </div>
   <div class='ocr_carea' id='block_1_109' title="bbox 2162 4379 3514 4480">
    <p class='ocr_par' dir='ltr' id='par_1_109' title="bbox 2162 4379 3514 4480">
     <span class='ocr_line' id='line_1_110' title="bbox 2162 4379 3514 4480; baseline -0.022 -21"><span class='ocrx_word' id='word_1_652' title='bbox 2162 4419 2216 4480; x_wconf 84' lang='grc' dir='ltr'><strong>ι)</strong></span> <span class='ocrx_word' id='word_1_653' title='bbox 2242 4401 2351 4457; x_wconf 84' lang='lat' dir='ltr'><strong>Nec</strong></span> <span class='ocrx_word' id='word_1_654' title='bbox 2377 4415 2487 4454; x_wconf 88' lang='lat' dir='ltr'><strong>non</strong></span> <span class='ocrx_word' id='word_1_655' title='bbox 2512 4394 2719 4451; x_wconf 85' lang='lat' dir='ltr'><strong>extales</strong></span> <span class='ocrx_word' id='word_1_656' title='bbox 2742 4390 2981 4444; x_wconf 89' lang='lat' dir='ltr'><strong>multa...</strong></span> <span class='ocrx_word' id='word_1_657' title='bbox 3009 4400 3169 4455; x_wconf 62' lang='lat' dir='ltr'><strong>paena</strong></span> <span class='ocrx_word' id='word_1_658' title='bbox 3195 4379 3514 4480; x_wconf 45' lang='lat' dir='ltr'><strong>pudenda‘h.</strong></span> 
     </span>
    </p>
   </div>
   <div class='ocr_carea' id='block_1_110' title="bbox 2244 4468 3564 4546">
    <p class='ocr_par' dir='ltr' id='par_1_110' title="bbox 2244 4468 3564 4546">
     <span class='ocr_line' id='line_1_111' title="bbox 2244 4468 3564 4546; baseline -0.02 -1"><span class='ocrx_word' id='word_1_659' title='bbox 2244 4489 2465 4545; x_wconf 90' lang='lat' dir='ltr'><strong>Curavit</strong></span> <span class='ocrx_word' id='word_1_660' title='bbox 2490 4484 2671 4546; x_wconf 88' lang='lat' dir='ltr'><strong>citius,</strong></span> <span class='ocrx_word' id='word_1_661' title='bbox 2702 4478 2929 4534; x_wconf 89' lang='lat' dir='ltr'><strong>Domino</strong></span> <span class='ocrx_word' id='word_1_662' title='bbox 2960 4476 3244 4533; x_wconf 87' lang='lat' dir='ltr'><strong>tribuente,</strong></span> <span class='ocrx_word' id='word_1_663' title='bbox 3281 4468 3564 4533; x_wconf 84' lang='lat' dir='ltr'><strong>medelam.</strong></span> 
     </span>
    </p>
   </div>
   <div class='ocr_carea' id='block_1_111' title="bbox 2243 4556 3744 4641">
    <p class='ocr_par' dir='ltr' id='par_1_111' title="bbox 2243 4556 3744 4641">
     <span class='ocr_line' id='line_1_112' title="bbox 2243 4556 3744 4641; baseline -0.018 -7"><span class='ocrx_word' id='word_1_664' title='bbox 2243 4579 2381 4633; x_wconf 91' lang='lat' dir='ltr'><strong>Dum</strong></span> <span class='ocrx_word' id='word_1_665' title='bbox 2410 4579 2683 4631; x_wconf 87' lang='lat' dir='ltr'><strong>sarmenta</strong></span> <span class='ocrx_word' id='word_1_666' title='bbox 2711 4569 2861 4639; x_wconf 89' lang='lat' dir='ltr'><strong>prius</strong></span> <span class='ocrx_word' id='word_1_667' title='bbox 2888 4566 3209 4641; x_wconf 85' lang='lat' dir='ltr'><strong>glomeraret</strong></span> <span class='ocrx_word' id='word_1_668' title='bbox 3233 4560 3429 4615; x_wconf 88' lang='lat' dir='ltr'><strong>Paulus</strong></span> <span class='ocrx_word' id='word_1_669' title='bbox 3452 4559 3519 4613; x_wconf 89' lang='lat' dir='ltr'><strong>ad</strong></span> <span class='ocrx_word' id='word_1_670' title='bbox 3548 4556 3744 4625; x_wconf 88' lang='lat' dir='ltr'><strong>ignem,</strong></span> 
     </span>
    </p>
   </div>
   <div class='ocr_carea' id='block_1_112' title="bbox 2245 4650 3524 4733">
    <p class='ocr_par' dir='ltr' id='par_1_112' title="bbox 2245 4650 3524 4733">
     <span class='ocr_line' id='line_1_113' title="bbox 2245 4650 3524 4733; baseline -0.02 -7"><span class='ocrx_word' id='word_1_671' title='bbox 2245 4669 2507 4726; x_wconf 87' lang='lat' dir='ltr'><strong>Torribus</strong></span> <span class='ocrx_word' id='word_1_672' title='bbox 2533 4672 2593 4719; x_wconf 88' lang='lat' dir='ltr'><strong>ut</strong></span> <span class='ocrx_word' id='word_1_673' title='bbox 2620 4661 2785 4733; x_wconf 89' lang='lat' dir='ltr'><strong>pellat</strong></span> <span class='ocrx_word' id='word_1_674' title='bbox 2820 4657 3092 4714; x_wconf 89' lang='lat' dir='ltr'><strong>brumosis</strong></span> <span class='ocrx_word' id='word_1_675' title='bbox 3120 4652 3312 4723; x_wconf 87' lang='lat' dir='ltr'><strong>frigida</strong></span> <span class='ocrx_word' id='word_1_676' title='bbox 3339 4650 3524 4711; x_wconf 91' lang='lat' dir='ltr'><strong>nimis,</strong></span> 
     </span>
    </p>
   </div>
   <div class='ocr_carea' id='block_1_113' title="bbox 2246 4739 3555 4834">
    <p class='ocr_par' dir='ltr' id='par_1_113' title="bbox 2246 4739 3555 4834">
     <span class='ocr_line' id='line_1_114' title="bbox 2246 4739 3555 4834; baseline -0.024 -14"><span class='ocrx_word' id='word_1_677' title='bbox 2246 4764 2444 4834; x_wconf 77' lang='lat' dir='ltr'><strong>Vipera</strong></span> <span class='ocrx_word' id='word_1_678' title='bbox 2470 4758 2585 4815; x_wconf 87' lang='lat' dir='ltr'><strong>dira</strong></span> <span class='ocrx_word' id='word_1_679' title='bbox 2613 4768 2829 4811; x_wconf 89' lang='lat' dir='ltr'><strong>manum</strong></span> <span class='ocrx_word' id='word_1_680' title='bbox 2856 4749 3039 4807; x_wconf 88' lang='lat' dir='ltr'><strong>lethali</strong></span> <span class='ocrx_word' id='word_1_681' title='bbox 3066 4749 3225 4826; x_wconf 82' lang='lat' dir='ltr'><strong>dente</strong></span> <span class='ocrx_word' id='word_1_682' title='bbox 3246 4739 3555 4801; x_wconf 83' lang='lat' dir='ltr'><strong>momordit,</strong></span> 
     </span>
    </p>
   </div>
   <div class='ocr_carea' id='block_1_114' title="bbox 2250 4884 3823 4976">
    <p class='ocr_par' dir='ltr' id='par_1_114' title="bbox 2250 4884 3823 4976">
     <span class='ocr_line' id='line_1_115' title="bbox 2250 4884 3823 4976; baseline -0.025 1"><span class='ocrx_word' id='word_1_683' title='bbox 2250 4920 2530 4976; x_wconf 81' lang='lat' dir='ltr'><strong>stolarum.</strong></span> <span class='ocrx_word' id='word_1_684' title='bbox 2556 4915 2903 4971; x_wconf 71' lang='lat' dir='ltr'><strong>CATBELINOT</strong></span> <span class='ocrx_word' id='word_1_685' title='bbox 2934 4906 3133 4976; x_wconf 81' lang='lat' dir='ltr'><strong>in_ms._.</strong></span> <span class='ocrx_word' id='word_1_686' title='bbox 3162 4928 3235 4976; x_wconf 38' lang='lat'><strong>1-</strong></span> <span class='ocrx_word' id='word_1_687' title='bbox 3256 4884 3375 4949; x_wconf 83' lang='lat' dir='ltr'><strong>NOn</strong></span> <span class='ocrx_word' id='word_1_688' title='bbox 3404 4888 3669 4976; x_wconf 70' lang='lat' dir='ltr'><strong>assentior</strong></span> <span class='ocrx_word' id='word_1_689' title='bbox 3683 4888 3823 4976; x_wconf 22' lang='lat' dir='ltr'><strong>“viro</strong></span> 
     </span>
    </p>
   </div>
   <div class='ocr_carea' id='block_1_115' title="bbox 2252 4963 3849 5047">
    <p class='ocr_par' dir='ltr' id='par_1_115' title="bbox 2252 4963 3849 5047">
     <span class='ocr_line' id='line_1_116' title="bbox 2252 4963 3849 5047; baseline -0.012 -12"><span class='ocrx_word' id='word_1_690' title='bbox 2252 4963 2902 5047; x_wconf 43' lang='lat' dir='ltr'><strong>giﬁg&#39;JJéiigs&#39;ixb—dfcum</strong></span> <span class='ocrx_word' id='word_1_691' title='bbox 2927 4973 3072 5029; x_wconf 88' lang='lat' dir='ltr'><strong>nulla</strong></span> <span class='ocrx_word' id='word_1_692' title='bbox 3120 4967 3279 5047; x_wconf 71' lang='lat' dir='ltr'><strong>hujus</strong></span> <span class='ocrx_word' id='word_1_693' title='bbox 3315 4963 3658 5047; x_wconf 55' lang='lat' dir='ltr'><strong>conjecturze</strong></span> 
     </span>
    </p>
   </div>
   <div class='ocr_carea' id='block_1_116' title="bbox 2848 5027 3824 5103">
    <p class='ocr_par' dir='ltr' id='par_1_116' title="bbox 2848 5027 3824 5103">
     <span class='ocr_line' id='line_1_117' title="bbox 2848 5027 3824 5103; baseline -0.018 -2"><span class='ocrx_word' id='word_1_694' title='bbox 2848 5027 2901 5100; x_wconf 70' lang='grc' dir='ltr'><strong>[εἰ</strong></span> <span class='ocrx_word' id='word_1_695' title='bbox 2921 5027 3209 5103; x_wconf 67' lang='lat' dir='ltr'><strong>sequentia</strong></span> <span class='ocrx_word' id='word_1_696' title='bbox 3224 5036 3290 5090; x_wconf 92' lang='lat' dir='ltr'><strong>de</strong></span> <span class='ocrx_word' id='word_1_697' title='bbox 3318 5027 3541 5103; x_wconf 75' lang='lat' dir='ltr'><strong>reliquis</strong></span> <span class='ocrx_word' id='word_1_698' title='bbox 3565 5027 3824 5103; x_wconf 71' lang='lat' dir='ltr'><strong>apostolis</strong></span> 
     </span>
    </p>
   </div>
   <div class='ocr_carea' id='block_1_117' title="bbox 2253 5036 3475 5129">
    <p class='ocr_par' dir='ltr' id='par_1_117' title="bbox 2253 5036 3475 5129">
     <span class='ocr_line' id='line_1_118' title="bbox 2253 5036 3475 5129; baseline -0.009 -15"><span class='ocrx_word' id='word_1_699' title='bbox 2253 5036 2891 5129; x_wconf 35' lang='lat' dir='ltr'><strong>Sﬁﬁiréiiif&#39;eﬁar&#39;quna</strong></span> <span class='ocrx_word' id='word_1_700' title='bbox 2921 5036 3307 5129; x_wconf 46' lang='lat' dir='ltr'><strong>sequettﬁéfg</strong></span> <span class='ocrx_word' id='word_1_701' title='bbox 3318 5036 3475 5129; x_wconf 55' lang='grc' dir='ltr'><strong>τθξζίιξ</strong></span> 
     </span>
    </p>
   </div>
   <div class='ocr_carea' id='block_1_118' title="bbox 3369 5100 3833 5161">
    <p class='ocr_par' dir='ltr' id='par_1_118' title="bbox 3369 5100 3833 5161">
     <span class='ocr_line' id='line_1_119' title="bbox 3369 5100 3833 5161; baseline -0.017 -2"><span class='ocrx_word' id='word_1_702' title='bbox 3369 5100 3613 5161; x_wconf 62' lang='grc' dir='ltr'><strong>θιῖὶιιιιω</strong></span> <span class='ocrx_word' id='word_1_703' title='bbox 3641 5100 3833 5155; x_wconf 66' lang='lat' dir='ltr'><strong>locum-</strong></span> 
     </span>
    </p>
   </div>
   <div class='ocr_carea' id='block_1_119' title="bbox 2254 5106 3333 5199">
    <p class='ocr_par' dir='ltr' id='par_1_119' title="bbox 2254 5106 3333 5199">
     <span class='ocr_line' id='line_1_120' title="bbox 2254 5106 3333 5199; baseline -0.026 -12"><span class='ocrx_word' id='word_1_704' title='bbox 2254 5106 2638 5199; x_wconf 46' lang='grc' dir='ltr'><strong>ἶ]δὲἒῖἆὼτὼ</strong></span> <span class='ocrx_word' id='word_1_705' title='bbox 2657 5106 2905 5199; x_wconf 68' lang='lat' dir='ltr'><strong>profecto</strong></span> <span class='ocrx_word' id='word_1_706' title='bbox 2918 5106 3055 5199; x_wconf 71' lang='lat' dir='ltr'><strong>sunt</strong></span> <span class='ocrx_word' id='word_1_707' title='bbox 3074 5106 3333 5171; x_wconf 84' lang='lat' dir='ltr'><strong>auctoris,</strong></span> 
     </span>
    </p>
   </div>
   <div class='ocr_carea' id='block_1_120' title="bbox 2255 5188 3830 5333">
    <p class='ocr_par' dir='ltr' id='par_1_120' title="bbox 2255 5188 3830 5333">
     <span class='ocr_line' id='line_1_121' title="bbox 2255 5188 3657 5271; baseline -0.031 -15"><span class='ocrx_word' id='word_1_708' title='bbox 2255 5188 2525 5271; x_wconf 68' lang='lat' dir='ltr'><strong>pertinere</strong></span> <span class='ocrx_word' id='word_1_709' title='bbox 2552 5188 2695 5260; x_wconf 78' lang='lat' dir='ltr'><strong>haud</strong></span> <span class='ocrx_word' id='word_1_710' title='bbox 2721 5188 3024 5264; x_wconf 81' lang='lat' dir='ltr'><strong>videantur.</strong></span> <span class='ocrx_word' id='word_1_711' title='bbox 3096 5249 3108 5262; x_wconf 33' lang='grc' dir='ltr'><strong>θ</strong></span> <span class='ocrx_word' id='word_1_712' title='bbox 3152 5248 3163 5260; x_wconf 31' lang='grc'>0</span> <span class='ocrx_word' id='word_1_713' title='bbox 3273 5246 3315 5259; x_wconf 6' lang='grc' dir='ltr'><strong>ὶ.</strong></span> <span class='ocrx_word' id='word_1_714' title='bbox 3642 5236 3657 5254; x_wconf 39' lang='grc'><strong>⁸</strong></span> 
     </span>
     <span class='ocr_line' id='line_1_122' title="bbox 2332 5241 3830 5333; baseline -0.017 -24"><span class='ocrx_word' id='word_1_715' title='bbox 2332 5281 2355 5309; x_wconf 86' lang='lat' dir='ltr'><strong>e</strong></span> <span class='ocrx_word' id='word_1_716' title='bbox 2380 5269 2498 5323; x_wconf 81' lang='lat' dir='ltr'><strong>Rite</strong></span> <span class='ocrx_word' id='word_1_717' title='bbox 2539 5259 2745 5321; x_wconf 82' lang='lat' dir='ltr'><strong>libellis.</strong></span> <span class='ocrx_word' id='word_1_718' title='bbox 2776 5257 2919 5327; x_wconf 88' lang='lat' dir='ltr'><strong>Duas</strong></span> <span class='ocrx_word' id='word_1_719' title='bbox 2914 5250 3193 5333; x_wconf 45' lang='lat' dir='ltr'><strong>&quot;intelligit</strong></span> <span class='ocrx_word' id='word_1_720' title='bbox 3222 5241 3658 5333; x_wconf 41' lang='lat' dir='ltr'><strong>Epistolas-lica</strong></span> 
     </span>
    </p>
   </div>
   <div class='ocr_carea' id='block_1_121' title="bbox 2257 5307 3827 5397">
    <p class='ocr_par' dir='ltr' id='par_1_121' title="bbox 2257 5307 3827 5397">
     <span class='ocr_line' id='line_1_123' title="bbox 2257 5307 3827 5397; baseline -0.02 -3"><span class='ocrx_word' id='word_1_721' title='bbox 2257 5307 2872 5397; x_wconf 35' lang='lat' dir='ltr'><strong>stoiilcaitonicasjqu</strong></span> <span class='ocrx_word' id='word_1_722' title='bbox 2907 5307 3438 5391; x_wconf 47' lang='lat' dir='ltr'><strong>Christivpraecepta-</strong></span> <span class='ocrx_word' id='word_1_723' title='bbox 3458 5322 3514 5369; x_wconf 88' lang='lat' dir='ltr'><strong>et</strong></span> <span class='ocrx_word' id='word_1_724' title='bbox 3536 5307 3661 5381; x_wconf 76' lang='lat' dir='ltr'><strong>ﬁdei</strong></span> <span class='ocrx_word' id='word_1_725' title='bbox 3696 5307 3827 5379; x_wconf 66' lang='lat' dir='ltr'><strong>deg-</strong></span> 
     </span>
    </p>
   </div>
   <div class='ocr_carea' id='block_1_122' title="bbox 2258 5406 2779 5527">
    <p class='ocr_par' dir='ltr' id='par_1_122' title="bbox 2258 5406 2779 5527">
     <span class='ocr_line' id='line_1_124' title="bbox 2258 5406 2726 5463; baseline -0.024 0"><span class='ocrx_word' id='word_1_726' title='bbox 2258 5416 2401 5463; x_wconf 88' lang='lat' dir='ltr'><strong>mata</strong></span> <span class='ocrx_word' id='word_1_727' title='bbox 2428 5406 2726 5463; x_wconf 85' lang='lat' dir='ltr'><strong>continent.</strong></span> 
     </span>
     <span class='ocr_line' id='line_1_125' title="bbox 2336 5468 2779 5527; baseline -0.018 1"><span class='ocrx_word' id='word_1_728' title='bbox 2336 5478 2355 5517; x_wconf 72' lang='grc' dir='ltr'>ί</span> <span class='ocrx_word' id='word_1_729' title='bbox 2398 5477 2551 5527; x_wconf 62' lang='grc' dir='ltr'><strong>ιω..</strong></span> <span class='ocrx_word' id='word_1_730' title='bbox 2584 5468 2779 5527; x_wconf 78' lang='lat' dir='ltr'><strong>Publii.</strong></span> 
     </span>
    </p>
   </div>
   <div class='ocr_carea' id='block_1_123' title="bbox 2337 5477 2877 5610">
    <p class='ocr_par' dir='ltr' id='par_1_123' title="bbox 2337 5477 2877 5610">
     <span class='ocr_line' id='line_1_126' title="bbox 2337 5477 2779 5546; baseline -0.02 -17"><span class='ocrx_word' id='word_1_731' title='bbox 2337 5478 2355 5517; x_wconf 70' lang='grc' dir='ltr'>ί</span> <span class='ocrx_word' id='word_1_732' title='bbox 2398 5477 2551 5546; x_wconf 85' lang='lat' dir='ltr'><strong>Leg.,</strong></span> <span class='ocrx_word' id='word_1_733' title='bbox 2584 5477 2779 5527; x_wconf 78' lang='lat' dir='ltr'><strong>Publii.</strong></span> 
     </span>
     <span class='ocr_line' id='line_1_127' title="bbox 2337 5541 2877 5610; baseline -0.02 -9"><span class='ocrx_word' id='word_1_734' title='bbox 2337 5550 2361 5587; x_wconf 73' lang='grc' dir='ltr'>ε</span> <span class='ocrx_word' id='word_1_735' title='bbox 2400 5547 2582 5608; x_wconf 78' lang='lat' dir='ltr'><strong>Forte,</strong></span> <span class='ocrx_word' id='word_1_736' title='bbox 2614 5541 2781 5610; x_wconf 75' lang='lat' dir='ltr'><strong>frigus</strong></span> <span class='ocrx_word' id='word_1_737' title='bbox 2810 5544 2877 5590; x_wconf 75' lang='lat' dir='ltr'><strong>et.</strong></span> 
     </span>
    </p>
   </div>
   <div class='ocr_carea' id='block_1_124' title="bbox 2337 5614 2905 5677">
    <p class='ocr_par' dir='ltr' id='par_1_124' title="bbox 2337 5614 2905 5677">
     <span class='ocr_line' id='line_1_128' title="bbox 2337 5614 2905 5677; baseline -0.023 -4"><span class='ocrx_word' id='word_1_738' title='bbox 2337 5619 2361 5656; x_wconf 76' lang='grc' dir='ltr'>¹ι</span> <span class='ocrx_word' id='word_1_739' title='bbox 2402 5615 2577 5672; x_wconf 72' lang='lat' dir='ltr'><strong>Lows</strong></span> <span class='ocrx_word' id='word_1_740' title='bbox 2604 5614 2905 5677; x_wconf 87' lang='lat' dir='ltr'><strong>corruptus.</strong></span> 
     </span>
    </p>
   </div>
   <div class='ocr_carea' id='block_1_125' title="bbox 582 5696 2151 5787">
    <p class='ocr_par' dir='ltr' id='par_1_125' title="bbox 582 5696 2151 5787">
     <span class='ocr_line' id='line_1_129' title="bbox 582 5696 2151 5787; baseline -0.018 -17"><span class='ocrx_word' id='word_1_741' title='bbox 582 5696 718 5787; x_wconf 66' lang='lat' dir='ltr'><strong>pene</strong></span> <span class='ocrx_word' id='word_1_742' title='bbox 742 5696 984 5783; x_wconf 57' lang='lat' dir='ltr'><strong>tempoFe</strong></span> <span class='ocrx_word' id='word_1_743' title='bbox 1012 5696 1298 5769; x_wconf 57' lang='lat' dir='ltr'><strong>testificavit</strong></span> <span class='ocrx_word' id='word_1_744' title='bbox 1336 5708 1389 5762; x_wconf 91' lang='lat' dir='ltr'><strong>in</strong></span> <span class='ocrx_word' id='word_1_745' title='bbox 1439 5696 1696 5759; x_wconf 64' lang='lat' dir='ltr'><strong>honbrcm</strong></span> <span class='ocrx_word' id='word_1_746' title='bbox 1738 5696 1996 5768; x_wconf 81' lang='lat' dir='ltr'><strong>principis</strong></span> <span class='ocrx_word' id='word_1_747' title='bbox 2028 5705 2151 5760; x_wconf 83' lang='lat' dir='ltr'><strong>apo-</strong></span> 
     </span>
    </p>
   </div>
  </div>
