4268 6208
417 170 520 228 765

415 282 523 337 Sed
547 280 747 337 Paulus
773 280 1006 353 gelidum
1032 296 1137 337 non
1164 285 1332 339 sensit
1353 286 1573 355 vulnere
1595 286 1759 350 virus,

408 372 634 427 Ltedere
657 384 756 426 nec
785 378 1031 427 sanctum
1060 371 1221 427 valuit
1242 375 1454 430 crudele
1478 389 1762 431 venenum.

415 464 660 534 Denique
688 478 973 535 squamosa
1004 472 1305 519 contectum
1332 466 1468 536 pelle
1488 450 1749 523 eelidrum
1772 479 1797 507 ι

414 554 672 611 Protinus
699 555 754 610 in
780 554 1023 610 ﬂammas
1048 557 1353 612 torrendum
1384 557 1601 613 tradidit
1634 564 1798 611 atras.
1826 622 1833 625 ξ

414 645 705 713 Postquam
730 643 1013 715 complevit
1035 643 1266 700 labentis
1290 628 1532 715 tempora
1561 646 1704 711 vitro,

414 734 575 804 πει
598 732 909 804 Martyrium
936 733 1098 788 rubro
1120 734 1361 804 qumsivit
1384 735 1646 806 sanguine
1668 748 1901 797 sacrum,

413 823 827 894 Purpureusque
863 838 1023 878 cruor
1062 823 1091 863 ι»
1122 839 1378 879 venarum
1402 823 1550 879 fonte
1572 824 1833 878 cucurrit.

415 915 549 971 Ossa
578 922 725 987 tegat
748 914 905 969 tellus
934 915 1178 984 quamvis
1200 915 1355 970 modo
1385 913 1525 969 mole
1547 913 1796 985 sepulcri,

415 1007 665 1062 Attamen
697 1007 750 1061 in
787 1022 1043 1076 proceras
1074 1006 1313 1061 ascendit
1337 1005 1569 1075 Spiritus
1590 1020 1760 1070 arces,

414 1097 656 1154 Custibus
689 1098 961 1169 angelicis,
992 1098 1231 1173 nimbosa
1261 1111 1360 1166 per
1378 1096 1599 1161 aethera,
1622 1096 1831 1150 ductus.

1052 1174 1055 1177 ’
1086 1218 1089 1219 κ
1120 1186 1272 1242 CLV.

836 1278 1017 1333 Sancti
1057 1276 1277 1330 Andreas
1317 1275 1554 1345 apostoli.
1672 1342 1675 1345 ἰ

418 1368 515 1423 Hic
545 1366 705 1423 simul
726 1365 971 1422 Andreas
996 1363 1178 1434 templi
1204 1364 1466 1418 tutabitur
1492 1379 1661 1427 aram,

344 1524 345 1527 η
419 1460 561 1515 Petri
589 1473 897 1530 germanus,
920 1457 1011 1526 qui
1036 1456 1304 1526 quondam
1333 1455 1519 1510 funera
1541 1456 1670 1510 letbi

374 1554 377 1555 ⁷
418 1550 642 1607 Horrida
668 1565 977 1621 perpessus,
1002 1546 1396 1603 sacrata'carne
1418 1547 1670 1616 pependit
1703 1566 1715 1599 :

417 1642 585 1709 Quem
624 1640 763 1695 Deus
790 1638 989 1695 Oceani
1015 1638 1329 1692 lustrantem
1359 1636 1557 1690 frustra
1583 1646 1604 1674 ε
1635 1635 1870 1705 phasello

416 1732 641 1787 caelitus
665 1730 858 1786 ascivit
890 1727 1141 1801 gradiens
1164 1744 1260 1798 per
1287 1728 1467 1784 littora
1496 1728 1644 1797 ponti
1676 1746 1689 1781 :

418 1820 667 1876 Protinus
692 1820 933 1875 Andreas
959 1828 1307 1890 compunctus
1328 1834 1458 1874 voce
1482 1814 1739 1874 Tonantis

416 1907 654 1966 Credidit
682 1917 942 1965 mternum
972 1909 1270 1965 salvantem
1292 1910 1482 1964 sarcula
1510 1924 1719 1980 regem,

419 2000 652 2057 Pendula
688 1994 925 2070 captura:
948 2008 1294 2055 contemnens
1325 1999 1459 2054 retia
1488 2008 1703 2069 sprette,

418 2094 485 2148 Et
512 2093 654 2149 dicto
680 2092 841 2147 citius
873 2090 1072 2147 Christi
1109 2098 1374 2161 praecepta
1405 2088 1639 2145 facessit.

419 2184 550 2250 Quis
580 2197 866 2237 numerare
910 2181 1070 2246 valet,
1096 2179 1370 2250 populosis
1393 2179 1586 2250 oppida
1612 2180 1810 2247 turbis,

418 2273 562 2330 Illius
589 2270 801 2343 eloquio
827 2288 945 2342 qua:
976 2270 1096 2325 fana
1120 2270 1343 2341 profana
1380 2262 1666 2336 fricabant,

418 2367 643 2437 credula
670 2368 967 2449 pandentes
992 2367 1101 2438 regi
1124 2365 1416 2437 praecordia
1447 2364 1701 2421 Christo?

418 2459 620 2529 Nempe
649 2458 819 2515 vicem
842 2458 1069 2515 Domino
1099 2459 1339 2514 solvebat
1361 2459 1506 2514 calce
1530 2467 1781 2523 cruenta,

341 2603 353 2611 .
419 2555 556 2609 Dum
589 2554 766 2610 erucis
790 2554 845 2608 in
866 2553 1050 2623 patulo
1078 2569 1367 2624 suspensus
1406 2553 1585 2623 stipite
1611 2559 1838 2622 martyr,

422 2632 621 2698 Ultima
646 2641 888 2697 mortalis
913 2640 1105 2697 clausit
1132 2641 1393 2711 spiracula
1418 2642 1562 2707 vitre,

420 2735 725 2807 Purpureas
744 2751 962 2796 sumens
987 2735 1199 2792 Christo
1224 2744 1479 2808 regnante
1509 2750 1751 2801 coronas.

1124 2828 1299 2884 CLVI.

875 2917 1055 2973 Sancti
1079 2918 1273 2973 Jacobi
1284 2919 1523 2990 apostoli.

423 3012 521 3068 llic
543 3025 753 3083 quoque
771 3007 1024 3072 Jacohus,
1049 3016 1227 3063 cretus
1267 3010 1508 3079 genitore
1530 3016 1739 3063 vetusto

423 3103 698 3158 Dilubrum
728 3108 915 3157 sancto
938 3098 1171 3155 defendit
1206 3100 1438 3170 tegmine
1480 3099 1705 3154 celsum.

423 3193 524 3258 Qui
550 3193 816 3247 clamante
842 3192 932 3261 pio
951 3191 1099 3262 ponti
1129 3192 1193 3246 (le
1226 3190 1465 3261 margine
1497 3189 1708 3245 Christo

425 3283 723 3353 Linquebat
749 3283 1026 3352 proprium
1068 3283 1242 3352 panda
1268 3298 1388 3337 cum
1417 3264 1589 3351 puppe
1613 3290 1918 3351 parentem.

423 3375 680 3430 Primitus
698 3374 962 3444 Hispanas
987 3373 1013 3412 ἀ
1058 3374 1321 3429 convertit
1352 3374 1598 3442 dogmate
1623 3379 1835 3441 gentes,

427 3468 663 3523 Barbara
688 3466 886 3521 divinis
908 3472 1228 3520 convertens
1252 3463 1461 3534 agmina
1496 3462 1675 3527 dictis,

426 3561 555 3628 Quae
576 3558 785 3629 priscos
808 3556 1008 3612 dudum
1040 3556 1198 3621 ritus,
1230 3562 1284 3610 et
1307 3554 1476 3609 lurida
1499 3554 1642 3619 fana,

430 3653 696 3709 Dmmonis
733 3650 989 3707 horrendi
1019 3650 1237 3719 decepta
1263 3648 1449 3703 fraude
1470 3690 1483 3714 ,
1513 3649 1780 3704 colebant.

428 3743 665 3799 Plurima
698 3743 787 3798 hic
809 3740 1006 3811 praesul
1030 3739 1260 3811 patravit
1278 3742 1427 3808 signa
1446 3734 1761 3806 stupendus,

430 3832 561 3898 Quae
587 3846 733 3884 nunc
775 3831 829 3883 in
854 3829 1061 3883 chartis
1087 3827 1395 3882 scribuntur
1420 3826 1522 3879 rite
1554 3822 1849 3895 quadratis.

432 3922 584 3977 llunc
608 3926 732 3974 trux
759 3918 1020 3982 Herodes,
1050 3924 1238 3988 regnat
1270 3915 1543 3971 tetrarcha
1568 3922 1847 3987 tyrannus,

432 4011 753 4067 Percussum
777 4009 1043 4063 maehtera
1072 4006 1273 4064 crudeli
1303 4015 1473 4062 morte
1498 4005 1749 4061 necavit:

432 4101 603 4168 Quem
622 4106 776 4170 pater
795 4098 1061 4163 excelsus,
1084 4097 1174 4167 qui
1198 4104 1412 4152 sanctos
1427 4096 1549 4165 jure
1576 4096 1893 4165 triumphat,

435 4191 593 4246 Venit
613 4190 674 4245 in
695 4189 959 4246 aethereus
976 4186 1183 4243 meritis
1216 4185 1543 4257 fulgentibus
1575 4199 1747 4239 arces.

1123 4278 1318 4336 CLVII.

650 4373 829 4429 Sancti
856 4373 1078 4441 Joannis
1104 4371 1325 4443 apostoli
1349 4380 1399 4426 et
1420 4370 1762 4442 evangelistw.

436 4463 548 4521 Nec
566 4464 744 4519 minus
764 4463 965 4519 interea
990 4447 1320 4539 glomeretur
1344 4462 1497 4533 virgo
1530 4460 1788 4527 Joannes,

437 4558 608 4624 Quem
635 4569 889 4629 germana
917 4551 1074 4610 simul
1098 4549 1279 4622 iunxit
1304 4550 1851 4616 concordia'Christo.

513 4745 544 4774 ι
577 4732 761 4798 Forte,
794 4732 1085 4788 colubrum.

510 4802 539 4843 δ
574 4800 654 4856 Pu
749 4793 783 4856 vr
910 4819 973 4856 us
996 4817 1168 4855 cruor.
1194 4798 1396 4855 Auctor
1424 4794 1688 4853 sermonis
1711 4793 1768 4848 Η
1798 4793 1848 4849 in
1871 4795 1997 4850 edit.

358 4870 368 4875 ⁴
439 4870 617 4927 Paris.
944 4868 1377 4927 Ambroslimaa.
1404 4859 1524 4927 lii,
1562 4873 1617 4920 et
1643 4872 1790 4918 auct.
1836 4870 1997 4919 serm.

439 4870 617 4943 Paris.
944 4868 1234 4943 Ambrosii,
1256 4885 1377 4943 pag.
1404 4859 1524 4943 iii,
1562 4872 1790 4943 etiam.
1836 4870 1997 4943 scrin.

442 4941 532 5023 S0,
557 4948 689 4996 tom.
707 4934 779 4997 Vl
994 4934 2004 5023 SLChrysosthl,pagrgti'bfcribunt

445 5020 693 5068 truncum
719 5009 890 5067 sancti
920 5009 1069 5064 Pauli
1096 5009 1257 5079 caput
1277 5012 1421 5067 lacte
1442 5023 1542 5080 pro
1588 5009 1845 5076 sanguine
1891 5018 2004 5057 ma-

444 5096 604 5159 nasse
634 5081 771 5159 :_sed
816 5081 933 5138 hac
969 5078 1114 5159 nullo
1159 5081 1379 5159 antiquo
1410 5085 1644 5159 euenire
1673 5074 1998 5159 probantur;

443 5158 501 5208 et
525 5149 800 5217 Alcuinu‘s,
829 5159 893 5221 ut
924 5156 1002 5221 ex
1028 5150 1131 5205 hoc
1168 5145 1588 5221 loco'probatur,
1616 5145 1813 5221 factum
1856 5145 2005 5221 ignp;

447 5222 605 5277 ravit.
656 5210 797 5278 Vidi
821 5220 1141 5279 .Tillemont.
1179 5210 1481 5285 Mémbires,
1528 5210 1655 5273 tom.
1701 5210 1905 5285 l,g7n_ot'.
1936 5210 2005 5268 80

448 5307 546 5347 sur
572 5291 715 5363 salut
739 5290 905 5363 Paul,
924 5305 1046 5362 pag.
1078 5288 1201 5363 538,
1229 5288 1359 5363 e_dit.
1384 5282 1557 5353 Paris,
1582 5300 1721 5363 anpo
1745 5282 1900 5336 l70].
1922 5352 1935 5363 ο

519 5371 545 5402 ⁶
592 5360 840 5416 Futura.
882 5354 1188 5431 Logéndum
1233 5360 1439 5428 ﬂustra,
1497 5366 1556 5431 ut
1584 5354 1722 5431 infra
1771 5354 2009 5431 carmine

451 5430 572 5488 165.
618 5431 894 5493 Elustrum
950 5422 1081 5501 vero
1122 5422 1396 5501 est/aqua
1428 5422 1694 5501 velanda
1743 5422 2008 5501 crispans,

450 5510 519 5557 et
532 5491 730 5559 dicitur
756 5518 786 5556 a
829 5501 959 5571 ﬁxo,
989 5498 1127 5568 ﬂuis.
1176 5491 1439 5568 Duca'nge'
1468 5496 1665 5560 Gloss.,
1692 5501 1821 5550 voce
1853 5491 2009 5547 ἚΙκ-

358 5612 369 5621 .
451 5581 639 5629 atrum.

1396 175 1721 233 CARMINA.
1756 205 1826 215 —
1863 172 2380 232 INS'CBIPTIONES
2416 170 2670 227 VARI/E.

2025 4310 2073 4365 Β

3530 173 3631 227 ’ῖϐϐ

1996 293 2043 353 Α
2073 276 2221 340 Βυιιί
2238 285 2469 356 pandam
2495 284 2674 339 vetulo
2717 284 2909 356 linquit
2949 300 3067 340 cum
3093 294 3245 357 patre
3266 289 3524 354 carinam,

2076 377 2296 431 Retihus
2333 392 2609 447 aequoreas
2637 377 2971 431 claudentem
3004 393 3271 435 marmore
3298 382 3526 451 praedas,

2074 465 2175 532 Qui
2200 466 2349 534 prius
2373 465 2568 535 algosis
2592 467 2843 521 verrebat
2876 468 3068 521 caerula
3101 469 3281 534 remis,

2072 556 2317 612 Piscibus
2352 556 2575 611 insidias
2604 566 2827 613 nectens
2852 559 2950 613 sub
2970 559 3177 629 gurgite
3203 560 3348 628 ponti
3381 578 3395 611 :

2076 646 2180 701 Sed
2206 646 2472 700 clamante
2495 646 2604 701 Deo
2624 646 2888 703 luctantes
2922 648 3101 704 littore
3130 649 3388 721 lymphas,

2073 735 2472 805 Retiferamque
2493 751 2681 790 navem
2709 752 2837 792 caro
2860 753 2982 792 cum
3011 738 3177 794 fratre
3209 740 3487 809 relinquit,

2075 825 2141 878 Et
2169 825 2449 879 Dominum
2472 816 2736 894 sequitur,
2760 826 2879 882 coeli
2904 829 2995 897 qui
3029 838 3218 899 regnat
3241 831 3293 884 in
3320 846 3463 886 arce.

2076 912 2174 968 Hic
2199 913 2299 969 fuit
2326 916 2572 986 egregius
2594 915 2793 972 Christi
2829 920 3101 988 regnantis
3125 920 3370 977 alumnus

1993 1056 2000 1058 _
2074 1000 2333 1058 Omnibus
2361 1005 2616 1070 anterior,
2646 1020 2837 1076 magno
2866 1006 3091 1087 dilectus
3119 1023 3317 1072 amore,

2075 1090 2243 1157 Quem
2266 1108 2360 1147 rex
2387 1100 2678 1159 extorrem,
2722 1096 2907 1151 Roma:
2928 1097 3019 1167 qui
3052 1112 3211 1167 regna
3242 1099 3474 1170 regebat,

2078 1182 2260 1237 Trusit
2282 1184 2337 1237 in
2363 1184 2633 1250 exsilium,
2666 1187 2857 1257 cymba
2888 1197 3039 1242 trans
3060 1190 3254 1244 caerula
3280 1200 3489 1246 vectum
3513 1233 3524 1244 .

2076 1272 2240 1326 Exsul
2271 1288 2375 1343 qua
2398 1274 2605 1347 positus
2625 1290 2803 1330 rerum
2825 1279 3124 1346 spectacula
3152 1279 3303 1347 plura

2076 1363 2259 1418 Crevit
2287 1375 2311 1403 θ
2338 1364 2641 1429 ὶαθιεῑειςῐ,
2673 1366 2878 1421 cmlesti
2906 1369 3124 1423 numine
3148 1369 3334 1435 fretus,

2076 1453 2386 1523 Qunmodo
2406 1454 2735 1508 membranis
2754 1470 2853 1524 per
2875 1458 3129 1511 mundum
3151 1460 3351 1527 scripta
3371 1460 3646 1527 leguntur.

2077 1541 2376 1612 Pausatque
2401 1541 2611 1612 Epheso
2639 1542 2657 1580 ί
2682 1542 2935 1612 prmfatus
2962 1560 3183 1614 corpore
3204 1548 3419 1616 praesul,

2009 1645 2052 1702 Β
2080 1629 2303 1685 Praemia
2326 1640 2657 1701 sumpturus,
2687 1648 2807 1687 cum
2830 1634 3042 1705 clanget
3065 1635 3286 1692 classica
3319 1639 3485 1708 salpix
3520 1642 3544 1679 ⁸

2081 1716 2277 1772 Ultima
2306 1718 2432 1775 dum
2456 1720 2650 1790 priscis
2676 1720 2927 1777 labuntur
2956 1732 3194 1793 tempora
3223 1727 3413 1783 smclis.

2690 1836 2693 1839 λ
2759 1810 2981 1867 CLVIII.

2521 1897 2708 1953 Sancti
2741 1898 2951 1955 Thamar:
2984 1902 3225 1973 apostoli.

2064 1988 2176 2059 llic
2199 1988 2435 2045 Thomas
2464 1988 2740 2062 Didymus,
2764 2006 2958 2048 nomen
2997 1996 3219 2051 sortitus
3258 1995 3539 2061 Achivum,

2080 2079 2277 2134 Servat
2296 2089 2567 2135 sacratum
2589 2090 2734 2136 sarta
2759 2083 3027 2138 testudine
3058 2084 3345 2155 templum;

2082 2169 2313 2227 Vulnera
2340 2172 2432 2241 qui
2461 2180 2687 2245 tangens
2715 2175 2915 2231 crudeli
2947 2179 3165 2249 cuSpide
3197 2188 3364 2250 gesta,

2080 2262 2320 2319 Credidit
2345 2267 2615 2335 extemplo
2635 2267 2933 2323 salvantem
2961 2271 3118 2325 smcla
3144 2275 3491 2327 monarehum
3524 2292 3535 2327 :

2082 2354 2338 2422 Quamvis
2366 2362 2491 2411 ante
2517 2354 2659 2412 foret
2680 2358 2844 2412 sociis
2869 2358 3175 2413 incredulus
3209 2361 3386 2428 almis,

2082 2444 2257 2514 Atque
2284 2443 2446 2501 ﬁdem
2473 2446 2635 2502 dubio
2656 2455 2893 2518 gestaret
2920 2452 3082 2504 corde
3112 2451 3403 2517 sinistram,

2084 2537 2219 2592 Dum
2252 2539 2418 2596 chaos
2437 2538 2651 2603 inferni,
2676 2555 2902 2609 surgens
2931 2541 2995 2594 de
3026 2549 3215 2603 morte,
3233 2542 3558 2613 Redemptor

2083 2628 2373 2698 Linqueret
2398 2629 2725 2694 obstrusum,
2755 2638 2907 2683 vasta
2934 2630 3223 2684 comitante
3246 2640 3478 2687 caterva.

2086 2717 2191 2774 Sed
2220 2733 2345 2773 mox
2377 2718 2684 2788 ambiguum
2711 2719 2975 2771 convertit
2998 2719 3159 2773 rubra
3194 2721 3441 2788 cicatrix,

2085 2807 2358 2880 Discipulo
2394 2808 2628 2876 palpanti
2659 2809 2826 2862 trucis
2850 2809 3165 2864 vulnuscula
3191 2809 3338 2876 ferri,

2088 2901 2224 2955 Dum
2260 2899 2467 2955 foribus
2496 2900 2713 2966 clausis,
2751 2901 3021 2970 trepidans
3040 2918 3143 2972 qua
3181 2905 3331 2957 turba
3364 2905 3591 2972 latebat,

2008 2985 2057 3046 Ω
2088 2991 2299 3047 Pacifer
2326 2992 2550 3045 intraret
2575 2989 2823 3045 Christus
2855 2990 3103 3045 Salvator
3124 2993 3175 3045 in
3207 2993 3408 3047 aulam.

2090 3083 2240 3139 Hunc
2269 3083 2431 3151 igitur
2459 3081 2673 3136 soboles
2706 3082 2858 3135 misit
2886 3084 3186 3136 veneranda
3220 3084 3480 3141 Tonantis

2089 3175 2228 3230 ans
2251 3180 2434 3243 gentes
2476 3171 2631 3225 almis
2661 3179 2976 3227 convertere
3000 3172 3164 3229 Biblis
3188 3176 3212 3213 ιι
3324 3164 3327 3169 ’

2087 3264 2324 3318 Plut-ima
2349 3262 2647 3332 magnificis
2669 3270 2973 3331 patrantem
2998 3264 3149 3333 signa
3172 3265 3475 3335 triumphis.

2087 3354 2234 3410 India
2274 3363 2386 3409 tum
2414 3353 2591 3408 sacris.
2604 3352 2769 3408 coluit
2795 3353 3082 3408 simulacra
3112 3355 3374 3420 nefandis,

2090 3446 2359 3502 Doctrinis
2384 3453 2627 3499 veterum
2656 3442 2868 3497 stolidis
2903 3444 3163 3500 instructa
3192 3453 3476 3512 parentum
3500 3463 3514 3509 ;

2092 3538 2201 3593 Sed
2228 3535 2449 3591 confusa
2486 3533 2590 3587 fide
2612 3534 2666 3587 in
2695 3532 2898 3586 Thema
2931 3533 3171 3587 lucrantc
3192 3534 3417 3588 salutem

1978 3629 1986 3631 ⁴
2090 3624 2326 3682 Credidit
2350 3624 2403 3677 in
2423 3621 2718 3686 Christum,
2752 3621 2873 3676 caeli
2902 3623 2991 3692 qui
3024 3630 3231 3692 sceptra
3260 3621 3543 3693 gubernat.

2093 3718 2331 3786 Denique
2361 3722 2636 3771 transacto
2660 3715 2945 3785 praesentis
2970 3724 3209 3785 tempore
3236 3716 3360 3771 vita:

2094 3808 2345 3864 Protinus
2386 3806 2683 3861 :ethereum
2711 3803 2947 3861 Thomas
2984 3805 3229 3860 lustravit
3255 3805 3566 3879 Olympumr

2096 3900 2265 3967 Quem
2295 3898 2402 3953 fani
2425 3896 2618 3952 ﬂamen
2649 3898 2851 3953 veteris
2881 3899 3158 3968 cultorque
3180 3898 3360 3953 sacelli

2098 3991 2370 4062 Sanguine
2398 3998 2675 4046 rorantem
2706 3989 2879 4055 rigido
2902 3990 3301 4049 transverberat
3325 3982 3475 4053 ense,

2096 4082 2321 4136 Praemia
2352 4086 2711 4147 sumpturum,
2755 4094 2876 4133 cum
2907 4078 3269 4151 tellusisponte
3297 4079 3559 4146 dehiscet,

2095 4172 2287 4227 Omnia
2309 4170 2373 4225 de
2410 4169 2603 4241 priscis
2628 4176 2685 4224 et
2709 4176 2931 4239 surgent
2960 4183 3184 4239 corpora
3210 4171 3427 4225 lumbis.

2794 4258 2972 4315 CLIX.

2553 4349 2737 4406 Sancti
2763 4349 2951 4405 Jacobi
2988 4351 3227 4421 apostoli.

2105 4444 2213 4501 Nec
2236 4460 2341 4499 non
2370 4443 2624 4507 Iacobus,
2652 4442 2852 4497 Christi
2892 4437 3181 4495 matertera
3211 4443 3223 4481 ί
3260 4450 3454 4501 cretus,

2106 4535 2171 4592 Et
2206 4535 2511 4593 consobrini
2535 4533 2674 4587 felici
2698 4532 2911 4585 nomine
2934 4524 3128 4593 fretus,

2176 4719 2202 4759 δ
2233 4698 2395 4792 Edit.,
2424 4712 2645 4792 Spanas.

2182 4801 2204 4829 ο
2235 4789 2417 4849 Forte,
2441 4789 2598 4836 crevit
2627 4796 2658 4834 a
2691 4794 2869 4833 cerno.

2183 4859 2203 4899 ί
2232 4858 2400 4918 Edit.,
2431 4852 2622 4921 e/fazto.

2182 4932 2207 4970 8
2510 4921 2681 4976 Tuba.
2723 4920 2841 4975 Vid.
2892 4919 3033 4974 hanc
3080 4932 3264 4972 vocem
3310 4916 3502 4985 saepius
3534 4915 3681 4983 apud

2109 4990 2381 5064 Ducangé,
2405 4990 2581 5047 Gloss.

2178 5070 2204 5108 ιι
2233 5065 2400 5129 Edit.,
2428 5061 2605 5117 Billis.

2186 5138 2201 5177 ἱ
2232 5124 2535 5189 Hatertera.
2559 5132 2814 5194 Sequitur
2826 5128 2914 5182 hic
2926 5124 3183 5186 Alcuinus
3196 5124 3251 5179 S.
3270 5124 3680 5194 Hieronymum,

2112 5206 2245 5262 Ven.
2284 5203 2485 5259 Bedam
2506 5210 2563 5257 et
2603 5192 2759 5263 alios,
2810 5199 2899 5267 qui
2929 5196 3445 5267 Mariam_Cleoplire,
3474 5192 3681 5247 Jacobi

2114 5274 2337 5330 Minoris
2377 5282 2649 5336 matrem,
2701 5264 2885 5323 veram
2935 5266 3105 5336 beata:
3156 5264 3390 5336 Virginis
3434 5278 3683 5336 sororem

2068 5344 2073 5349 ⁷
2115 5329 2277 5402 fuisse
2325 5329 2646 5407 credebant,
2693 5346 2897 5394 textum
2930 5329 2989 5390 S.
3038 5329 3401 5407 Joannisfcap.
3439 5349 3554 5397 XIX,
3586 5332 3679 5407 ‘23,
3766 5351 3770 5355 ’

2089 5414 2442 5486 accipientes
2468 5402 2763 5467 secundum
2792 5408 3047 5486 litteram.
3081 5404 3210 5486 Vide
3233 5402 3433 5486 italiae
3483 5418 3541 5486 re
3575 5402 3683 5486 cri-

2101 5474 2251 5543 ticos
2292 5482 2460 5538 fusius
2505 5488 2820 5543 tractantes,
2874 5477 3189 5532 nominatim
3233 5474 3540 5529 Tillemont.
3576 5474 3681 5530 loc.

2113 5558 2233 5623 cit.,
2263 5562 2372 5610 not.
2414 5552 2448 5606 9.
2473 5568 2566 5609 sur
2594 5552 2644 5607 la
2668 5551 2839 5608 saintc
2873 5548 3084 5619 Viergc,
3128 5562 3248 5618 pag.
3278 5545 3399 5601 138.
