4268 6198
575 208 677 261 767

577 323 727 376 llanc
745 319 912 376 mdem
936 316 1147 374 Domini
1185 318 1250 371 de
1284 331 1497 373 summo
1523 325 1703 373 servat
1720 318 1964 390 Olympo,

577 413 751 479 Quem
778 408 929 479 plebs
954 406 1136 465 ludam
1157 421 1299 462 saevo
1325 407 1624 463 bacchante
1644 408 1881 463 tumultu

580 503 801 557 vulsum
820 500 886 556 de
914 499 1077 569 pinna
1098 496 1315 553 fullonis
1342 496 1484 552 fuste
1519 497 1751 552 necavit.
1790 544 1793 547 .

577 594 728 661 Quod
751 591 1022 648 Christum
1051 589 1582 660 populisgscandens
1606 589 1821 660 fastigia
1855 588 2059 658 templi,
2090 581 2097 588 ’

577 685 995 742 (Ioncionaretur
1015 683 1206 739 crebro
1226 697 1476 738 sermone
1504 683 1781 737 sacerdos.

576 777 634 831 ln
663 774 813 844 cujus
829 774 1056 859 genibus
1078 772 1234 843 pellis
1256 771 1454 828 callosa
1477 771 1732 837 refertur,

579 868 715 922 Dum
745 866 951 922 crebris
975 864 1187 937 vicibus
1205 871 1386 919 oraret
1409 878 1542 919 voce
1571 862 1890 924 Tonantem,

577 955 870 1025 Poplitibus
892 953 1045 1009 ﬂexis
1072 952 1301 1009 tundens
1329 952 1634 1023 pavimenta
1658 952 1857 1008 sacelli.

578 1048 756 1102 Lanea
777 1046 951 1101 villosi
987 1045 1188 1115 sprevit
1208 1044 1472 1099 velamina
1497 1044 1665 1115 pepli,

579 1138 742 1192 Linea
768 1136 1007 1192 brumosi
1036 1151 1255 1191 sumens
1289 1135 1531 1189 mantilia
1552 1134 1755 1191 ﬂabris.
1795 1160 1803 1166 -

580 1229 670 1283 Sic
720 1241 937 1298 quoque
976 1226 1291 1298 ﬂagrantem
1340 1232 1690 1281 contemnens
1733 1239 1962 1295 corpore
2012 1240 2141 1279 nar-

1899 1314 2071 1386 [ιιιιω.

576 1406 933 1462 Thermarum
966 1405 1182 1474 penitus
1219 1404 1456 1475 neglexit
1479 1412 1697 1475 pectore
1729 1418 2003 1474 pompam,

578 1498 691 1554 Non
728 1482 902 1555 cirros
934 1496 1147 1568 capitis,
1180 1495 1381 1552 ferrata
1410 1495 1635 1565 forcipe,
1668 1495 1917 1567 dempsit,

575 1592 734 1661 222
761 1590 868 1646 Nec
897 1589 1069 1645 culter
1094 1587 1267 1642 malas
1296 1588 1466 1642 vestis
1501 1587 1752 1657 lanugine
1780 1587 1908 1641 rasit
1938 1605 1947 1637 :

575 1683 738 1750 tlujus
761 1682 1017 1735 virtutum
1043 1687 1189 1733 tanta
1225 1678 1493 1747 praeconia
1519 1686 1789 1741 constant,

580 1772 647 1828 Ut
672 1772 903 1826 vindicta
926 1769 1096 1834 necis,
1127 1782 1287 1837 quam
1319 1768 1435 1825 dira
1462 1774 1636 1821 morte
1666 1765 1865 1827 luebat,

580 1864 828 1919 lnteritus
849 1862 1001 1917 ﬂeret
1037 1859 1273 1931 Solyme,
1313 1858 1602 1930 populique
1640 1859 1793 1913 ruina
1816 1870 1862 1911 α.

580 1956 713 2010 Dum
740 1954 892 2009 Titus
915 1968 1103 2019 caesar,
1136 1955 1300 2008 densa
1329 1950 1620 2005 comitante
1646 1960 1883 2013 caterva,

584 2047 781 2103 Urbem
820 2044 1086 2102 ferriferis
1109 2044 1333 2099 vallaret
1361 2044 1597 2099 millibus
1620 2043 1873 2112 amplam,

576 2142 709 2195 Cum
736 2122 975 2208 genitore
996 2138 1177 2203 simul,
1214 2137 1471 2191 Romanis
1492 2137 1707 2191 arcibus
1728 2143 1850 2189 orto
1877 2154 1889 2187 :

581 2232 757 2284 Donec
781 2230 895 2282 dira
924 2227 1091 2282 fames
1122 2227 1453 2294 consumpsit
1478 2234 1657 2293 strage
1682 2234 1943 2288 catervas,

578 2320 838 2375 λίίιηιίὺιιε
865 2318 1169 2373 obstructas
1188 2325 1242 2371 et
1272 2316 1408 2370 muri
1436 2330 1653 2370 carcere
1673 2322 1869 2383 septas.

577 2408 857 2476 Tempore,
899 2422 1004 2476 quo
1040 2415 1283 2461 tenerum
1318 2406 1575 2460 mactavit
1602 2403 1799 2460 femina
1826 2415 2013 2461 natum

577 2499 795 2568 Insuper
816 2495 1103 2550 assandum
1125 2496 1357 2549 verubus
1387 2496 1659 2548 transﬁxit
1696 2495 1871 2549 acutis
1902 2516 1914 2547 :

576 2590 744 2657 Quem
768 2599 975 2645 coctum
1006 2586 1208 2641 laribus
1232 2585 1466 2641 crudelis
1500 2595 1671 2640 mater
1692 2587 1909 2651 edebat,

580 2680 832 2734 Humana:
861 2679 1071 2749 penitus
1094 2685 1301 2732 natura:
1309 2674 1435 2745 jura
1459 2677 1766 2741 resolvens;

578 2770 839 2822 Horresco
867 2767 1125 2828 referens,
1153 2765 1321 2820 Eﬂebi
1344 2764 1504 2820 funus
1533 2767 1806 2821 acerbum.

578 2859 666 2911 Sic
697 2859 927 2911 vindicta
957 2856 1431 2910 crucismuletavit
1457 2855 1606 2910 clade
1634 2854 1896 2912 nefandos
1925 2876 1937 2910 :

579 2950 667 3003 Sic
693 2963 903 3017 quoque
925 2944 1106 2999 Jacobi
1132 2944 1410 2997 mulctavit
1439 2943 1614 3012 passio
1640 2952 1839 2998 sontes.

580 3039 842 3093 lfmlecics
872 3046 1095 3095 centena
1126 3034 1281 3089 simul
1316 3034 1573 3088 cecidisse
1596 3033 1845 3104 leguntur

581 3128 760 3191 llillia,
794 3141 889 3196 per
912 3126 1185 3189 miseram,
1210 3124 1543 3181 moribundis
1572 3125 1801 3189 civibus,
1832 3127 2017 3182 urbem
2043 3148 2053 3180 :

580 3221 798 3287 Insuper
818 3226 871 3272 et
896 3225 1107 3272 centum
1134 3218 1434 3271 vendantur
1459 3217 1621 3272 millia
1642 3218 1862 3287 passim,

580 3310 723 3374 Quos
747 3307 947 3379 rigidus
977 3307 1102 3360 ferri
1128 3308 1397 3377 neglectus
1425 3323 1611 3362 mucro
1641 3308 1881 3377 reliquit,

581 3401 645 3456 Et
673 3400 829 3455 famis
851 3399 1041 3469 exigua
1068 3397 1344 3468 perierunt
1360 3396 1547 3453 funera
1577 3399 1733 3477 stipe.

1284 3487 1439 3543 CLX.

998 3580 1180 3635 Sancti
1212 3577 1441 3649 Philippi
1475 3578 1713 3649 apostoli.

581 3670 679 3725 llic
716 3685 925 3740 quoque
965 3677 1348 3726 commemorat
1394 3677 1689 3725 metrorum
1734 3686 1885 3727 coma
1936 3671 2142 3741 Philip—

1432 3844 1437 3847 τ
1904 3761 2070 3833 [pum,

582 3854 751 3917 Quem
782 3850 900 3919 pius
925 3848 1131 3903 mthrali
1155 3848 1342 3923 ditavit
1364 3850 1533 3918 gratia
1560 3849 1837 3913 Christus;

583 3941 816 3997 Barbara
852 3939 941 4008 qui
967 3938 1147 3993 docuit
1175 3936 1433 3991 doctrinis
1462 3937 1673 4006 agmina
1703 3938 1891 3998 sacris.

582 4033 810 4086 Credere
831 4046 926 4101 per
948 4028 1221 4100 Scythiam
1238 4028 1531 4081 salvantem
1547 4027 1739 4082 szecula
1762 4026 2033 4082 Christum
2058 4046 2068 4079 :

583 4123 683 4190 Qui
711 4124 905 4177 dudum
931 4131 1068 4177 tetra
1101 4122 1382 4191 torpebant
1409 4122 1595 4175 mortis
1618 4121 1671 4175 in
1692 4122 1881 4176 umbra

586 4213 869 4267 Auctorem
898 4213 1031 4267 lucis
1058 4213 1340 4267 tenebroso
1370 4213 1529 4266 corde
1568 4220 1845 4282 negantes.

585 4304 756 4372 Atque
786 4310 1044 4357 creatura:
1066 4301 1385 4357 famulantes
1408 4302 1595 4355 ordine
1626 4318 1801 4357 verso.

584 4396 762 4449 Donec
789 4391 1135 4459 apostolicam
1158 4388 1617 4444 bauserunt'aure
1644 4390 1931 4459 loquelam,

585 4483 823 4553 Limpida
848 4479 1087 4551 perpetui
1120 4487 1400 4533 cernentes
1431 4479 1626 4533 lumina
1666 4478 1873 4534 Pbcebi.

584 4574 781 4628 Omnes
809 4570 1051 4628 certatim
1081 4578 1394 4640 merguntur
1414 4569 1621 4640 gurgite
1647 4584 1823 4632 sacro,

588 4662 869 4732 Flagitium
894 4660 1110 4715 sceleris
1138 4669 1425 4731 purgantes
1446 4659 1588 4715 fonte
1611 4660 1828 4714 lavacri.

591 4751 714 4803 Inde
744 4751 924 4805 Asiam
954 4758 1227 4819 properat,
1258 4752 1459 4805 sanctis
1488 4758 1802 4805 convertere
1830 4750 2004 4809 biblis.

590 4836 727 4889 ldola
758 4850 875 4904 qua:
897 4835 1094 4888 dudum
1118 4836 1333 4903 decepta
1363 4837 1545 4891 fraude
1566 4838 1791 4893 colebat.

595 4926 790 4981 Sedula
824 4926 850 4963 δ
877 4925 969 4978 sed
997 4924 1153 4980 citius
1182 4924 1367 4993 pandit
1391 4930 1683 4993 pnecordia
1708 4928 1943 4989 Christo.

594 5017 880 5087 Splendida
908 5014 1153 5085 discipuli
1177 5016 1301 5068 dum
1324 5013 1483 5071 fantis
1512 5019 1672 5073 verba
1705 5022 1953 5090 capessit.

597 5111 701 5165 Sed
738 5110 863 5163 felix
898 5108 1037 5163 Asia:
1071 5105 1335 5161 convertit
1362 5106 1604 5177 dogmate
1630 5125 1871 5180 regnum,

595 5200 651 5255 In
674 5218 776 5271 qua
809 5208 928 5271 post
948 5199 1151 5255 obitum
1182 5196 1330 5252 fatali
1368 5206 1512 5253 sorte
1540 5198 1781 5267 quiescit,

668 5388 687 5412 α
719 5375 1014 5445 Descriptio
1057 5372 1745 5445 excidiiJerosolymitaui,
1800 5391 1957 5444 quam
2005 5378 2150 5445 ιυεςις

598 5447 733 5509 apud
762 5442 1070 5512 Iosephttm,
1097 5445 1161 5499 de
1186 5444 1329 5500 Bello
1359 5442 1592 5499 Iudaico.

673 5514 695 5549 δ
723 5514 800 5564 Al.
818 5554 828 5573 ,
875 5514 1099 5567 rredula.

674 5592 691 5617 τ
736 5581 813 5634 Al.
851 5584 1096 5649 miri/iris.

1421 204 1482 259 u.
1523 204 1584 261 ιε’.
1623 206 1848 262 Αωιδι
1886 207 2015 264 seu
2044 203 2331 282 aecum:
2371 200 2658 261 opsum:
2696 174 2873 255 ritus
2911 194 2998 253 vr.

1933 207 2015 264 su
2044 203 2331 282 aecum:
2371 200 2658 261 opsum:
2696 174 2873 255 ritus
2911 194 2998 253 vr.

2098 312 2104 318 ’
2158 316 2209 376 Δ
2234 314 2397 383 Cujus
2423 314 2528 371 hoc
2553 311 2808 382 templum
2840 316 3046 367 sacrata
3070 306 3305 363 tuebitur
3330 320 3423 360 ara
3450 302 3587 377 HL,
3633 303 3806 375 area}.

3704 193 3808 250 768

2938 416 3114 477 CLXI.

2595 530 2780 588 Sancti
2814 527 3187 585 Bartholornci
3211 524 3455 596 apostoli.

2246 642 2441 698 Ultima
2474 648 2740 696 terrarum
2760 638 3087 719 prepollens
3288 642 3523 699 constat,

2242 731 2415 798 Quam
2431 732 2488 785 in
2517 738 2629 786 tres
2656 737 2837 802 partes
2860 716 3121 785 librorum
3145 726 3345 799 scripta
3368 733 3745 797 sequestram,

2243 818 2387 874 ldola
2420 833 2543 888 quae
2566 818 2731 874 coluit
2756 819 2981 891 paganis
2999 817 3178 874 dedita
3202 815 3392 872 sacris.

2244 910 2350 965 Sed
2374 909 2785 967 Bartholomeus
2809 909 3075 967 (bstruxit
3091 907 3267 964 lurida
3298 905 3440 972 fana,

2244 1001 2461 1073 Etligies
2482 1010 2727 1057 veterum
2764 1000 3109 1073 confringens
3127 999 3251 1071 iure
3274 999 3518 1063 deorum,

2196 1127 2201 1132 .
2242 1091 2452 1146 Hebrea
2473 1106 2635 1162 quem
2657 1087 2864 1147 clamat‘
2882 1090 3181 1162 peregrinis
3198 1089 3376 1160 lingua
3395 1087 3642 1158 loquelis.

2244 1180 2428 1236 Proles
2453 1179 2829 1251 suspendentis
2852 1196 3020 1251 aquas
3038 1180 3094 1235 in
3116 1178 3351 1234 nubibus
3375 1178 3532 1241 atris,

2244 1271 2474 1327 llumida
2498 1270 2760 1325 nimbosis
2776 1270 2901 1325 dum
2923 1268 3128 1327 stillant
3152 1273 3354 1324 aethera
3380 1268 3568 1337 guttis,

2245 1363 2387 1431 Quot
2434 1360 2643 1435 [quem]
2694 1362 2872 1431 signat
2918 1374 3203 1433 procerum
3243 1359 3481 1416 celestis
3524 1358 3661 1413 dona
3685 1371 3811 1427 pro-

2927 1469 2937 1481 ~
2996 1441 3005 1446 ’
3536 1444 3708 1517 [fundi

2249 1542 2317 1597 Ut
2338 1541 2609 1611 quondam
2635 1541 2831 1597 cecinit
2850 1539 3184 1595 Psalmorum
3210 1537 3451 1594 carmine
3472 1548 3659 1592 vates:

2180 1651 2219 1709 ῃ
2248 1637 2385 1691 Ecce
2406 1636 2547 1691 latex
2576 1643 2725 1691 rorat
2746 1634 3044 1691 tenebrosis
3073 1632 3306 1687 nubibus
3327 1630 3493 1685 aeris.

2246 1728 2374 1783 Post
2401 1729 2518 1783 b:ec
2538 1726 2783 1798 martyrii
2810 1732 3083 1781 mercatur
3107 1730 3251 1778 serta
3274 1730 3498 1777 cruenta

2248 1818 2311 1872 Et
2337 1819 2583 1888 sequitur
2607 1816 2889 1874 Dominum
2934 1816 3108 1886 pictus
3132 1829 3257 1869 cum
3297 1809 3429 1883 [At.,
3461 1811 3539 1885 in]
3565 1814 3811 1884 stigmate

3541 1906 3739 1962 Christi

2161 1980 2169 1995 ’
2246 2001 2409 2069 (auus
2431 2000 2534 2055 hoc
2559 1998 2815 2070 templum
2843 1999 3144 2054 veneranda
3170 1997 3409 2053 tuebitur
3436 2011 3553 2052 ara.

2471 2204 2655 2261 Sancti
2683 2113 3169 2285 Hatthtriilpoxslt‘oli
3181 2213 3231 2259 et
3254 2203 3598 2274 evangelista.

2246 2321 2508 2375 Mattheus
2528 2320 2801 2391 egregium
2831 2318 3140 2375 describens
3170 2317 3358 2387 dogma
3383 2316 3591 2380 sahitis,

2248 2408 2451 2463 Ilcbrea
2482 2424 2577 2479 per
2602 2409 2857 2478 simplum
2882 2408 3104 2477 digessit
3132 2405 3273 2462 dicta
3295 2406 3555 2469 libellum,

2246 2496 2479 2552 Plurima
2504 2495 2795 2553 sanetiﬂeis
2821 2507 2843 2535 ο
2874 2511 3103 2553 narrans
3124 2495 3381 2551 miracula
3408 2498 3599 2557 saeclis.

2248 2582 2375 2645 Quae
2421 2580 2579 2635 modo
2624 2594 2721 2649 per
2766 2579 3025 2636 mundum
3054 2579 3330 2652 divulgant
3371 2581 3569 2650 scripta
3608 2580 3810 2649 triqua-

3539 2671 3736 2743 [drum.

2246 2764 2412 2828 Quem
2439 2760 2834 2832 Fisoulluvius,
2866 2761 3101 2831 paradisi
3126 2761 3270 2816 fonte
3293 2761 3618 2826 redundans,

2247 2852 2470 2921 Tropica
2492 2852 2761 2922 portendit
2782 2853 3021 2921 pandens
3045 2852 3297 2920 mysteria
3330 2868 3532 2908 rerum.

2248 2941 2431 2997 Fontis
2451 2942 2693 3012 designat
2714 2941 2959 2997 Salvator
2967 2942 3088 3013 jure
3102 2942 3350 3013 figuram,

2248 3032 2322 3085 De
2352 3047 2458 3101 quo
2480 3031 2794 3101 quadriﬂuis
2822 3032 3115 3090 decurrunt
3149 3034 3365 3090 ﬂumina
3395 3036 3542 3090 rivis.

2244 3123 2506 3190 Quattuor
2534 3132 2593 3178 ut
2621 3114 2912 3195 quondam,
2940 3127 3205 3181 nascentis
3230 3126 3437 3195 origine
3462 3125 3625 3190 saecli,

2245 3216 2483 3286 Limpida
2503 3231 2601 3286 per
2619 3215 2784 3270 latum
2812 3214 3077 3270 ﬂuxerunt
3104 3212 3323 3269 ﬂumina
3350 3218 3604 3272 mundum
3628 3228 3645 3282 ;

2244 3309 2360 3374 Quo
2389 3304 2583 3362 rubros
2603 3303 2785 3372 ﬂores,
2811 3314 2866 3362 et
2891 3315 3044 3377 prata
3066 3307 3291 3363 virentia
3313 3308 3504 3381 glebis.

2251 3398 2568 3469 Gurgitibus
2593 3399 2763 3469 puris,
2805 3406 2859 3454 et
2878 3400 3067 3470 glauco
3088 3414 3212 3455 rore
3236 3401 3484 3473 rigabant
3517 3417 3533 3455 :

2245 3490 2334 3544 Sic
2363 3489 2604 3544 doctrina
2630 3489 2723 3545 Dei
2747 3487 2918 3555 fluxit,
2948 3490 3016 3546 de
3044 3480 3190 3546 fonte
3219 3500 3503 3560 quaterno,

2244 3581 2403 3637 Arida
2430 3582 2625 3638 divinis
2648 3582 2887 3638 irrorans
2914 3582 3076 3638 corda
3107 3568 3391 3638 scatebris.

2245 3673 2391 3730 Hanc
2420 3674 2648 3743 scriptor
2662 3688 2825 3728 verax
2854 3674 3120 3742 expressit
3153 3672 3414 3727 Mattheus
3432 3672 3579 3737 olim,

2244 3764 2519 3843 Quemque
2545 3762 2805 3833 propheta
2833 3761 2951 3825 Dei,
2987 3776 3139 3817 sacro
3178 3762 3467 3831 spiramine
3489 3762 3697 3833 plenus,

2246 3853 2485 3908 Humana
2507 3853 2685 3924 specie
2703 3852 2837 3907 vidit
2856 3854 3117 3924 signarier
3132 3854 3259 3909 olim
3280 3872 3293 3920 ;

2244 3941 2394 4010 Quod
2420 3942 2617 3998 Christi
2640 3951 2838 4014 patres,
2867 3952 2920 3999 et
2941 3959 3068 4001 avos
3094 3953 3400 4001 numeraret
3428 3960 3645 4003 avorum
3669 3988 3689 4011 ,

2246 4033 2285 4087 Ε
2307 4034 2457 4102 queis
2481 4031 2725 4087 Salvator
2762 4040 2943 4087 uoster
2968 4032 3231 4089 cunabula
3257 4033 3397 4089 sacri

2246 4125 2578 4195 Sumpserat,
2604 4125 2657 4179 in
2690 4125 2887 4180 mundo
2908 4132 3117 4180 sacrata
3138 4122 3164 4163 ἀ
3190 4123 3398 4192 piacula
3424 4123 3664 4178 demens.
3680 4132 3705 4167 ε

2918 4233 3137 4288 CLXIII.

2681 4324 2865 4379 Sancti
2887 4322 3114 4391 Simonis
3145 4320 3386 4390 apostoli.

2244 4442 2429 4495 Simon
2457 4438 2687 4501 Zelotes,
2718 4449 2816 4490 nec
2836 4451 2943 4489 non
2962 4434 3244 4490 Cananeus
3278 4434 3438 4499 idem,

2242 4531 2386 4584 Inter
2414 4526 2731 4597 apostolicos
2758 4524 2904 4580 Petri
2929 4526 3246 4597 cognomine
3270 4524 3485 4591 functus
3512 4524 3557 4591 ι,

2244 4621 2427 4675 Coetus
2453 4618 2544 4688 qui
2566 4617 2747 4672 docuit
2767 4617 2991 4687 gentiles
3017 4617 3209 4688 dogma
3232 4630 3544 4685 supernum,

2248 4712 2317 4766 Ut
2349 4710 2546 4765 celsum
2574 4717 2816 4780 peterent
2839 4708 3042 4763 cmlesti
3072 4707 3287 4763 tramite
3316 4717 3562 4774 regnum.

2246 4801 2406 4870 Cujus
2431 4801 2483 4856 in
2510 4801 2612 4856 hac
2635 4799 2754 4854 aula
2784 4814 2935 4854 sacra
2964 4795 3267 4852 servabitur
3294 4808 3407 4856 ara.

2245 4891 2376 4947 Cum
2401 4892 2553 4961 polus
2577 4899 2631 4947 et
2661 4888 2831 4952 tellus,
2872 4903 2935 4941 ac
2953 4885 3104 4955 ponti
3145 4882 3327 4938 ﬂustra
3355 4881 3627 4949 fatiscant,

2248 4982 2424 5037 Donec
2452 4981 2715 5050 supremis
2742 4976 3035 5034 sciutillent
3070 4973 3226 5029 szecla
3252 4973 3464 5039 favillis,

2249 5074 2312 5127 Et
2338 5072 2517 5127 mundi
2552 5069 2737 5132 moles,
2768 5073 2993 5127 montes,
3017 5063 3283 5135 collesque
3310 5064 3629 5133 liquescant,

2249 5161 2419 5231 Atque
2446 5164 2727 5219 creatum,
2760 5168 3003 5208 cerarum
3034 5151 3207 5206 ﬂuxus
3228 5153 3296 5207 ad
3328 5154 3517 5218 instar,

2253 5248 2491 5303 Machina
2526 5241 2858 5303 succumbat,
2890 5238 3099 5295 ﬂamma
3126 5242 3446 5309 crepitante,
3479 5256 3575 5311 per
3598 5241 3808 5298 orbem.

2322 5379 2346 5416 ἀ
2387 5379 2492 5439 AL,
2528 5375 2797 5429 scelerata.

2326 5462 2347 5484 ε’
2382 5448 2516 5500 Edit.
2532 5487 2545 5508 ,
2567 5443 2799 5497 clemens.

2330 5518 2345 5553 ί
2382 5518 2489 5581 Λι.,
2521 5515 2700 5582 fretus.
