4268 6212
480 342 483 343 ν
496 317 608 376 769

1175 419 1395 503 CLqu

824 515 1005 575 Sancti
1030 514 1187 591 Inda:
1222 510 1469 565 Thaddaei
1498 507 1740 578 apostoli.

502 615 799 685 Supremus
826 622 1107 664 numerum
1132 595 1459 660 oonclaudat'
1475 598 1724 654 Taddeus
1747 596 1940 657 almus,

1476 302 1803 370 CARMINA.
1843 330 1912 341 —
1949 295 2466 378 INSCRIPTIONES
2507 292 2757 349 \'.~\lll.-E.

2087 418 2135 473 Α
2162 409 2261 476 Qui
2302 406 2585 462 Dominum
2607 403 2760 468 lueis,
2792 401 3142 456 rcdimentem
3167 398 3424 469 sanguine
3460 396 3621 458 scola,

2163 497 2430 560 Vendidit,
2458 503 2519 549 ut
2543 492 2768 563 cupidus
2796 490 2993 543 fulvum
3025 490 3287 544 numisma
3319 494 3585 557 capessat.

3626 280 3727 333 7'70

2162 583 2414 639 Matthias
2438 582 2657 644 idcirco,
2686 588 2868 651 spreto
2892 579 3098 632 latrone
3123 576 3355 631 nefando

501 666 940 773 cognomen
997 704 1116 751 erat
1160 692 1473 763 praclarum
1518 686 1734 743 Bibleus
1775 679 2057 756 [Libbeus]
2162 671 2217 726 In
2242 671 2471 724 Domino
2494 669 2666 723 fretus
2694 683 2974 745 numerum
3004 667 3266 737 supplevit
3289 666 3555 728 eumdem,

1811 771 1989 845 μώω,

503 880 673 951 Quem
705 879 920 937 duxisse
960 876 1139 932 lerunt
1163 886 1210 939 ι,
1237 870 1437 929 Christi
1486 883 1607 926 cum
1638 832 1938 1025 έηιῗιξιειιθ
1963 832 2063 991 ξω-

1785 970 1816 1009 c
1838 968 1928 1007 om

1785 968 1928 1009 ctum

504 1061 771 1134 Abagaro,
796 1058 1065 1131 quondam
1091 1054 1182 1126 qui
1208 1054 1354 1124 regni
1391 1058 1602 1120 sceptra
1620 1046 1839 1116 regebat
1863 1062 1876 1096 :

508 1153 795 1222 Postquam
826 1157 1117 1204 tartareum
1144 1142 1417 1200 damnavit
1436 1146 1609 1195 morte
1636 1142 1922 1207 tyrannum
1940 1170 1954 1196 ,

508 1240 576 1301 Et
602 1243 753 1298 tetris
780 1241 925 1297 erebi
954 1238 1189 1311 gaudens
1216 1233 1437 1290 emersit
1462 1232 1530 1287 ab
1550 1229 1743 1293 antris,

509 1334 644 1392 Exin
666 1333 934 1388 sidereum
949 1328 1193 1384 Christus
1220 1322 1460 1379 ascendit
1497 1318 1799 1391 Olympum.

508 1425 715 1480 Dicitur
738 1424 827 1477 hic
846 1422 1009 1477 etiam
1034 1419 1249 1489 vulgato
1276 1414 1489 1471 nomine
1518 1411 1706 1473 Iudas,

509 1510 672 1579 Cujus
690 1509 936 1578 presenti
957 1507 1144 1561 laudes
1175 1503 1514 1560 celebrantur
1538 1500 1592 1555 in
1618 1497 1738 1553 aula
1771 1515 1782 1550 :

511 1599 612 1667 Qui
650 1599 803 1653 nobis
827 1598 1011 1652 binum
1041 1595 1269 1651 facundo
1291 1591 1487 1646 famine
1515 1590 1719 1645 biblum
1747 1598 1770 1626 ε

511 1688 712 1753 Edidit,
741 1688 988 1755 antiquas
1022 1683 1364 1754 promulgans
1388 1696 1481 1736 ore
1509 1677 1770 1747 loquelas,

2158 759 2388 816 Iunctus
2414 758 2722 829 apostolicis
2744 766 2984 829 gratatur
3003 756 3123 825 jure
3149 756 3448 826 triumphis.

2828 845 3073 901 CLXVII.

2640 940 2719 992 Ad
2752 947 2988 993 sanctam
3030 952 3253 990 crucem.

2168 1026 2429 1083 Vexillum
2453 1027 2679 1082 sublime
2702 1027 2877 1082 crucis
2904 1039 3159 1079 venerare
3192 1023 3384 1089 ﬁdelis,

2236 1120 2351 1186 Qua
2382 1119 2471 1188 qui
2495 1133 2553 1173 se
2579 1118 2771 1182 munit,
2803 1119 2974 1171 tristia
3001 1132 3107 1171 non
3142 1117 3351 1179 metuit,
3388 1131 3399 1163 ν

2165 1208 2308 1263 Crux
2327 1207 2612 1263 benedicta
2639 1207 2793 1271 nitet,
2823 1206 3078 1260 Dominus
3111 1220 3214 1273 qua
3240 1219 3404 1259 carne
3429 1204 3694 1275 pependit.

2234 1298 2407 1367 Atque
2426 1312 2525 1351 suo
2549 1295 2745 1350 clausit
2765 1293 2951 1350 funere
2975 1294 3170 1347 mentis
3194 1291 3312 1364 [Ρη
3342 1293 3551 1365 mortis]
3582 1295 3698 1346 iter.

2168 1387 2266 1442 llic
2292 1394 2477 1441 auctor
2506 1387 2627 1439 vita:
2650 1392 2879 1439 mortem
2908 1383 3185 1438 moriendo
3212 1384 3455 1452 peremit,

2242 1472 2562 1526 Vulneribus
2586 1486 2788 1525 sanans
2816 1470 3038 1523 vulnera
3064 1479 3247 1524 nostra
3273 1470 3402 1523 suis.

2819 1559 3088 1614 CLXVIII.

2338 1652 2419 1705 Ad
2462 1651 2709 1721 templum
2740 1651 2908 1704 sancti
2948 1646 3220 1701 Michaelis
3256 1646 3574 1715 archangeli.

1062 1737 1540 1844 priseoudescripsit
1560 1737 1995 1836 temperantes,
2100 1743 2146 1803 Β
2170 1744 2196 1797 Α

1849 1775 1995 1825 ωδε,
2100 1743 2146 1803 Β
2170 1744 2308 1798 Ante
2338 1744 2589 1796 thronum
2613 1740 2799 1795 :eterni
2830 1739 2956 1794 felix
2981 1740 3072 1807 qui
3101 1737 3243 1813 regis
3266 1738 3320 1791 in
3343 1752 3534 1802 azmm,

510 1869 649 1921 Ante
674 1882 839 1937 rapax
863 1865 1117 1920 mundum
1143 1877 1303 1933 quam
1322 1866 1518 1932 pontus
1542 1857 1799 1929 plecteret
1819 1852 2000 1917 undis,

511 1958 705 2013 Dieens
732 1975 745 2011 :
770 1957 910 2011 Ecce
935 1956 1081 2010 venit
1102 1953 1360 2009 Dominus
1390 1964 1515 2006 cum
1538 1946 1770 2004 millibus
1794 1945 1968 2009 almis,

514 2046 719 2102 Ponere
732 2044 989 2114 judicium
1014 2043 1223 2099 cunctis
1244 2037 1608 2096 habitantibus
1634 2034 1840 2100 Orbem,

514 2136 659 2206 Quos
685 2135 854 2192 nubes
878 2134 1110 2205 appellat
1138 2147 1275 2201 aqua
1300 2129 1534 2186 stillante
1554 2134 1824 2191 carentes,

515 2228 727 2300 Frigida
764 2241 898 2297 quas
931 2224 1130 2294 rapidis
1169 2223 1479 2292 dispergunt
1509 2216 1725 2270 ﬂamina
1752 2212 1927 2268 ventis
1953 2232 1966 2267 :

518 2316 627 2373 Nec
654 2331 758 2372 non
785 2304 1062 2370 arboribus
1087 2310 1254 2366 sterili
1282 2309 1348 2364 de
1374 2307 1555 2376 stipite
1588 2304 1729 2359 natis

515 2405 822 2475 Comparat,
846 2402 1085 2458 autumni
1107 2415 1224 2471 quae
1245 2398 1470 2452 fructum
1498 2402 1737 2463 tempore
1762 2390 2009 2462 perdunt.

519 2497 609 2555 Sic
625 2511 838 2568 quoque
859 2493 1163 2564 spumiferis
1183 2490 1446 2545 undarum
1470 2485 1714 2541 ﬂuctibus
1739 2489 1935 2553 aequat,

520 2587 831 2644 Errabunda
860 2598 1057 2640 vocans
1081 2580 1345 2636 caelorum
1367 2577 1542 2631 sidera
1573 2578 1777 2637 sontes,

520 2679 683 2747 Queis
709 2685 921 2733 servata
945 2682 1113 2730 restat
1136 2665 1433 2728 tenebrosis
1455 2681 1616 2737 poena
1639 2663 1903 2737 procellis.

521 2764 887 2836 Nempel'eras
915 2772 1119 2835 gentes,
1146 2770 1201 2816 et
1221 2760 1370 2831 ponti
1399 2756 1628 2811 barbara
1650 2770 1834 2825 regna,

524 2857 687 2913 Iudas
720 2856 788 2911 ad
816 2855 1098 2910 Dominum
1121 2836 1377 2905 doctrinis
1404 2845 1627 2900 ﬂexerat
1652 2843 1836 2907 almis;

524 2946 687 3017 Cujus
711 2947 764 2999 in
788 2943 1039 2998 Armenia
1066 2941 1293 3010 sepitum
1321 2944 1492 2991 morte
1520 2935 1771 2997 cadaver,

527 3036 971 3092 Exsurreeturum
1005 3029 1152 3085 fatali
1188 3028 1312 3093 line,
1352 3025 1612 3097 quiescit:

529 3127 635 3185 Sed
664 3134 840 3182 tamen
861 3125 1120 3180 aathereas
1141 3106 1387 3174 lustravit
1411 3118 1629 3186 spiritus
1652 3122 1843 3170 arees.‘

1188 3206 1388 3265 CLXV.
1553 3204 1557 3209 ’

532 3303 706 3360 Poeta
740 3304 904 3359 oratio
934 3302 1002 3356 ad
1038 3299 1306 3354 duodecim
1342 3294 1598 3365 apostolos
1634 3308 1793 3363 supra
1825 3290 2083 3345 laudatos.

530 3392 649 3449 Iam
672 3394 753 3448 bis
776 3409 904 3448 sena
928 3390 1087 3447 simul
1109 3389 1303 3461 digessi
1328 3386 1541 3443 nomina
1565 3386 1803 3445 Patrum,

533 3483 576 3540 Ε
601 3483 791 3553 quibus
811 3480 1116 3535 Altithrono
1138 3486 1428 3534 conversus
1454 3473 1680 3529 credidit
1706 3471 1868 3525 orbis.

535 3572 643 3630 ﬂos
668 3572 910 3644 precibus
937 3583 1101 3624 verna
1128 3567 1155 3607 δ
1182 3566 1405 3640 crebris,
1437 3572 1492 3620 et
1520 3569 1736 3634 pectore
1761 3559 1925 3621 fulvo,

537 3662 608 3720 Ut
629 3663 758 3717 mihi
779 3662 1069 3716 clementer
1095 3671 1354 3711 noxarum
1382 3654 1618 3723 pondera
1650 3651 1860 3715 laxent;

537 3752 605 3808 Et
627 3752 837 3806 veniam
860 3751 1048 3805 dantes
1074 3746 1358 3802 commissa
1386 3741 1593 3815 piacula
1621 3740 1832 3795 solvant
1858 3754 1873 3793 :

538 3841 810 3907 Quatenus
838 3839 891 3892 in
921 3838 1159 3908 requiem
1186 3834 1365 3889 divina
1387 3832 1555 3903 gratia
1589 3841 1613 3869 ο
1638 3829 1826 3893 fretus,

540 3928 767 3986 Ultimus
790 3928 1072 4000 ingrediar,
1093 3925 1308 3981 Christo
1328 3929 1617 3993 pugnante,
1642 3934 1739 3988 per
1762 3918 1949 3972 aethra.

1197 4029 1417 4087 CLXVI.

960 4124 1137 4182 Sancti
1169 4121 1402 4176 Matthim
1430 4117 1668 4189 apostoli.

544 4218 655 4275 Hoc
682 4232 835 4272 sacer
858 4217 1106 4271 observat
1136 4208 1399 4268 dilubrum
1427 4210 1679 4264 blatthias
1705 4206 1920 4269 almum,

546 4305 695 4361 Unus
728 4302 819 4374 qui
850 4302 1017 4369 fertur
1055 4302 1120 4356 de
1145 4298 1478 4368 septuaginta
1512 4295 1677 4351 fuisse

546 4393 825 4462 Discipulis
849 4391 1076 4455 Domini,
1106 4388 1195 4459 qui
1224 4401 1433 4442 sacrum
1460 4386 1649 4456 dogma
1675 4382 1953 4439 docebant.

546 4482 713 4550 Quem
734 4482 872 4534 Deus
895 4481 1120 4535 electum
1145 4477 1374 4548 signavit
1400 4484 1543 4548 sorte
1568 4488 1819 4545 superna,

548 4571 683 4625 Dum
704 4567 868 4621 Iudas
897 4566 1161 4645 Scarioth,
1193 4564 1411 4634 stropha
1438 4564 1690 4632 deceptus
1719 4562 1922 4632 iniqua,

548 4661 772 4718 Culmen
802 4641 1077 4725 apostolici
1103 4641 1305 4707 celsum
1332 4651 1590 4721 perdebat
1613 4652 1851 4715 honoris,

548 4749 724 4820 Atque
752 4747 913 4802 libras
938 4744 1104 4799 olidas
1130 4748 1268 4795 tetro
1295 4754 1417 4794 cum
1436 4739 1643 4795 viscere
1670 4738 1857 4804 fundit,

551 4842 686 4898 Cum
705 4841 912 4910 crepuit
938 4838 1141 4893 medius
1168 4834 1360 4903 laqueo
1387 4846 1677 4902 suspensus
1700 4830 1768 4885 ab
1796 4832 1902 4885 alto
1925 4850 1940 4896 ;

622 4964 649 4992 ι
682 4947 857 5017 Quem'
897 4948 1104 5001 duxisse
1137 4945 1329 5017 ferunt.
1367 4941 1555 5017 Iudam
1610 4938 1954 5017 Thaddazum,
1984 4950 2107 5008 post

468 5050 471 5051 ν
554 5007 753 5077 Christi
774 5007 1159 5079 ascensionem,
1179 5013 1432 5069 Edessam
1470 5011 1536 5064 ad
1582 5023 1760 5079 regem
1800 5007 2101 5079 Abagarum

557 5088 780 5143 missum
800 5083 985 5147 fuisse,
1014 5077 1234 5137 sanctus
1258 5094 1468 5149 quoque
1503 5077 1857 5148 Hieronymus
1872 5077 2107 5149 credidit

558 5157 638 5228 (In
659 5157 845 5210 Matth.
864 5146 995 5228 9p.
1023 5167 1080 5213 ι,
1106 5150 1183 5219 4).
1206 5146 1311 5203 Alii
1334 5146 1475 5228 vero
1490 5146 1779 5228 scriptores
1801 5146 2109 5228 existimant

559 5215 807 5280 sanctum
864 5215 1247 5289 Hieronymum
1299 5215 1932 5289 nonubeneidistinxisse
1967 5215 2107 5268 inter

560 5291 892 5371 Thaddagum
942 5284 1238 5371 apostolum
1254 5295 1353 5371 "et
1372 5284 1906 5371 aliumil‘haddaeum
1943 5300 2109 5371 uirum

561 5378 629 5417 ex
651 5360 721 5425 70
751 5353 1042 5426 discipulis,
1071 5371 1228 5426 quem
1254 5354 1727 5426 Eusebius_l_listor.
1751 5354 1956 5426 Eccles.
1986 5353 2106 5426 libr.

564 5446 607 5494 ι,
636 5422 685 5485 c.
715 5430 814 5493 lli;
842 5422 962 5483 libr.
989 5422 1051 5489 It,
1079 5422 1127 5481 ὁ.
1160 5425 1207 5486 l.
1232 5440 1262 5477 a
1290 5422 1701 5494 sancto_'l‘boma
1726 5422 1965 5494 apostolo
1985 5423 2113 5475 mis-

562 5489 706 5563 sum,
734 5489 893 5567 paulo
910 5504 1031 5565 post
1052 5495 1417 5567 ascensionem
1444 5490 1718 5567 Christiin
1758 5489 1971 5556 caelum,
2006 5505 2114 5567 λίς-

568 5558 711 5623 uisse
737 5558 1008 5621 'Edess'am
1046 5571 1303 5617 memorat
1337 5561 1403 5631 ad
1429 5574 1606 5631 regem
1630 5560 1970 5631 Abagarurn.
1986 5558 2113 5631 g'l‘il-

572 5574 711 5623 uisse
754 5574 1008 5621 Edessam
1046 5574 1303 5617 memorat
1337 5574 1403 5615 ad
1429 5574 1606 5683 regem
1630 5574 1952 5631 Anagarum.
2007 5574 2035 5611 Ἰ

572 5635 787 5693 lemont.
815 5633 851 5688 l.
879 5634 994 5700 cit.,
1020 5641 1129 5687 not.
1160 5631 1192 5685 5
1217 5646 1308 5685 sur
1329 5630 1467 5708 saint
1536 5629 1737 5685 homas.
1764 5646 1885 5704 pag.
1916 5629 2037 5683 613.

2125 4395 2173 4453 D

2242 1831 2467 1887 Michael
2496 1839 2707 1886 summa
2730 1831 2783 1884 in
2813 1843 2939 1883 arce
2963 1828 3209 1883 minister
3238 1826 3403 1887 ades;

2173 1919 2518 1991 Aligerosque
2539 1921 2678 1973 inter
2700 1919 2875 1974 socios
2898 1933 2995 1987 per
3016 1916 3158 1971 seela
3194 1908 3473 1969 manentis

2242 2012 2503 2074 Luminis,
2531 2018 2588 2064 et
2614 2010 2762 2079 pacis
2792 2023 2958 2079 regna
2980 2008 3137 2062 beata
3162 1997 3357 2059 eanis’:

2172 2098 2417 2171 Prntege,
2442 2116 2604 2169 quam
2633 2099 2790 2157 terris
2816 2098 2910 2152 tibi
2931 2098 3052 2167 jure
3080 2095 3373 2150 dicavimus
3402 2092 3599 2157 aulam,

2242 2191 2504 2259 Optantes
2536 2188 2786 2258 precibus
2816 2187 3077 2241 scandere
3105 2185 3172 2239 ad
3201 2192 3348 2249 astra
3380 2184 3504 2237 tuis.

2176 2279 2440 2351 Igneaque
2468 2278 2647 2333 infesti
2674 2285 2904 2332 noceant
2932 2289 2998 2330 ne
3025 2273 3124 2328 tela
3154 2274 3427 2337 draconis,

2245 2370 2565 2425 Continuam
2598 2366 2824 2422 inﬁrmis
2858 2364 3032 2435 pande
3060 2364 3321 2433 benignus
3355 2378 3531 2433 opem.

2178 2460 2452 2527 Quatenus
2476 2457 2689 2527 expleto
2713 2455 2839 2510 belli
2866 2456 3147 2525 praesentis
3172 2469 3362 2523 agone,

2251 2547 2329 2603 Ad
2353 2547 2585 2617 palmam
2613 2546 2733 2600 vita:
2761 2560 2858 2599 nos
2886 2553 2976 2597 tua
3002 2545 3193 2598 dextra
3217 2545 3371 2598 levet.

2860 2636 3063 2690 CLXIX
3074 2674 3089 2689 .

2488 2728 2561 2781 De
2596 2728 2789 2780 catenis
2822 2727 2990 2779 sancti
3028 2726 3172 2778 Petri
3213 2726 3453 2795 apostoli.

2184 2820 2277 2874 His
2304 2817 2529 2873 solidata
2552 2816 2703 2879 lides,
2732 2816 2816 2869 his
2841 2821 2926 2867 est
2952 2814 3066 2877 tibi,
3098 2812 3286 2877 Roma,
3312 2814 3538 2871 catenis.

2184 2908 2459 2977 Simplicio
2487 2922 2629 2960 nunc
2657 2907 2770 2973 ipse
2802 2904 2949 2958 dedit
2973 2920 3127 2957 saera
3152 2903 3271 2972 jure
3299 2911 3500 2956 tenere.

2183 2997 2376 3053 Libera
2400 3011 2615 3065 semper
2638 2996 2744 3049 eris
2774 3013 2785 3047 :
2810 2995 2935 3063 quid
2958 2996 3099 3048 enim
3121 3009 3224 3048 non
3249 2994 3456 3047 vincula
3480 2997 3752 3060 praestent,

2112 3068 2157 3131 C
2186 3087 2317 3155 Quae
2344 3088 2540 3156 tetigit,
2566 3086 2657 3155 qui
2681 3093 2871 3139 cuncta
2894 3093 3071 3152 potest
3099 3083 3414 3137 absolvere?
3443 3081 3595 3147 cujus

2187 3175 2312 3231 llaec
2339 3176 2535 3230 invicta
2566 3190 2775 3236 manus,
2802 3174 2884 3227 vel
2913 3174 3177 3242 relligiosa
3206 3164 3475 3237 triumpho

2187 3268 2381 3321 “milia
2406 3281 2513 3319 non
2543 3266 2647 3317 ullo
2676 3265 2886 3331 penitus
2914 3263 3225 3330 quatientur
3252 3261 3320 3314 ab
3349 3262 3519 3314 hoste.

2187 3353 2397 3421 Claudit
2429 3353 2531 3407 iter
2550 3350 2723 3416 bellis,
2752 3352 2843 3420 qui
2869 3360 3077 3420 portam
3102 3352 3285 3421 pandit
3318 3352 3369 3404 in
3402 3350 3580 3404 astris.

2866 3439 3071 3498 CLXX.

2471 3532 2651 3586 Sancti
2702 3529 2857 3584 Pauli
2904 3531 3125 3601 apostoli
3163 3532 3475 3585 intercessio.

2190 3622 2539 3690 Omnipotens
2570 3620 2800 3689 genitor,
2831 3620 3040 3673 eunetis
3068 3619 3159 3694 qui
3184 3618 3429 3687 gentibus
3456 3616 3651 3667 alnunu

2265 3711 2491 3782 Egregie
2520 3708 2668 3761 Pauli
2698 3707 2972 3760 fundis-ab
2994 3721 3087 3760 ore
3107 3706 3283 3771 jubar.

2190 3798 2333 3854 Illius
2359 3797 2513 3851 nobis
2535 3795 2784 3865 precibus
2804 3795 2871 3849 da
2902 3796 3114 3864 gaudia,
3141 3809 3302 3863 regna

2264 3887 2369 3945 Nos
2400 3888 2552 3958 cujus
2583 3887 2800 3941 monitis
2831 3900 3053 3955 poscere
3085 3885 3227 3940 celsa
3252 3884 3425 3952 juhes.

2590 3972 2591 3975 X
2873 3976 3097 4031 CLXXI.

2474 4068 2555 4120 Ad
2582 4066 2825 4136 templum
2847 4066 3013 4119 sancti
3041 4064 3199 4118 Pauli
3219 4064 3460 4133 apostoli.

2196 4159 2293 4225 Qui
2323 4171 2483 4211 cruce
2512 4155 2749 4208 munitus
2780 4156 3003 4221 superas
3028 4151 3140 4205 fera
3168 4152 3345 4219 prmlia
3379 4150 3582 4213 mundi,

2264 4247 2575 4312 Felicesque
2611 4242 2777 4295 trahis
2800 4241 2969 4294 victor
2997 4242 3061 4295 ad
3092 4248 3233 4293 astra
3270 4240 3481 4293 choros.
3515 4281 3523 4289 .

2198 4337 2365 4392 Serva
2400 4332 2567 4404 [.Ed.,
2600 4329 2775 4401 saeva]
2797 4370 2811 4394 ,
2858 4328 3040 4394 Paule,
3074 4330 3150 4393 tui
3194 4328 3495 4383 veneranda
3528 4328 3760 4380 sacraria

2268 4494 2344 4549 Ne
2372 4494 2512 4549 latro
2536 4491 2864 4562 depopulans
2886 4497 3061 4545 vastet
3081 4489 3218 4545 ovile
3248 4499 3415 4543 tuum.
3509 4416 3755 4489 ltemph’

2851 4578 3100 4635 CLxxu.
3523 4642 3527 4646 η

2304 4674 2384 4726 Ad
2412 4671 2657 4743 templum
2691 4678 2989 4725 sanctorum
3013 4664 3267 4736 Stephani
3299 4675 3346 4719 et
3391 4664 3657 4717 Laurentii

2830 4744 3137 4804 martyrum.

2203 4833 2279 4886 Eu
2306 4830 2610 4901 Stephanus
2644 4826 2848 4897 lapides
2877 4821 3082 4901 sull‘ert,
3110 4822 3428 4876 Laurentius
3454 4822 3624 4890 ignes,

2273 4943 2301 4982 ιι
2340 4941 2468 5011 Leg.
2499 4939 2725 5011 modum.

2276 5023 2297 5050 ε
2332 5000 2590 5063 Bitiam...
2643 5004 2882 5068 Biblum,
2943 5004 2994 5058 id
3032 5013 3115 5058 est
3137 5002 3322 5069 binum
3357 5000 3573 5060 librum,
3599 5006 3766 5053 unum

2204 5088 2411 5135 tantum
2465 5082 2642 5143 exstat
2702 5072 2927 5143 apostoli
2978 5071 3496 5143 Judzegscriptum,‘
3531 5069 3764 5143 Epistola

2207 5152 2397 5217 nempe
2449 5140 2705 5217 canonica
2734 5136 2996 5217 "omnibus
3046 5136 3408 5217 fidelibus—kin
3457 5136 3769 5217 Βίοᾟαιιςε

2189 5202 2530 5289 silicis“!
2552 5212 2761 5289 Christo
2786 5211 2913 5265 Iesu
2938 5211 3155 5289 vocatis,
3173 5202 3459 5289 inscripta;
3477 5208 3617 5289 ali-nd
3638 5202 3769 5289 seri-

2242 5294 2353 5363 tum
2380 5285 2454 5363 ab
2476 5280 2718 5363 Ecclesia
2745 5292 3018 5363 receptum
3048 5276 3355 5361 ignoratur:
3377 5278 3510 5363 Nam
3536 5276 3769 5363 Pseudo-

2232 5352 2575 5431 ivangeliun},
2604 5350 2712 5431 divi
2748 5342 2898 5431 Iudas
2947 5342 3163 5431 nomine
3193 5356 3557 5431 personatum:
3607 5342 3764 5424 Cela-

2210 5414 2608 5545 ?iitts.t.'pontifex
2673 5419 3014 5490 improbavit.
3064 5414 3256 5473 Mirum
3302 5416 3348 5474 si
3384 5417 3438 5471 id
3484 5414 3768 5469 Aleuiuum

2230 5508 2257 5545 a
2286 5508 2337 5545 lIl
2371 5534 2380 5541 .

2278 5560 2304 5599 ἀ
2354 5558 2533 5622 Forte,
2558 5571 2787 5610 veneror.

2284 5641 2307 5667 ο
2351 5629 2475 5699 Leg.
2513 5625 2684 5679 divino
2705 5640 2930 5679 munere.
