4268 6198
568 368 666 425 m
1084 318 1093 329 ’
1393 365 1458 418 Β.
1494 363 1559 418 r.
1601 360 1825 417 ALBIN!
1863 356 1994 413 seu
2030 352 2305 409 ALCUINI
2339 348 2625 406 oesnust
2658 346 2832 401 PARS
2873 346 2954 400 vl.
3670 328 3773 384 772

640 473 845 545 Perque
876 474 976 526 iter
1000 479 1277 542 angustum
1304 484 1466 540 regna
1492 468 1648 523 beata
1670 474 1876 537 petunt.

570 559 697 616 lure
721 563 881 617 micat
900 556 1058 616 rutilo
1078 560 1355 614 levitarum
1381 558 1499 614 aula
1523 558 1720 622 colore,

643 650 787 718 Quos
810 651 931 705 vita!
957 651 1022 705 ad
1041 649 1274 721 palmam
1299 664 1446 704 mors
1471 647 1708 717 pretiosa
1737 652 1909 700 vocat.

1215 737 1482 793 CLXXIII.

895 829 972 884 Ad
1005 844 1152 883 aram
1184 828 1344 883 beata:
1374 828 1586 899 vifginis
1618 825 1825 881 Mariae.
1868 844 1871 847 λ

578 924 736 993 Virgo
757 921 850 976 Dei
875 920 1123 992 genitrix,
1150 926 1345 972 nostrae
1364 918 1547 987 regina
1571 916 1780 980 salutis,

646 1012 741 1065 Hic
762 1011 1004 1081 precibus
1025 1008 1235 1063 famulis
1260 1008 1518 1062 auxiliare
1548 1008 1673 1062 tuis.

574 1102 687 1156 Hoc
711 1103 879 1155 altare
899 1100 1004 1154 tuis
1025 1099 1276 1169 quoniam
1304 1107 1388 1153 est
1405 1096 1712 1153 venerabile
1736 1095 1898 1161 votis,

646 1188 953 1260 Virginibus
982 1189 1148 1242 sacris
1176 1188 1314 1252 laus,
1346 1188 1531 1253 decus,
1556 1196 1716 1256 atque
1744 1185 1908 1239 salus.

1216 1277 1485 1333 CLXXIV.

790 1368 868 1422 Ad
901 1369 1164 1423 ecclesiam
1195 1377 1245 1421 et
1279 1385 1429 1423 aram
1464 1369 1626 1425 beatw
1679 1366 1922 1437 Virginis.

580 1462 705 1517 Hinc
726 1462 818 1515 tibi
842 1471 1024 1515 sancta
1047 1462 1232 1516 domus
1252 1468 1437 1513 sancta
1458 1468 1561 1526 est,
1590 1458 1929 1515 sanctissima
1948 1455 2128 1528 Virgo,

584 1551 741 1622 Virgo
773 1550 955 1614 Maria,
986 1550 1076 1602 Dei
1107 1562 1170 1602 ac
1198 1548 1421 1618 genitrix
1447 1549 1647 1603 intacta
1674 1548 1954 1603 Tonantis.

581 1640 898 1710 Perpetuam
932 1639 1128 1693 mundo
1162 1638 1386 1708 genuisti
1426 1638 1576 1708 virgo
1606 1638 1850 1703 salutem,

583 1729 913 1798 Quapropter
939 1726 1166 1789 mundus
1188 1733 1333 1781 totus
1359 1734 1412 1781 te
1435 1725 1619 1779 laudat
1641 1726 1853 1795 ubique.

582 1818 661 1871 En
682 1832 778 1886 ego
800 1817 990 1886 quippe
1014 1826 1135 1869 tuus
1160 1814 1388 1870 famulus
1411 1823 1465 1870 te
1486 1816 1641 1870 laudo
1664 1814 1973 1879 Cammnis;

584 1908 663 1959 'l'u
684 1907 811 1959 mihi
837 1906 1007 1959 dulcis
1031 1920 1198 1970 amor,
1228 1903 1409 1969 decus,
1436 1913 1490 1957 et
1516 1918 1639 1972 spes
1666 1918 1858 1972 magna
1893 1901 2096 1955 salutis.

583 1997 851 2051 Auxiliare
882 2005 1025 2050 tuum
1056 2010 1287 2069 servum,
1315 1994 1611 2049 clarissima
1637 1992 1798 2063 Virgo
1824 2008 1861 2065 ;,

587 2087 700 2141 Vox
729 2102 847 2142 mea
876 2094 926 2141 te
955 2086 1203 2155 lacrymis
1233 2085 1426 2154 pulsat,
1456 2099 1607 2138 mens
1634 2082 1787 2137 ardet
1813 2097 2030 2137 amore:

584 2176 691 2231 Nec
714 2191 821 2231 non
842 2184 1153 2230 cunctorum
1178 2175 1423 2247 precibus
1444 2175 1531 2230 hic
1562 2190 1737 2232 annue
1762 2174 2007 2238 fratrum,

582 2268 666 2323 Ad
697 2275 747 2322 te
772 2268 861 2337 qui
886 2266 1120 2321 clamant
1145 2286 1157 2319 :
1181 2263 1362 2335 Virgo,
1393 2273 1449 2320 tu
1474 2268 1645 2336 gratia
1665 2265 1835 2336 plena,

585 2359 689 2415 Per
711 2368 761 2414 te
780 2366 1059 2413 conservet
1078 2373 1287 2426 semper
1305 2372 1404 2411 nos
1424 2358 1595 2427 gratia
1615 2356 1834 2411 Christi.

586 2447 822 2517 Quisque
843 2447 987 2517 legas
1010 2461 1194 2500 versus
1220 2446 1305 2500 dic
1329 2464 1341 2498 :
1370 2445 1600 2510 Christe,
1628 2454 1774 2499 tuere
1800 2454 2034 2515 poetam,

589 2538 713 2591 llaac
737 2546 944 2606 quoque
969 2552 1155 2591 mensa
1184 2546 1272 2590 tuo
1296 2544 1506 2591 sacrata
1528 2544 1611 2590 est
1632 2536 1864 2599 nomine,
1894 2533 2074 2603 Virgo,

590 2627 671 2679 'l‘u
704 2628 884 2695 regina
913 2627 1038 2695 poli,
1069 2627 1241 2695 campi
1268 2625 1385 2691 llos,
1414 2625 1525 2679 lilia
1552 2624 1757 2689 mundi,

594 2714 787 2767 llortus
813 2714 1111 2778 conclusus,
1144 2715 1266 2767 vitae
1293 2713 1433 2777 fons,
1460 2729 1597 2768 vena
1627 2713 1833 2767 salutis.

593 2804 786 2873 Accipe
810 2804 1099 2859 clementer
1128 2788 1447 2857 famulorum
1471 2812 1595 2859 vota
1623 2812 1854 2869 tuorum,

594 2896 764 2965 Atque
787 2893 896 2948 Deo
928 2894 1141 2949 Christo
1171 2894 1355 2948 humili
1384 2909 1512 2964 rogo
1537 2895 1698 2949 redde
1722 2902 1964 2964 precatu.

1074 3038 1077 3039 ,
1154 2987 1157 2989 “
1239 2980 1468 3037 CLXXV

742 3142 745 3145 γ
1008 3070 1087 3123 Ad
1118 3086 1265 3124 aram
1295 3072 1460 3125 sancti
1490 3070 1729 3125 Martini.

598 3163 710 3217 lloc
737 3160 900 3215 altare
930 3161 1023 3219 tibi
1050 3168 1277 3225 constat,
1304 3162 1551 3228 Martine,
1576 3164 1833 3225 dicatum,

668 3249 953 3306 Confessor
976 3250 1179 3305 meritis
1208 3266 1432 3321 magnus
1462 3251 1517 3305 in
1545 3251 1675 3305 orbe
1703 3250 1824 3321 piis.

1246 3340 1518 3397 CLXXVI.

882 3428 962 3484 Ad
993 3438 1226 3485 sanctum
1264 3430 1521 3484 Joannem
1554 3430 1862 3501 Baptistam.

604 3521 648 3577 Ο
679 3520 913 3589 Baptista
933 3528 1141 3590 potens,
1170 3521 1375 3574 tinxisti
1400 3521 1455 3573 in
1471 3519 1702 3575 Iordane
1724 3520 2013 3582 Christum,

674 3613 769 3669 Hic
796 3613 1039 3684 precibus
1062 3612 1178 3665 lava
1202 3611 1425 3665 crimina
1454 3618 1636 3664 nostra
1657 3611 1779 3665 tuis.

783 3700 786 3702 ‘
1130 3698 1292 3771 224
1341 3698 1632 3754 CLXXVII.

1030 3789 1105 3842 Ad
1140 3805 1288 3841 aram
1316 3789 1488 3842 sancti
1522 3786 1733 3841 Aniani.

608 3881 719 3935 ilac
749 3879 867 3948 pius
902 3877 1141 3933 Anianus
1164 3893 1325 3933 sacra
1359 3885 1691 3931 memoratur
1725 3876 1779 3929 in
1812 3891 1931 3940 ara,

678 3966 963 4023 Confessor
986 3964 1183 4021 Christi
1203 3975 1419 4021 sanctus
1445 3968 1497 4021 in
1526 3982 1617 4021 ore
1643 3966 1743 4021 sui.

1230 4054 1547 4108 CLXXVIII.

818 4144 899 4195 Ad
928 4143 1171 4212 templum
1202 4153 1250 4195 ct
1285 4142 1451 4197 altare
1488 4144 1655 4197 sancti
1695 4141 1951 4197 Hedardi.

614 4226 735 4283 llaec
767 4239 849 4284 est
872 4232 991 4285 aula
1018 4232 1228 4301 quidem
1260 4231 1426 4286 sancti
1457 4230 1758 4285 veneranda
1792 4228 2058 4292 Medardi;

607 4356 613 4366 .
681 4319 832 4376 Haud
860 4322 1034 4376 minus
1060 4321 1227 4377 altare
1253 4322 1356 4375 hoc
1385 4322 1529 4399 illius
1552 4335 1668 4375 esse
1698 4322 1883 4390 liquet.

614 4409 727 4463 iluc
751 4412 1053 4481 quicunque
1080 4411 1185 4466 ﬁde
1212 4412 1406 4476 veniat,
1443 4427 1537 4465 sua
1565 4413 1789 4466 crimina
1823 4410 1972 4476 ﬂere,

683 4499 763 4554 0b
786 4502 1034 4555 meritum
1064 4502 1254 4562 sancti,
1289 4498 1375 4554 hic
1404 4501 1628 4569 accipiet
1653 4501 1883 4554 veniam.

1253 4590 1529 4645 CLXXIX.

795 4676 871 4728 Ad
896 4694 1044 4731 aram
1070 4688 1363 4732 sanctorum
1394 4679 1629 4743 Quintini
1659 4688 1705 4732 et
1734 4677 1988 4747 Dionysii.

621 4764 728 4819 llac
752 4765 857 4829 duo
880 4768 1120 4835 praeclari
1144 4768 1329 4822 Patres
1353 4777 1673 4823 venerantur
1697 4770 1749 4823 in
1778 4783 1893 4832 ara,

619 4856 904 4921 Quintinus
929 4856 1212 4924 siquidem,
1239 4865 1455 4913 sanctus
1482 4858 1763 4928 Dianysius
1787 4867 1969 4927 atque,

623 4943 719 4997 ilic
738 4942 1011 4998 coniessor
1040 4954 1158 4996 erat
1185 4944 1405 5010 Christi,
1434 4947 1525 5000 sed
1558 4956 1761 5016 martyr
1785 4956 1841 5000 et
1864 4945 1983 5009 ille;

623 5029 702 5085 Ad
728 5032 1005 5086 Dominum
1030 5040 1200 5102 prosrt
1223 5047 1447 5101 quorum
1479 5035 1787 5090 intercessio
1822 5035 1994 5089 nobis.

1271 5118 1521 5173 CLXXX.

860 5206 939 5258 Ad
968 5224 1116 5260 aram
1135 5216 1429 5262 sanctorum
1453 5207 1616 5275 Saleii
1638 5219 1685 5264 et
1707 5210 1949 5266 Amuli.

630 5296 838 5351 Salvius
865 5296 1004 5350 hanc
1030 5313 1198 5364 aram,
1224 5314 1417 5369 magno
1446 5316 1657 5371 quoque
1678 5338 1694 5357 .
1714 5342 1727 5356 .
1749 5341 1765 5356 .
1788 5303 2030 5375 Amando
2052 5320 2075 5349 ι

694 5386 1099 5456 Amplectuntur
1123 5378 1263 5444 enim
1294 5393 1562 5448 mentibus
1585 5392 1841 5461 ambobus
1868 5395 1897 5434 ι’

632 5479 798 5533 Ambo
821 5477 1071 5534 ﬂorentes
1096 5480 1397 5555 virtutibus,
1425 5482 1579 5538 ambo
1600 5486 1819 5557 perenni

704 5622 729 5686 ξ
765 5608 941 5686 Eone,
969 5628 1183 5686 magan
1201 5629 1399 5686 quoque
1416 5624 1623 5686 sanctus
1646 5615 1930 5675 Amandus.

708 5677 734 5718 δ
769 5678 946 5748 Forte,
983 5677 1128 5735 ambo
1154 5677 1260 5738 iiiis
1286 5677 1361 5738 uel
1385 5685 1502 5746 piis.

2175 3114 2226 3177 (ι

2153 466 2201 525 Α
2296 460 2565 515 Curiorum
2588 473 2774 529 regno,
2804 456 3091 519 credimus,
3114 460 3172 506 ut
3199 458 3469 506 maneant.

2869 543 3144 603 CLXXXI.

2452 638 2533 691 Ad
2560 637 2825 691 ecclesiam
2849 643 2896 688 et
2926 650 3073 687 aram
3102 629 3265 684 sancti
3296 625 3555 683 Mauricii.

2226 728 2408 783 Victor
2431 728 2500 795 ab
2524 730 2676 785 hoste
2702 727 2861 792 redit,
2885 726 3064 781 divino
3090 736 3309 778 munere
3337 719 3538 783 clarus,

2298 817 2431 871 Dum
2454 816 2572 889 [F.,
2591 816 2735 887 cum]
2754 815 2962 886 legione
2983 827 3152 878 sacra,
3175 811 3345 865 victor
3363 808 3431 863 ab
3451 808 3603 862 hoste.
3624 804 3779 858 redit.

2228 906 2413 961 Prailia
2441 922 2574 977 pace
2603 906 2697 961 Dei
2727 904 3190 961 Mauritiusardua
3213 901 3362 967 vicit,

2296 997 2635 1066 Exsuperans
2659 997 2841 1051 mundi
2864 995 3062 1065 praelia,
3091 1008 3222 1063 pace
3250 992 3366 1046 Dei.

2229 1085 2353 1141 Ηαθο
2391 1087 2606 1153 domus,
2643 1102 2791 1152 ecce,
2830 1101 2926 1141 suo
2963 1084 3171 1139 titulata
3208 1092 3289 1138 est
3326 1080 3542 1136 nomine
3578 1084 3786 1139 sancta,

2299 1173 2520 1245 Fulgeat
2544 1182 2600 1229 et
2625 1177 2848 1239 meritis,
2889 1175 3001 1229 haec
3026 1175 3212 1227 domus
3239 1184 3363 1226 ecce
3389 1170 3500 1225 suis
3524 1183 3541 1234 ;

2228 1266 2392 1335 Cujus
2414 1251 2614 1322 honore
2637 1283 2849 1322 sacrum
2870 1260 2925 1323 et
2949 1268 3111 1321 micat
3138 1266 3238 1319 hoc
3266 1263 3437 1317 altare
3463 1261 3717 1319 dicatum,

2262 1427 2273 1434 η
2300 1355 2542 1411 Gaudeat
2567 1364 2622 1412 et
2651 1356 2877 1427 populus
2914 1356 3065 1427 cujus
3097 1356 3300 1410 honore
3333 1363 3506 1405 sacro.

2868 1446 3165 1502 CLXXXII.

2517 1540 2599 1592 Ad
2625 1555 2772 1592 arant
2801 1537 2965 1593 sancti
2990 1524 3211 1592 Joannis
3239 1533 3507 1604 Baptista.

2235 1629 2339 1683 Ara
2365 1628 2539 1684 dicata
2567 1629 2663 1684 tibi
2692 1628 2854 1684 micat
2876 1628 3009 1693 haec,
3038 1626 3277 1699 Baptista
3307 1623 3541 1679 Joannes
3564 1637 3580 1683 ;

2236 1719 2505 1774 Laudibus
2528 1719 2666 1773 hanc
2686 1718 2859 1787 dignis
2884 1733 3095 1787 semper
3119 1712 3322 1770 memor
3350 1720 3466 1767 esto
3492 1707 3785 1765 colendam.

2163 1790 2208 1849 Β
2235 1808 2341 1875 Qui
2360 1809 2642 1865 Dominum
2675 1810 2844 1864 sacris
2872 1807 3111 1863 meruisti
3150 1808 3354 1885 tingere
3389 1805 3443 1858 in
3471 1801 3649 1865 undis,

2236 1896 2279 1952 0
2310 1896 2468 1951 felix!
2502 1896 2747 1967 precibus
2779 1905 2991 1952 nostras
3015 1896 3103 1951 hic
3128 1895 3281 1974 ablue
3309 1893 3510 1964 culpas.

2847 1985 3167 2042 CLXXXIII.

2588 2077 2692 2147 {Ad
2714 2076 2961 2132 sacellum
2986 2078 3152 2131 sancti
3179 2074 3418 2129 Martini.
3522 2130 3523 2135 η

2240 2167 2352 2223 IIoc
2380 2167 2603 2223 defende
2628 2169 2732 2222 tuis
2760 2169 3026 2237 precibus,
3059 2166 3303 2229 Martine,
3334 2163 3587 2220 sacellum

2242 2257 2458 2323 Sancte,
2491 2259 2613 2330 piis,
2645 2259 2801 2313 simul
2829 2267 2882 2312 et
2912 2267 3124 2313 nostras
3159 2258 3377 2327 dignare
3406 2262 3624 2326 rogatus

2241 2348 2523 2413 Exaudire,
2552 2348 2729 2411 Pater,
2758 2348 2943 2401 varios
2963 2362 3026 2401 ac
3052 2346 3289 2415 deprime
3324 2343 3514 2398 ﬂuctus

2243 2438 2451 2506 COI‘LIIS,
2480 2449 2539 2493 ut
2567 2448 2821 2493 teteruam
2844 2438 3116 2491 valeamus
3141 2450 3358 2505 carpere
3382 2435 3548 2488 vitam

2748 2596 2755 2605 ι
2859 2527 3179 2584 CLXXXIV.

2454 2620 2531 2672 Ad
2561 2620 2827 2675 ecclesiam
2851 2620 3016 2673 sancti
3042 2616 3289 2686 Stephani
3313 2615 3577 2685 martyris.

2248 2707 2370 2764 lbcc
2406 2708 2640 2781 (domus)
2678 2717 2875 2763 aeterna
2914 2708 3073 2761 micat
3106 2706 3375 2777 Stephano
3412 2711 3802 2776 protomartyre

3490 2793 3728 2866 [magno,

2249 2887 2347 2954 Qui
2380 2886 2589 2941 veniam
2621 2888 2760 2943 inter
2786 2888 2993 2941 veniam
3027 2896 3047 2925 ο
3081 2884 3435 2956 lapidantibus
3464 2882 3610 2937 illum

2251 2976 2525 3044 Deposcit;
2554 2975 2750 3031 Christi
2775 2990 2926 3032 sacra
2952 2984 3037 3031 est
3055 2974 3295 3046 exempla
3313 2981 3546 3029 secutus.

2252 3065 2477 3135 Adjuvat
2495 3080 2620 3120 ecce
2639 3067 2749 3119 suis
2772 3065 3018 3135 precibus
3037 3065 3154 3134 plus
3175 3072 3375 3133 martyr
3393 3064 3609 3118 amicos.

2862 3157 3158 3214 CLXXXV.

2534 3250 2611 3303 Ad
2637 3247 2879 3319 templum
2906 3248 3072 3304 sancti
3103 3246 3246 3300 Petri
3274 3244 3513 3316 apostoli.

2254 3338 2442 3394 Petrus
2464 3344 2750 3409 apostolico
2776 3350 3055 3401 conservet
3083 3342 3295 3396 nomine
3320 3353 3550 3411 semper,

2320 3427 2616 3484 Praeclarus
2633 3431 2899 3501 princeps,
2923 3438 3062 3485 tecta
3086 3438 3291 3485 sacrata
3317 3428 3434 3483 sibi.

2255 3515 2355 3583 Qui
2376 3517 2577 3573 clavem
2598 3518 2718 3574 curii
2738 3519 2979 3574 manibus
3000 3519 3239 3588 deportat
3259 3517 3541 3585 honestis,

2324 3608 2649 3665 Clementem
2670 3611 2822 3667 nobis
2844 3612 3039 3681 pandat
3057 3611 3127 3665 ad
3146 3618 3287 3663 astra
3309 3610 3471 3663 viam.

2867 3690 3192 3755 CLXXXVI.

2513 3791 2590 3844 Ad
2616 3808 2763 3845 aram
2787 3802 3081 3845 sanctorum
3112 3789 3557 3865 archangelorum.

2258 3881 2408 3937 Hanc
2431 3892 2579 3952 regat
2596 3885 2928 3953 omnipotens
2955 3882 3175 3939 Michael
3198 3882 3420 3954 angelus
3449 3896 3617 3946 aram.

2328 3972 2431 4026 Per
2458 3988 2613 4043 quem
2642 3975 2815 4029 victus
2842 3982 2959 4029 erat
2981 3974 3215 4043 perﬁdus
3241 3975 3327 4029 ille.
3348 3974 3535 4038 draco,

2260 4059 2327 4113 Et
2344 4061 2525 4129 procul
2554 4060 2754 4129 ejectus
2774 4062 2915 4117 celso
2935 4063 3000 4116 de
3022 4062 3250 4116 culmine
3276 4061 3397 4116 cceli

2330 4150 2430 4215 Qui
2451 4151 2666 4219 culpare
2686 4153 2831 4220 cupit
2853 4168 3062 4221 semper
3092 4154 3143 4206 in
3164 4142 3257 4207 ore
3281 4153 3416 4222 pios.

2260 4239 2509 4314 iungitur
2543 4240 2666 4296 huic
2690 4239 2926 4305 Gabriel,
2955 4243 3130 4297 socius
3158 4242 3498 4306 venerabilis,
3528 4256 3655 4306 arm,

2333 4330 2433 4395 Qui
2458 4331 2654 4406 virtute
2674 4332 2761 4401 pia
2783 4332 2945 4404 fulget
2972 4332 3025 4387 in
3050 4347 3172 4389 arce
3198 4334 3323 4404 poli.

2187 4436 2240 4495 ι)
2265 4417 2425 4488 Cujus
2448 4420 2515 4473 ab
2534 4436 2627 4475 ore
2652 4437 2805 4477 sacro
2830 4422 3009 4478 mundi
3031 4438 3283 4495 generare
3302 4425 3524 4480 salutem

2334 4507 2526 4563 Didicit
2545 4516 2823 4576 aeternum,
2857 4513 3004 4582 virgo
3027 4512 3210 4576 Maria,
3236 4512 3421 4574 Deum,

2266 4595 2487 4650 Additur
2514 4598 2596 4662 his
2614 4597 2866 4667 Raphael,
2896 4600 3078 4659 oculos
3102 4601 3190 4668 qui
3212 4600 3345 4655 forte
3368 4601 3553 4675 Tobim'

2334 4683 2572 4751 Sanavit,
2612 4696 2790 4741 natum
2838 4689 2985 4743 (luxit
3018 4697 3072 4744 ct
3110 4689 3194 4745 ille
3228 4705 3402 4744 suum.

2268 4773 2375 4828 Hos
2399 4782 2508 4830 tres
2530 4778 2615 4832 hic
2642 4780 2890 4847 precibus
2918 4782 3113 4837 nostris
3140 4789 3315 4835 astare
3337 4795 3642 4850 precamur,

2336 4864 2528 4919 Audiat
2558 4878 2615 4921 ut
2640 4868 2864 4924 famulos
2886 4868 3128 4924 Christus
3152 4869 3220 4922 ab
3240 4883 3363 4923 arce
3387 4884 3532 4924 suos.

2862 4957 3205 5012 CLXXXVII.

2549 5050 2625 5102 Ad
2648 5064 2795 5102 aram
2827 5047 2993 5101 sancti
3017 5047 3238 5107 Joannis
3267 5048 3536 5125 Baptism.

2272 5139 2420 5195 Hanc
2445 5138 2679 5207 Baptista
2712 5144 2903 5206 potens
2925 5137 3134 5191 meritis
3162 5137 3419 5193 tutabitur
3436 5151 3619 5215 aram,

2340 5229 2441 5295 Qui
2462 5227 2738 5281 Dominum
2765 5225 3037 5281 Christum
3056 5226 3212 5281 tinxit
3237 5225 3290 5281 in
3311 5239 3473 5281 amne
3500 5239 3655 5282 sacro

2273 5320 2368 5374 ilic
2398 5318 2594 5373 electus
2626 5325 2743 5370 erat
2767 5317 2954 5371 matris
2984 5316 3049 5370 de
3075 5323 3290 5380 ventre;
3318 5313 3578 5369 Tonantis

2343 5408 2457 5462 Vox
2495 5404 2673 5469 Verbi,
2712 5414 2767 5459 et
2805 5414 2999 5461 nostrae
3032 5418 3208 5476 praeco
3244 5401 3432 5459 salutis
3463 5411 3600 5458 erat.

2277 5496 2372 5552 ilic
2406 5495 2505 5550 fuit
2532 5494 2999 5566 egregiusChristi
3026 5493 3421 5565 paranymphus
3450 5493 3682 5558 inorbe.

2350 5636 2371 5664 ε
2427 5625 2604 5689 Forte,
2629 5625 2854 5695 indignis
2885 5625 3047 5683 racia.
3152 5674 3158 5680 .
