  <div class='ocr_page' id='page_1' title='image "/cluster/home/n/w/nwhite01/storage/ocr_20150623/101/uva.x000834944/394.png"; bbox 0 0 4268 6202; ppageno 0'>
   <div class='ocr_carea' id='block_1_1' title="bbox 507 314 611 374">
    <p class='ocr_par' dir='ltr' id='par_1_1' title="bbox 507 314 611 374">
     <span class='ocr_line' id='line_1_1' title="bbox 507 314 611 374; baseline 0.029 -3"><span class='ocrx_word' id='word_1_1' title='bbox 507 314 611 374; x_wconf 78' lang='grc'><strong>773</strong></span> 
     </span>
    </p>
   </div>
   <div class='ocr_carea' id='block_1_2' title="bbox 504 428 1743 507">
    <p class='ocr_par' dir='ltr' id='par_1_2' title="bbox 504 428 1743 507">
     <span class='ocr_line' id='line_1_2' title="bbox 504 428 1743 507; baseline 0.01 -22"><span class='ocrx_word' id='word_1_2' title='bbox 504 428 611 485; x_wconf 84' lang='lat' dir='ltr'><strong>Iste</strong></span> <span class='ocrx_word' id='word_1_3' title='bbox 640 429 731 486; x_wconf 87' lang='lat' dir='ltr'><strong>Dei</strong></span> <span class='ocrx_word' id='word_1_4' title='bbox 758 430 937 501; x_wconf 79' lang='lat' dir='ltr'><strong>digitis</strong></span> <span class='ocrx_word' id='word_1_5' title='bbox 966 450 1159 503; x_wconf 63' lang='lat' dir='ltr'><strong>sgnum</strong></span> <span class='ocrx_word' id='word_1_6' title='bbox 1187 441 1502 494; x_wconf 76' lang='lat' dir='ltr'><strong>monstravit</strong></span> <span class='ocrx_word' id='word_1_7' title='bbox 1536 442 1743 507; x_wconf 88' lang='lat' dir='ltr'><strong>adesse,</strong></span> 
     </span>
    </p>
   </div>
   <div class='ocr_carea' id='block_1_3' title="bbox 574 518 1808 605">
    <p class='ocr_par' dir='ltr' id='par_1_3' title="bbox 574 518 1808 605">
     <span class='ocr_line' id='line_1_3' title="bbox 574 518 1808 605; baseline 0.007 -31"><span class='ocrx_word' id='word_1_8' title='bbox 574 518 846 591; x_wconf 77' lang='lat' dir='ltr'><strong>Sanguine</strong></span> <span class='ocrx_word' id='word_1_9' title='bbox 874 523 963 592; x_wconf 88' lang='lat' dir='ltr'><strong>qui</strong></span> <span class='ocrx_word' id='word_1_10' title='bbox 994 525 1176 605; x_wconf 81' lang='lat' dir='ltr'><strong>mundi</strong></span> <span class='ocrx_word' id='word_1_11' title='bbox 1202 528 1424 583; x_wconf 89' lang='lat' dir='ltr'><strong>crimina</strong></span> <span class='ocrx_word' id='word_1_12' title='bbox 1450 541 1641 586; x_wconf 87' lang='lat' dir='ltr'><strong>cuncta</strong></span> <span class='ocrx_word' id='word_1_13' title='bbox 1668 532 1808 586; x_wconf 90' lang='lat' dir='ltr'><strong>tulit.</strong></span> 
     </span>
    </p>
   </div>
   <div class='ocr_carea' id='block_1_4' title="bbox 1100 615 1467 675">
    <p class='ocr_par' dir='ltr' id='par_1_4' title="bbox 1100 615 1467 675">
     <span class='ocr_line' id='line_1_4' title="bbox 1100 615 1467 675; baseline 0.003 -2"><span class='ocrx_word' id='word_1_14' title='bbox 1100 615 1467 675; x_wconf 74' lang='lat' dir='ltr'><strong>CLXXXVIII.</strong></span> 
     </span>
    </p>
   </div>
   <div class='ocr_carea' id='block_1_5' title="bbox 581 703 1983 791">
    <p class='ocr_par' dir='ltr' id='par_1_5' title="bbox 581 703 1983 791">
     <span class='ocr_line' id='line_1_5' title="bbox 581 703 1983 791; baseline 0.009 -37"><span class='ocrx_word' id='word_1_15' title='bbox 581 703 664 755; x_wconf 77' lang='lat' dir='ltr'><strong>Ad</strong></span> <span class='ocrx_word' id='word_1_16' title='bbox 697 720 847 758; x_wconf 88' lang='lat' dir='ltr'><strong>aram</strong></span> <span class='ocrx_word' id='word_1_17' title='bbox 875 715 1169 761; x_wconf 79' lang='lat' dir='ltr'><strong>sanctorum</strong></span> <span class='ocrx_word' id='word_1_18' title='bbox 1198 708 1447 779; x_wconf 76' lang='lat' dir='ltr'><strong>Stephani</strong></span> <span class='ocrx_word' id='word_1_19' title='bbox 1475 720 1522 765; x_wconf 85' lang='lat' dir='ltr'><strong>et</strong></span> <span class='ocrx_word' id='word_1_20' title='bbox 1556 710 1713 791; x_wconf 80' lang='lat' dir='ltr'><strong>Pauli</strong></span> <span class='ocrx_word' id='word_1_21' title='bbox 1744 714 1983 783; x_wconf 71' lang='lat' dir='ltr'><strong>apostoli.</strong></span> 
     </span>
    </p>
   </div>
   <div class='ocr_carea' id='block_1_6' title="bbox 499 791 2014 875">
    <p class='ocr_par' dir='ltr' id='par_1_6' title="bbox 499 791 2014 875">
     <span class='ocr_line' id='line_1_6' title="bbox 499 791 2014 875; baseline 0.007 -29"><span class='ocrx_word' id='word_1_22' title='bbox 499 791 614 847; x_wconf 75' lang='lat' dir='ltr'><strong>Hac</strong></span> <span class='ocrx_word' id='word_1_23' title='bbox 640 792 943 865; x_wconf 90' lang='lat' dir='ltr'><strong>Stephanus</strong></span> <span class='ocrx_word' id='word_1_24' title='bbox 963 798 1159 853; x_wconf 76' lang='lat' dir='ltr'><strong>colitur</strong></span> <span class='ocrx_word' id='word_1_25' title='bbox 1178 815 1404 870; x_wconf 83' lang='lat' dir='ltr'><strong>magnus</strong></span> <span class='ocrx_word' id='word_1_26' title='bbox 1427 811 1788 875; x_wconf 75' lang='lat' dir='ltr'><strong>protomartyr</strong></span> <span class='ocrx_word' id='word_1_27' title='bbox 1817 807 1869 859; x_wconf 86' lang='lat' dir='ltr'><strong>in</strong></span> <span class='ocrx_word' id='word_1_28' title='bbox 1900 822 2014 869; x_wconf 83' lang='lat' dir='ltr'><strong>ara,</strong></span> 
     </span>
    </p>
   </div>
   <div class='ocr_carea' id='block_1_7' title="bbox 572 883 1761 963">
    <p class='ocr_par' dir='ltr' id='par_1_7' title="bbox 572 883 1761 963">
     <span class='ocr_line' id='line_1_7' title="bbox 572 883 1761 963; baseline 0.008 -26"><span class='ocrx_word' id='word_1_29' title='bbox 572 883 842 939; x_wconf 82' lang='lat' dir='ltr'><strong>Grandine</strong></span> <span class='ocrx_word' id='word_1_30' title='bbox 863 888 953 957; x_wconf 89' lang='lat' dir='ltr'><strong>qui</strong></span> <span class='ocrx_word' id='word_1_31' title='bbox 982 888 1213 957; x_wconf 86' lang='lat' dir='ltr'><strong>lapidum</strong></span> <span class='ocrx_word' id='word_1_32' title='bbox 1238 906 1401 960; x_wconf 89' lang='lat' dir='ltr'><strong>regna</strong></span> <span class='ocrx_word' id='word_1_33' title='bbox 1425 891 1581 946; x_wconf 90' lang='lat' dir='ltr'><strong>beata</strong></span> <span class='ocrx_word' id='word_1_34' title='bbox 1611 896 1761 963; x_wconf 82' lang='lat' dir='ltr'><strong>petit.</strong></span> 
     </span>
    </p>
   </div>
   <div class='ocr_carea' id='block_1_8' title="bbox 452 973 1772 1050">
    <p class='ocr_par' dir='ltr' id='par_1_8' title="bbox 452 973 1772 1050">
     <span class='ocr_line' id='line_1_8' title="bbox 452 973 1772 1050; baseline 0.008 -22"><span class='ocrx_word' id='word_1_35' title='bbox 452 984 471 988; x_wconf 83' lang='grc'><strong><em>“</em></strong></span> <span class='ocrx_word' id='word_1_36' title='bbox 501 973 566 1029; x_wconf 80' lang='lat' dir='ltr'><strong>Et</strong></span> <span class='ocrx_word' id='word_1_37' title='bbox 598 974 845 1045; x_wconf 83' lang='lat' dir='ltr'><strong>precibus</strong></span> <span class='ocrx_word' id='word_1_38' title='bbox 875 977 1045 1045; x_wconf 87' lang='lat' dir='ltr'><strong>cujus,</strong></span> <span class='ocrx_word' id='word_1_39' title='bbox 1081 980 1302 1034; x_wconf 89' lang='lat' dir='ltr'><strong>nimium</strong></span> <span class='ocrx_word' id='word_1_40' title='bbox 1334 983 1574 1045; x_wconf 78' lang='lat' dir='ltr'><strong>mirabile</strong></span> <span class='ocrx_word' id='word_1_41' title='bbox 1608 985 1772 1050; x_wconf 88' lang='lat' dir='ltr'><strong>dictu,</strong></span> 
     </span>
    </p>
   </div>
   <div class='ocr_carea' id='block_1_9' title="bbox 570 1062 1719 1142">
    <p class='ocr_par' dir='ltr' id='par_1_9' title="bbox 570 1062 1719 1142">
     <span class='ocr_line' id='line_1_9' title="bbox 570 1062 1719 1142; baseline 0.005 -23"><span class='ocrx_word' id='word_1_42' title='bbox 570 1062 764 1120; x_wconf 86' lang='lat' dir='ltr'><strong>Saulus</strong></span> <span class='ocrx_word' id='word_1_43' title='bbox 789 1075 905 1121; x_wconf 89' lang='lat' dir='ltr'><strong>erat</strong></span> <span class='ocrx_word' id='word_1_44' title='bbox 927 1068 1103 1142; x_wconf 83' lang='lat' dir='ltr'><strong>subito</strong></span> <span class='ocrx_word' id='word_1_45' title='bbox 1132 1068 1326 1133; x_wconf 84' lang='lat' dir='ltr'><strong>Paulus</strong></span> <span class='ocrx_word' id='word_1_46' title='bbox 1357 1073 1410 1124; x_wconf 92' lang='lat' dir='ltr'><strong>iu</strong></span> <span class='ocrx_word' id='word_1_47' title='bbox 1440 1073 1567 1127; x_wconf 88' lang='lat' dir='ltr'><strong>orbe</strong></span> <span class='ocrx_word' id='word_1_48' title='bbox 1600 1074 1719 1142; x_wconf 90' lang='lat' dir='ltr'><strong>piis.</strong></span> 
     </span>
    </p>
   </div>
   <div class='ocr_carea' id='block_1_10' title="bbox 495 1151 1899 1233">
    <p class='ocr_par' dir='ltr' id='par_1_10' title="bbox 495 1151 1899 1233">
     <span class='ocr_line' id='line_1_10' title="bbox 495 1151 1899 1233; baseline 0.008 -25"><span class='ocrx_word' id='word_1_49' title='bbox 495 1151 676 1209; x_wconf 80' lang='lat' dir='ltr'><strong>Bestia</strong></span> <span class='ocrx_word' id='word_1_50' title='bbox 699 1172 855 1211; x_wconf 91' lang='lat' dir='ltr'><strong>mane</strong></span> <span class='ocrx_word' id='word_1_51' title='bbox 880 1173 1064 1228; x_wconf 83' lang='lat' dir='ltr'><strong>rapax,</strong></span> <span class='ocrx_word' id='word_1_52' title='bbox 1096 1159 1263 1229; x_wconf 88' lang='lat' dir='ltr'><strong>spolia</strong></span> <span class='ocrx_word' id='word_1_53' title='bbox 1289 1176 1406 1230; x_wconf 65' lang='lat' dir='ltr'><strong>quae</strong></span> <span class='ocrx_word' id='word_1_54' title='bbox 1440 1178 1656 1233; x_wconf 87' lang='lat' dir='ltr'><strong>vespere</strong></span> <span class='ocrx_word' id='word_1_55' title='bbox 1684 1170 1899 1231; x_wconf 82' lang='lat' dir='ltr'><strong>tractat,</strong></span> 
     </span>
    </p>
   </div>
   <div class='ocr_carea' id='block_1_11' title="bbox 565 1248 1636 1323">
    <p class='ocr_par' dir='ltr' id='par_1_11' title="bbox 565 1248 1636 1323">
     <span class='ocr_line' id='line_1_11' title="bbox 565 1248 1636 1323; baseline 0.009 -23"><span class='ocrx_word' id='word_1_56' title='bbox 565 1248 667 1301; x_wconf 90' lang='lat' dir='ltr'><strong>Iste</strong></span> <span class='ocrx_word' id='word_1_57' title='bbox 688 1262 877 1316; x_wconf 87' lang='lat' dir='ltr'><strong>preces</strong></span> <span class='ocrx_word' id='word_1_58' title='bbox 902 1260 1115 1306; x_wconf 91' lang='lat' dir='ltr'><strong>nostras</strong></span> <span class='ocrx_word' id='word_1_59' title='bbox 1139 1250 1352 1319; x_wconf 80' lang='lat' dir='ltr'><strong>adjuvet</strong></span> <span class='ocrx_word' id='word_1_60' title='bbox 1373 1254 1485 1323; x_wconf 89' lang='lat' dir='ltr'><strong>ipse</strong></span> <span class='ocrx_word' id='word_1_61' title='bbox 1508 1260 1636 1313; x_wconf 87' lang='lat' dir='ltr'><strong>suis.</strong></span> 
     </span>
    </p>
   </div>
   <div class='ocr_carea' id='block_1_12' title="bbox 1112 1343 1437 1401">
    <p class='ocr_par' dir='ltr' id='par_1_12' title="bbox 1112 1343 1437 1401">
     <span class='ocr_line' id='line_1_12' title="bbox 1112 1343 1437 1401; baseline 0.009 -3"><span class='ocrx_word' id='word_1_62' title='bbox 1112 1343 1437 1401; x_wconf 75' lang='lat' dir='ltr'><strong>CLXXXIX.</strong></span> 
     </span>
    </p>
   </div>
   <div class='ocr_carea' id='block_1_13' title="bbox 748 1429 1798 1512">
    <p class='ocr_par' dir='ltr' id='par_1_13' title="bbox 748 1429 1798 1512">
     <span class='ocr_line' id='line_1_13' title="bbox 748 1429 1798 1512; baseline 0.015 -31"><span class='ocrx_word' id='word_1_63' title='bbox 748 1429 829 1483; x_wconf 86' lang='lat' dir='ltr'><strong>Ad</strong></span> <span class='ocrx_word' id='word_1_64' title='bbox 860 1448 1008 1487; x_wconf 86' lang='lat' dir='ltr'><strong>aram</strong></span> <span class='ocrx_word' id='word_1_65' title='bbox 1039 1437 1209 1489; x_wconf 87' lang='lat' dir='ltr'><strong>sancti</strong></span> <span class='ocrx_word' id='word_1_66' title='bbox 1239 1434 1508 1492; x_wconf 79' lang='lat' dir='ltr'><strong>Laurentii</strong></span> <span class='ocrx_word' id='word_1_67' title='bbox 1534 1443 1798 1512; x_wconf 76' lang='lat' dir='ltr'><strong>martyris.</strong></span> 
     </span>
    </p>
   </div>
   <div class='ocr_carea' id='block_1_14' title="bbox 492 1518 1909 1603">
    <p class='ocr_par' dir='ltr' id='par_1_14' title="bbox 492 1518 1909 1603">
     <span class='ocr_line' id='line_1_14' title="bbox 492 1518 1909 1603; baseline 0.012 -32"><span class='ocrx_word' id='word_1_68' title='bbox 492 1518 660 1586; x_wconf 85' lang='lat' dir='ltr'><strong>Quem</strong></span> <span class='ocrx_word' id='word_1_69' title='bbox 687 1537 784 1577; x_wconf 87' lang='lat' dir='ltr'><strong>nec</strong></span> <span class='ocrx_word' id='word_1_70' title='bbox 810 1520 1020 1579; x_wconf 81' lang='lat' dir='ltr'><strong>flamma</strong></span> <span class='ocrx_word' id='word_1_71' title='bbox 1047 1542 1210 1603; x_wconf 80' lang='lat' dir='ltr'><strong>vorax</strong></span> <span class='ocrx_word' id='word_1_72' title='bbox 1241 1529 1382 1595; x_wconf 83' lang='lat' dir='ltr'><strong>vicit,</strong></span> <span class='ocrx_word' id='word_1_73' title='bbox 1414 1531 1736 1588; x_wconf 86' lang='lat' dir='ltr'><strong>Laurentius</strong></span> <span class='ocrx_word' id='word_1_74' title='bbox 1760 1550 1909 1589; x_wconf 85' lang='lat' dir='ltr'><strong>aram</strong></span> 
     </span>
    </p>
   </div>
   <div class='ocr_carea' id='block_1_15' title="bbox 560 1609 1775 1696">
    <p class='ocr_par' dir='ltr' id='par_1_15' title="bbox 560 1609 1775 1696">
     <span class='ocr_line' id='line_1_15' title="bbox 560 1609 1775 1696; baseline 0.014 -32"><span class='ocrx_word' id='word_1_75' title='bbox 560 1609 830 1683; x_wconf 78' lang='lat' dir='ltr'><strong>Sanguine</strong></span> <span class='ocrx_word' id='word_1_76' title='bbox 851 1627 1132 1676; x_wconf 87' lang='lat' dir='ltr'><strong>conservet</strong></span> <span class='ocrx_word' id='word_1_77' title='bbox 1158 1621 1312 1686; x_wconf 87' lang='lat' dir='ltr'><strong>hanc,</strong></span> <span class='ocrx_word' id='word_1_78' title='bbox 1344 1638 1491 1694; x_wconf 84' lang='lat' dir='ltr'><strong>rogo,</strong></span> <span class='ocrx_word' id='word_1_79' title='bbox 1516 1627 1775 1696; x_wconf 82' lang='lat' dir='ltr'><strong>martyrii.</strong></span> 
     </span>
    </p>
   </div>
   <div class='ocr_carea' id='block_1_16' title="bbox 488 1700 1719 1786">
    <p class='ocr_par' dir='ltr' id='par_1_16' title="bbox 488 1700 1719 1786">
     <span class='ocr_line' id='line_1_16' title="bbox 488 1700 1719 1786; baseline 0.015 -31"><span class='ocrx_word' id='word_1_80' title='bbox 488 1700 593 1757; x_wconf 90' lang='lat' dir='ltr'><strong>Iste</strong></span> <span class='ocrx_word' id='word_1_81' title='bbox 627 1703 719 1757; x_wconf 89' lang='lat' dir='ltr'><strong>Dei</strong></span> <span class='ocrx_word' id='word_1_82' title='bbox 748 1705 945 1764; x_wconf 82' lang='lat' dir='ltr'><strong>Christi</strong></span> <span class='ocrx_word' id='word_1_83' title='bbox 982 1712 1230 1767; x_wconf 88' lang='lat' dir='ltr'><strong>mandata</strong></span> <span class='ocrx_word' id='word_1_84' title='bbox 1258 1712 1491 1783; x_wconf 82' lang='lat' dir='ltr'><strong>implevit</strong></span> <span class='ocrx_word' id='word_1_85' title='bbox 1520 1725 1719 1786; x_wconf 73' lang='lat' dir='ltr'><strong>amore,</strong></span> 
     </span>
    </p>
   </div>
   <div class='ocr_carea' id='block_1_17' title="bbox 558 1792 1925 1881">
    <p class='ocr_par' dir='ltr' id='par_1_17' title="bbox 558 1792 1925 1881">
     <span class='ocr_line' id='line_1_17' title="bbox 558 1792 1925 1881; baseline 0.015 -35"><span class='ocrx_word' id='word_1_86' title='bbox 558 1792 887 1864; x_wconf 79' lang='lat' dir='ltr'><strong>Pauperibus</strong></span> <span class='ocrx_word' id='word_1_87' title='bbox 917 1799 1179 1865; x_wconf 89' lang='lat' dir='ltr'><strong>tribuens,</strong></span> <span class='ocrx_word' id='word_1_88' title='bbox 1216 1803 1471 1872; x_wconf 86' lang='lat' dir='ltr'><strong>quidquid</strong></span> <span class='ocrx_word' id='word_1_89' title='bbox 1499 1807 1925 1881; x_wconf 82' lang='lat' dir='ltr'><strong>habebatinOps.</strong></span> 
     </span>
    </p>
   </div>
   <div class='ocr_carea' id='block_1_18' title="bbox 488 1880 1741 1965">
    <p class='ocr_par' dir='ltr' id='par_1_18' title="bbox 488 1880 1741 1965">
     <span class='ocr_line' id='line_1_18' title="bbox 488 1880 1741 1965; baseline 0.015 -31"><span class='ocrx_word' id='word_1_90' title='bbox 488 1880 709 1938; x_wconf 88' lang='lat' dir='ltr'><strong>Divitias</strong></span> <span class='ocrx_word' id='word_1_91' title='bbox 737 1886 879 1941; x_wconf 65' lang='lat' dir='ltr'><strong>saecli</strong></span> <span class='ocrx_word' id='word_1_92' title='bbox 909 1891 1227 1959; x_wconf 89' lang='lat' dir='ltr'><strong>contempsit</strong></span> <span class='ocrx_word' id='word_1_93' title='bbox 1252 1891 1451 1949; x_wconf 90' lang='lat' dir='ltr'><strong>habere</strong></span> <span class='ocrx_word' id='word_1_94' title='bbox 1487 1882 1741 1965; x_wconf 79' lang='lat' dir='ltr'><strong>caducas,</strong></span> 
     </span>
    </p>
   </div>
   <div class='ocr_carea' id='block_1_19' title="bbox 557 1970 1761 2057">
    <p class='ocr_par' dir='ltr' id='par_1_19' title="bbox 557 1970 1761 2057">
     <span class='ocr_line' id='line_1_19' title="bbox 557 1970 1761 2057; baseline 0.012 -28"><span class='ocrx_word' id='word_1_95' title='bbox 557 1975 849 2057; x_wconf 87' lang='lat' dir='ltr'><strong>Perpetuas</strong></span> <span class='ocrx_word' id='word_1_96' title='bbox 877 1978 1077 2035; x_wconf 89' lang='lat' dir='ltr'><strong>Christi</strong></span> <span class='ocrx_word' id='word_1_97' title='bbox 1106 1989 1164 2036; x_wconf 90' lang='lat' dir='ltr'><strong>ut</strong></span> <span class='ocrx_word' id='word_1_98' title='bbox 1193 1970 1363 2052; x_wconf 82' lang='lat' dir='ltr'><strong>possit</strong></span> <span class='ocrx_word' id='word_1_99' title='bbox 1391 1984 1587 2042; x_wconf 89' lang='lat' dir='ltr'><strong>habere</strong></span> <span class='ocrx_word' id='word_1_100' title='bbox 1616 1988 1761 2057; x_wconf 81' lang='lat' dir='ltr'><strong>polo.</strong></span> 
     </span>
    </p>
   </div>
   <div class='ocr_carea' id='block_1_20' title="bbox 1190 2071 1342 2127">
    <p class='ocr_par' dir='ltr' id='par_1_20' title="bbox 1190 2071 1342 2127">
     <span class='ocr_line' id='line_1_20' title="bbox 1190 2071 1342 2127; baseline -0.007 0"><span class='ocrx_word' id='word_1_101' title='bbox 1190 2071 1342 2127; x_wconf 78' lang='lat' dir='ltr'><strong>CXC.</strong></span> 
     </span>
    </p>
   </div>
   <div class='ocr_carea' id='block_1_21' title="bbox 485 2155 2050 2241">
    <p class='ocr_par' dir='ltr' id='par_1_21' title="bbox 485 2155 2050 2241">
     <span class='ocr_line' id='line_1_21' title="bbox 485 2155 2050 2241; baseline 0.012 -33"><span class='ocrx_word' id='word_1_102' title='bbox 485 2155 567 2209; x_wconf 75' lang='lat' dir='ltr'><strong>Ad</strong></span> <span class='ocrx_word' id='word_1_103' title='bbox 604 2170 753 2210; x_wconf 85' lang='lat' dir='ltr'><strong>aram</strong></span> <span class='ocrx_word' id='word_1_104' title='bbox 787 2168 1085 2214; x_wconf 76' lang='lat' dir='ltr'><strong>sanctorum</strong></span> <span class='ocrx_word' id='word_1_105' title='bbox 1114 2161 1347 2227; x_wconf 83' lang='lat' dir='ltr'><strong>Quintini</strong></span> <span class='ocrx_word' id='word_1_106' title='bbox 1380 2174 1428 2218; x_wconf 89' lang='lat' dir='ltr'><strong>et</strong></span> <span class='ocrx_word' id='word_1_107' title='bbox 1460 2169 1716 2221; x_wconf 81' lang='lat' dir='ltr'><strong>sociorum</strong></span> <span class='ocrx_word' id='word_1_108' title='bbox 1743 2180 2050 2241; x_wconf 85' lang='lat' dir='ltr'><strong>martyrum.</strong></span> 
     </span>
    </p>
   </div>
   <div class='ocr_carea' id='block_1_22' title="bbox 482 2238 1741 2320">
    <p class='ocr_par' dir='ltr' id='par_1_22' title="bbox 482 2238 1741 2320">
     <span class='ocr_line' id='line_1_22' title="bbox 482 2238 1741 2320; baseline 0.014 -22"><span class='ocrx_word' id='word_1_109' title='bbox 482 2241 597 2300; x_wconf 75' lang='lat' dir='ltr'><strong>Hoc</strong></span> <span class='ocrx_word' id='word_1_110' title='bbox 619 2238 785 2303; x_wconf 84' lang='lat' dir='ltr'><strong>altare</strong></span> <span class='ocrx_word' id='word_1_111' title='bbox 807 2250 928 2319; x_wconf 90' lang='lat' dir='ltr'><strong>pius</strong></span> <span class='ocrx_word' id='word_1_112' title='bbox 954 2262 1131 2306; x_wconf 74' lang='lat' dir='ltr'><strong>servet</strong></span> <span class='ocrx_word' id='word_1_113' title='bbox 1155 2251 1441 2320; x_wconf 87' lang='lat' dir='ltr'><strong>Quintinus</strong></span> <span class='ocrx_word' id='word_1_114' title='bbox 1470 2257 1538 2311; x_wconf 86' lang='lat' dir='ltr'><strong>ab</strong></span> <span class='ocrx_word' id='word_1_115' title='bbox 1564 2260 1741 2319; x_wconf 81' lang='lat' dir='ltr'><strong>hoste.</strong></span> 
     </span>
    </p>
   </div>
   <div class='ocr_carea' id='block_1_23' title="bbox 552 2336 1660 2419">
    <p class='ocr_par' dir='ltr' id='par_1_23' title="bbox 552 2336 1660 2419">
     <span class='ocr_line' id='line_1_23' title="bbox 552 2336 1660 2419; baseline 0.014 -29"><span class='ocrx_word' id='word_1_116' title='bbox 552 2336 826 2408; x_wconf 76' lang='lat' dir='ltr'><strong>Sanguine</strong></span> <span class='ocrx_word' id='word_1_117' title='bbox 847 2342 938 2410; x_wconf 88' lang='lat' dir='ltr'><strong>qui</strong></span> <span class='ocrx_word' id='word_1_118' title='bbox 964 2357 1117 2398; x_wconf 88' lang='lat' dir='ltr'><strong>sacro</strong></span> <span class='ocrx_word' id='word_1_119' title='bbox 1140 2360 1303 2416; x_wconf 87' lang='lat' dir='ltr'><strong>regna</strong></span> <span class='ocrx_word' id='word_1_120' title='bbox 1328 2348 1660 2419; x_wconf 74' lang='lat' dir='ltr'><strong>beata~petit.</strong></span> 
     </span>
    </p>
   </div>
   <div class='ocr_carea' id='block_1_24' title="bbox 481 2424 1909 2512">
    <p class='ocr_par' dir='ltr' id='par_1_24' title="bbox 481 2424 1909 2512">
     <span class='ocr_line' id='line_1_24' title="bbox 481 2424 1909 2512; baseline 0.011 -32"><span class='ocrx_word' id='word_1_121' title='bbox 481 2424 620 2481; x_wconf 83' lang='lat' dir='ltr'><strong>Huic</strong></span> <span class='ocrx_word' id='word_1_122' title='bbox 645 2442 857 2497; x_wconf 89' lang='lat' dir='ltr'><strong>quoque</strong></span> <span class='ocrx_word' id='word_1_123' title='bbox 878 2430 1176 2502; x_wconf 78' lang='lat' dir='ltr'><strong>junguntur</strong></span> <span class='ocrx_word' id='word_1_124' title='bbox 1202 2435 1459 2493; x_wconf 88' lang='lat' dir='ltr'><strong>Iaicorum</strong></span> <span class='ocrx_word' id='word_1_125' title='bbox 1494 2440 1647 2495; x_wconf 84' lang='lat' dir='ltr'><strong>turba</strong></span> <span class='ocrx_word' id='word_1_126' title='bbox 1680 2430 1909 2512; x_wconf 75' lang='lat' dir='ltr'><strong>piorum,</strong></span> 
     </span>
    </p>
   </div>
   <div class='ocr_carea' id='block_1_25' title="bbox 554 2515 1681 2599">
    <p class='ocr_par' dir='ltr' id='par_1_25' title="bbox 554 2515 1681 2599">
     <span class='ocr_line' id='line_1_25' title="bbox 554 2515 1681 2599; baseline 0.014 -29"><span class='ocrx_word' id='word_1_127' title='bbox 554 2515 654 2582; x_wconf 89' lang='lat' dir='ltr'><strong>Qui</strong></span> <span class='ocrx_word' id='word_1_128' title='bbox 681 2518 885 2586; x_wconf 83' lang='lat' dir='ltr'><strong>petiere</strong></span> <span class='ocrx_word' id='word_1_129' title='bbox 909 2521 1109 2589; x_wconf 89' lang='lat' dir='ltr'><strong>polum,</strong></span> <span class='ocrx_word' id='word_1_130' title='bbox 1138 2526 1397 2598; x_wconf 74' lang='lat' dir='ltr'><strong>sanguine</strong></span> <span class='ocrx_word' id='word_1_131' title='bbox 1418 2531 1681 2599; x_wconf 86' lang='lat' dir='ltr'><strong>martyrii.</strong></span> 
     </span>
    </p>
   </div>
   <div class='ocr_carea' id='block_1_26' title="bbox 1172 2634 1345 2691">
    <p class='ocr_par' dir='ltr' id='par_1_26' title="bbox 1172 2634 1345 2691">
     <span class='ocr_line' id='line_1_26' title="bbox 1172 2634 1345 2691; baseline 0 0"><span class='ocrx_word' id='word_1_132' title='bbox 1172 2634 1345 2691; x_wconf 79' lang='lat' dir='ltr'><strong>CXCI.</strong></span> 
     </span>
    </p>
   </div>
   <div class='ocr_carea' id='block_1_27' title="bbox 655 2719 1873 2806">
    <p class='ocr_par' dir='ltr' id='par_1_27' title="bbox 655 2719 1873 2806">
     <span class='ocr_line' id='line_1_27' title="bbox 655 2719 1873 2806; baseline 0.017 -34"><span class='ocrx_word' id='word_1_133' title='bbox 655 2719 736 2773; x_wconf 81' lang='lat' dir='ltr'><strong>Ad</strong></span> <span class='ocrx_word' id='word_1_134' title='bbox 758 2731 965 2778; x_wconf 82' lang='lat' dir='ltr'><strong>sanctos</strong></span> <span class='ocrx_word' id='word_1_135' title='bbox 998 2722 1308 2781; x_wconf 78' lang='lat' dir='ltr'><strong>Hauritium</strong></span> <span class='ocrx_word' id='word_1_136' title='bbox 1332 2739 1381 2782; x_wconf 83' lang='lat' dir='ltr'><strong>et</strong></span> <span class='ocrx_word' id='word_1_137' title='bbox 1408 2732 1572 2787; x_wconf 84' lang='lat' dir='ltr'><strong>socios</strong></span> <span class='ocrx_word' id='word_1_138' title='bbox 1599 2746 1873 2806; x_wconf 77' lang='lat' dir='ltr'><strong>martyres.</strong></span> 
     </span>
    </p>
   </div>
   <div class='ocr_carea' id='block_1_28' title="bbox 478 2806 1776 2891">
    <p class='ocr_par' dir='ltr' id='par_1_28' title="bbox 478 2806 1776 2891">
     <span class='ocr_line' id='line_1_28' title="bbox 478 2806 1776 2891; baseline 0.015 -29"><span class='ocrx_word' id='word_1_139' title='bbox 478 2806 606 2864; x_wconf 66' lang='lat' dir='ltr'><strong>&quot;rec</strong></span> <span class='ocrx_word' id='word_1_140' title='bbox 634 2810 750 2865; x_wconf 90' lang='lat' dir='ltr'><strong>loca</strong></span> <span class='ocrx_word' id='word_1_141' title='bbox 776 2812 1054 2876; x_wconf 73' lang='lat' dir='ltr'><strong>Mauritius</strong></span> <span class='ocrx_word' id='word_1_142' title='bbox 1082 2817 1287 2873; x_wconf 86' lang='lat' dir='ltr'><strong>meritis</strong></span> <span class='ocrx_word' id='word_1_143' title='bbox 1308 2820 1581 2877; x_wconf 83' lang='lat' dir='ltr'><strong>vivacibus</strong></span> <span class='ocrx_word' id='word_1_144' title='bbox 1605 2835 1776 2891; x_wconf 90' lang='lat' dir='ltr'><strong>ornet,</strong></span> 
     </span>
    </p>
   </div>
   <div class='ocr_carea' id='block_1_29' title="bbox 477 2901 1577 2980">
    <p class='ocr_par' dir='ltr' id='par_1_29' title="bbox 477 2901 1577 2980">
     <span class='ocr_line' id='line_1_29' title="bbox 477 2901 1577 2980; baseline 0.013 -26"><span class='ocrx_word' id='word_1_145' title='bbox 477 2936 480 2940; x_wconf 60' lang='grc' dir='ltr'>ι</span> <span class='ocrx_word' id='word_1_146' title='bbox 550 2901 807 2972; x_wconf 74' lang='lat' dir='ltr'><strong>Egregius</strong></span> <span class='ocrx_word' id='word_1_147' title='bbox 838 2914 1041 2975; x_wconf 86' lang='lat' dir='ltr'><strong>martyr</strong></span> <span class='ocrx_word' id='word_1_148' title='bbox 1066 2923 1187 2961; x_wconf 90' lang='lat' dir='ltr'><strong>cum</strong></span> <span class='ocrx_word' id='word_1_149' title='bbox 1212 2909 1419 2980; x_wconf 88' lang='lat' dir='ltr'><strong>legione</strong></span> <span class='ocrx_word' id='word_1_150' title='bbox 1443 2928 1538 2967; x_wconf 86' lang='lat' dir='ltr'><strong>sua</strong></span> <span class='ocrx_word' id='word_1_151' title='bbox 1563 2932 1577 2968; x_wconf 93' lang='lat'><strong>:</strong></span> 
     </span>
    </p>
   </div>
   <div class='ocr_carea' id='block_1_30' title="bbox 476 2989 1847 3074">
    <p class='ocr_par' dir='ltr' id='par_1_30' title="bbox 476 2989 1847 3074">
     <span class='ocr_line' id='line_1_30' title="bbox 476 2989 1847 3074; baseline 0.014 -31"><span class='ocrx_word' id='word_1_152' title='bbox 476 2989 715 3057; x_wconf 80' lang='lat' dir='ltr'><strong>Quorum</strong></span> <span class='ocrx_word' id='word_1_153' title='bbox 740 2995 874 3049; x_wconf 91' lang='lat' dir='ltr'><strong>mira</strong></span> <span class='ocrx_word' id='word_1_154' title='bbox 906 2997 1040 3052; x_wconf 83' lang='lat' dir='ltr'><strong>ﬁdes</strong></span> <span class='ocrx_word' id='word_1_155' title='bbox 1064 2999 1248 3064; x_wconf 90' lang='lat' dir='ltr'><strong>animi,</strong></span> <span class='ocrx_word' id='word_1_156' title='bbox 1276 3008 1332 3055; x_wconf 90' lang='lat' dir='ltr'><strong>et</strong></span> <span class='ocrx_word' id='word_1_157' title='bbox 1358 3006 1657 3059; x_wconf 87' lang='lat' dir='ltr'><strong>constantia</strong></span> <span class='ocrx_word' id='word_1_158' title='bbox 1688 3007 1847 3074; x_wconf 89' lang='lat' dir='ltr'><strong>mira,</strong></span> 
     </span>
    </p>
   </div>
   <div class='ocr_carea' id='block_1_31' title="bbox 547 3081 1740 3165">
    <p class='ocr_par' dir='ltr' id='par_1_31' title="bbox 547 3081 1740 3165">
     <span class='ocr_line' id='line_1_31' title="bbox 547 3081 1740 3165; baseline 0.013 -30"><span class='ocrx_word' id='word_1_159' title='bbox 547 3081 1090 3143; x_wconf 82' lang='lat' dir='ltr'><strong>Commeruit-Iaudes</strong></span> <span class='ocrx_word' id='word_1_160' title='bbox 1118 3104 1329 3158; x_wconf 79' lang='lat' dir='ltr'><strong>semper</strong></span> <span class='ocrx_word' id='word_1_161' title='bbox 1364 3092 1416 3146; x_wconf 92' lang='lat' dir='ltr'><strong>in</strong></span> <span class='ocrx_word' id='word_1_162' title='bbox 1453 3094 1579 3149; x_wconf 90' lang='lat' dir='ltr'><strong>orbe</strong></span> <span class='ocrx_word' id='word_1_163' title='bbox 1608 3096 1740 3165; x_wconf 88' lang='lat' dir='ltr'><strong>pias.</strong></span> 
     </span>
    </p>
   </div>
   <div class='ocr_carea' id='block_1_32' title="bbox 1161 3180 1357 3237">
    <p class='ocr_par' dir='ltr' id='par_1_32' title="bbox 1161 3180 1357 3237">
     <span class='ocr_line' id='line_1_32' title="bbox 1161 3180 1357 3237; baseline 0.01 -2"><span class='ocrx_word' id='word_1_164' title='bbox 1161 3180 1357 3237; x_wconf 74' lang='lat' dir='ltr'><strong>CXCII.</strong></span> 
     </span>
    </p>
   </div>
   <div class='ocr_carea' id='block_1_33' title="bbox 478 3261 2041 3349">
    <p class='ocr_par' dir='ltr' id='par_1_33' title="bbox 478 3261 2041 3349">
     <span class='ocr_line' id='line_1_33' title="bbox 478 3261 2041 3349; baseline 0.012 -35"><span class='ocrx_word' id='word_1_165' title='bbox 478 3261 558 3315; x_wconf 80' lang='grc' dir='ltr'><strong>ΑΔ</strong></span> <span class='ocrx_word' id='word_1_166' title='bbox 580 3280 726 3317; x_wconf 86' lang='lat' dir='ltr'><strong>aram</strong></span> <span class='ocrx_word' id='word_1_167' title='bbox 754 3276 1053 3321; x_wconf 84' lang='lat' dir='ltr'><strong>sanctorum</strong></span> <span class='ocrx_word' id='word_1_168' title='bbox 1078 3269 1315 3347; x_wconf 77' lang='lat' dir='ltr'><strong>Dionysii</strong></span> <span class='ocrx_word' id='word_1_169' title='bbox 1355 3282 1403 3327; x_wconf 86' lang='lat' dir='ltr'><strong>et</strong></span> <span class='ocrx_word' id='word_1_170' title='bbox 1434 3276 1692 3331; x_wconf 84' lang='lat' dir='ltr'><strong>sociorum</strong></span> <span class='ocrx_word' id='word_1_171' title='bbox 1730 3288 2041 3349; x_wconf 82' lang='lat' dir='ltr'><strong>martyrum.</strong></span> 
     </span>
    </p>
   </div>
   <div class='ocr_carea' id='block_1_34' title="bbox 478 3350 1932 3436">
    <p class='ocr_par' dir='ltr' id='par_1_34' title="bbox 478 3350 1932 3436">
     <span class='ocr_line' id='line_1_34' title="bbox 478 3350 1932 3436; baseline 0.015 -31"><span class='ocrx_word' id='word_1_172' title='bbox 478 3350 801 3411; x_wconf 77' lang='lat' dir='ltr'><strong>Pontificalis</strong></span> <span class='ocrx_word' id='word_1_173' title='bbox 821 3372 954 3436; x_wconf 76' lang='lat' dir='ltr'><strong>apex</strong></span> <span class='ocrx_word' id='word_1_174' title='bbox 974 3370 1155 3415; x_wconf 87' lang='lat' dir='ltr'><strong>servet</strong></span> <span class='ocrx_word' id='word_1_175' title='bbox 1172 3362 1456 3433; x_wconf 86' lang='lat' dir='ltr'><strong>Dionysius</strong></span> <span class='ocrx_word' id='word_1_176' title='bbox 1485 3382 1634 3422; x_wconf 87' lang='lat' dir='ltr'><strong>aram</strong></span> <span class='ocrx_word' id='word_1_177' title='bbox 1924 3362 1932 3368; x_wconf 73' lang='grc'><em>’</em></span> 
     </span>
    </p>
   </div>
   <div class='ocr_carea' id='block_1_35' title="bbox 490 3442 1851 3527">
    <p class='ocr_par' dir='ltr' id='par_1_35' title="bbox 490 3442 1851 3527">
     <span class='ocr_line' id='line_1_35' title="bbox 490 3442 1851 3527; baseline 0.012 -31"><span class='ocrx_word' id='word_1_178' title='bbox 490 3512 493 3515; x_wconf 8' lang='grc' dir='ltr'><strong>ἢ</strong></span> <span class='ocrx_word' id='word_1_179' title='bbox 546 3442 713 3510; x_wconf 81' lang='lat' dir='ltr'><strong>Hanc,</strong></span> <span class='ocrx_word' id='word_1_180' title='bbox 738 3462 887 3518; x_wconf 83' lang='lat' dir='ltr'><strong>rego,</strong></span> <span class='ocrx_word' id='word_1_181' title='bbox 917 3465 1040 3503; x_wconf 90' lang='lat' dir='ltr'><strong>cum</strong></span> <span class='ocrx_word' id='word_1_182' title='bbox 1067 3452 1229 3526; x_wconf 80' lang='lat' dir='ltr'><strong>sociis</strong></span> <span class='ocrx_word' id='word_1_183' title='bbox 1254 3456 1682 3527; x_wconf 78' lang='lat' dir='ltr'><strong>martyribusque</strong></span> <span class='ocrx_word' id='word_1_184' title='bbox 1711 3458 1851 3513; x_wconf 85' lang='lat' dir='ltr'><strong>aliis.</strong></span> 
     </span>
    </p>
   </div>
   <div class='ocr_carea' id='block_1_36' title="bbox 473 3531 1783 3613">
    <p class='ocr_par' dir='ltr' id='par_1_36' title="bbox 473 3531 1783 3613">
     <span class='ocr_line' id='line_1_36' title="bbox 473 3531 1783 3613; baseline 0.016 -31"><span class='ocrx_word' id='word_1_185' title='bbox 473 3531 710 3599; x_wconf 82' lang='lat' dir='ltr'><strong>Quorum</strong></span> <span class='ocrx_word' id='word_1_186' title='bbox 740 3536 913 3589; x_wconf 90' lang='lat' dir='ltr'><strong>scriba</strong></span> <span class='ocrx_word' id='word_1_187' title='bbox 938 3544 1085 3591; x_wconf 89' lang='lat' dir='ltr'><strong>tenet</strong></span> <span class='ocrx_word' id='word_1_188' title='bbox 1106 3540 1313 3601; x_wconf 78' lang='lat' dir='ltr'><strong>etelesti</strong></span> <span class='ocrx_word' id='word_1_189' title='bbox 1340 3544 1392 3596; x_wconf 91' lang='lat' dir='ltr'><strong>in</strong></span> <span class='ocrx_word' id='word_1_190' title='bbox 1413 3558 1537 3598; x_wconf 86' lang='lat' dir='ltr'><strong>arce</strong></span> <span class='ocrx_word' id='word_1_191' title='bbox 1560 3545 1783 3613; x_wconf 84' lang='lat' dir='ltr'><strong>libellos,</strong></span> 
     </span>
    </p>
   </div>
   <div class='ocr_carea' id='block_1_37' title="bbox 548 3624 1546 3703">
    <p class='ocr_par' dir='ltr' id='par_1_37' title="bbox 548 3624 1546 3703">
     <span class='ocr_line' id='line_1_37' title="bbox 548 3624 1546 3703; baseline 0.016 -28"><span class='ocrx_word' id='word_1_192' title='bbox 548 3624 685 3677; x_wconf 84' lang='lat' dir='ltr'><strong>Ante</strong></span> <span class='ocrx_word' id='word_1_193' title='bbox 706 3625 800 3680; x_wconf 89' lang='lat' dir='ltr'><strong>Dei</strong></span> <span class='ocrx_word' id='word_1_194' title='bbox 822 3625 1011 3689; x_wconf 78' lang='lat' dir='ltr'><strong>faciem</strong></span> <span class='ocrx_word' id='word_1_195' title='bbox 1037 3631 1251 3685; x_wconf 91' lang='lat' dir='ltr'><strong>nomine</strong></span> <span class='ocrx_word' id='word_1_196' title='bbox 1264 3630 1546 3703; x_wconf 76' lang='lat' dir='ltr'><strong>perpetuo.</strong></span> 
     </span>
    </p>
   </div>
   <div class='ocr_carea' id='block_1_38' title="bbox 1141 3739 1341 3798">
    <p class='ocr_par' dir='ltr' id='par_1_38' title="bbox 1141 3739 1341 3798">
     <span class='ocr_line' id='line_1_38' title="bbox 1141 3739 1341 3798; baseline 0.02 -4"><span class='ocrx_word' id='word_1_197' title='bbox 1141 3739 1341 3798; x_wconf 80' lang='lat' dir='ltr'>CXCIII</span> 
     </span>
    </p>
   </div>
   <div class='ocr_carea' id='block_1_39' title="bbox 650 3822 1861 3908">
    <p class='ocr_par' dir='ltr' id='par_1_39' title="bbox 650 3822 1861 3908">
     <span class='ocr_line' id='line_1_39' title="bbox 650 3822 1861 3908; baseline 0.018 -35"><span class='ocrx_word' id='word_1_198' title='bbox 650 3822 731 3875; x_wconf 79' lang='lat' dir='ltr'><strong>Ad</strong></span> <span class='ocrx_word' id='word_1_199' title='bbox 766 3839 913 3877; x_wconf 90' lang='lat' dir='ltr'><strong>aram</strong></span> <span class='ocrx_word' id='word_1_200' title='bbox 937 3836 1236 3899; x_wconf 86' lang='lat' dir='ltr'><strong>sanctorum</strong></span> <span class='ocrx_word' id='word_1_201' title='bbox 1264 3829 1509 3888; x_wconf 83' lang='lat' dir='ltr'><strong>Germani</strong></span> <span class='ocrx_word' id='word_1_202' title='bbox 1532 3846 1581 3891; x_wconf 86' lang='lat' dir='ltr'><strong>et</strong></span> <span class='ocrx_word' id='word_1_203' title='bbox 1615 3838 1861 3908; x_wconf 75' lang='lat' dir='ltr'><strong>aliorum.</strong></span> 
     </span>
    </p>
   </div>
   <div class='ocr_carea' id='block_1_40' title="bbox 474 3904 1668 3984">
    <p class='ocr_par' dir='ltr' id='par_1_40' title="bbox 474 3904 1668 3984">
     <span class='ocr_line' id='line_1_40' title="bbox 474 3904 1668 3984; baseline 0.018 -23"><span class='ocrx_word' id='word_1_204' title='bbox 474 3908 761 3966; x_wconf 87' lang='lat' dir='ltr'><strong>Confessor</strong></span> <span class='ocrx_word' id='word_1_205' title='bbox 785 3912 908 3968; x_wconf 88' lang='lat' dir='ltr'><strong>Iidci</strong></span> <span class='ocrx_word' id='word_1_206' title='bbox 934 3917 1140 3973; x_wconf 84' lang='lat' dir='ltr'><strong>meritis</strong></span> <span class='ocrx_word' id='word_1_207' title='bbox 1169 3904 1223 3973; x_wconf 89' lang='lat' dir='ltr'><strong>et</strong></span> <span class='ocrx_word' id='word_1_208' title='bbox 1247 3924 1461 3979; x_wconf 89' lang='lat' dir='ltr'><strong>nomine</strong></span> <span class='ocrx_word' id='word_1_209' title='bbox 1490 3927 1668 3984; x_wconf 87' lang='lat' dir='ltr'><strong>clarus</strong></span> 
     </span>
    </p>
   </div>
   <div class='ocr_carea' id='block_1_41' title="bbox 543 3999 1677 4085">
    <p class='ocr_par' dir='ltr' id='par_1_41' title="bbox 543 3999 1677 4085">
     <span class='ocr_line' id='line_1_41' title="bbox 543 3999 1677 4085; baseline 0.017 -31"><span class='ocrx_word' id='word_1_210' title='bbox 543 3999 842 4058; x_wconf 85' lang='lat' dir='ltr'><strong>Germanus</strong></span> <span class='ocrx_word' id='word_1_211' title='bbox 860 4003 1073 4075; x_wconf 65' lang='lat' dir='ltr'><strong>praesul,</strong></span> <span class='ocrx_word' id='word_1_212' title='bbox 1097 4020 1279 4078; x_wconf 88' lang='lat' dir='ltr'><strong>pastor</strong></span> <span class='ocrx_word' id='word_1_213' title='bbox 1300 4022 1359 4067; x_wconf 90' lang='lat' dir='ltr'><strong>et</strong></span> <span class='ocrx_word' id='word_1_214' title='bbox 1379 4004 1493 4085; x_wconf 87' lang='lat' dir='ltr'><strong>ipse</strong></span> <span class='ocrx_word' id='word_1_215' title='bbox 1513 4018 1632 4085; x_wconf 91' lang='lat' dir='ltr'><strong>pius</strong></span> <span class='ocrx_word' id='word_1_216' title='bbox 1662 4036 1677 4074; x_wconf 90' lang='lat'><strong>:</strong></span> 
     </span>
    </p>
   </div>
   <div class='ocr_carea' id='block_1_42' title="bbox 474 4091 1829 4179">
    <p class='ocr_par' dir='ltr' id='par_1_42' title="bbox 474 4091 1829 4179">
     <span class='ocr_line' id='line_1_42' title="bbox 474 4091 1829 4179; baseline 0.018 -36"><span class='ocrx_word' id='word_1_217' title='bbox 474 4091 569 4145; x_wconf 86' lang='lat' dir='ltr'><strong>Cui</strong></span> <span class='ocrx_word' id='word_1_218' title='bbox 596 4092 963 4149; x_wconf 83' lang='lat' dir='ltr'><strong>confessorum</strong></span> <span class='ocrx_word' id='word_1_219' title='bbox 993 4099 1094 4152; x_wconf 92' lang='lat' dir='ltr'><strong>hac</strong></span> <span class='ocrx_word' id='word_1_220' title='bbox 1122 4101 1365 4171; x_wconf 88' lang='lat' dir='ltr'><strong>jungitur</strong></span> <span class='ocrx_word' id='word_1_221' title='bbox 1400 4119 1588 4172; x_wconf 86' lang='lat' dir='ltr'><strong>agmen</strong></span> <span class='ocrx_word' id='word_1_222' title='bbox 1630 4110 1683 4163; x_wconf 91' lang='lat' dir='ltr'><strong>in</strong></span> <span class='ocrx_word' id='word_1_223' title='bbox 1714 4126 1829 4179; x_wconf 82' lang='lat' dir='ltr'><strong>ara,</strong></span> 
     </span>
    </p>
   </div>
   <div class='ocr_carea' id='block_1_43' title="bbox 542 4178 1782 4268">
    <p class='ocr_par' dir='ltr' id='par_1_43' title="bbox 542 4178 1782 4268">
     <span class='ocr_line' id='line_1_43' title="bbox 542 4178 1782 4268; baseline 0.019 -36"><span class='ocrx_word' id='word_1_224' title='bbox 542 4178 650 4235; x_wconf 86' lang='lat' dir='ltr'><strong>Nos</strong></span> <span class='ocrx_word' id='word_1_225' title='bbox 675 4183 923 4251; x_wconf 88' lang='lat' dir='ltr'><strong>precibus</strong></span> <span class='ocrx_word' id='word_1_226' title='bbox 951 4201 1174 4254; x_wconf 89' lang='lat' dir='ltr'><strong>quorum</strong></span> <span class='ocrx_word' id='word_1_227' title='bbox 1203 4202 1381 4248; x_wconf 81' lang='lat' dir='ltr'><strong>servet</strong></span> <span class='ocrx_word' id='word_1_228' title='bbox 1406 4197 1601 4268; x_wconf 91' lang='lat' dir='ltr'><strong>ubique</strong></span> <span class='ocrx_word' id='word_1_229' title='bbox 1623 4200 1782 4257; x_wconf 88' lang='lat' dir='ltr'><strong>Deus.</strong></span> 
     </span>
    </p>
   </div>
   <div class='ocr_carea' id='block_1_44' title="bbox 1143 4279 1363 4337">
    <p class='ocr_par' dir='ltr' id='par_1_44' title="bbox 1143 4279 1363 4337">
     <span class='ocr_line' id='line_1_44' title="bbox 1143 4279 1363 4337; baseline 0.009 -4"><span class='ocrx_word' id='word_1_230' title='bbox 1143 4279 1363 4337; x_wconf 84' lang='lat' dir='ltr'><strong>CXCIV.</strong></span> 
     </span>
    </p>
   </div>
   <div class='ocr_carea' id='block_1_45' title="bbox 680 4362 1849 4434">
    <p class='ocr_par' dir='ltr' id='par_1_45' title="bbox 680 4362 1849 4434">
     <span class='ocr_line' id='line_1_45' title="bbox 680 4362 1849 4434; baseline 0.015 -19"><span class='ocrx_word' id='word_1_231' title='bbox 680 4362 760 4416; x_wconf 81' lang='lat' dir='ltr'><strong>Ad</strong></span> <span class='ocrx_word' id='word_1_232' title='bbox 785 4380 936 4418; x_wconf 89' lang='lat' dir='ltr'><strong>aram</strong></span> <span class='ocrx_word' id='word_1_233' title='bbox 965 4378 1263 4425; x_wconf 82' lang='lat' dir='ltr'><strong>sanctorum</strong></span> <span class='ocrx_word' id='word_1_234' title='bbox 1293 4372 1508 4433; x_wconf 76' lang='lat' dir='ltr'><strong>Martini</strong></span> <span class='ocrx_word' id='word_1_235' title='bbox 1529 4388 1577 4433; x_wconf 84' lang='lat' dir='ltr'><strong>et</strong></span> <span class='ocrx_word' id='word_1_236' title='bbox 1602 4378 1849 4434; x_wconf 83' lang='lat' dir='ltr'><strong>aliarum.</strong></span> 
     </span>
    </p>
   </div>
   <div class='ocr_carea' id='block_1_46' title="bbox 386 4451 2034 4543">
    <p class='ocr_par' dir='ltr' id='par_1_46' title="bbox 386 4451 2034 4543">
     <span class='ocr_line' id='line_1_46' title="bbox 386 4451 2034 4543; baseline 0.013 -36"><span class='ocrx_word' id='word_1_237' title='bbox 386 4484 397 4487; x_wconf 94' lang='lat'><strong><em>-</em></strong></span> <span class='ocrx_word' id='word_1_238' title='bbox 442 4466 443 4469; x_wconf 75' lang='lat'>‘</span> <span class='ocrx_word' id='word_1_239' title='bbox 476 4451 585 4509; x_wconf 84' lang='lat' dir='ltr'><strong>Hac</strong></span> <span class='ocrx_word' id='word_1_240' title='bbox 602 4464 1025 4532; x_wconf 59' lang='lat' dir='ltr'><strong>sacratusamor</strong></span> <span class='ocrx_word' id='word_1_241' title='bbox 1046 4458 1161 4531; x_wconf 88' lang='lat' dir='ltr'><strong>[F.,</strong></span> <span class='ocrx_word' id='word_1_242' title='bbox 1194 4463 1385 4536; x_wconf 85' lang='lat' dir='ltr'><strong>honor]</strong></span> <span class='ocrx_word' id='word_1_243' title='bbox 1422 4456 1632 4523; x_wconf 82' lang='lat' dir='ltr'><strong>Martini</strong></span> <span class='ocrx_word' id='word_1_244' title='bbox 1659 4470 1826 4543; x_wconf 84' lang='lat' dir='ltr'><strong>fulget</strong></span> <span class='ocrx_word' id='word_1_245' title='bbox 1844 4474 1896 4527; x_wconf 91' lang='lat' dir='ltr'><strong>in</strong></span> <span class='ocrx_word' id='word_1_246' title='bbox 1920 4489 2034 4541; x_wconf 87' lang='lat' dir='ltr'><strong>ara,</strong></span> 
     </span>
    </p>
   </div>
   <div class='ocr_carea' id='block_1_47' title="bbox 542 4541 1855 4621">
    <p class='ocr_par' dir='ltr' id='par_1_47' title="bbox 542 4541 1855 4621">
     <span class='ocr_line' id='line_1_47' title="bbox 542 4541 1855 4621; baseline 0.018 -26"><span class='ocrx_word' id='word_1_247' title='bbox 542 4541 711 4611; x_wconf 87' lang='lat' dir='ltr'><strong>Quem</strong></span> <span class='ocrx_word' id='word_1_248' title='bbox 736 4546 863 4600; x_wconf 85' lang='lat' dir='ltr'><strong>colit</strong></span> <span class='ocrx_word' id='word_1_249' title='bbox 884 4547 1114 4619; x_wconf 87' lang='lat' dir='ltr'><strong>Europa,</strong></span> <span class='ocrx_word' id='word_1_250' title='bbox 1147 4566 1306 4621; x_wconf 88' lang='lat' dir='ltr'><strong>quem</strong></span> <span class='ocrx_word' id='word_1_251' title='bbox 1334 4556 1490 4611; x_wconf 89' lang='lat' dir='ltr'><strong>simul</strong></span> <span class='ocrx_word' id='word_1_252' title='bbox 1519 4560 1664 4617; x_wconf 88' lang='lat' dir='ltr'><strong>orbis</strong></span> <span class='ocrx_word' id='word_1_253' title='bbox 1694 4541 1855 4617; x_wconf 86' lang='lat' dir='ltr'><strong>amat.</strong></span> 
     </span>
    </p>
   </div>
   <div class='ocr_carea' id='block_1_48' title="bbox 446 4628 1756 4715">
    <p class='ocr_par' dir='ltr' id='par_1_48' title="bbox 446 4628 1756 4715">
     <span class='ocr_line' id='line_1_48' title="bbox 446 4628 1756 4715; baseline 0.021 -35"><span class='ocrx_word' id='word_1_254' title='bbox 446 4642 447 4645; x_wconf 72' lang='lat'>‘</span> <span class='ocrx_word' id='word_1_255' title='bbox 474 4628 695 4699; x_wconf 79' lang='lat' dir='ltr'><strong>Agmina</strong></span> <span class='ocrx_word' id='word_1_256' title='bbox 720 4648 873 4687; x_wconf 85' lang='lat' dir='ltr'><strong>saera</strong></span> <span class='ocrx_word' id='word_1_257' title='bbox 899 4638 985 4690; x_wconf 91' lang='lat' dir='ltr'><strong>cui</strong></span> <span class='ocrx_word' id='word_1_258' title='bbox 1014 4653 1206 4708; x_wconf 87' lang='lat' dir='ltr'><strong>magna</strong></span> <span class='ocrx_word' id='word_1_259' title='bbox 1228 4642 1528 4715; x_wconf 79' lang='lat' dir='ltr'><strong>junguntur</strong></span> <span class='ocrx_word' id='word_1_260' title='bbox 1554 4650 1756 4709; x_wconf 88' lang='lat' dir='ltr'><strong>honore</strong></span> 
     </span>
    </p>
   </div>
   <div class='ocr_carea' id='block_1_49' title="bbox 545 4717 1663 4803">
    <p class='ocr_par' dir='ltr' id='par_1_49' title="bbox 545 4717 1663 4803">
     <span class='ocr_line' id='line_1_49' title="bbox 545 4717 1663 4803; baseline 0.018 -28"><span class='ocrx_word' id='word_1_261' title='bbox 545 4717 865 4777; x_wconf 88' lang='lat' dir='ltr'><strong>Sanctorum</strong></span> <span class='ocrx_word' id='word_1_262' title='bbox 886 4725 1106 4793; x_wconf 88' lang='lat' dir='ltr'><strong>pariter,</strong></span> <span class='ocrx_word' id='word_1_263' title='bbox 1135 4728 1232 4797; x_wconf 83' lang='lat' dir='ltr'><strong>per</strong></span> <span class='ocrx_word' id='word_1_264' title='bbox 1254 4734 1343 4801; x_wconf 82' lang='lat' dir='ltr'><strong>pia</strong></span> <span class='ocrx_word' id='word_1_265' title='bbox 1370 4744 1495 4792; x_wconf 87' lang='lat' dir='ltr'><strong>vota</strong></span> <span class='ocrx_word' id='word_1_266' title='bbox 1519 4737 1663 4803; x_wconf 82' lang='lat' dir='ltr'><strong>ﬁdei.</strong></span> 
     </span>
    </p>
   </div>
   <div class='ocr_carea' id='block_1_50' title="bbox 1054 4838 1448 4929">
    <p class='ocr_par' dir='ltr' id='par_1_50' title="bbox 1054 4838 1448 4929">
     <span class='ocr_line' id='line_1_50' title="bbox 1054 4838 1448 4929; baseline 0.01 -34"><span class='ocrx_word' id='word_1_267' title='bbox 1054 4838 1229 4929; x_wconf 17' lang='lat'><strong>225,</strong></span> <span class='ocrx_word' id='word_1_268' title='bbox 1248 4841 1448 4929; x_wconf 82' lang='lat' dir='ltr'><strong>excv.</strong></span> 
     </span>
    </p>
   </div>
   <div class='ocr_carea' id='block_1_51' title="bbox 648 4926 1854 5007">
    <p class='ocr_par' dir='ltr' id='par_1_51' title="bbox 648 4926 1854 5007">
     <span class='ocr_line' id='line_1_51' title="bbox 648 4926 1854 5007; baseline 0.016 -29"><span class='ocrx_word' id='word_1_269' title='bbox 648 4926 727 4979; x_wconf 74' lang='lat' dir='ltr'><strong>Ad</strong></span> <span class='ocrx_word' id='word_1_270' title='bbox 755 4943 902 4981; x_wconf 89' lang='lat' dir='ltr'><strong>aram</strong></span> <span class='ocrx_word' id='word_1_271' title='bbox 929 4926 1227 4985; x_wconf 80' lang='lat' dir='ltr'><strong>sanctorum</strong></span> <span class='ocrx_word' id='word_1_272' title='bbox 1267 4927 1502 4990; x_wconf 77' lang='lat' dir='ltr'><strong>Remedii</strong></span> <span class='ocrx_word' id='word_1_273' title='bbox 1530 4945 1578 4991; x_wconf 83' lang='lat' dir='ltr'><strong>et</strong></span> <span class='ocrx_word' id='word_1_274' title='bbox 1612 4939 1854 5007; x_wconf 76' lang='lat' dir='ltr'><strong>aliorum.</strong></span> 
     </span>
    </p>
   </div>
   <div class='ocr_carea' id='block_1_52' title="bbox 481 5016 1899 5098">
    <p class='ocr_par' dir='ltr' id='par_1_52' title="bbox 481 5016 1899 5098">
     <span class='ocr_line' id='line_1_52' title="bbox 481 5016 1899 5098; baseline 0.014 -29"><span class='ocrx_word' id='word_1_275' title='bbox 481 5016 625 5073; x_wconf 83' lang='lat' dir='ltr'><strong>lianc</strong></span> <span class='ocrx_word' id='word_1_276' title='bbox 651 5019 810 5074; x_wconf 88' lang='lat' dir='ltr'><strong>Pater</strong></span> <span class='ocrx_word' id='word_1_277' title='bbox 835 5026 1103 5095; x_wconf 85' lang='lat' dir='ltr'><strong>egregius,</strong></span> <span class='ocrx_word' id='word_1_278' title='bbox 1128 5027 1419 5098; x_wconf 91' lang='lat' dir='ltr'><strong>doctorque</strong></span> <span class='ocrx_word' id='word_1_279' title='bbox 1442 5028 1731 5089; x_wconf 85' lang='lat' dir='ltr'><strong>Remedius</strong></span> <span class='ocrx_word' id='word_1_280' title='bbox 1750 5050 1899 5089; x_wconf 90' lang='lat' dir='ltr'><strong>aram</strong></span> 
     </span>
    </p>
   </div>
   <div class='ocr_carea' id='block_1_53' title="bbox 546 5110 1612 5192">
    <p class='ocr_par' dir='ltr' id='par_1_53' title="bbox 546 5110 1612 5192">
     <span class='ocr_line' id='line_1_53' title="bbox 546 5110 1612 5192; baseline 0.01 -26"><span class='ocrx_word' id='word_1_281' title='bbox 546 5110 676 5166; x_wconf 86' lang='lat' dir='ltr'><strong>Cum</strong></span> <span class='ocrx_word' id='word_1_282' title='bbox 699 5112 861 5168; x_wconf 89' lang='lat' dir='ltr'><strong>sociis</strong></span> <span class='ocrx_word' id='word_1_283' title='bbox 877 5114 1025 5190; x_wconf 66' lang='lat' dir='ltr'><strong>vitae,</strong></span> <span class='ocrx_word' id='word_1_284' title='bbox 1056 5128 1235 5179; x_wconf 77' lang='lat' dir='ltr'><strong>servat</strong></span> <span class='ocrx_word' id='word_1_285' title='bbox 1256 5122 1451 5192; x_wconf 88' lang='lat' dir='ltr'><strong>ubique</strong></span> <span class='ocrx_word' id='word_1_286' title='bbox 1482 5124 1612 5182; x_wconf 84' lang='lat' dir='ltr'><strong>suis.</strong></span> 
     </span>
    </p>
   </div>
   <div class='ocr_carea' id='block_1_54' title="bbox 480 5198 1735 5280">
    <p class='ocr_par' dir='ltr' id='par_1_54' title="bbox 480 5198 1735 5280">
     <span class='ocr_line' id='line_1_54' title="bbox 480 5198 1735 5280; baseline 0.016 -29"><span class='ocrx_word' id='word_1_287' title='bbox 480 5198 621 5265; x_wconf 82' lang='lat' dir='ltr'><strong>Quos</strong></span> <span class='ocrx_word' id='word_1_288' title='bbox 638 5201 725 5270; x_wconf 84' lang='lat' dir='ltr'><strong>pia</strong></span> <span class='ocrx_word' id='word_1_289' title='bbox 751 5216 881 5256; x_wconf 91' lang='lat' dir='ltr'><strong>cura</strong></span> <span class='ocrx_word' id='word_1_290' title='bbox 901 5202 1058 5257; x_wconf 86' lang='lat' dir='ltr'><strong>simul</strong></span> <span class='ocrx_word' id='word_1_291' title='bbox 1086 5220 1269 5263; x_wconf 88' lang='lat' dir='ltr'><strong>mensa</strong></span> <span class='ocrx_word' id='word_1_292' title='bbox 1296 5212 1509 5266; x_wconf 86' lang='lat' dir='ltr'><strong>satiavit</strong></span> <span class='ocrx_word' id='word_1_293' title='bbox 1534 5215 1587 5267; x_wconf 92' lang='lat' dir='ltr'><strong>in</strong></span> <span class='ocrx_word' id='word_1_294' title='bbox 1616 5214 1735 5280; x_wconf 88' lang='lat' dir='ltr'><strong>ista,</strong></span> 
     </span>
    </p>
   </div>
   <div class='ocr_carea' id='block_1_55' title="bbox 547 5287 1628 5367">
    <p class='ocr_par' dir='ltr' id='par_1_55' title="bbox 547 5287 1628 5367">
     <span class='ocr_line' id='line_1_55' title="bbox 547 5287 1628 5367; baseline 0.01 -23"><span class='ocrx_word' id='word_1_295' title='bbox 547 5287 645 5357; x_wconf 87' lang='lat' dir='ltr'><strong>Qui</strong></span> <span class='ocrx_word' id='word_1_296' title='bbox 663 5290 837 5346; x_wconf 77' lang='lat' dir='ltr'><strong>erexit</strong></span> <span class='ocrx_word' id='word_1_297' title='bbox 862 5289 1027 5357; x_wconf 83' lang='lat' dir='ltr'><strong>illam,</strong></span> <span class='ocrx_word' id='word_1_298' title='bbox 1052 5294 1249 5367; x_wconf 81' lang='lat' dir='ltr'><strong>quique</strong></span> <span class='ocrx_word' id='word_1_299' title='bbox 1268 5298 1467 5356; x_wconf 79' lang='lat' dir='ltr'><strong>dicavit</strong></span> <span class='ocrx_word' id='word_1_300' title='bbox 1487 5302 1628 5359; x_wconf 61' lang='lat' dir='ltr'><strong>eam</strong></span> 
     </span>
    </p>
   </div>
   <div class='ocr_carea' id='block_1_56' title="bbox 899 5402 1521 5477">
    <p class='ocr_par' dir='ltr' id='par_1_56' title="bbox 899 5402 1521 5477">
     <span class='ocr_line' id='line_1_56' title="bbox 899 5402 1521 5477; baseline 0.008 -17"><span class='ocrx_word' id='word_1_301' title='bbox 899 5408 903 5411; x_wconf 84' lang='grc'><em>’</em></span> <span class='ocrx_word' id='word_1_302' title='bbox 1152 5404 1375 5477; x_wconf 79' lang='lat' dir='ltr'><strong>CXCVI.</strong></span> <span class='ocrx_word' id='word_1_303' title='bbox 1518 5402 1521 5403; x_wconf 18' lang='grc' dir='ltr'><em>ν</em></span> 
     </span>
    </p>
   </div>
   <div class='ocr_carea' id='block_1_57' title="bbox 686 5486 1806 5577">
    <p class='ocr_par' dir='ltr' id='par_1_57' title="bbox 686 5486 1806 5577">
     <span class='ocr_line' id='line_1_57' title="bbox 686 5486 1806 5577; baseline 0.013 -32"><span class='ocrx_word' id='word_1_304' title='bbox 686 5486 779 5546; x_wconf 70' lang='grc' dir='ltr'><strong><em>ΑΔ</em></strong></span> <span class='ocrx_word' id='word_1_305' title='bbox 808 5492 1074 5571; x_wconf 68' lang='lat' dir='ltr'><strong>ecclesiam</strong></span> <span class='ocrx_word' id='word_1_306' title='bbox 1095 5497 1263 5550; x_wconf 79' lang='lat' dir='ltr'><strong>sancti</strong></span> <span class='ocrx_word' id='word_1_307' title='bbox 1296 5496 1561 5555; x_wconf 73' lang='lat' dir='ltr'><strong>Benediczi</strong></span> <span class='ocrx_word' id='word_1_308' title='bbox 1588 5504 1806 5577; x_wconf 69' lang='lat' dir='ltr'><strong>abbatis.</strong></span> 
     </span>
    </p>
   </div>
   <div class='ocr_carea' id='block_1_58' title="bbox 487 5574 1754 5662">
    <p class='ocr_par' dir='ltr' id='par_1_58' title="bbox 487 5574 1754 5662">
     <span class='ocr_line' id='line_1_58' title="bbox 487 5574 1754 5662; baseline 0.013 -31"><span class='ocrx_word' id='word_1_309' title='bbox 487 5574 629 5646; x_wconf 54' lang='lat' dir='ltr'><strong>Hac,</strong></span> <span class='ocrx_word' id='word_1_310' title='bbox 650 5577 955 5647; x_wconf 75' lang='lat' dir='ltr'><strong>Benedicto,</strong></span> <span class='ocrx_word' id='word_1_311' title='bbox 988 5586 1101 5650; x_wconf 87' lang='lat' dir='ltr'><strong>tibi,</strong></span> <span class='ocrx_word' id='word_1_312' title='bbox 1131 5586 1251 5657; x_wconf 84' lang='lat' dir='ltr'><strong>pius</strong></span> <span class='ocrx_word' id='word_1_313' title='bbox 1270 5585 1410 5644; x_wconf 76' lang='lat' dir='ltr'><strong>abba</strong></span> <span class='ocrx_word' id='word_1_314' title='bbox 1438 5593 1754 5662; x_wconf 85' lang='lat' dir='ltr'><strong>monachus,</strong></span> 
     </span>
    </p>
   </div>
   <div class='ocr_carea' id='block_1_59' title="bbox 552 5668 1711 5742">
    <p class='ocr_par' dir='ltr' id='par_1_59' title="bbox 552 5668 1711 5742">
     <span class='ocr_line' id='line_1_59' title="bbox 552 5668 1711 5742; baseline 0.011 -18"><span class='ocrx_word' id='word_1_315' title='bbox 552 5668 835 5725; x_wconf 81' lang='lat' dir='ltr'><strong>Coufessor</strong></span> <span class='ocrx_word' id='word_1_316' title='bbox 871 5682 1068 5742; x_wconf 87' lang='lat' dir='ltr'><strong>vester,</strong></span> <span class='ocrx_word' id='word_1_317' title='bbox 1100 5684 1239 5731; x_wconf 86' lang='lat' dir='ltr'><strong>tecta</strong></span> <span class='ocrx_word' id='word_1_318' title='bbox 1270 5678 1441 5734; x_wconf 80' lang='lat' dir='ltr'><strong>dicata</strong></span> <span class='ocrx_word' id='word_1_319' title='bbox 1471 5692 1711 5739; x_wconf 76' lang='lat' dir='ltr'><strong>manent;</strong></span> 
     </span>
    </p>
   </div>
   <div class='ocr_carea' id='block_1_60' title="bbox 1483 290 2771 383">
    <p class='ocr_par' dir='ltr' id='par_1_60' title="bbox 1483 290 2771 383">
     <span class='ocr_line' id='line_1_60' title="bbox 1483 290 2771 383; baseline 0.001 -3"><span class='ocrx_word' id='word_1_320' title='bbox 1483 290 1810 381; x_wconf 63' lang='lat' dir='ltr'><strong>casurus.</strong></span> <span class='ocrx_word' id='word_1_321' title='bbox 1851 358 1919 367; x_wconf 91' lang='lat'><strong>—</strong></span> <span class='ocrx_word' id='word_1_322' title='bbox 1957 325 2481 383; x_wconf 68' lang='lat' dir='ltr'><strong>INSCRIPTIONES</strong></span> <span class='ocrx_word' id='word_1_323' title='bbox 2516 328 2771 383; x_wconf 62' lang='lat' dir='ltr'><strong>vanus.</strong></span> 
     </span>
    </p>
   </div>
   <div class='ocr_carea' id='block_1_61' title="bbox 3642 340 3742 395">
    <p class='ocr_par' dir='ltr' id='par_1_61' title="bbox 3642 340 3742 395">
     <span class='ocr_line' id='line_1_61' title="bbox 3642 340 3742 395; baseline 0.01 -1"><span class='ocrx_word' id='word_1_324' title='bbox 3642 340 3742 395; x_wconf 61' lang='lat'><strong>774</strong></span> 
     </span>
    </p>
   </div>
   <div class='ocr_carea' id='block_1_62' title="bbox 2101 439 3672 517">
    <p class='ocr_par' dir='ltr' id='par_1_62' title="bbox 2101 439 3672 517">
     <span class='ocr_line' id='line_1_62' title="bbox 2101 439 3672 517; baseline 0.01 -26"><span class='ocrx_word' id='word_1_325' title='bbox 2101 454 2150 511; x_wconf 63' lang='grc' dir='ltr'>Α</span> <span class='ocrx_word' id='word_1_326' title='bbox 2175 439 2353 493; x_wconf 87' lang='lat' dir='ltr'><strong>Turba</strong></span> <span class='ocrx_word' id='word_1_327' title='bbox 2376 440 2757 495; x_wconf 83' lang='lat' dir='ltr'><strong>monachorum</strong></span> <span class='ocrx_word' id='word_1_328' title='bbox 2786 440 3024 496; x_wconf 85' lang='lat' dir='ltr'><strong>celebrat</strong></span> <span class='ocrx_word' id='word_1_329' title='bbox 3062 454 3112 497; x_wconf 82' lang='lat' dir='ltr'><strong>te</strong></span> <span class='ocrx_word' id='word_1_330' title='bbox 3138 456 3320 501; x_wconf 90' lang='lat' dir='ltr'><strong>saneta</strong></span> <span class='ocrx_word' id='word_1_331' title='bbox 3349 463 3443 517; x_wconf 87' lang='lat' dir='ltr'><strong>per</strong></span> <span class='ocrx_word' id='word_1_332' title='bbox 3468 451 3672 515; x_wconf 83' lang='lat' dir='ltr'><strong>orbem,</strong></span> 
     </span>
    </p>
   </div>
   <div class='ocr_carea' id='block_1_63' title="bbox 2238 530 3334 605">
    <p class='ocr_par' dir='ltr' id='par_1_63' title="bbox 2238 530 3334 605">
     <span class='ocr_line' id='line_1_63' title="bbox 2238 530 3334 605; baseline 0.008 -22"><span class='ocrx_word' id='word_1_333' title='bbox 2238 531 2477 596; x_wconf 86' lang='lat' dir='ltr'><strong>Quorum</strong></span> <span class='ocrx_word' id='word_1_334' title='bbox 2505 532 2611 585; x_wconf 85' lang='lat' dir='ltr'><strong>vita</strong></span> <span class='ocrx_word' id='word_1_335' title='bbox 2640 530 2741 586; x_wconf 86' lang='lat' dir='ltr'><strong>fuit</strong></span> <span class='ocrx_word' id='word_1_336' title='bbox 2766 532 2966 588; x_wconf 85' lang='lat' dir='ltr'><strong>famine</strong></span> <span class='ocrx_word' id='word_1_337' title='bbox 2995 536 3195 605; x_wconf 85' lang='lat' dir='ltr'><strong>scripta</strong></span> <span class='ocrx_word' id='word_1_338' title='bbox 3224 547 3334 592; x_wconf 89' lang='lat' dir='ltr'><strong>tuo.</strong></span> 
     </span>
    </p>
   </div>
   <div class='ocr_carea' id='block_1_64' title="bbox 2168 618 3669 698">
    <p class='ocr_par' dir='ltr' id='par_1_64' title="bbox 2168 618 3669 698">
     <span class='ocr_line' id='line_1_64' title="bbox 2168 618 3669 698; baseline 0.011 -26"><span class='ocrx_word' id='word_1_339' title='bbox 2168 618 2241 673; x_wconf 89' lang='lat' dir='ltr'><strong>Te</strong></span> <span class='ocrx_word' id='word_1_340' title='bbox 2270 636 2483 691; x_wconf 89' lang='lat' dir='ltr'><strong>quoque</strong></span> <span class='ocrx_word' id='word_1_341' title='bbox 2510 631 2694 676; x_wconf 89' lang='lat' dir='ltr'><strong>sancta</strong></span> <span class='ocrx_word' id='word_1_342' title='bbox 2722 623 2917 678; x_wconf 88' lang='lat' dir='ltr'><strong>cohors</strong></span> <span class='ocrx_word' id='word_1_343' title='bbox 2946 624 3169 681; x_wconf 85' lang='lat' dir='ltr'><strong>fratrum</strong></span> <span class='ocrx_word' id='word_1_344' title='bbox 3198 631 3503 698; x_wconf 73' lang='lat' dir='ltr'><strong>specialiter</strong></span> <span class='ocrx_word' id='word_1_345' title='bbox 3530 634 3669 694; x_wconf 85' lang='lat' dir='ltr'><strong>istic.</strong></span> 
     </span>
    </p>
   </div>
   <div class='ocr_carea' id='block_1_65' title="bbox 2234 709 3494 808">
    <p class='ocr_par' dir='ltr' id='par_1_65' title="bbox 2234 709 3494 808">
     <span class='ocr_line' id='line_1_65' title="bbox 2234 709 3494 808; baseline 0.013 -46"><span class='ocrx_word' id='word_1_346' title='bbox 2234 709 2478 773; x_wconf 78' lang='lat' dir='ltr'><strong>Assiduis</strong></span> <span class='ocrx_word' id='word_1_347' title='bbox 2502 713 2775 782; x_wconf 88' lang='lat' dir='ltr'><strong>precibus,</strong></span> <span class='ocrx_word' id='word_1_348' title='bbox 2808 714 3007 808; x_wconf 33' lang='lat' dir='ltr'><strong>laudat},</strong></span> <span class='ocrx_word' id='word_1_349' title='bbox 3037 716 3283 783; x_wconf 87' lang='lat' dir='ltr'><strong>honorat,</strong></span> <span class='ocrx_word' id='word_1_350' title='bbox 3310 732 3455 777; x_wconf 87' lang='lat' dir='ltr'><strong>amat</strong></span> <span class='ocrx_word' id='word_1_351' title='bbox 3479 740 3494 789; x_wconf 92' lang='lat'><strong>;</strong></span> 
     </span>
    </p>
   </div>
   <div class='ocr_carea' id='block_1_66' title="bbox 2166 798 3669 883">
    <p class='ocr_par' dir='ltr' id='par_1_66' title="bbox 2166 798 3669 883">
     <span class='ocr_line' id='line_1_66' title="bbox 2166 798 3669 883; baseline 0.009 -31"><span class='ocrx_word' id='word_1_352' title='bbox 2166 798 2291 853; x_wconf 72' lang='grc' dir='ltr'><strong>ΠίΕο</strong></span> <span class='ocrx_word' id='word_1_353' title='bbox 2319 801 2521 869; x_wconf 88' lang='lat' dir='ltr'><strong>quibus</strong></span> <span class='ocrx_word' id='word_1_354' title='bbox 2540 802 2662 854; x_wconf 88' lang='lat' dir='ltr'><strong>aula</strong></span> <span class='ocrx_word' id='word_1_355' title='bbox 2692 812 2838 871; x_wconf 88' lang='lat' dir='ltr'><strong>patet</strong></span> <span class='ocrx_word' id='word_1_356' title='bbox 2868 798 3130 860; x_wconf 81' lang='lat' dir='ltr'><strong>nocturno</strong></span> <span class='ocrx_word' id='word_1_357' title='bbox 3159 816 3398 878; x_wconf 89' lang='lat' dir='ltr'><strong>tempore</strong></span> <span class='ocrx_word' id='word_1_358' title='bbox 3433 828 3669 883; x_wconf 79' lang='lat' dir='ltr'><strong>semper.</strong></span> 
     </span>
    </p>
   </div>
   <div class='ocr_carea' id='block_1_67' title="bbox 2234 890 3489 972">
    <p class='ocr_par' dir='ltr' id='par_1_67' title="bbox 2234 890 3489 972">
     <span class='ocr_line' id='line_1_67' title="bbox 2234 890 3489 972; baseline 0.01 -28"><span class='ocrx_word' id='word_1_359' title='bbox 2234 890 2333 945; x_wconf 82' lang='lat' dir='ltr'><strong>llic</strong></span> <span class='ocrx_word' id='word_1_360' title='bbox 2366 907 2522 947; x_wconf 90' lang='lat' dir='ltr'><strong>orare</strong></span> <span class='ocrx_word' id='word_1_361' title='bbox 2550 894 2725 959; x_wconf 90' lang='lat' dir='ltr'><strong>docet,</strong></span> <span class='ocrx_word' id='word_1_362' title='bbox 2756 895 2981 951; x_wconf 89' lang='lat' dir='ltr'><strong>fundere</strong></span> <span class='ocrx_word' id='word_1_363' title='bbox 3010 906 3061 952; x_wconf 89' lang='lat' dir='ltr'><strong>et</strong></span> <span class='ocrx_word' id='word_1_364' title='bbox 3087 898 3173 952; x_wconf 90' lang='lat' dir='ltr'><strong>hic</strong></span> <span class='ocrx_word' id='word_1_365' title='bbox 3203 900 3489 972; x_wconf 82' lang='lat' dir='ltr'><strong>Iacrymas.</strong></span> 
     </span>
    </p>
   </div>
   <div class='ocr_carea' id='block_1_68' title="bbox 2165 981 3667 1062">
    <p class='ocr_par' dir='ltr' id='par_1_68' title="bbox 2165 981 3667 1062">
     <span class='ocr_line' id='line_1_68' title="bbox 2165 981 3667 1062; baseline 0.008 -26"><span class='ocrx_word' id='word_1_366' title='bbox 2165 981 2387 1050; x_wconf 86' lang='lat' dir='ltr'><strong>llorum,</strong></span> <span class='ocrx_word' id='word_1_367' title='bbox 2421 993 2605 1040; x_wconf 89' lang='lat' dir='ltr'><strong>sancte</strong></span> <span class='ocrx_word' id='word_1_368' title='bbox 2632 985 2814 1053; x_wconf 84' lang='lat' dir='ltr'><strong>Pater,</strong></span> <span class='ocrx_word' id='word_1_369' title='bbox 2839 990 3092 1057; x_wconf 82' lang='lat' dir='ltr'><strong>precibus</strong></span> <span class='ocrx_word' id='word_1_370' title='bbox 3113 992 3199 1045; x_wconf 86' lang='lat' dir='ltr'><strong>hic</strong></span> <span class='ocrx_word' id='word_1_371' title='bbox 3226 1008 3437 1062; x_wconf 87' lang='lat' dir='ltr'><strong>semper</strong></span> <span class='ocrx_word' id='word_1_372' title='bbox 3463 996 3667 1049; x_wconf 76' lang='lat' dir='ltr'><strong>adesto.</strong></span> 
     </span>
    </p>
   </div>
   <div class='ocr_carea' id='block_1_69' title="bbox 2764 1094 3069 1156">
    <p class='ocr_par' dir='ltr' id='par_1_69' title="bbox 2764 1094 3069 1156">
     <span class='ocr_line' id='line_1_69' title="bbox 2764 1094 3069 1156; baseline 0 -1"><span class='ocrx_word' id='word_1_373' title='bbox 2764 1094 2767 1099; x_wconf 66' lang='grc'><em>’</em></span> <span class='ocrx_word' id='word_1_374' title='bbox 2822 1100 3069 1156; x_wconf 65' lang='lat' dir='ltr'><strong>CXCVII.</strong></span> 
     </span>
    </p>
   </div>
   <div class='ocr_carea' id='block_1_70' title="bbox 2301 1187 3589 1265">
    <p class='ocr_par' dir='ltr' id='par_1_70' title="bbox 2301 1187 3589 1265">
     <span class='ocr_line' id='line_1_70' title="bbox 2301 1187 3589 1265; baseline 0.01 -25"><span class='ocrx_word' id='word_1_375' title='bbox 2301 1187 2383 1241; x_wconf 85' lang='lat' dir='ltr'><strong>Ad</strong></span> <span class='ocrx_word' id='word_1_376' title='bbox 2411 1205 2558 1242; x_wconf 86' lang='lat' dir='ltr'><strong>aram</strong></span> <span class='ocrx_word' id='word_1_377' title='bbox 2595 1201 2895 1245; x_wconf 84' lang='lat' dir='ltr'><strong>sanctorum</strong></span> <span class='ocrx_word' id='word_1_378' title='bbox 2932 1194 3240 1265; x_wconf 83' lang='lat' dir='ltr'><strong>Hieronymi</strong></span> <span class='ocrx_word' id='word_1_379' title='bbox 3268 1207 3316 1250; x_wconf 88' lang='lat' dir='ltr'><strong>et</strong></span> <span class='ocrx_word' id='word_1_380' title='bbox 3345 1198 3589 1253; x_wconf 85' lang='lat' dir='ltr'><strong>aliorum.</strong></span> 
     </span>
    </p>
   </div>
   <div class='ocr_carea' id='block_1_71' title="bbox 2163 1265 3428 1356">
    <p class='ocr_par' dir='ltr' id='par_1_71' title="bbox 2163 1265 3428 1356">
     <span class='ocr_line' id='line_1_71' title="bbox 2163 1265 3428 1356; baseline 0.013 -26"><span class='ocrx_word' id='word_1_381' title='bbox 2163 1275 2348 1333; x_wconf 88' lang='lat' dir='ltr'><strong>Totius</strong></span> <span class='ocrx_word' id='word_1_382' title='bbox 2378 1278 2736 1352; x_wconf 83' lang='lat' dir='ltr'><strong>Hieronymus</strong></span> <span class='ocrx_word' id='word_1_383' title='bbox 2756 1265 2944 1341; x_wconf 85' lang='lat' dir='ltr'><strong>doctor</strong></span> <span class='ocrx_word' id='word_1_384' title='bbox 2972 1289 3234 1344; x_wconf 90' lang='lat' dir='ltr'><strong>mirabilis</strong></span> <span class='ocrx_word' id='word_1_385' title='bbox 3258 1292 3428 1356; x_wconf 86' lang='lat' dir='ltr'><strong>orbis,</strong></span> 
     </span>
    </p>
   </div>
   <div class='ocr_carea' id='block_1_72' title="bbox 2228 1368 3518 1441">
    <p class='ocr_par' dir='ltr' id='par_1_72' title="bbox 2228 1368 3518 1441">
     <span class='ocr_line' id='line_1_72' title="bbox 2228 1368 3518 1441; baseline 0.012 -18"><span class='ocrx_word' id='word_1_386' title='bbox 2228 1368 2364 1425; x_wconf 90' lang='lat' dir='ltr'><strong>Cum</strong></span> <span class='ocrx_word' id='word_1_387' title='bbox 2389 1373 2655 1441; x_wconf 87' lang='lat' dir='ltr'><strong>sociisque</strong></span> <span class='ocrx_word' id='word_1_388' title='bbox 2682 1376 2810 1439; x_wconf 89' lang='lat' dir='ltr'><strong>suis,</strong></span> <span class='ocrx_word' id='word_1_389' title='bbox 2848 1378 2961 1432; x_wconf 72' lang='lat' dir='ltr'><strong>btec</strong></span> <span class='ocrx_word' id='word_1_390' title='bbox 2987 1378 3099 1434; x_wconf 92' lang='lat' dir='ltr'><strong>loca</strong></span> <span class='ocrx_word' id='word_1_391' title='bbox 3131 1392 3315 1437; x_wconf 85' lang='lat' dir='ltr'><strong>sancta</strong></span> <span class='ocrx_word' id='word_1_392' title='bbox 3352 1394 3518 1441; x_wconf 89' lang='lat' dir='ltr'><strong>tenet.</strong></span> 
     </span>
    </p>
   </div>
   <div class='ocr_carea' id='block_1_73' title="bbox 2159 1459 3608 1543">
    <p class='ocr_par' dir='ltr' id='par_1_73' title="bbox 2159 1459 3608 1543">
     <span class='ocr_line' id='line_1_73' title="bbox 2159 1459 3608 1543; baseline 0.013 -31"><span class='ocrx_word' id='word_1_393' title='bbox 2159 1459 2385 1515; x_wconf 84' lang='lat' dir='ltr'><strong>Nomina</strong></span> <span class='ocrx_word' id='word_1_394' title='bbox 2410 1462 2636 1533; x_wconf 88' lang='lat' dir='ltr'><strong>quisque</strong></span> <span class='ocrx_word' id='word_1_395' title='bbox 2662 1464 2825 1535; x_wconf 87' lang='lat' dir='ltr'><strong>legas,</strong></span> <span class='ocrx_word' id='word_1_396' title='bbox 2860 1468 3029 1523; x_wconf 91' lang='lat' dir='ltr'><strong>titulis</strong></span> <span class='ocrx_word' id='word_1_397' title='bbox 3057 1473 3354 1541; x_wconf 88' lang='lat' dir='ltr'><strong>perscripta</strong></span> <span class='ocrx_word' id='word_1_398' title='bbox 3377 1476 3608 1543; x_wconf 85' lang='lat' dir='ltr'><strong>piorum,</strong></span> 
     </span>
    </p>
   </div>
   <div class='ocr_carea' id='block_1_74' title="bbox 2230 1550 3418 1625">
    <p class='ocr_par' dir='ltr' id='par_1_74' title="bbox 2230 1550 3418 1625">
     <span class='ocr_line' id='line_1_74' title="bbox 2230 1550 3418 1625; baseline 0.011 -22"><span class='ocrx_word' id='word_1_399' title='bbox 2230 1550 2338 1605; x_wconf 87' lang='lat' dir='ltr'><strong>Hos</strong></span> <span class='ocrx_word' id='word_1_400' title='bbox 2368 1554 2542 1621; x_wconf 88' lang='lat' dir='ltr'><strong>rogito</strong></span> <span class='ocrx_word' id='word_1_401' title='bbox 2563 1555 2815 1623; x_wconf 82' lang='lat' dir='ltr'><strong>precibus</strong></span> <span class='ocrx_word' id='word_1_402' title='bbox 2840 1571 3042 1625; x_wconf 89' lang='lat' dir='ltr'><strong>pronus</strong></span> <span class='ocrx_word' id='word_1_403' title='bbox 3073 1560 3262 1616; x_wconf 89' lang='lat' dir='ltr'><strong>adesse</strong></span> <span class='ocrx_word' id='word_1_404' title='bbox 3293 1565 3418 1619; x_wconf 92' lang='lat' dir='ltr'><strong>tuis.</strong></span> 
     </span>
    </p>
   </div>
   <div class='ocr_carea' id='block_1_75' title="bbox 2813 1666 3082 1722">
    <p class='ocr_par' dir='ltr' id='par_1_75' title="bbox 2813 1666 3082 1722">
     <span class='ocr_line' id='line_1_75' title="bbox 2813 1666 3082 1722; baseline 0.015 -4"><span class='ocrx_word' id='word_1_405' title='bbox 2813 1666 3082 1722; x_wconf 76' lang='lat' dir='ltr'><strong>CXCVIII.</strong></span> 
     </span>
    </p>
   </div>
   <div class='ocr_carea' id='block_1_76' title="bbox 2494 1753 3404 1831">
    <p class='ocr_par' dir='ltr' id='par_1_76' title="bbox 2494 1753 3404 1831">
     <span class='ocr_line' id='line_1_76' title="bbox 2494 1753 3404 1831; baseline 0.013 -26"><span class='ocrx_word' id='word_1_406' title='bbox 2494 1753 2574 1806; x_wconf 82' lang='lat' dir='ltr'><strong>Ad</strong></span> <span class='ocrx_word' id='word_1_407' title='bbox 2603 1771 2751 1808; x_wconf 90' lang='lat' dir='ltr'><strong>aram</strong></span> <span class='ocrx_word' id='word_1_408' title='bbox 2779 1758 2947 1809; x_wconf 74' lang='lat' dir='ltr'><strong>sancti</strong></span> <span class='ocrx_word' id='word_1_409' title='bbox 2978 1755 3214 1828; x_wconf 80' lang='lat' dir='ltr'><strong>Gregorii</strong></span> <span class='ocrx_word' id='word_1_410' title='bbox 3235 1778 3404 1831; x_wconf 66' lang='lat' dir='ltr'><strong>papa.</strong></span> 
     </span>
    </p>
   </div>
   <div class='ocr_carea' id='block_1_77' title="bbox 2160 1844 3562 1917">
    <p class='ocr_par' dir='ltr' id='par_1_77' title="bbox 2160 1844 3562 1917">
     <span class='ocr_line' id='line_1_77' title="bbox 2160 1844 3562 1917; baseline 0.007 -19"><span class='ocrx_word' id='word_1_411' title='bbox 2160 1844 2454 1914; x_wconf 87' lang='lat' dir='ltr'><strong>Gregorius</strong></span> <span class='ocrx_word' id='word_1_412' title='bbox 2476 1845 2688 1909; x_wconf 61' lang='lat' dir='ltr'><strong>aloctor,</strong></span> <span class='ocrx_word' id='word_1_413' title='bbox 2715 1856 2920 1915; x_wconf 89' lang='lat' dir='ltr'><strong>pastor,</strong></span> <span class='ocrx_word' id='word_1_414' title='bbox 2942 1848 3271 1916; x_wconf 89' lang='lat' dir='ltr'><strong>patriarcha,</strong></span> <span class='ocrx_word' id='word_1_415' title='bbox 3293 1855 3562 1917; x_wconf 85' lang='lat' dir='ltr'><strong>sacerdos,</strong></span> 
     </span>
    </p>
   </div>
   <div class='ocr_carea' id='block_1_78' title="bbox 2235 1935 3423 2010">
    <p class='ocr_par' dir='ltr' id='par_1_78' title="bbox 2235 1935 3423 2010">
     <span class='ocr_line' id='line_1_78' title="bbox 2235 1935 3423 2010; baseline 0.008 -22"><span class='ocrx_word' id='word_1_416' title='bbox 2235 1936 2476 1990; x_wconf 81' lang='lat' dir='ltr'><strong>Romana</strong></span> <span class='ocrx_word' id='word_1_417' title='bbox 2509 1935 2775 2005; x_wconf 89' lang='lat' dir='ltr'><strong>quondam</strong></span> <span class='ocrx_word' id='word_1_418' title='bbox 2805 1938 3000 2007; x_wconf 66' lang='lat' dir='ltr'><strong>praesul</strong></span> <span class='ocrx_word' id='word_1_419' title='bbox 3024 1939 3075 1992; x_wconf 92' lang='lat' dir='ltr'><strong>in</strong></span> <span class='ocrx_word' id='word_1_420' title='bbox 3105 1941 3237 1995; x_wconf 85' lang='lat' dir='ltr'><strong>urbe</strong></span> <span class='ocrx_word' id='word_1_421' title='bbox 3268 1942 3423 2010; x_wconf 90' lang='lat' dir='ltr'><strong>pius:</strong></span> 
     </span>
    </p>
   </div>
   <div class='ocr_carea' id='block_1_79' title="bbox 2160 2021 3609 2102">
    <p class='ocr_par' dir='ltr' id='par_1_79' title="bbox 2160 2021 3609 2102">
     <span class='ocr_line' id='line_1_79' title="bbox 2160 2021 3609 2102; baseline 0.003 -18"><span class='ocrx_word' id='word_1_422' title='bbox 2160 2030 2257 2086; x_wconf 78' lang='lat' dir='ltr'><strong>llic</strong></span> <span class='ocrx_word' id='word_1_423' title='bbox 2286 2046 2477 2099; x_wconf 89' lang='lat' dir='ltr'><strong>precor</strong></span> <span class='ocrx_word' id='word_1_424' title='bbox 2498 2045 2591 2085; x_wconf 90' lang='lat' dir='ltr'><strong>ore</strong></span> <span class='ocrx_word' id='word_1_425' title='bbox 2620 2030 2760 2085; x_wconf 81' lang='lat' dir='ltr'><strong>ferat</strong></span> <span class='ocrx_word' id='word_1_426' title='bbox 2780 2030 3007 2086; x_wconf 84' lang='lat' dir='ltr'><strong>fratrum</strong></span> <span class='ocrx_word' id='word_1_427' title='bbox 3036 2033 3123 2102; x_wconf 91' lang='lat' dir='ltr'><strong>pia</strong></span> <span class='ocrx_word' id='word_1_428' title='bbox 3147 2037 3267 2088; x_wconf 88' lang='lat' dir='ltr'><strong>vota</strong></span> <span class='ocrx_word' id='word_1_429' title='bbox 3298 2033 3550 2100; x_wconf 88' lang='lat' dir='ltr'><strong>Tonanti,</strong></span> <span class='ocrx_word' id='word_1_430' title='bbox 3598 2021 3609 2033; x_wconf 77' lang='grc'><em>’</em></span> 
     </span>
    </p>
   </div>
   <div class='ocr_carea' id='block_1_80' title="bbox 2227 2120 3657 2194">
    <p class='ocr_par' dir='ltr' id='par_1_80' title="bbox 2227 2120 3657 2194">
     <span class='ocr_line' id='line_1_80' title="bbox 2227 2120 3657 2194; baseline 0.003 -17"><span class='ocrx_word' id='word_1_431' title='bbox 2227 2120 2360 2177; x_wconf 89' lang='lat' dir='ltr'><strong>Cum</strong></span> <span class='ocrx_word' id='word_1_432' title='bbox 2388 2121 2638 2177; x_wconf 88' lang='lat' dir='ltr'><strong>Patribus</strong></span> <span class='ocrx_word' id='word_1_433' title='bbox 2664 2136 2891 2191; x_wconf 73' lang='lat' dir='ltr'><strong>quorum</strong></span> <span class='ocrx_word' id='word_1_434' title='bbox 2914 2122 3003 2177; x_wconf 90' lang='lat' dir='ltr'><strong>hic</strong></span> <span class='ocrx_word' id='word_1_435' title='bbox 3023 2125 3239 2178; x_wconf 88' lang='lat' dir='ltr'><strong>nomina</strong></span> <span class='ocrx_word' id='word_1_436' title='bbox 3262 2125 3461 2194; x_wconf 89' lang='lat' dir='ltr'><strong>scripta</strong></span> <span class='ocrx_word' id='word_1_437' title='bbox 3490 2128 3657 2182; x_wconf 73' lang='lat' dir='ltr'><strong>viles.</strong></span> 
     </span>
    </p>
   </div>
   <div class='ocr_carea' id='block_1_81' title="bbox 2834 2212 3071 2267">
    <p class='ocr_par' dir='ltr' id='par_1_81' title="bbox 2834 2212 3071 2267">
     <span class='ocr_line' id='line_1_81' title="bbox 2834 2212 3071 2267; baseline -0.004 0"><span class='ocrx_word' id='word_1_438' title='bbox 2834 2212 3071 2267; x_wconf 63' lang='lat' dir='ltr'><strong>CXCIX:</strong></span> 
     </span>
    </p>
   </div>
   <div class='ocr_carea' id='block_1_82' title="bbox 2256 2301 3621 2372">
    <p class='ocr_par' dir='ltr' id='par_1_82' title="bbox 2256 2301 3621 2372">
     <span class='ocr_line' id='line_1_82' title="bbox 2256 2301 3621 2372; baseline 0.004 -18"><span class='ocrx_word' id='word_1_439' title='bbox 2256 2301 2339 2356; x_wconf 79' lang='lat' dir='ltr'><strong>Ad</strong></span> <span class='ocrx_word' id='word_1_440' title='bbox 2360 2301 2625 2355; x_wconf 81' lang='lat' dir='ltr'><strong>ecclesiam</strong></span> <span class='ocrx_word' id='word_1_441' title='bbox 2650 2302 2737 2355; x_wconf 84' lang='lat' dir='ltr'><strong>ubi</strong></span> <span class='ocrx_word' id='word_1_442' title='bbox 2782 2311 3081 2355; x_wconf 83' lang='lat' dir='ltr'><strong>sanctorum</strong></span> <span class='ocrx_word' id='word_1_443' title='bbox 3111 2302 3341 2372; x_wconf 76' lang='lat' dir='ltr'><strong>reliquid:</strong></span> <span class='ocrx_word' id='word_1_444' title='bbox 3362 2305 3621 2359; x_wconf 76' lang='lat' dir='ltr'><strong>coluntur.</strong></span> 
     </span>
    </p>
   </div>
   <div class='ocr_carea' id='block_1_83' title="bbox 2154 2375 3359 2461">
    <p class='ocr_par' dir='ltr' id='par_1_83' title="bbox 2154 2375 3359 2461">
     <span class='ocr_line' id='line_1_83' title="bbox 2154 2375 3359 2461; baseline 0.002 -16"><span class='ocrx_word' id='word_1_445' title='bbox 2154 2390 2254 2459; x_wconf 88' lang='lat' dir='ltr'><strong>Qui</strong></span> <span class='ocrx_word' id='word_1_446' title='bbox 2286 2391 2405 2447; x_wconf 64' lang='grc' dir='ltr'><strong>ςαξιί</strong></span> <span class='ocrx_word' id='word_1_447' title='bbox 2438 2392 2618 2460; x_wconf 89' lang='lat' dir='ltr'><strong>cupiet</strong></span> <span class='ocrx_word' id='word_1_448' title='bbox 2642 2402 2825 2459; x_wconf 88' lang='lat' dir='ltr'><strong>portas</strong></span> <span class='ocrx_word' id='word_1_449' title='bbox 2864 2375 3063 2446; x_wconf 85' lang='lat' dir='ltr'><strong>intrare</strong></span> <span class='ocrx_word' id='word_1_450' title='bbox 3090 2402 3359 2461; x_wconf 90' lang='lat' dir='ltr'><strong>patentes,</strong></span> 
     </span>
    </p>
   </div>
   <div class='ocr_carea' id='block_1_84' title="bbox 2229 2481 3409 2552">
    <p class='ocr_par' dir='ltr' id='par_1_84' title="bbox 2229 2481 3409 2552">
     <span class='ocr_line' id='line_1_84' title="bbox 2229 2481 3409 2552; baseline 0.003 -17"><span class='ocrx_word' id='word_1_451' title='bbox 2229 2481 2435 2551; x_wconf 63' lang='lat' dir='ltr'><strong>Saepius</strong></span> <span class='ocrx_word' id='word_1_452' title='bbox 2462 2482 2600 2535; x_wconf 84' lang='lat' dir='ltr'><strong>hanc</strong></span> <span class='ocrx_word' id='word_1_453' title='bbox 2629 2481 2852 2550; x_wconf 89' lang='lat' dir='ltr'><strong>pedibus</strong></span> <span class='ocrx_word' id='word_1_454' title='bbox 2874 2482 3039 2536; x_wconf 89' lang='lat' dir='ltr'><strong>intret</strong></span> <span class='ocrx_word' id='word_1_455' title='bbox 3067 2491 3120 2537; x_wconf 92' lang='lat' dir='ltr'><strong>et</strong></span> <span class='ocrx_word' id='word_1_456' title='bbox 3148 2484 3261 2552; x_wconf 90' lang='lat' dir='ltr'><strong>ipse</strong></span> <span class='ocrx_word' id='word_1_457' title='bbox 3282 2485 3409 2539; x_wconf 88' lang='lat' dir='ltr'><strong>suis.</strong></span> 
     </span>
    </p>
   </div>
   <div class='ocr_carea' id='block_1_85' title="bbox 2156 2571 3358 2642">
    <p class='ocr_par' dir='ltr' id='par_1_85' title="bbox 2156 2571 3358 2642">
     <span class='ocr_line' id='line_1_85' title="bbox 2156 2571 3358 2642; baseline 0.003 -17"><span class='ocrx_word' id='word_1_458' title='bbox 2156 2571 2284 2626; x_wconf 63' lang='lat' dir='ltr'><strong>Ilaec</strong></span> <span class='ocrx_word' id='word_1_459' title='bbox 2303 2579 2386 2626; x_wconf 91' lang='lat' dir='ltr'><strong>est</strong></span> <span class='ocrx_word' id='word_1_460' title='bbox 2410 2580 2680 2641; x_wconf 74' lang='lat' dir='ltr'><strong>perpetua:</strong></span> <span class='ocrx_word' id='word_1_461' title='bbox 2706 2573 2940 2627; x_wconf 86' lang='lat' dir='ltr'><strong>venienti</strong></span> <span class='ocrx_word' id='word_1_462' title='bbox 2969 2581 3121 2642; x_wconf 89' lang='lat' dir='ltr'><strong>porta</strong></span> <span class='ocrx_word' id='word_1_463' title='bbox 3150 2573 3358 2639; x_wconf 88' lang='lat' dir='ltr'><strong>salutis,</strong></span> 
     </span>
    </p>
   </div>
   <div class='ocr_carea' id='block_1_86' title="bbox 2221 2660 3309 2731">
    <p class='ocr_par' dir='ltr' id='par_1_86' title="bbox 2221 2660 3309 2731">
     <span class='ocr_line' id='line_1_86' title="bbox 2221 2660 3309 2731; baseline 0.004 -18"><span class='ocrx_word' id='word_1_464' title='bbox 2221 2660 2334 2715; x_wconf 89' lang='lat' dir='ltr'><strong>IIoc</strong></span> <span class='ocrx_word' id='word_1_465' title='bbox 2357 2668 2455 2715; x_wconf 83' lang='lat' dir='ltr'><strong>est-</strong></span> <span class='ocrx_word' id='word_1_466' title='bbox 2476 2661 2611 2715; x_wconf 88' lang='lat' dir='ltr'><strong>lucis</strong></span> <span class='ocrx_word' id='word_1_467' title='bbox 2632 2662 2754 2727; x_wconf 89' lang='lat' dir='ltr'><strong>iter,</strong></span> <span class='ocrx_word' id='word_1_468' title='bbox 2786 2670 2839 2716; x_wconf 90' lang='lat' dir='ltr'><strong>et</strong></span> <span class='ocrx_word' id='word_1_469' title='bbox 2870 2662 2956 2715; x_wconf 86' lang='lat' dir='ltr'><strong>via</strong></span> <span class='ocrx_word' id='word_1_470' title='bbox 2976 2662 3090 2731; x_wconf 88' lang='lat' dir='ltr'><strong>jam</strong></span> <span class='ocrx_word' id='word_1_471' title='bbox 3119 2664 3309 2717; x_wconf 68' lang='lat' dir='ltr'><strong>venite.</strong></span> 
     </span>
    </p>
   </div>
   <div class='ocr_carea' id='block_1_87' title="bbox 2078 2748 3665 2827">
    <p class='ocr_par' dir='ltr' id='par_1_87' title="bbox 2078 2748 3665 2827">
     <span class='ocr_line' id='line_1_87' title="bbox 2078 2748 3665 2827; baseline 0.003 -26"><span class='ocrx_word' id='word_1_472' title='bbox 2078 2748 2088 2754; x_wconf 65' lang='grc'>“</span> <span class='ocrx_word' id='word_1_473' title='bbox 2150 2748 2277 2804; x_wconf 71' lang='lat' dir='ltr'><strong>llam</strong></span> <span class='ocrx_word' id='word_1_474' title='bbox 2303 2749 2494 2803; x_wconf 92' lang='lat' dir='ltr'><strong>domus</strong></span> <span class='ocrx_word' id='word_1_475' title='bbox 2523 2750 2662 2808; x_wconf 87' lang='lat' dir='ltr'><strong>alma</strong></span> <span class='ocrx_word' id='word_1_476' title='bbox 2690 2751 2801 2813; x_wconf 88' lang='lat' dir='ltr'><strong>Dei,</strong></span> <span class='ocrx_word' id='word_1_477' title='bbox 2830 2750 2919 2804; x_wconf 91' lang='lat' dir='ltr'><strong>hic</strong></span> <span class='ocrx_word' id='word_1_478' title='bbox 2943 2760 3069 2804; x_wconf 90' lang='lat' dir='ltr'><strong>sunt</strong></span> <span class='ocrx_word' id='word_1_479' title='bbox 3099 2753 3351 2805; x_wconf 89' lang='lat' dir='ltr'><strong>thesaura</strong></span> <span class='ocrx_word' id='word_1_480' title='bbox 3384 2752 3665 2827; x_wconf 84' lang='lat' dir='ltr'><strong>Tonantis,</strong></span> 
     </span>
    </p>
   </div>
   <div class='ocr_carea' id='block_1_88' title="bbox 2220 2839 3411 2911">
    <p class='ocr_par' dir='ltr' id='par_1_88' title="bbox 2220 2839 3411 2911">
     <span class='ocr_line' id='line_1_88' title="bbox 2220 2839 3411 2911; baseline 0.004 -17"><span class='ocrx_word' id='word_1_481' title='bbox 2220 2839 2539 2895; x_wconf 87' lang='lat' dir='ltr'><strong>Sanctorum</strong></span> <span class='ocrx_word' id='word_1_482' title='bbox 2568 2840 2751 2895; x_wconf 69' lang='lat' dir='ltr'><strong>multa:</strong></span> <span class='ocrx_word' id='word_1_483' title='bbox 2773 2841 3145 2911; x_wconf 77' lang='lat' dir='ltr'><strong>relliquiaeque</strong></span> <span class='ocrx_word' id='word_1_484' title='bbox 3170 2842 3411 2899; x_wconf 84' lang='lat' dir='ltr'><strong>Patrum.</strong></span> 
     </span>
    </p>
   </div>
   <div class='ocr_carea' id='block_1_89' title="bbox 2146 2931 3377 3004">
    <p class='ocr_par' dir='ltr' id='par_1_89' title="bbox 2146 2931 3377 3004">
     <span class='ocr_line' id='line_1_89' title="bbox 2146 2931 3377 3004; baseline 0.002 -18"><span class='ocrx_word' id='word_1_485' title='bbox 2146 2931 2352 2988; x_wconf 74' lang='lat' dir='ltr'><strong>Idcirco</strong></span> <span class='ocrx_word' id='word_1_486' title='bbox 2388 2933 2712 3004; x_wconf 86' lang='lat' dir='ltr'><strong>ingrediens,</strong></span> <span class='ocrx_word' id='word_1_487' title='bbox 2740 2934 2928 2988; x_wconf 88' lang='lat' dir='ltr'><strong>devota</strong></span> <span class='ocrx_word' id='word_1_488' title='bbox 2958 2942 3161 2999; x_wconf 88' lang='lat' dir='ltr'><strong>mente,</strong></span> <span class='ocrx_word' id='word_1_489' title='bbox 3182 2935 3377 3000; x_wconf 83' lang='lat' dir='ltr'><strong>viator,</strong></span> 
     </span>
    </p>
   </div>
   <div class='ocr_carea' id='block_1_90' title="bbox 2216 3022 3509 3098">
    <p class='ocr_par' dir='ltr' id='par_1_90' title="bbox 2216 3022 3509 3098">
     <span class='ocr_line' id='line_1_90' title="bbox 2216 3022 3509 3098; baseline -0.001 -16"><span class='ocrx_word' id='word_1_490' title='bbox 2216 3022 2412 3082; x_wconf 84' lang='lat' dir='ltr'><strong>Sterne</strong></span> <span class='ocrx_word' id='word_1_491' title='bbox 2440 3025 2553 3081; x_wconf 92' lang='lat' dir='ltr'><strong>solo</strong></span> <span class='ocrx_word' id='word_1_492' title='bbox 2576 3028 2838 3089; x_wconf 85' lang='lat' dir='ltr'><strong>membra,</strong></span> <span class='ocrx_word' id='word_1_493' title='bbox 2871 3036 3091 3097; x_wconf 85' lang='lat' dir='ltr'><strong>pectore</strong></span> <span class='ocrx_word' id='word_1_494' title='bbox 3118 3044 3281 3098; x_wconf 87' lang='lat' dir='ltr'><strong>carpe</strong></span> <span class='ocrx_word' id='word_1_495' title='bbox 3308 3029 3509 3098; x_wconf 91' lang='lat' dir='ltr'><strong>polum.</strong></span> 
     </span>
    </p>
   </div>
   <div class='ocr_carea' id='block_1_91' title="bbox 2074 3113 3582 3193">
    <p class='ocr_par' dir='ltr' id='par_1_91' title="bbox 2074 3113 3582 3193">
     <span class='ocr_line' id='line_1_91' title="bbox 2074 3113 3582 3193; baseline 0.005 -26"><span class='ocrx_word' id='word_1_496' title='bbox 2074 3128 2120 3193; x_wconf 75' lang='grc' dir='ltr'><em>ς</em></span> <span class='ocrx_word' id='word_1_497' title='bbox 2150 3113 2247 3170; x_wconf 82' lang='lat' dir='ltr'><strong>llic</strong></span> <span class='ocrx_word' id='word_1_498' title='bbox 2272 3114 2437 3181; x_wconf 86' lang='lat' dir='ltr'><strong>Deus,</strong></span> <span class='ocrx_word' id='word_1_499' title='bbox 2458 3116 2547 3170; x_wconf 91' lang='lat' dir='ltr'><strong>hic</strong></span> <span class='ocrx_word' id='word_1_500' title='bbox 2572 3116 2892 3181; x_wconf 75' lang='lat' dir='ltr'><strong>saneti,’tibi</strong></span> <span class='ocrx_word' id='word_1_501' title='bbox 2929 3133 3073 3188; x_wconf 90' lang='lat' dir='ltr'><strong>spes,</strong></span> <span class='ocrx_word' id='word_1_502' title='bbox 3110 3118 3200 3173; x_wconf 87' lang='lat' dir='ltr'><strong>hic</strong></span> <span class='ocrx_word' id='word_1_503' title='bbox 3221 3126 3366 3173; x_wconf 85' lang='lat' dir='ltr'><strong>terra</strong></span> <span class='ocrx_word' id='word_1_504' title='bbox 3395 3120 3582 3175; x_wconf 85' lang='lat' dir='ltr'><strong>salutis</strong></span> 
     </span>
    </p>
   </div>
   <div class='ocr_carea' id='block_1_92' title="bbox 2218 3206 3330 3278">
    <p class='ocr_par' dir='ltr' id='par_1_92' title="bbox 2218 3206 3330 3278">
     <span class='ocr_line' id='line_1_92' title="bbox 2218 3206 3330 3278; baseline 0.002 -18"><span class='ocrx_word' id='word_1_505' title='bbox 2218 3206 2302 3261; x_wconf 91' lang='lat' dir='ltr'><strong>Sit</strong></span> <span class='ocrx_word' id='word_1_506' title='bbox 2327 3206 2612 3277; x_wconf 88' lang='lat' dir='ltr'><strong>conjuncta</strong></span> <span class='ocrx_word' id='word_1_507' title='bbox 2643 3215 2737 3261; x_wconf 92' lang='lat' dir='ltr'><strong>tuo</strong></span> <span class='ocrx_word' id='word_1_508' title='bbox 2762 3217 2981 3278; x_wconf 83' lang='lat' dir='ltr'><strong>pectore</strong></span> <span class='ocrx_word' id='word_1_509' title='bbox 3006 3207 3159 3262; x_wconf 83' lang='lat' dir='ltr'><strong>firma</strong></span> <span class='ocrx_word' id='word_1_510' title='bbox 3181 3207 3330 3262; x_wconf 85' lang='lat' dir='ltr'><strong>fides.</strong></span> 
     </span>
    </p>
   </div>
   <div class='ocr_carea' id='block_1_93' title="bbox 2885 3321 2987 3373">
    <p class='ocr_par' dir='ltr' id='par_1_93' title="bbox 2885 3321 2987 3373">
     <span class='ocr_line' id='line_1_93' title="bbox 2885 3321 2987 3373; baseline -0.01 0"><span class='ocrx_word' id='word_1_511' title='bbox 2885 3321 2987 3373; x_wconf 91' lang='lat' dir='ltr'><strong>CC.</strong></span> 
     </span>
    </p>
   </div>
   <div class='ocr_carea' id='block_1_94' title="bbox 2392 3410 3481 3487">
    <p class='ocr_par' dir='ltr' id='par_1_94' title="bbox 2392 3410 3481 3487">
     <span class='ocr_line' id='line_1_94' title="bbox 2392 3410 3481 3487; baseline 0.008 -26"><span class='ocrx_word' id='word_1_512' title='bbox 2392 3410 2472 3461; x_wconf 79' lang='lat' dir='ltr'><strong>Ad</strong></span> <span class='ocrx_word' id='word_1_513' title='bbox 2493 3418 2729 3463; x_wconf 80' lang='lat' dir='ltr'><strong>sanctum</strong></span> <span class='ocrx_word' id='word_1_514' title='bbox 2758 3410 3061 3487; x_wconf 65' lang='lat' dir='ltr'><strong>Micltnelem</strong></span> <span class='ocrx_word' id='word_1_515' title='bbox 3092 3413 3481 3484; x_wconf 79' lang='lat' dir='ltr'><strong>archangelum.</strong></span> 
     </span>
    </p>
   </div>
   <div class='ocr_carea' id='block_1_95' title="bbox 2146 3500 3570 3577">
    <p class='ocr_par' dir='ltr' id='par_1_95' title="bbox 2146 3500 3570 3577">
     <span class='ocr_line' id='line_1_95' title="bbox 2146 3500 3570 3577; baseline 0.011 -25"><span class='ocrx_word' id='word_1_516' title='bbox 2146 3500 2244 3554; x_wconf 86' lang='lat' dir='ltr'><strong>llic</strong></span> <span class='ocrx_word' id='word_1_517' title='bbox 2272 3500 2519 3567; x_wconf 89' lang='lat' dir='ltr'><strong>precibus</strong></span> <span class='ocrx_word' id='word_1_518' title='bbox 2549 3502 2749 3556; x_wconf 84' lang='lat' dir='ltr'><strong>nostris</strong></span> <span class='ocrx_word' id='word_1_519' title='bbox 2773 3502 2998 3558; x_wconf 53' lang='lat' dir='ltr'><strong>Michael</strong></span> <span class='ocrx_word' id='word_1_520' title='bbox 3024 3505 3380 3577; x_wconf 86' lang='lat' dir='ltr'><strong>archangelus</strong></span> <span class='ocrx_word' id='word_1_521' title='bbox 3411 3510 3570 3569; x_wconf 85' lang='lat' dir='ltr'><strong>adsit.</strong></span> 
     </span>
    </p>
   </div>
   <div class='ocr_carea' id='block_1_96' title="bbox 2147 3577 3711 3669">
    <p class='ocr_par' dir='ltr' id='par_1_96' title="bbox 2147 3577 3711 3669">
     <span class='ocr_line' id='line_1_96' title="bbox 2147 3577 3711 3669; baseline 0.008 -24"><span class='ocrx_word' id='word_1_522' title='bbox 2147 3591 2367 3663; x_wconf 83' lang='lat' dir='ltr'><strong>Magnus</strong></span> <span class='ocrx_word' id='word_1_523' title='bbox 2394 3594 2447 3647; x_wconf 93' lang='lat' dir='ltr'><strong>in</strong></span> <span class='ocrx_word' id='word_1_524' title='bbox 2485 3608 2607 3648; x_wconf 85' lang='lat' dir='ltr'><strong>arce</strong></span> <span class='ocrx_word' id='word_1_525' title='bbox 2643 3594 2756 3662; x_wconf 87' lang='lat' dir='ltr'><strong>poli</strong></span> <span class='ocrx_word' id='word_1_526' title='bbox 2802 3577 3070 3666; x_wconf 80' lang='lat' dir='ltr'><strong>princeps,</strong></span> <span class='ocrx_word' id='word_1_527' title='bbox 3110 3598 3418 3669; x_wconf 90' lang='lat' dir='ltr'><strong>Christique</strong></span> <span class='ocrx_word' id='word_1_528' title='bbox 3466 3603 3711 3659; x_wconf 86' lang='lat' dir='ltr'><strong>minister</strong></span> 
     </span>
    </p>
   </div>
   <div class='ocr_carea' id='block_1_97' title="bbox 2521 3685 3645 3759">
    <p class='ocr_par' dir='ltr' id='par_1_97' title="bbox 2521 3685 3645 3759">
     <span class='ocr_line' id='line_1_97' title="bbox 2521 3685 3645 3759; baseline 0.004 -21"><span class='ocrx_word' id='word_1_529' title='bbox 2521 3734 2525 3738; x_wconf 92' lang='lat'><strong>.</strong></span> <span class='ocrx_word' id='word_1_530' title='bbox 3156 3728 3159 3729; x_wconf 43' lang='grc' dir='ltr'><em>ν</em></span> <span class='ocrx_word' id='word_1_531' title='bbox 3183 3685 3336 3755; x_wconf 84' lang='lat' dir='ltr'><strong>[Ed.,</strong></span> <span class='ocrx_word' id='word_1_532' title='bbox 3363 3688 3645 3759; x_wconf 73' lang='lat' dir='ltr'><strong>magister]</strong></span> 
     </span>
    </p>
   </div>
   <div class='ocr_carea' id='block_1_98' title="bbox 2144 3763 3505 3846">
    <p class='ocr_par' dir='ltr' id='par_1_98' title="bbox 2144 3763 3505 3846">
     <span class='ocr_line' id='line_1_98' title="bbox 2144 3763 3505 3846; baseline 0.004 -21"><span class='ocrx_word' id='word_1_533' title='bbox 2144 3771 2371 3840; x_wconf 82' lang='lat' dir='ltr'><strong>Adjuvet</strong></span> <span class='ocrx_word' id='word_1_534' title='bbox 2397 3763 2483 3825; x_wconf 87' lang='lat' dir='ltr'><strong>ille</strong></span> <span class='ocrx_word' id='word_1_535' title='bbox 2502 3785 2689 3839; x_wconf 89' lang='lat' dir='ltr'><strong>preces</strong></span> <span class='ocrx_word' id='word_1_536' title='bbox 2711 3782 3015 3825; x_wconf 89' lang='lat' dir='ltr'><strong>sanctorum</strong></span> <span class='ocrx_word' id='word_1_537' title='bbox 3046 3787 3259 3843; x_wconf 90' lang='lat' dir='ltr'><strong>semper</strong></span> <span class='ocrx_word' id='word_1_538' title='bbox 3286 3776 3505 3846; x_wconf 86' lang='lat' dir='ltr'><strong>ubique,</strong></span> 
     </span>
    </p>
   </div>
   <div class='ocr_carea' id='block_1_99' title="bbox 2142 3858 3507 3928">
    <p class='ocr_par' dir='ltr' id='par_1_99' title="bbox 2142 3858 3507 3928">
     <span class='ocr_line' id='line_1_99' title="bbox 2142 3858 3507 3928; baseline 0.004 -14"><span class='ocrx_word' id='word_1_539' title='bbox 2142 3862 2234 3915; x_wconf 88' lang='lat' dir='ltr'><strong>ille</strong></span> <span class='ocrx_word' id='word_1_540' title='bbox 2261 3861 2374 3914; x_wconf 88' lang='lat' dir='ltr'><strong>suis</strong></span> <span class='ocrx_word' id='word_1_541' title='bbox 2402 3858 2650 3928; x_wconf 90' lang='lat' dir='ltr'><strong>precibus</strong></span> <span class='ocrx_word' id='word_1_542' title='bbox 2682 3874 2779 3914; x_wconf 90' lang='lat' dir='ltr'><strong>nos</strong></span> <span class='ocrx_word' id='word_1_543' title='bbox 2808 3860 2896 3914; x_wconf 91' lang='lat' dir='ltr'><strong>hic</strong></span> <span class='ocrx_word' id='word_1_544' title='bbox 2925 3872 3211 3928; x_wconf 86' lang='lat' dir='ltr'><strong>conservet</strong></span> <span class='ocrx_word' id='word_1_545' title='bbox 3238 3865 3305 3920; x_wconf 88' lang='lat' dir='ltr'><strong>ab</strong></span> <span class='ocrx_word' id='word_1_546' title='bbox 3334 3865 3507 3928; x_wconf 83' lang='lat' dir='ltr'><strong>hoste.</strong></span> 
     </span>
    </p>
   </div>
   <div class='ocr_carea' id='block_1_100' title="bbox 2142 3952 3295 4024">
    <p class='ocr_par' dir='ltr' id='par_1_100' title="bbox 2142 3952 3295 4024">
     <span class='ocr_line' id='line_1_100' title="bbox 2142 3952 3295 4024; baseline 0.003 -16"><span class='ocrx_word' id='word_1_547' title='bbox 2142 3953 2423 4024; x_wconf 83' lang='lat' dir='ltr'><strong>lnvigilare</strong></span> <span class='ocrx_word' id='word_1_548' title='bbox 2451 3952 2544 4007; x_wconf 92' lang='lat' dir='ltr'><strong>Dei</strong></span> <span class='ocrx_word' id='word_1_549' title='bbox 2575 3952 2733 4007; x_wconf 84' lang='lat' dir='ltr'><strong>faciet</strong></span> <span class='ocrx_word' id='word_1_550' title='bbox 2757 3962 2812 4007; x_wconf 89' lang='lat' dir='ltr'><strong>et</strong></span> <span class='ocrx_word' id='word_1_551' title='bbox 2836 3953 3085 4010; x_wconf 85' lang='lat' dir='ltr'><strong>laudibus</strong></span> <span class='ocrx_word' id='word_1_552' title='bbox 3116 3955 3260 4011; x_wconf 89' lang='lat' dir='ltr'><strong>istic.</strong></span> <span class='ocrx_word' id='word_1_553' title='bbox 3286 4001 3295 4011; x_wconf 88' lang='lat'><strong>.</strong></span> 
     </span>
    </p>
   </div>
   <div class='ocr_carea' id='block_1_101' title="bbox 2867 4043 2993 4099">
    <p class='ocr_par' dir='ltr' id='par_1_101' title="bbox 2867 4043 2993 4099">
     <span class='ocr_line' id='line_1_101' title="bbox 2867 4043 2993 4099; baseline -0.008 0"><span class='ocrx_word' id='word_1_554' title='bbox 2867 4043 2993 4099; x_wconf 63' lang='grc' dir='ltr'><strong>(ζα.</strong></span> 
     </span>
    </p>
   </div>
   <div class='ocr_carea' id='block_1_102' title="bbox 2630 4133 3387 4206">
    <p class='ocr_par' dir='ltr' id='par_1_102' title="bbox 2630 4133 3387 4206">
     <span class='ocr_line' id='line_1_102' title="bbox 2630 4133 3387 4206; baseline 0.009 -20"><span class='ocrx_word' id='word_1_555' title='bbox 2630 4133 2711 4187; x_wconf 82' lang='lat' dir='ltr'><strong>Ad</strong></span> <span class='ocrx_word' id='word_1_556' title='bbox 2744 4151 2891 4187; x_wconf 89' lang='lat' dir='ltr'><strong>aram</strong></span> <span class='ocrx_word' id='word_1_557' title='bbox 2927 4138 3229 4206; x_wconf 80' lang='lat' dir='ltr'><strong>quamdam.</strong></span> <span class='ocrx_word' id='word_1_558' title='bbox 3385 4199 3387 4202; x_wconf 21' lang='lat'><strong>,</strong></span> 
     </span>
    </p>
   </div>
   <div class='ocr_carea' id='block_1_103' title="bbox 2141 4225 3503 4301">
    <p class='ocr_par' dir='ltr' id='par_1_103' title="bbox 2141 4225 3503 4301">
     <span class='ocr_line' id='line_1_103' title="bbox 2141 4225 3503 4301; baseline 0.004 -23"><span class='ocrx_word' id='word_1_559' title='bbox 2141 4225 2252 4279; x_wconf 89' lang='lat' dir='ltr'><strong>llac</strong></span> <span class='ocrx_word' id='word_1_560' title='bbox 2274 4225 2425 4280; x_wconf 90' lang='lat' dir='ltr'><strong>sedet</strong></span> <span class='ocrx_word' id='word_1_561' title='bbox 2452 4240 2575 4279; x_wconf 89' lang='lat' dir='ltr'><strong>arce</strong></span> <span class='ocrx_word' id='word_1_562' title='bbox 2598 4225 2737 4279; x_wconf 83' lang='lat' dir='ltr'><strong>Deus</strong></span> <span class='ocrx_word' id='word_1_563' title='bbox 2759 4226 2948 4294; x_wconf 79' lang='lat' dir='ltr'><strong>iudex,</strong></span> <span class='ocrx_word' id='word_1_564' title='bbox 2985 4226 3257 4283; x_wconf 87' lang='lat' dir='ltr'><strong>Genitoris</strong></span> <span class='ocrx_word' id='word_1_565' title='bbox 3289 4232 3464 4301; x_wconf 89' lang='lat' dir='ltr'><strong>imago</strong></span> <span class='ocrx_word' id='word_1_566' title='bbox 3490 4250 3503 4284; x_wconf 88' lang='lat'><strong><em>:</em></strong></span> 
     </span>
    </p>
   </div>
   <div class='ocr_carea' id='block_1_104' title="bbox 2140 4312 3683 4390">
    <p class='ocr_par' dir='ltr' id='par_1_104' title="bbox 2140 4312 3683 4390">
     <span class='ocr_line' id='line_1_104' title="bbox 2140 4312 3683 4390; baseline 0.007 -23"><span class='ocrx_word' id='word_1_567' title='bbox 2140 4314 2239 4369; x_wconf 86' lang='lat' dir='ltr'><strong>llic</strong></span> <span class='ocrx_word' id='word_1_568' title='bbox 2267 4314 2535 4383; x_wconf 88' lang='lat' dir='ltr'><strong>seraphim</strong></span> <span class='ocrx_word' id='word_1_569' title='bbox 2564 4312 2767 4389; x_wconf 83' lang='lat' dir='ltr'><strong>fulgent</strong></span> <span class='ocrx_word' id='word_1_570' title='bbox 2796 4314 3005 4370; x_wconf 89' lang='lat' dir='ltr'><strong>Domini</strong></span> <span class='ocrx_word' id='word_1_571' title='bbox 3032 4316 3131 4387; x_wconf 80' lang='lat' dir='ltr'><strong>sub</strong></span> <span class='ocrx_word' id='word_1_572' title='bbox 3157 4332 3340 4374; x_wconf 88' lang='lat' dir='ltr'><strong>amore</strong></span> <span class='ocrx_word' id='word_1_573' title='bbox 3368 4321 3645 4390; x_wconf 84' lang='lat' dir='ltr'><strong>calentes;</strong></span> <span class='ocrx_word' id='word_1_574' title='bbox 3673 4328 3683 4337; x_wconf 82' lang='lat'><strong>‘</strong></span> 
     </span>
    </p>
   </div>
   <div class='ocr_carea' id='block_1_105' title="bbox 2084 1791 2130 1851">
    <p class='ocr_par' dir='ltr' id='par_1_105' title="bbox 2084 1791 2130 1851">
     <span class='ocr_line' id='line_1_105' title="bbox 2084 1791 2130 1851; baseline 0 -4"><span class='ocrx_word' id='word_1_575' title='bbox 2084 1791 2130 1851; x_wconf 83' lang='grc' dir='ltr'><strong>Β</strong></span> 
     </span>
    </p>
   </div>
   <div class='ocr_carea' id='block_1_106' title="bbox 2054 4403 3522 4477">
    <p class='ocr_par' dir='ltr' id='par_1_106' title="bbox 2054 4403 3522 4477">
     <span class='ocr_line' id='line_1_106' title="bbox 2054 4403 3522 4477; baseline 0.006 -20"><span class='ocrx_word' id='word_1_576' title='bbox 2054 4456 2103 4477; x_wconf 30' lang='grc' dir='ltr'><strong>ν-</strong></span> <span class='ocrx_word' id='word_1_577' title='bbox 2138 4403 2239 4456; x_wconf 83' lang='lat' dir='ltr'><strong>Hic</strong></span> <span class='ocrx_word' id='word_1_578' title='bbox 2269 4403 2409 4457; x_wconf 89' lang='lat' dir='ltr'><strong>inter</strong></span> <span class='ocrx_word' id='word_1_579' title='bbox 2430 4403 2709 4471; x_wconf 84' lang='lat' dir='ltr'><strong>cherubim</strong></span> <span class='ocrx_word' id='word_1_580' title='bbox 2738 4403 2969 4458; x_wconf 84' lang='lat' dir='ltr'><strong>volitant</strong></span> <span class='ocrx_word' id='word_1_581' title='bbox 2997 4421 3192 4461; x_wconf 91' lang='lat' dir='ltr'><strong>arcana</strong></span> <span class='ocrx_word' id='word_1_582' title='bbox 3223 4408 3522 4477; x_wconf 79' lang='lat' dir='ltr'><strong>Tonantis;</strong></span> 
     </span>
    </p>
   </div>
   <div class='ocr_carea' id='block_1_107' title="bbox 2069 4471 3505 4580">
    <p class='ocr_par' dir='ltr' id='par_1_107' title="bbox 2069 4471 3505 4580">
     <span class='ocr_line' id='line_1_107' title="bbox 2069 4471 3505 4580; baseline 0.009 -37"><span class='ocrx_word' id='word_1_583' title='bbox 2069 4471 2114 4528; x_wconf 78' lang='grc' dir='ltr'><strong>ί)</strong></span> <span class='ocrx_word' id='word_1_584' title='bbox 2143 4490 2238 4545; x_wconf 87' lang='lat' dir='ltr'><strong>IIic</strong></span> <span class='ocrx_word' id='word_1_585' title='bbox 2268 4493 2470 4561; x_wconf 89' lang='lat' dir='ltr'><strong>pariter</strong></span> <span class='ocrx_word' id='word_1_586' title='bbox 2498 4490 2700 4560; x_wconf 85' lang='lat' dir='ltr'><strong>fulgent</strong></span> <span class='ocrx_word' id='word_1_587' title='bbox 2730 4493 3003 4563; x_wconf 86' lang='lat' dir='ltr'><strong>sapientes</strong></span> <span class='ocrx_word' id='word_1_588' title='bbox 3030 4497 3267 4580; x_wconf 84' lang='lat' dir='ltr'><strong>quinque</strong></span> <span class='ocrx_word' id='word_1_589' title='bbox 3294 4497 3505 4571; x_wconf 64' lang='lat' dir='ltr'><strong>puellm,</strong></span> 
     </span>
    </p>
   </div>
   <div class='ocr_carea' id='block_1_108' title="bbox 2144 4579 3474 4651">
    <p class='ocr_par' dir='ltr' id='par_1_108' title="bbox 2144 4579 3474 4651">
     <span class='ocr_line' id='line_1_108' title="bbox 2144 4579 3474 4651; baseline 0.007 -17"><span class='ocrx_word' id='word_1_590' title='bbox 2144 4579 2365 4635; x_wconf 67' lang='lat' dir='ltr'><strong>Eterna</strong></span> <span class='ocrx_word' id='word_1_591' title='bbox 2390 4582 2443 4636; x_wconf 90' lang='lat' dir='ltr'><strong>in</strong></span> <span class='ocrx_word' id='word_1_592' title='bbox 2480 4582 2727 4636; x_wconf 88' lang='lat' dir='ltr'><strong>manibus</strong></span> <span class='ocrx_word' id='word_1_593' title='bbox 2754 4590 3034 4651; x_wconf 88' lang='lat' dir='ltr'><strong>portantes</strong></span> <span class='ocrx_word' id='word_1_594' title='bbox 3062 4585 3180 4642; x_wconf 91' lang='lat' dir='ltr'><strong>luce</strong></span> <span class='ocrx_word' id='word_1_595' title='bbox 3208 4588 3474 4646; x_wconf 82' lang='lat' dir='ltr'><strong>lucernas.</strong></span> 
     </span>
    </p>
   </div>
   <div class='ocr_carea' id='block_1_109' title="bbox 2469 4695 3391 4859">
    <p class='ocr_par' dir='ltr' id='par_1_109' title="bbox 2469 4695 3391 4859">
     <span class='ocr_line' id='line_1_109' title="bbox 2469 4695 3391 4859; baseline 0.004 -18"><span class='ocrx_word' id='word_1_596' title='bbox 2469 4784 2550 4841; x_wconf 79' lang='lat' dir='ltr'><strong>Ad</strong></span> <span class='ocrx_word' id='word_1_597' title='bbox 2579 4801 2727 4849; x_wconf 88' lang='lat' dir='ltr'><strong>aram</strong></span> <span class='ocrx_word' id='word_1_598' title='bbox 2761 4695 3114 4851; x_wconf 43' lang='lat' dir='ltr'><strong>sanftsltetri</strong></span> <span class='ocrx_word' id='word_1_599' title='bbox 3146 4789 3391 4859; x_wconf 65' lang='lat' dir='ltr'><strong>apostoli.</strong></span> 
     </span>
    </p>
   </div>
   <div class='ocr_carea' id='block_1_110' title="bbox 2057 4864 3469 4948">
    <p class='ocr_par' dir='ltr' id='par_1_110' title="bbox 2057 4864 3469 4948">
     <span class='ocr_line' id='line_1_110' title="bbox 2057 4864 3469 4948; baseline 0.008 -26"><span class='ocrx_word' id='word_1_600' title='bbox 2057 4900 2067 4911; x_wconf 88' lang='lat'><em>-</em></span> <span class='ocrx_word' id='word_1_601' title='bbox 2142 4864 2386 4941; x_wconf 87' lang='lat' dir='ltr'><strong>Claviger</strong></span> <span class='ocrx_word' id='word_1_602' title='bbox 2411 4873 2697 4940; x_wconf 79' lang='lat' dir='ltr'><strong>:ethereus,</strong></span> <span class='ocrx_word' id='word_1_603' title='bbox 2724 4882 2909 4944; x_wconf 77' lang='lat' dir='ltr'><strong>portas</strong></span> <span class='ocrx_word' id='word_1_604' title='bbox 2931 4876 3026 4947; x_wconf 89' lang='lat' dir='ltr'><strong>qui</strong></span> <span class='ocrx_word' id='word_1_605' title='bbox 3051 4884 3232 4939; x_wconf 78' lang='lat' dir='ltr'><strong>servat</strong></span> <span class='ocrx_word' id='word_1_606' title='bbox 3258 4864 3469 4948; x_wconf 78' lang='lat' dir='ltr'><strong>Olympi</strong></span> 
     </span>
    </p>
   </div>
   <div class='ocr_carea' id='block_1_111' title="bbox 2144 4949 3466 5039">
    <p class='ocr_par' dir='ltr' id='par_1_111' title="bbox 2144 4949 3466 5039">
     <span class='ocr_line' id='line_1_111' title="bbox 2144 4949 3466 5039; baseline 0.007 -27"><span class='ocrx_word' id='word_1_607' title='bbox 2144 4958 2335 5015; x_wconf 88' lang='lat' dir='ltr'><strong>Petrus</strong></span> <span class='ocrx_word' id='word_1_608' title='bbox 2361 4949 2703 5031; x_wconf 76' lang='lat' dir='ltr'><strong>apostolicus,</strong></span> <span class='ocrx_word' id='word_1_609' title='bbox 2733 4965 2983 5034; x_wconf 81' lang='lat' dir='ltr'><strong>princeps</strong></span> <span class='ocrx_word' id='word_1_610' title='bbox 3007 4971 3061 5018; x_wconf 90' lang='lat' dir='ltr'><strong>et</strong></span> <span class='ocrx_word' id='word_1_611' title='bbox 3080 4962 3267 5034; x_wconf 81' lang='lat' dir='ltr'><strong>pastOr</strong></span> <span class='ocrx_word' id='word_1_612' title='bbox 3287 4966 3466 5039; x_wconf 72' lang='lat' dir='ltr'><strong>ovilis.</strong></span> 
     </span>
    </p>
   </div>
   <div class='ocr_carea' id='block_1_112' title="bbox 2144 5048 3717 5135">
    <p class='ocr_par' dir='ltr' id='par_1_112' title="bbox 2144 5048 3717 5135">
     <span class='ocr_line' id='line_1_112' title="bbox 2144 5048 3717 5135; baseline 0.008 -34"><span class='ocrx_word' id='word_1_613' title='bbox 2144 5048 2392 5120; x_wconf 89' lang='lat' dir='ltr'><strong>Perpetui</strong></span> <span class='ocrx_word' id='word_1_614' title='bbox 2416 5049 2599 5122; x_wconf 81' lang='lat' dir='ltr'><strong>Regis,</strong></span> <span class='ocrx_word' id='word_1_615' title='bbox 2619 5051 2835 5107; x_wconf 86' lang='lat' dir='ltr'><strong>slbimet</strong></span> <span class='ocrx_word' id='word_1_616' title='bbox 2854 5050 2970 5107; x_wconf 63' lang='lat' dir='ltr'><strong>haec</strong></span> <span class='ocrx_word' id='word_1_617' title='bbox 2991 5059 3237 5135; x_wconf 85' lang='lat' dir='ltr'><strong>contecta</strong></span> <span class='ocrx_word' id='word_1_618' title='bbox 3260 5052 3399 5129; x_wconf 89' lang='lat' dir='ltr'><strong>[ara]</strong></span> <span class='ocrx_word' id='word_1_619' title='bbox 3418 5054 3593 5113; x_wconf 80' lang='lat' dir='ltr'><strong>dicata</strong></span> <span class='ocrx_word' id='word_1_620' title='bbox 3610 5069 3717 5124; x_wconf 78' lang='lat' dir='ltr'><strong>est,</strong></span> 
     </span>
    </p>
   </div>
   <div class='ocr_carea' id='block_1_113' title="bbox 2141 5137 3492 5209">
    <p class='ocr_par' dir='ltr' id='par_1_113' title="bbox 2141 5137 3492 5209">
     <span class='ocr_line' id='line_1_113' title="bbox 2141 5137 3492 5209; baseline 0.008 -18"><span class='ocrx_word' id='word_1_621' title='bbox 2141 5137 2386 5204; x_wconf 84' lang='lat' dir='ltr'><strong>Assiduis</strong></span> <span class='ocrx_word' id='word_1_622' title='bbox 2408 5141 2657 5209; x_wconf 79' lang='lat' dir='ltr'><strong>precibus</strong></span> <span class='ocrx_word' id='word_1_623' title='bbox 2693 5148 2863 5197; x_wconf 86' lang='lat' dir='ltr'><strong>totum</strong></span> <span class='ocrx_word' id='word_1_624' title='bbox 2891 5150 3173 5203; x_wconf 83' lang='lat' dir='ltr'><strong>conservet</strong></span> <span class='ocrx_word' id='word_1_625' title='bbox 3200 5144 3255 5201; x_wconf 89' lang='lat' dir='ltr'><strong>lu</strong></span> <span class='ocrx_word' id='word_1_626' title='bbox 3276 5159 3492 5207; x_wconf 63' lang='lat' dir='ltr'><strong>aevum.</strong></span> 
     </span>
    </p>
   </div>
   <div class='ocr_carea' id='block_1_114' title="bbox 2845 5247 3013 5305">
    <p class='ocr_par' dir='ltr' id='par_1_114' title="bbox 2845 5247 3013 5305">
     <span class='ocr_line' id='line_1_114' title="bbox 2845 5247 3013 5305; baseline 0 0"><span class='ocrx_word' id='word_1_627' title='bbox 2845 5247 3013 5305; x_wconf 81' lang='lat' dir='ltr'><strong>CCIII.</strong></span> 
     </span>
    </p>
   </div>
   <div class='ocr_carea' id='block_1_115' title="bbox 2566 5327 3333 5417">
    <p class='ocr_par' dir='ltr' id='par_1_115' title="bbox 2566 5327 3333 5417">
     <span class='ocr_line' id='line_1_115' title="bbox 2566 5327 3333 5417; baseline 0.025 -24"><span class='ocrx_word' id='word_1_628' title='bbox 2566 5339 2647 5394; x_wconf 73' lang='lat' dir='ltr'><strong>Ad</strong></span> <span class='ocrx_word' id='word_1_629' title='bbox 2672 5355 2819 5410; x_wconf 66' lang='lat' dir='ltr'><strong>erant</strong></span> <span class='ocrx_word' id='word_1_630' title='bbox 2842 5340 3027 5411; x_wconf 63' lang='lat' dir='ltr'><strong>beate:</strong></span> <span class='ocrx_word' id='word_1_631' title='bbox 3055 5327 3301 5417; x_wconf 50' lang='lat' dir='ltr'><strong>Virginia</strong></span> <span class='ocrx_word' id='word_1_632' title='bbox 3327 5405 3333 5412; x_wconf 92' lang='lat'><strong>.</strong></span> 
     </span>
    </p>
   </div>
   <div class='ocr_carea' id='block_1_116' title="bbox 2144 5421 3428 5513">
    <p class='ocr_par' dir='ltr' id='par_1_116' title="bbox 2144 5421 3428 5513">
     <span class='ocr_line' id='line_1_116' title="bbox 2144 5421 3428 5513; baseline 0.01 -30"><span class='ocrx_word' id='word_1_633' title='bbox 2144 5432 2305 5500; x_wconf 85' lang='lat' dir='ltr'><strong>Virgo</strong></span> <span class='ocrx_word' id='word_1_634' title='bbox 2332 5421 2497 5483; x_wconf 76' lang='lat' dir='ltr'><strong>Maria</strong></span> <span class='ocrx_word' id='word_1_635' title='bbox 2526 5428 2622 5509; x_wconf 80' lang='lat' dir='ltr'><strong>Del</strong></span> <span class='ocrx_word' id='word_1_636' title='bbox 2645 5431 2900 5507; x_wconf 78' lang='lat' dir='ltr'><strong>genitrix,</strong></span> <span class='ocrx_word' id='word_1_637' title='bbox 2930 5437 3230 5513; x_wconf 74' lang='lat' dir='ltr'><strong>castissima</strong></span> <span class='ocrx_word' id='word_1_638' title='bbox 3247 5439 3428 5510; x_wconf 80' lang='lat' dir='ltr'><strong>Virgo,</strong></span> 
     </span>
    </p>
   </div>
   <div class='ocr_carea' id='block_1_117' title="bbox 2142 5506 3409 5609">
    <p class='ocr_par' dir='ltr' id='par_1_117' title="bbox 2142 5506 3409 5609">
     <span class='ocr_line' id='line_1_117' title="bbox 2142 5506 3409 5609; baseline 0.009 -40"><span class='ocrx_word' id='word_1_639' title='bbox 2142 5517 2255 5571; x_wconf 76' lang='lat' dir='ltr'><strong>Lux</strong></span> <span class='ocrx_word' id='word_1_640' title='bbox 2284 5525 2339 5571; x_wconf 90' lang='lat' dir='ltr'><strong>et</strong></span> <span class='ocrx_word' id='word_1_641' title='bbox 2356 5516 2517 5577; x_wconf 70' lang='lat' dir='ltr'><strong>stella</strong></span> <span class='ocrx_word' id='word_1_642' title='bbox 2540 5506 2728 5585; x_wconf 79' lang='lat' dir='ltr'><strong>maris,</strong></span> <span class='ocrx_word' id='word_1_643' title='bbox 2746 5531 2954 5603; x_wconf 60' lang='lat' dir='ltr'><strong>nostra</strong></span> <span class='ocrx_word' id='word_1_644' title='bbox 2975 5506 3371 5609; x_wconf 36' lang='grc' dir='ltr'><strong>ᾒρᾷξσιιυὶίᾇ</strong></span> <span class='ocrx_word' id='word_1_645' title='bbox 3395 5544 3409 5580; x_wconf 94' lang='lat'><strong>:</strong></span> 
     </span>
    </p>
   </div>
   <div class='ocr_carea' id='block_1_118' title="bbox 2140 5600 3430 5681">
    <p class='ocr_par' dir='ltr' id='par_1_118' title="bbox 2140 5600 3430 5681">
     <span class='ocr_line' id='line_1_118' title="bbox 2140 5600 3430 5681; baseline 0.019 -25"><span class='ocrx_word' id='word_1_646' title='bbox 2140 5604 2289 5675; x_wconf 82' lang='lat' dir='ltr'><strong>Hanc</strong></span> <span class='ocrx_word' id='word_1_647' title='bbox 2311 5619 2460 5660; x_wconf 86' lang='lat' dir='ltr'><strong>aram</strong></span> <span class='ocrx_word' id='word_1_648' title='bbox 2488 5609 2696 5674; x_wconf 85' lang='lat' dir='ltr'><strong>meritis</strong></span> <span class='ocrx_word' id='word_1_649' title='bbox 2722 5600 2937 5681; x_wconf 79' lang='lat' dir='ltr'><strong>semper</strong></span> <span class='ocrx_word' id='word_1_650' title='bbox 2953 5600 3229 5674; x_wconf 57' lang='lat' dir='ltr'><strong>vivacibus</strong></span> <span class='ocrx_word' id='word_1_651' title='bbox 3253 5625 3430 5680; x_wconf 81' lang='lat' dir='ltr'><strong>ornet.</strong></span> 
     </span>
    </p>
   </div>
   <div class='ocr_carea' id='block_1_119' title="bbox 2140 5691 3497 5771">
    <p class='ocr_par' dir='ltr' id='par_1_119' title="bbox 2140 5691 3497 5771">
     <span class='ocr_line' id='line_1_119' title="bbox 2140 5691 3497 5771; baseline 0.018 -27"><span class='ocrx_word' id='word_1_652' title='bbox 2140 5691 2268 5760; x_wconf 79' lang='lat' dir='ltr'><strong>Qua:</strong></span> <span class='ocrx_word' id='word_1_653' title='bbox 2289 5704 2499 5749; x_wconf 86' lang='lat' dir='ltr'><strong>sacrata</strong></span> <span class='ocrx_word' id='word_1_654' title='bbox 2527 5713 2625 5753; x_wconf 80' lang='lat' dir='ltr'><strong>suo</strong></span> <span class='ocrx_word' id='word_1_655' title='bbox 2652 5698 2917 5771; x_wconf 75' lang='lat' dir='ltr'><strong>condigne</strong></span> <span class='ocrx_word' id='word_1_656' title='bbox 2943 5712 3150 5760; x_wconf 79' lang='lat' dir='ltr'><strong>constat</strong></span> <span class='ocrx_word' id='word_1_657' title='bbox 3176 5704 3399 5762; x_wconf 87' lang='lat' dir='ltr'><strong>honore.</strong></span> <span class='ocrx_word' id='word_1_658' title='bbox 3491 5760 3497 5768; x_wconf 96' lang='lat'><strong>.</strong></span> 
     </span>
    </p>
   </div>
  </div>
