  <div class='ocr_page' id='page_1' title='image "/cluster/home/n/w/nwhite01/storage/ocr_20150623/101/uva.x000834944/395.png"; bbox 0 0 4268 6238; ppageno 0'>
   <div class='ocr_carea' id='block_1_1' title="bbox 631 308 732 396">
    <p class='ocr_par' dir='ltr' id='par_1_1' title="bbox 631 308 732 396">
     <span class='ocr_line' id='line_1_1' title="bbox 631 308 732 396; baseline 0.02 -2"><span class='ocrx_word' id='word_1_1' title='bbox 631 308 732 396; x_wconf 71' lang='lat'><strong>775</strong></span> 
     </span>
    </p>
   </div>
   <div class='ocr_carea' id='block_1_2' title="bbox 1322 448 1491 505">
    <p class='ocr_par' dir='ltr' id='par_1_2' title="bbox 1322 448 1491 505">
     <span class='ocr_line' id='line_1_2' title="bbox 1322 448 1491 505; baseline -0.018 0"><span class='ocrx_word' id='word_1_2' title='bbox 1322 448 1491 505; x_wconf 72' lang='lat' dir='ltr'><strong>CCIV.</strong></span> 
     </span>
    </p>
   </div>
   <div class='ocr_carea' id='block_1_3' title="bbox 966 535 1844 605">
    <p class='ocr_par' dir='ltr' id='par_1_3' title="bbox 966 535 1844 605">
     <span class='ocr_line' id='line_1_3' title="bbox 966 535 1844 605; baseline -0.01 -9"><span class='ocrx_word' id='word_1_3' title='bbox 966 543 1043 596; x_wconf 79' lang='lat' dir='ltr'><strong>Ad</strong></span> <span class='ocrx_word' id='word_1_4' title='bbox 1065 556 1211 595; x_wconf 84' lang='lat' dir='ltr'><strong>aram</strong></span> <span class='ocrx_word' id='word_1_5' title='bbox 1240 539 1403 593; x_wconf 82' lang='lat' dir='ltr'><strong>sancti</strong></span> <span class='ocrx_word' id='word_1_6' title='bbox 1430 535 1587 590; x_wconf 81' lang='lat' dir='ltr'><strong>Pauli</strong></span> <span class='ocrx_word' id='word_1_7' title='bbox 1609 535 1844 605; x_wconf 76' lang='lat' dir='ltr'><strong>apostoli.</strong></span> 
     </span>
    </p>
   </div>
   <div class='ocr_carea' id='block_1_4' title="bbox 628 624 2004 700">
    <p class='ocr_par' dir='ltr' id='par_1_4' title="bbox 628 624 2004 700">
     <span class='ocr_line' id='line_1_4' title="bbox 628 624 2004 700; baseline -0.009 -13"><span class='ocrx_word' id='word_1_8' title='bbox 628 632 851 687; x_wconf 79' lang='lat' dir='ltr'><strong>Nomine</strong></span> <span class='ocrx_word' id='word_1_9' title='bbox 872 643 1099 700; x_wconf 84' lang='lat' dir='ltr'><strong>namque</strong></span> <span class='ocrx_word' id='word_1_10' title='bbox 1128 637 1237 692; x_wconf 92' lang='lat' dir='ltr'><strong>tuo,</strong></span> <span class='ocrx_word' id='word_1_11' title='bbox 1268 627 1454 681; x_wconf 89' lang='lat' dir='ltr'><strong>doctor</strong></span> <span class='ocrx_word' id='word_1_12' title='bbox 1477 624 1776 679; x_wconf 80' lang='lat' dir='ltr'><strong>clarissime</strong></span> <span class='ocrx_word' id='word_1_13' title='bbox 1804 624 2004 685; x_wconf 90' lang='lat' dir='ltr'><strong>mundi,</strong></span> 
     </span>
    </p>
   </div>
   <div class='ocr_carea' id='block_1_5' title="bbox 620 712 1833 797">
    <p class='ocr_par' dir='ltr' id='par_1_5' title="bbox 620 712 1833 797">
     <span class='ocr_line' id='line_1_5' title="bbox 620 712 1833 797; baseline -0.007 -23"><span class='ocrx_word' id='word_1_14' title='bbox 620 720 789 797; x_wconf 82' lang='lat' dir='ltr'><strong>Paule</strong></span> <span class='ocrx_word' id='word_1_15' title='bbox 817 720 925 774; x_wconf 90' lang='lat' dir='ltr'><strong>Deo</strong></span> <span class='ocrx_word' id='word_1_16' title='bbox 948 718 1159 773; x_wconf 90' lang='lat' dir='ltr'><strong>Christo</strong></span> <span class='ocrx_word' id='word_1_17' title='bbox 1183 716 1322 771; x_wconf 82' lang='lat' dir='ltr'><strong>ccelo</strong></span> <span class='ocrx_word' id='word_1_18' title='bbox 1342 720 1563 768; x_wconf 87' lang='lat' dir='ltr'><strong>vocatus</strong></span> <span class='ocrx_word' id='word_1_19' title='bbox 1587 713 1653 767; x_wconf 90' lang='lat' dir='ltr'><strong>ab</strong></span> <span class='ocrx_word' id='word_1_20' title='bbox 1685 712 1794 767; x_wconf 89' lang='lat' dir='ltr'><strong>alto</strong></span> <span class='ocrx_word' id='word_1_21' title='bbox 1821 730 1833 765; x_wconf 92' lang='lat'>:</span> 
     </span>
    </p>
   </div>
   <div class='ocr_carea' id='block_1_6' title="bbox 634 800 1822 875">
    <p class='ocr_par' dir='ltr' id='par_1_6' title="bbox 634 800 1822 875">
     <span class='ocr_line' id='line_1_6' title="bbox 634 800 1822 875; baseline -0.003 -16"><span class='ocrx_word' id='word_1_22' title='bbox 634 806 756 862; x_wconf 68' lang='lat' dir='ltr'><strong>lla‘e</strong></span> <span class='ocrx_word' id='word_1_23' title='bbox 776 820 1008 875; x_wconf 66' lang='lat' dir='ltr'><strong>praesens</strong></span> <span class='ocrx_word' id='word_1_24' title='bbox 1036 804 1203 859; x_wconf 76' lang='lat' dir='ltr'><strong>titulis</strong></span> <span class='ocrx_word' id='word_1_25' title='bbox 1228 803 1353 857; x_wconf 69' lang='lat' dir='ltr'><strong>vita:</strong></span> <span class='ocrx_word' id='word_1_26' title='bbox 1382 800 1683 856; x_wconf 87' lang='lat' dir='ltr'><strong>sacrabitur</strong></span> <span class='ocrx_word' id='word_1_27' title='bbox 1707 816 1822 864; x_wconf 89' lang='lat' dir='ltr'><strong>ara,</strong></span> 
     </span>
    </p>
   </div>
   <div class='ocr_carea' id='block_1_7' title="bbox 630 889 1940 964">
    <p class='ocr_par' dir='ltr' id='par_1_7' title="bbox 630 889 1940 964">
     <span class='ocr_line' id='line_1_7' title="bbox 630 889 1940 964; baseline -0.006 -15"><span class='ocrx_word' id='word_1_28' title='bbox 630 896 685 949; x_wconf 85' lang='lat' dir='ltr'><strong>In</strong></span> <span class='ocrx_word' id='word_1_29' title='bbox 716 909 819 964; x_wconf 91' lang='lat' dir='ltr'><strong>qua</strong></span> <span class='ocrx_word' id='word_1_30' title='bbox 839 908 1030 964; x_wconf 84' lang='lat' dir='ltr'><strong>magna</strong></span> <span class='ocrx_word' id='word_1_31' title='bbox 1050 891 1191 947; x_wconf 87' lang='lat' dir='ltr'><strong>salus</strong></span> <span class='ocrx_word' id='word_1_32' title='bbox 1215 889 1380 957; x_wconf 90' lang='lat' dir='ltr'><strong>venit,</strong></span> <span class='ocrx_word' id='word_1_33' title='bbox 1409 904 1531 959; x_wconf 85' lang='lat' dir='ltr'><strong>spes</strong></span> <span class='ocrx_word' id='word_1_34' title='bbox 1554 896 1702 943; x_wconf 88' lang='lat' dir='ltr'><strong>certa</strong></span> <span class='ocrx_word' id='word_1_35' title='bbox 1730 889 1940 944; x_wconf 90' lang='lat' dir='ltr'><strong>salutis.</strong></span> 
     </span>
    </p>
   </div>
   <div class='ocr_carea' id='block_1_8' title="bbox 905 1088 1930 1146">
    <p class='ocr_par' dir='ltr' id='par_1_8' title="bbox 905 1088 1930 1146">
     <span class='ocr_line' id='line_1_8' title="bbox 905 1088 1930 1146; baseline -0.002 0"><span class='ocrx_word' id='word_1_36' title='bbox 905 1092 980 1146; x_wconf 80' lang='lat' dir='ltr'><strong>De</strong></span> <span class='ocrx_word' id='word_1_37' title='bbox 1006 1091 1328 1146; x_wconf 68' lang='lat' dir='ltr'><strong>dedicatione</strong></span> <span class='ocrx_word' id='word_1_38' title='bbox 1357 1090 1584 1146; x_wconf 77' lang='lat' dir='ltr'><strong>ecclesia:</strong></span> <span class='ocrx_word' id='word_1_39' title='bbox 1614 1088 1930 1145; x_wconf 75' lang='lat' dir='ltr'><strong>Gorziensis.</strong></span> 
     </span>
    </p>
   </div>
   <div class='ocr_carea' id='block_1_9' title="bbox 631 1168 2153 1253">
    <p class='ocr_par' dir='ltr' id='par_1_9' title="bbox 631 1168 2153 1253">
     <span class='ocr_line' id='line_1_9' title="bbox 631 1168 2153 1253; baseline -0.002 -12"><span class='ocrx_word' id='word_1_40' title='bbox 631 1188 734 1241; x_wconf 88' lang='lat' dir='ltr'><strong>lsta</strong></span> <span class='ocrx_word' id='word_1_41' title='bbox 770 1187 955 1241; x_wconf 91' lang='lat' dir='ltr'><strong>domus</strong></span> <span class='ocrx_word' id='word_1_42' title='bbox 989 1185 1212 1241; x_wconf 90' lang='lat' dir='ltr'><strong>Domino</strong></span> <span class='ocrx_word' id='word_1_43' title='bbox 1237 1168 1473 1249; x_wconf 61' lang='lat' dir='ltr'><strong>Christi),</strong></span> <span class='ocrx_word' id='word_1_44' title='bbox 1503 1186 1808 1253; x_wconf 76' lang='lat' dir='ltr'><strong>sanctisque</strong></span> <span class='ocrx_word' id='word_1_45' title='bbox 1838 1186 2013 1239; x_wconf 90' lang='lat' dir='ltr'><strong>dicata</strong></span> <span class='ocrx_word' id='word_1_46' title='bbox 2048 1192 2153 1247; x_wconf 85' lang='lat' dir='ltr'><strong>est.</strong></span> 
     </span>
    </p>
   </div>
   <div class='ocr_carea' id='block_1_10' title="bbox 634 1272 2118 1355">
    <p class='ocr_par' dir='ltr' id='par_1_10' title="bbox 634 1272 2118 1355">
     <span class='ocr_line' id='line_1_10' title="bbox 634 1272 2118 1355; baseline -0.001 -26"><span class='ocrx_word' id='word_1_47' title='bbox 634 1275 884 1329; x_wconf 77' lang='lat' dir='ltr'><strong>Ardentis</strong></span> <span class='ocrx_word' id='word_1_48' title='bbox 903 1272 1028 1339; x_wconf 77' lang='lat' dir='ltr'><strong>Iuli,</strong></span> <span class='ocrx_word' id='word_1_49' title='bbox 1055 1273 1234 1342; x_wconf 85' lang='lat' dir='ltr'><strong>quinis</strong></span> <span class='ocrx_word' id='word_1_50' title='bbox 1254 1282 1309 1327; x_wconf 88' lang='lat' dir='ltr'><strong>et</strong></span> <span class='ocrx_word' id='word_1_51' title='bbox 1334 1273 1510 1355; x_wconf 78' lang='lat' dir='ltr'><strong>Idibus</strong></span> <span class='ocrx_word' id='word_1_52' title='bbox 1531 1273 1683 1345; x_wconf 86' lang='lat' dir='ltr'><strong>[Ed.,</strong></span> <span class='ocrx_word' id='word_1_53' title='bbox 1708 1274 1944 1345; x_wconf 83' lang='lat' dir='ltr'><strong>indibus]</strong></span> <span class='ocrx_word' id='word_1_54' title='bbox 1972 1274 2118 1328; x_wconf 89' lang='lat' dir='ltr'><strong>olim.</strong></span> 
     </span>
    </p>
   </div>
   <div class='ocr_carea' id='block_1_11' title="bbox 633 1361 1951 1433">
    <p class='ocr_par' dir='ltr' id='par_1_11' title="bbox 633 1361 1951 1433">
     <span class='ocr_line' id='line_1_11' title="bbox 633 1361 1951 1433; baseline 0 -15"><span class='ocrx_word' id='word_1_55' title='bbox 633 1365 779 1418; x_wconf 82' lang='lat' dir='ltr'><strong>lianc</strong></span> <span class='ocrx_word' id='word_1_56' title='bbox 800 1365 918 1433; x_wconf 87' lang='lat' dir='ltr'><strong>pius</strong></span> <span class='ocrx_word' id='word_1_57' title='bbox 946 1363 1265 1430; x_wconf 85' lang='lat' dir='ltr'><strong>archipater,</strong></span> <span class='ocrx_word' id='word_1_58' title='bbox 1296 1361 1541 1417; x_wconf 80' lang='lat' dir='ltr'><strong>Metensis</strong></span> <span class='ocrx_word' id='word_1_59' title='bbox 1567 1364 1734 1431; x_wconf 86' lang='lat' dir='ltr'><strong>gloria</strong></span> <span class='ocrx_word' id='word_1_60' title='bbox 1761 1363 1951 1432; x_wconf 87' lang='lat' dir='ltr'><strong>plebis,</strong></span> 
     </span>
    </p>
   </div>
   <div class='ocr_carea' id='block_1_12' title="bbox 636 1450 1968 1522">
    <p class='ocr_par' dir='ltr' id='par_1_12' title="bbox 636 1450 1968 1522">
     <span class='ocr_line' id='line_1_12' title="bbox 636 1450 1968 1522; baseline 0 -16"><span class='ocrx_word' id='word_1_61' title='bbox 636 1451 950 1522; x_wconf 89' lang='lat' dir='ltr'><strong>llrogandus</strong></span> <span class='ocrx_word' id='word_1_62' title='bbox 974 1463 999 1491; x_wconf 71' lang='grc' dir='ltr'>α</span> <span class='ocrx_word' id='word_1_63' title='bbox 1028 1450 1242 1520; x_wconf 71' lang='lat' dir='ltr'><strong>praesul,</strong></span> <span class='ocrx_word' id='word_1_64' title='bbox 1270 1465 1466 1519; x_wconf 87' lang='lat' dir='ltr'><strong>magno</strong></span> <span class='ocrx_word' id='word_1_65' title='bbox 1492 1453 1727 1506; x_wconf 88' lang='lat' dir='ltr'><strong>sacravit</strong></span> <span class='ocrx_word' id='word_1_66' title='bbox 1748 1454 1968 1513; x_wconf 83' lang='lat' dir='ltr'><strong>honore.</strong></span> 
     </span>
    </p>
   </div>
   <div class='ocr_carea' id='block_1_13' title="bbox 1332 1558 1563 1616">
    <p class='ocr_par' dir='ltr' id='par_1_13' title="bbox 1332 1558 1563 1616">
     <span class='ocr_line' id='line_1_13' title="bbox 1332 1558 1563 1616; baseline 0.013 -3"><span class='ocrx_word' id='word_1_67' title='bbox 1332 1558 1503 1613; x_wconf 73' lang='lat' dir='ltr'><strong>CCVI.</strong></span> <span class='ocrx_word' id='word_1_68' title='bbox 1553 1607 1563 1616; x_wconf 84' lang='lat'><strong>.</strong></span> 
     </span>
    </p>
   </div>
   <div class='ocr_carea' id='block_1_14' title="bbox 1126 1646 1702 1704">
    <p class='ocr_par' dir='ltr' id='par_1_14' title="bbox 1126 1646 1702 1704">
     <span class='ocr_line' id='line_1_14' title="bbox 1126 1646 1702 1704; baseline 0.003 -3"><span class='ocrx_word' id='word_1_69' title='bbox 1126 1646 1304 1702; x_wconf 88' lang='lat' dir='ltr'><strong>Oratio</strong></span> <span class='ocrx_word' id='word_1_70' title='bbox 1332 1648 1401 1702; x_wconf 83' lang='lat' dir='ltr'><strong>ad</strong></span> <span class='ocrx_word' id='word_1_71' title='bbox 1421 1647 1702 1704; x_wconf 78' lang='lat' dir='ltr'><strong>Christum.</strong></span> 
     </span>
    </p>
   </div>
   <div class='ocr_carea' id='block_1_15' title="bbox 637 1724 1932 1811">
    <p class='ocr_par' dir='ltr' id='par_1_15' title="bbox 637 1724 1932 1811">
     <span class='ocr_line' id='line_1_15' title="bbox 637 1724 1932 1811; baseline 0.002 -17"><span class='ocrx_word' id='word_1_72' title='bbox 637 1741 712 1795; x_wconf 88' lang='lat' dir='ltr'><strong>Da</strong></span> <span class='ocrx_word' id='word_1_73' title='bbox 742 1750 833 1794; x_wconf 89' lang='lat' dir='ltr'><strong>tua</strong></span> <span class='ocrx_word' id='word_1_74' title='bbox 860 1738 1223 1795; x_wconf 88' lang='lat' dir='ltr'><strong>Celsitbronus</strong></span> <span class='ocrx_word' id='word_1_75' title='bbox 1243 1738 1397 1793; x_wconf 91' lang='lat' dir='ltr'><strong>nobis</strong></span> <span class='ocrx_word' id='word_1_76' title='bbox 1425 1739 1673 1809; x_wconf 81' lang='lat' dir='ltr'><strong>suffragia</strong></span> <span class='ocrx_word' id='word_1_77' title='bbox 1703 1724 1932 1811; x_wconf 75' lang='lat' dir='ltr'><strong>semper,</strong></span> 
     </span>
    </p>
   </div>
   <div class='ocr_carea' id='block_1_16' title="bbox 637 1824 2003 1896">
    <p class='ocr_par' dir='ltr' id='par_1_16' title="bbox 637 1824 2003 1896">
     <span class='ocr_line' id='line_1_16' title="bbox 637 1824 2003 1896; baseline 0.001 -14"><span class='ocrx_word' id='word_1_78' title='bbox 637 1829 901 1883; x_wconf 73' lang='lat' dir='ltr'><strong>Exaudite</strong></span> <span class='ocrx_word' id='word_1_79' title='bbox 924 1841 1110 1896; x_wconf 84' lang='lat' dir='ltr'><strong>preces</strong></span> <span class='ocrx_word' id='word_1_80' title='bbox 1139 1824 1479 1892; x_wconf 89' lang='lat' dir='ltr'><strong>famulorum,</strong></span> <span class='ocrx_word' id='word_1_81' title='bbox 1508 1826 1742 1891; x_wconf 89' lang='lat' dir='ltr'><strong>Christe,</strong></span> <span class='ocrx_word' id='word_1_82' title='bbox 1775 1837 2003 1892; x_wconf 90' lang='lat' dir='ltr'><strong>tuorum,</strong></span> 
     </span>
    </p>
   </div>
   <div class='ocr_carea' id='block_1_17' title="bbox 639 1913 1882 1984">
    <p class='ocr_par' dir='ltr' id='par_1_17' title="bbox 639 1913 1882 1984">
     <span class='ocr_line' id='line_1_17' title="bbox 639 1913 1882 1984; baseline 0.002 -14"><span class='ocrx_word' id='word_1_83' title='bbox 639 1917 742 1984; x_wconf 91' lang='lat' dir='ltr'><strong>Qui</strong></span> <span class='ocrx_word' id='word_1_84' title='bbox 770 1917 863 1970; x_wconf 88' lang='lat' dir='ltr'><strong>tibi</strong></span> <span class='ocrx_word' id='word_1_85' title='bbox 883 1924 1007 1970; x_wconf 88' lang='lat' dir='ltr'><strong>vota</strong></span> <span class='ocrx_word' id='word_1_86' title='bbox 1032 1913 1206 1969; x_wconf 89' lang='lat' dir='ltr'><strong>ferant</strong></span> <span class='ocrx_word' id='word_1_87' title='bbox 1233 1915 1425 1970; x_wconf 89' lang='lat' dir='ltr'><strong>devoto</strong></span> <span class='ocrx_word' id='word_1_88' title='bbox 1446 1924 1661 1984; x_wconf 86' lang='lat' dir='ltr'><strong>pectore</strong></span> <span class='ocrx_word' id='word_1_89' title='bbox 1688 1916 1882 1982; x_wconf 85' lang='lat' dir='ltr'><strong>laudis,</strong></span> 
     </span>
    </p>
   </div>
   <div class='ocr_carea' id='block_1_18' title="bbox 640 2004 1964 2073">
    <p class='ocr_par' dir='ltr' id='par_1_18' title="bbox 640 2004 1964 2073">
     <span class='ocr_line' id='line_1_18' title="bbox 640 2004 1964 2073; baseline 0.002 -12"><span class='ocrx_word' id='word_1_90' title='bbox 640 2006 957 2073; x_wconf 80' lang='lat' dir='ltr'><strong>Perpetuam</strong></span> <span class='ocrx_word' id='word_1_91' title='bbox 988 2005 1229 2058; x_wconf 90' lang='lat' dir='ltr'><strong>tribuens</strong></span> <span class='ocrx_word' id='word_1_92' title='bbox 1254 2004 1501 2060; x_wconf 90' lang='lat' dir='ltr'><strong>clementi</strong></span> <span class='ocrx_word' id='word_1_93' title='bbox 1530 2021 1748 2062; x_wconf 89' lang='lat' dir='ltr'><strong>munere</strong></span> <span class='ocrx_word' id='word_1_94' title='bbox 1779 2009 1964 2063; x_wconf 90' lang='lat' dir='ltr'><strong>vitam.</strong></span> 
     </span>
    </p>
   </div>
   <div class='ocr_carea' id='block_1_19' title="bbox 573 2093 2055 2163">
    <p class='ocr_par' dir='ltr' id='par_1_19' title="bbox 573 2093 2055 2163">
     <span class='ocr_line' id='line_1_19' title="bbox 573 2093 2055 2163; baseline 0.005 -20"><span class='ocrx_word' id='word_1_95' title='bbox 573 2137 579 2143; x_wconf 86' lang='lat'><strong>.</strong></span> <span class='ocrx_word' id='word_1_96' title='bbox 639 2094 870 2163; x_wconf 88' lang='lat' dir='ltr'><strong>Quisque</strong></span> <span class='ocrx_word' id='word_1_97' title='bbox 894 2093 1003 2148; x_wconf 90' lang='lat' dir='ltr'><strong>Deo</strong></span> <span class='ocrx_word' id='word_1_98' title='bbox 1028 2093 1381 2163; x_wconf 81' lang='lat' dir='ltr'><strong>lacrymas....</strong></span> <span class='ocrx_word' id='word_1_99' title='bbox 1408 2095 1547 2149; x_wconf 90' lang='lat' dir='ltr'><strong>hanc</strong></span> <span class='ocrx_word' id='word_1_100' title='bbox 1576 2094 1753 2150; x_wconf 90' lang='lat' dir='ltr'><strong>fundis</strong></span> <span class='ocrx_word' id='word_1_101' title='bbox 1776 2096 1844 2151; x_wconf 87' lang='lat' dir='ltr'><strong>ad</strong></span> <span class='ocrx_word' id='word_1_102' title='bbox 1882 2113 2055 2163; x_wconf 80' lang='lat' dir='ltr'><strong>aram,</strong></span> 
     </span>
    </p>
   </div>
   <div class='ocr_carea' id='block_1_20' title="bbox 642 2168 2095 2252">
    <p class='ocr_par' dir='ltr' id='par_1_20' title="bbox 642 2168 2095 2252">
     <span class='ocr_line' id='line_1_20' title="bbox 642 2168 2095 2252; baseline -0.001 -14"><span class='ocrx_word' id='word_1_103' title='bbox 642 2185 768 2239; x_wconf 81' lang='lat' dir='ltr'><strong>Esto</strong></span> <span class='ocrx_word' id='word_1_104' title='bbox 795 2198 999 2237; x_wconf 83' lang='lat' dir='ltr'><strong>memor</strong></span> <span class='ocrx_word' id='word_1_105' title='bbox 1028 2183 1218 2247; x_wconf 87' lang='lat' dir='ltr'><strong>nostri,</strong></span> <span class='ocrx_word' id='word_1_106' title='bbox 1248 2168 1417 2237; x_wconf 78' lang='lat' dir='ltr'><strong>cecini</strong></span> <span class='ocrx_word' id='word_1_107' title='bbox 1445 2184 1536 2252; x_wconf 88' lang='lat' dir='ltr'><strong>qui</strong></span> <span class='ocrx_word' id='word_1_108' title='bbox 1566 2186 1803 2240; x_wconf 89' lang='lat' dir='ltr'><strong>carmina</strong></span> <span class='ocrx_word' id='word_1_109' title='bbox 1831 2174 2095 2252; x_wconf 41' lang='lat' dir='ltr'><strong>Christo,&#39;</strong></span> 
     </span>
    </p>
   </div>
   <div class='ocr_carea' id='block_1_21' title="bbox 639 2272 1987 2343">
    <p class='ocr_par' dir='ltr' id='par_1_21' title="bbox 639 2272 1987 2343">
     <span class='ocr_line' id='line_1_21' title="bbox 639 2272 1987 2343; baseline 0.002 -15"><span class='ocrx_word' id='word_1_110' title='bbox 639 2276 901 2329; x_wconf 76' lang='lat' dir='ltr'><strong>Exaudire</strong></span> <span class='ocrx_word' id='word_1_111' title='bbox 924 2289 1110 2343; x_wconf 87' lang='lat' dir='ltr'><strong>preces</strong></span> <span class='ocrx_word' id='word_1_112' title='bbox 1138 2274 1478 2341; x_wconf 87' lang='lat' dir='ltr'><strong>famulorum,</strong></span> <span class='ocrx_word' id='word_1_113' title='bbox 1501 2275 1733 2338; x_wconf 88' lang='lat' dir='ltr'><strong>Christe,</strong></span> <span class='ocrx_word' id='word_1_114' title='bbox 1752 2272 1987 2341; x_wconf 80' lang='lat' dir='ltr'><strong>tuorum,</strong></span> 
     </span>
    </p>
   </div>
   <div class='ocr_carea' id='block_1_22' title="bbox 641 2361 1897 2433">
    <p class='ocr_par' dir='ltr' id='par_1_22' title="bbox 641 2361 1897 2433">
     <span class='ocr_line' id='line_1_22' title="bbox 641 2361 1897 2433; baseline 0.004 -19"><span class='ocrx_word' id='word_1_115' title='bbox 641 2365 742 2430; x_wconf 87' lang='lat' dir='ltr'><strong>Qui</strong></span> <span class='ocrx_word' id='word_1_116' title='bbox 772 2363 866 2416; x_wconf 89' lang='lat' dir='ltr'><strong>tibi</strong></span> <span class='ocrx_word' id='word_1_117' title='bbox 893 2372 1017 2417; x_wconf 80' lang='lat' dir='ltr'><strong>vota</strong></span> <span class='ocrx_word' id='word_1_118' title='bbox 1049 2361 1221 2417; x_wconf 85' lang='lat' dir='ltr'><strong>ferant</strong></span> <span class='ocrx_word' id='word_1_119' title='bbox 1242 2364 1491 2433; x_wconf 72' lang='lat' dir='ltr'><strong>pmsenti</strong></span> <span class='ocrx_word' id='word_1_120' title='bbox 1514 2364 1686 2419; x_wconf 84' lang='lat' dir='ltr'><strong>laudis</strong></span> <span class='ocrx_word' id='word_1_121' title='bbox 1706 2366 1759 2419; x_wconf 91' lang='lat' dir='ltr'><strong>in</strong></span> <span class='ocrx_word' id='word_1_122' title='bbox 1783 2380 1897 2429; x_wconf 85' lang='lat' dir='ltr'><strong>ara,</strong></span> 
     </span>
    </p>
   </div>
   <div class='ocr_carea' id='block_1_23' title="bbox 642 2452 1745 2522">
    <p class='ocr_par' dir='ltr' id='par_1_23' title="bbox 642 2452 1745 2522">
     <span class='ocr_line' id='line_1_23' title="bbox 642 2452 1745 2522; baseline 0.001 -16"><span class='ocrx_word' id='word_1_123' title='bbox 642 2454 709 2506; x_wconf 86' lang='lat' dir='ltr'><strong>Et</strong></span> <span class='ocrx_word' id='word_1_124' title='bbox 727 2453 791 2506; x_wconf 91' lang='lat' dir='ltr'><strong>da</strong></span> <span class='ocrx_word' id='word_1_125' title='bbox 817 2452 1050 2507; x_wconf 79' lang='lat' dir='ltr'><strong>emlestis</strong></span> <span class='ocrx_word' id='word_1_126' title='bbox 1076 2452 1231 2506; x_wconf 90' lang='lat' dir='ltr'><strong>nobis</strong></span> <span class='ocrx_word' id='word_1_127' title='bbox 1253 2452 1343 2522; x_wconf 89' lang='lat' dir='ltr'><strong>pia</strong></span> <span class='ocrx_word' id='word_1_128' title='bbox 1373 2452 1509 2507; x_wconf 90' lang='lat' dir='ltr'><strong>dona</strong></span> <span class='ocrx_word' id='word_1_129' title='bbox 1536 2454 1745 2508; x_wconf 87' lang='lat' dir='ltr'><strong>salutis.</strong></span> 
     </span>
    </p>
   </div>
   <div class='ocr_carea' id='block_1_24' title="bbox 641 2540 2076 2623">
    <p class='ocr_par' dir='ltr' id='par_1_24' title="bbox 641 2540 2076 2623">
     <span class='ocr_line' id='line_1_24' title="bbox 641 2540 2076 2623; baseline 0.001 -27"><span class='ocrx_word' id='word_1_130' title='bbox 641 2542 729 2596; x_wconf 88' lang='lat' dir='ltr'><strong>Sis</strong></span> <span class='ocrx_word' id='word_1_131' title='bbox 754 2557 957 2623; x_wconf 83' lang='lat' dir='ltr'><strong>memor</strong></span> <span class='ocrx_word' id='word_1_132' title='bbox 980 2541 1215 2619; x_wconf 67' lang='lat' dir='ltr'><strong>Alcuini,</strong></span> <span class='ocrx_word' id='word_1_133' title='bbox 1234 2540 1422 2605; x_wconf 89' lang='lat' dir='ltr'><strong>lector,</strong></span> <span class='ocrx_word' id='word_1_134' title='bbox 1447 2556 1594 2612; x_wconf 88' lang='lat' dir='ltr'><strong>rogo,</strong></span> <span class='ocrx_word' id='word_1_135' title='bbox 1623 2543 1876 2600; x_wconf 84' lang='lat' dir='ltr'><strong>carminis</strong></span> <span class='ocrx_word' id='word_1_136' title='bbox 1901 2542 2076 2613; x_wconf 81' lang='lat' dir='ltr'><strong>hujus.</strong></span> 
     </span>
    </p>
   </div>
   <div class='ocr_carea' id='block_1_25' title="bbox 643 2628 2065 2708">
    <p class='ocr_par' dir='ltr' id='par_1_25' title="bbox 643 2628 2065 2708">
     <span class='ocr_line' id='line_1_25' title="bbox 643 2628 2065 2708; baseline 0.002 -26"><span class='ocrx_word' id='word_1_137' title='bbox 643 2628 722 2683; x_wconf 81' lang='lat' dir='ltr'><strong>&#39;I‘u</strong></span> <span class='ocrx_word' id='word_1_138' title='bbox 749 2628 876 2681; x_wconf 90' lang='lat' dir='ltr'><strong>mihi</strong></span> <span class='ocrx_word' id='word_1_139' title='bbox 904 2628 1071 2682; x_wconf 88' lang='lat' dir='ltr'><strong>dulcis</strong></span> <span class='ocrx_word' id='word_1_140' title='bbox 1094 2643 1241 2681; x_wconf 91' lang='lat' dir='ltr'><strong>amor</strong></span> <span class='ocrx_word' id='word_1_141' title='bbox 1263 2642 1473 2708; x_wconf 73' lang='lat' dir='ltr'><strong>semper</strong></span> <span class='ocrx_word' id='word_1_142' title='bbox 1495 2643 1647 2682; x_wconf 88' lang='lat' dir='ltr'><strong>soror</strong></span> <span class='ocrx_word' id='word_1_143' title='bbox 1674 2629 1867 2699; x_wconf 78' lang='lat' dir='ltr'><strong>inclyta</strong></span> <span class='ocrx_word' id='word_1_144' title='bbox 1896 2630 2065 2696; x_wconf 88' lang='lat' dir='ltr'><strong>salve,</strong></span> 
     </span>
    </p>
   </div>
   <div class='ocr_carea' id='block_1_26' title="bbox 714 2714 1841 2786">
    <p class='ocr_par' dir='ltr' id='par_1_26' title="bbox 714 2714 1841 2786">
     <span class='ocr_line' id='line_1_26' title="bbox 714 2714 1841 2786; baseline 0.003 -17"><span class='ocrx_word' id='word_1_145' title='bbox 714 2717 771 2769; x_wconf 76' lang='lat' dir='ltr'><strong>in</strong></span> <span class='ocrx_word' id='word_1_146' title='bbox 801 2717 1046 2785; x_wconf 86' lang='lat' dir='ltr'><strong>precibus</strong></span> <span class='ocrx_word' id='word_1_147' title='bbox 1073 2714 1252 2770; x_wconf 82' lang='lat' dir='ltr'><strong>fratris</strong></span> <span class='ocrx_word' id='word_1_148' title='bbox 1275 2717 1349 2771; x_wconf 92' lang='lat' dir='ltr'><strong>sis</strong></span> <span class='ocrx_word' id='word_1_149' title='bbox 1377 2732 1584 2771; x_wconf 91' lang='lat' dir='ltr'><strong>memor</strong></span> <span class='ocrx_word' id='word_1_150' title='bbox 1605 2718 1717 2786; x_wconf 90' lang='lat' dir='ltr'><strong>ipsa</strong></span> <span class='ocrx_word' id='word_1_151' title='bbox 1744 2719 1841 2772; x_wconf 90' lang='lat' dir='ltr'><strong>tui.</strong></span> 
     </span>
    </p>
   </div>
   <div class='ocr_carea' id='block_1_27' title="bbox 648 2806 1899 2876">
    <p class='ocr_par' dir='ltr' id='par_1_27' title="bbox 648 2806 1899 2876">
     <span class='ocr_line' id='line_1_27' title="bbox 648 2806 1899 2876; baseline 0.002 -16"><span class='ocrx_word' id='word_1_152' title='bbox 648 2807 874 2862; x_wconf 75' lang='lat' dir='ltr'><strong>Delicias</strong></span> <span class='ocrx_word' id='word_1_153' title='bbox 907 2806 1070 2871; x_wconf 76' lang='lat' dir='ltr'><strong>Siceli,</strong></span> <span class='ocrx_word' id='word_1_154' title='bbox 1098 2821 1340 2875; x_wconf 84' lang='lat' dir='ltr'><strong>pompas,</strong></span> <span class='ocrx_word' id='word_1_155' title='bbox 1368 2822 1631 2876; x_wconf 88' lang='lat' dir='ltr'><strong>gazasque</strong></span> <span class='ocrx_word' id='word_1_156' title='bbox 1650 2809 1899 2873; x_wconf 83' lang='lat' dir='ltr'><strong>caducas,</strong></span> 
     </span>
    </p>
   </div>
   <div class='ocr_carea' id='block_1_28' title="bbox 716 2896 1900 2967">
    <p class='ocr_par' dir='ltr' id='par_1_28' title="bbox 716 2896 1900 2967">
     <span class='ocr_line' id='line_1_28' title="bbox 716 2896 1900 2967; baseline 0.004 -19"><span class='ocrx_word' id='word_1_157' title='bbox 716 2896 909 2957; x_wconf 85' lang='lat' dir='ltr'><strong>Mente,</strong></span> <span class='ocrx_word' id='word_1_158' title='bbox 935 2911 1115 2960; x_wconf 90' lang='lat' dir='ltr'><strong>manu,</strong></span> <span class='ocrx_word' id='word_1_159' title='bbox 1142 2896 1319 2967; x_wconf 87' lang='lat' dir='ltr'><strong>lingua</strong></span> <span class='ocrx_word' id='word_1_160' title='bbox 1348 2913 1596 2966; x_wconf 87' lang='lat' dir='ltr'><strong>spernere</strong></span> <span class='ocrx_word' id='word_1_161' title='bbox 1623 2899 1765 2953; x_wconf 87' lang='lat' dir='ltr'><strong>disce</strong></span> <span class='ocrx_word' id='word_1_162' title='bbox 1794 2907 1900 2953; x_wconf 90' lang='lat' dir='ltr'><strong>tua.</strong></span> 
     </span>
    </p>
   </div>
   <div class='ocr_carea' id='block_1_29' title="bbox 652 2984 2208 3053">
    <p class='ocr_par' dir='ltr' id='par_1_29' title="bbox 652 2984 2208 3053">
     <span class='ocr_line' id='line_1_29' title="bbox 652 2984 2208 3053; baseline 0.001 -13"><span class='ocrx_word' id='word_1_163' title='bbox 652 2985 735 3041; x_wconf 85' lang='lat' dir='ltr'><strong>Sit</strong></span> <span class='ocrx_word' id='word_1_164' title='bbox 759 2987 851 3040; x_wconf 90' lang='lat' dir='ltr'><strong>tibi</strong></span> <span class='ocrx_word' id='word_1_165' title='bbox 882 2984 1128 3041; x_wconf 79' lang='lat' dir='ltr'><strong>Christus</strong></span> <span class='ocrx_word' id='word_1_166' title='bbox 1156 3001 1328 3052; x_wconf 89' lang='lat' dir='ltr'><strong>amor,</strong></span> <span class='ocrx_word' id='word_1_167' title='bbox 1358 2989 1545 3051; x_wconf 87' lang='lat' dir='ltr'><strong>virtus,</strong></span> <span class='ocrx_word' id='word_1_168' title='bbox 1571 2988 1705 3053; x_wconf 89' lang='lat' dir='ltr'><strong>laus,</strong></span> <span class='ocrx_word' id='word_1_169' title='bbox 1731 2990 1908 3044; x_wconf 85' lang='lat' dir='ltr'><strong>omnia</strong></span> <span class='ocrx_word' id='word_1_170' title='bbox 1938 2987 2208 3053; x_wconf 80' lang='lat' dir='ltr'><strong>Christus,</strong></span> 
     </span>
    </p>
   </div>
   <div class='ocr_carea' id='block_1_30' title="bbox 733 3075 1863 3149">
    <p class='ocr_par' dir='ltr' id='par_1_30' title="bbox 733 3075 1863 3149">
     <span class='ocr_line' id='line_1_30' title="bbox 733 3075 1863 3149; baseline 0 -20"><span class='ocrx_word' id='word_1_171' title='bbox 733 3075 1135 3129; x_wconf 81' lang='lat' dir='ltr'><strong>Permaneat....</strong></span> <span class='ocrx_word' id='word_1_172' title='bbox 1168 3084 1222 3128; x_wconf 92' lang='lat' dir='ltr'><strong>et</strong></span> <span class='ocrx_word' id='word_1_173' title='bbox 1256 3090 1466 3143; x_wconf 79' lang='lat' dir='ltr'><strong>semper</strong></span> <span class='ocrx_word' id='word_1_174' title='bbox 1495 3078 1546 3130; x_wconf 91' lang='lat' dir='ltr'><strong>in</strong></span> <span class='ocrx_word' id='word_1_175' title='bbox 1573 3091 1665 3149; x_wconf 70' lang='lat' dir='ltr'><strong>ore</strong></span> <span class='ocrx_word' id='word_1_176' title='bbox 1694 3087 1863 3131; x_wconf 90' lang='lat' dir='ltr'><strong>sonet.</strong></span> 
     </span>
    </p>
   </div>
   <div class='ocr_carea' id='block_1_31' title="bbox 1086 3154 1543 3220">
    <p class='ocr_par' dir='ltr' id='par_1_31' title="bbox 1086 3154 1543 3220">
     <span class='ocr_line' id='line_1_31' title="bbox 1086 3154 1543 3220; baseline -0.004 0"><span class='ocrx_word' id='word_1_177' title='bbox 1086 3154 1099 3160; x_wconf 85' lang='grc'><strong>’</strong></span> <span class='ocrx_word' id='word_1_178' title='bbox 1353 3165 1543 3220; x_wconf 75' lang='lat' dir='ltr'><strong>ccvn.</strong></span> 
     </span>
    </p>
   </div>
   <div class='ocr_carea' id='block_1_32' title="bbox 941 3254 1920 3312">
    <p class='ocr_par' dir='ltr' id='par_1_32' title="bbox 941 3254 1920 3312">
     <span class='ocr_line' id='line_1_32' title="bbox 941 3254 1920 3312; baseline 0.003 -3"><span class='ocrx_word' id='word_1_179' title='bbox 941 3257 1018 3309; x_wconf 81' lang='lat' dir='ltr'><strong>Ad</strong></span> <span class='ocrx_word' id='word_1_180' title='bbox 1048 3273 1196 3309; x_wconf 85' lang='lat' dir='ltr'><strong>aram</strong></span> <span class='ocrx_word' id='word_1_181' title='bbox 1225 3257 1288 3309; x_wconf 84' lang='lat' dir='ltr'><strong>ab</strong></span> <span class='ocrx_word' id='word_1_182' title='bbox 1318 3254 1631 3311; x_wconf 83' lang='lat' dir='ltr'><strong>Ilildebaldo</strong></span> <span class='ocrx_word' id='word_1_183' title='bbox 1662 3265 1920 3312; x_wconf 84' lang='lat' dir='ltr'><strong>ornatam.</strong></span> 
     </span>
    </p>
   </div>
   <div class='ocr_carea' id='block_1_33' title="bbox 650 3346 1983 3417">
    <p class='ocr_par' dir='ltr' id='par_1_33' title="bbox 650 3346 1983 3417">
     <span class='ocr_line' id='line_1_33' title="bbox 650 3346 1983 3417; baseline 0.001 -16"><span class='ocrx_word' id='word_1_184' title='bbox 650 3348 850 3401; x_wconf 83' lang='lat' dir='ltr'><strong>Ductus</strong></span> <span class='ocrx_word' id='word_1_185' title='bbox 881 3361 1062 3400; x_wconf 89' lang='lat' dir='ltr'><strong>amore</strong></span> <span class='ocrx_word' id='word_1_186' title='bbox 1091 3354 1183 3399; x_wconf 91' lang='lat' dir='ltr'><strong>tuo</strong></span> <span class='ocrx_word' id='word_1_187' title='bbox 1211 3360 1422 3417; x_wconf 84' lang='lat' dir='ltr'><strong>magno,</strong></span> <span class='ocrx_word' id='word_1_188' title='bbox 1448 3346 1723 3401; x_wconf 82' lang='lat' dir='ltr'><strong>utilissime</strong></span> <span class='ocrx_word' id='word_1_189' title='bbox 1751 3346 1983 3412; x_wconf 87' lang='lat' dir='ltr'><strong>Christe,</strong></span> 
     </span>
    </p>
   </div>
   <div class='ocr_carea' id='block_1_34' title="bbox 652 3428 1955 3503">
    <p class='ocr_par' dir='ltr' id='par_1_34' title="bbox 652 3428 1955 3503">
     <span class='ocr_line' id='line_1_34' title="bbox 652 3428 1955 3503; baseline 0.001 -15"><span class='ocrx_word' id='word_1_190' title='bbox 652 3428 827 3502; x_wconf 65' lang='lat' dir='ltr'><strong>Atque</strong></span> <span class='ocrx_word' id='word_1_191' title='bbox 863 3441 953 3487; x_wconf 89' lang='lat' dir='ltr'><strong>tuo</strong></span> <span class='ocrx_word' id='word_1_192' title='bbox 982 3435 1201 3501; x_wconf 79' lang='lat' dir='ltr'><strong>pariter,</strong></span> <span class='ocrx_word' id='word_1_193' title='bbox 1232 3434 1565 3487; x_wconf 84' lang='lat' dir='ltr'><strong>sanctissima</strong></span> <span class='ocrx_word' id='word_1_194' title='bbox 1586 3435 1743 3503; x_wconf 88' lang='lat' dir='ltr'><strong>virgo</strong></span> <span class='ocrx_word' id='word_1_195' title='bbox 1770 3436 1955 3500; x_wconf 78' lang='lat' dir='ltr'><strong>Maria,</strong></span> 
     </span>
    </p>
   </div>
   <div class='ocr_carea' id='block_1_35' title="bbox 651 3514 2063 3593">
    <p class='ocr_par' dir='ltr' id='par_1_35' title="bbox 651 3514 2063 3593">
     <span class='ocr_line' id='line_1_35' title="bbox 651 3514 2063 3593; baseline -0.001 -14"><span class='ocrx_word' id='word_1_196' title='bbox 651 3526 824 3593; x_wconf 75' lang='lat' dir='ltr'><strong>Atque</strong></span> <span class='ocrx_word' id='word_1_197' title='bbox 850 3534 958 3585; x_wconf 87' lang='lat' dir='ltr'><strong>tuo,</strong></span> <span class='ocrx_word' id='word_1_198' title='bbox 983 3522 1187 3577; x_wconf 87' lang='lat' dir='ltr'><strong>meritis</strong></span> <span class='ocrx_word' id='word_1_199' title='bbox 1209 3523 1483 3592; x_wconf 68' lang='lat' dir='ltr'><strong>praeclare,</strong></span> <span class='ocrx_word' id='word_1_200' title='bbox 1520 3522 1766 3577; x_wconf 81' lang='lat' dir='ltr'><strong>Medarde</strong></span> <span class='ocrx_word' id='word_1_201' title='bbox 1794 3514 2063 3586; x_wconf 81' lang='lat' dir='ltr'><strong>sacerdos,</strong></span> 
     </span>
    </p>
   </div>
   <div class='ocr_carea' id='block_1_36' title="bbox 656 3607 1987 3680">
    <p class='ocr_par' dir='ltr' id='par_1_36' title="bbox 656 3607 1987 3680">
     <span class='ocr_line' id='line_1_36' title="bbox 656 3607 1987 3680; baseline -0.001 -13"><span class='ocrx_word' id='word_1_202' title='bbox 656 3607 895 3669; x_wconf 70' lang='lat' dir='ltr'><strong>iusserat</strong></span> <span class='ocrx_word' id='word_1_203' title='bbox 921 3614 1059 3667; x_wconf 87' lang='lat' dir='ltr'><strong>hanc</strong></span> <span class='ocrx_word' id='word_1_204' title='bbox 1088 3627 1235 3665; x_wconf 90' lang='lat' dir='ltr'><strong>aram</strong></span> <span class='ocrx_word' id='word_1_205' title='bbox 1268 3612 1506 3680; x_wconf 82' lang='lat' dir='ltr'><strong>pulchris</strong></span> <span class='ocrx_word' id='word_1_206' title='bbox 1533 3618 1725 3666; x_wconf 78' lang='lat' dir='ltr'><strong>ornare</strong></span> <span class='ocrx_word' id='word_1_207' title='bbox 1756 3612 1987 3666; x_wconf 86' lang='lat' dir='ltr'><strong>metallis</strong></span> 
     </span>
    </p>
   </div>
   <div class='ocr_carea' id='block_1_37' title="bbox 659 3701 2167 3770">
    <p class='ocr_par' dir='ltr' id='par_1_37' title="bbox 659 3701 2167 3770">
     <span class='ocr_line' id='line_1_37' title="bbox 659 3701 2167 3770; baseline 0.001 -16"><span class='ocrx_word' id='word_1_208' title='bbox 659 3701 994 3756; x_wconf 84' lang='lat' dir='ltr'><strong>llildebaldus</strong></span> <span class='ocrx_word' id='word_1_209' title='bbox 1019 3701 1047 3741; x_wconf 70' lang='grc' dir='ltr'>δ</span> <span class='ocrx_word' id='word_1_210' title='bbox 1077 3715 1262 3765; x_wconf 80' lang='lat' dir='ltr'><strong>ovans,</strong></span> <span class='ocrx_word' id='word_1_211' title='bbox 1291 3701 1505 3754; x_wconf 87' lang='lat' dir='ltr'><strong>humilis</strong></span> <span class='ocrx_word' id='word_1_212' title='bbox 1530 3709 1684 3768; x_wconf 88' lang='lat' dir='ltr'><strong>pater</strong></span> <span class='ocrx_word' id='word_1_213' title='bbox 1706 3708 1867 3770; x_wconf 87' lang='lat' dir='ltr'><strong>atque</strong></span> <span class='ocrx_word' id='word_1_214' title='bbox 1895 3701 2167 3765; x_wconf 88' lang='lat' dir='ltr'><strong>sacerdos,</strong></span> 
     </span>
    </p>
   </div>
   <div class='ocr_carea' id='block_1_38' title="bbox 657 3790 1919 3861">
    <p class='ocr_par' dir='ltr' id='par_1_38' title="bbox 657 3790 1919 3861">
     <span class='ocr_line' id='line_1_38' title="bbox 657 3790 1919 3861; baseline 0.001 -17"><span class='ocrx_word' id='word_1_215' title='bbox 657 3792 760 3844; x_wconf 90' lang='lat' dir='ltr'><strong>Pro</strong></span> <span class='ocrx_word' id='word_1_216' title='bbox 794 3806 920 3860; x_wconf 88' lang='lat' dir='ltr'><strong>quo,</strong></span> <span class='ocrx_word' id='word_1_217' title='bbox 950 3790 1178 3845; x_wconf 89' lang='lat' dir='ltr'><strong>lectores</strong></span> <span class='ocrx_word' id='word_1_218' title='bbox 1209 3791 1370 3852; x_wconf 87' lang='lat' dir='ltr'><strong>tituli,</strong></span> <span class='ocrx_word' id='word_1_219' title='bbox 1400 3806 1623 3845; x_wconf 78' lang='lat' dir='ltr'><strong>exorare</strong></span> <span class='ocrx_word' id='word_1_220' title='bbox 1654 3806 1919 3861; x_wconf 77' lang='lat' dir='ltr'><strong>rogamus.</strong></span> 
     </span>
    </p>
   </div>
   <div class='ocr_carea' id='block_1_39' title="bbox 1335 3876 1552 3933">
    <p class='ocr_par' dir='ltr' id='par_1_39' title="bbox 1335 3876 1552 3933">
     <span class='ocr_line' id='line_1_39' title="bbox 1335 3876 1552 3933; baseline 0.005 -1"><span class='ocrx_word' id='word_1_221' title='bbox 1335 3876 1552 3933; x_wconf 67' lang='lat' dir='ltr'><strong>CCVIII.</strong></span> 
     </span>
    </p>
   </div>
   <div class='ocr_carea' id='block_1_40' title="bbox 656 3966 2214 4036">
    <p class='ocr_par' dir='ltr' id='par_1_40' title="bbox 656 3966 2214 4036">
     <span class='ocr_line' id='line_1_40' title="bbox 656 3966 2214 4036; baseline 0.002 -16"><span class='ocrx_word' id='word_1_222' title='bbox 656 3968 734 4020; x_wconf 83' lang='lat' dir='ltr'><strong>Ad</strong></span> <span class='ocrx_word' id='word_1_223' title='bbox 759 3967 984 4036; x_wconf 79' lang='lat' dir='ltr'><strong>picturas</strong></span> <span class='ocrx_word' id='word_1_224' title='bbox 1013 3966 1427 4036; x_wconf 80' lang='lat' dir='ltr'><strong>patriarcharum</strong></span> <span class='ocrx_word' id='word_1_225' title='bbox 1455 3966 1643 4031; x_wconf 82' lang='lat' dir='ltr'><strong>Adam,</strong></span> <span class='ocrx_word' id='word_1_226' title='bbox 1667 3966 1780 4020; x_wconf 83' lang='lat' dir='ltr'><strong>Noe</strong></span> <span class='ocrx_word' id='word_1_227' title='bbox 1805 3977 1852 4021; x_wconf 88' lang='lat' dir='ltr'><strong>et</strong></span> <span class='ocrx_word' id='word_1_228' title='bbox 1874 3969 2135 4022; x_wconf 79' lang='lat' dir='ltr'><strong>Abraham</strong></span> <span class='ocrx_word' id='word_1_229' title='bbox 2170 3983 2214 4023; x_wconf 75' lang='grc' dir='ltr'><strong>ε.</strong></span> 
     </span>
    </p>
   </div>
   <div class='ocr_carea' id='block_1_41' title="bbox 658 4053 2081 4127">
    <p class='ocr_par' dir='ltr' id='par_1_41' title="bbox 658 4053 2081 4127">
     <span class='ocr_line' id='line_1_41' title="bbox 658 4053 2081 4127; baseline 0.002 -17"><span class='ocrx_word' id='word_1_230' title='bbox 658 4056 753 4111; x_wconf 87' lang='lat' dir='ltr'><strong>llic</strong></span> <span class='ocrx_word' id='word_1_231' title='bbox 783 4056 922 4109; x_wconf 86' lang='lat' dir='ltr'><strong>Deus</strong></span> <span class='ocrx_word' id='word_1_232' title='bbox 948 4055 1282 4123; x_wconf 86' lang='lat' dir='ltr'><strong>omnipotens</strong></span> <span class='ocrx_word' id='word_1_233' title='bbox 1310 4053 1479 4107; x_wconf 86' lang='lat' dir='ltr'><strong>Adam</strong></span> <span class='ocrx_word' id='word_1_234' title='bbox 1502 4054 1567 4109; x_wconf 94' lang='lat' dir='ltr'><strong>de</strong></span> <span class='ocrx_word' id='word_1_235' title='bbox 1588 4055 1804 4123; x_wconf 88' lang='lat' dir='ltr'><strong>pulvere</strong></span> <span class='ocrx_word' id='word_1_236' title='bbox 1825 4057 2081 4127; x_wconf 90' lang='lat' dir='ltr'><strong>plasmat,</strong></span> 
     </span>
    </p>
   </div>
   <div class='ocr_carea' id='block_1_42' title="bbox 655 4142 1908 4213">
    <p class='ocr_par' dir='ltr' id='par_1_42' title="bbox 655 4142 1908 4213">
     <span class='ocr_line' id='line_1_42' title="bbox 655 4142 1908 4213; baseline 0.001 -13"><span class='ocrx_word' id='word_1_237' title='bbox 655 4144 848 4200; x_wconf 88' lang='lat' dir='ltr'><strong>Accola</strong></span> <span class='ocrx_word' id='word_1_238' title='bbox 876 4145 961 4199; x_wconf 89' lang='lat' dir='ltr'><strong>hic</strong></span> <span class='ocrx_word' id='word_1_239' title='bbox 984 4143 1154 4198; x_wconf 87' lang='lat' dir='ltr'><strong>factus</strong></span> <span class='ocrx_word' id='word_1_240' title='bbox 1184 4142 1417 4213; x_wconf 84' lang='lat' dir='ltr'><strong>paradisi</strong></span> <span class='ocrx_word' id='word_1_241' title='bbox 1447 4144 1693 4213; x_wconf 90' lang='lat' dir='ltr'><strong>primitus</strong></span> <span class='ocrx_word' id='word_1_242' title='bbox 1717 4144 1908 4200; x_wconf 86' lang='lat' dir='ltr'><strong>Adam.</strong></span> 
     </span>
    </p>
   </div>
   <div class='ocr_carea' id='block_1_43' title="bbox 658 4232 2218 4305">
    <p class='ocr_par' dir='ltr' id='par_1_43' title="bbox 658 4232 2218 4305">
     <span class='ocr_line' id='line_1_43' title="bbox 658 4232 2218 4305; baseline 0.002 -19"><span class='ocrx_word' id='word_1_243' title='bbox 658 4236 821 4305; x_wconf 74' lang='lat'><strong>226</strong></span> <span class='ocrx_word' id='word_1_244' title='bbox 845 4234 1070 4288; x_wconf 82' lang='lat' dir='ltr'><strong>Nomina</strong></span> <span class='ocrx_word' id='word_1_245' title='bbox 1090 4248 1227 4302; x_wconf 88' lang='lat' dir='ltr'><strong>pone</strong></span> <span class='ocrx_word' id='word_1_246' title='bbox 1247 4232 1409 4285; x_wconf 88' lang='lat' dir='ltr'><strong>Pater</strong></span> <span class='ocrx_word' id='word_1_247' title='bbox 1422 4233 1630 4287; x_wconf 89' lang='lat' dir='ltr'><strong>cunctis</strong></span> <span class='ocrx_word' id='word_1_248' title='bbox 1648 4234 2008 4291; x_wconf 87' lang='lat' dir='ltr'><strong>animantibus</strong></span> <span class='ocrx_word' id='word_1_249' title='bbox 2028 4235 2218 4290; x_wconf 89' lang='lat' dir='ltr'><strong>Adam.</strong></span> 
     </span>
    </p>
   </div>
   <div class='ocr_carea' id='block_1_44' title="bbox 656 4322 1932 4390">
    <p class='ocr_par' dir='ltr' id='par_1_44' title="bbox 656 4322 1932 4390">
     <span class='ocr_line' id='line_1_44' title="bbox 656 4322 1932 4390; baseline -0.001 -11"><span class='ocrx_word' id='word_1_250' title='bbox 656 4325 817 4379; x_wconf 89' lang='lat' dir='ltr'><strong>Costa</strong></span> <span class='ocrx_word' id='word_1_251' title='bbox 844 4324 943 4376; x_wconf 86' lang='lat' dir='ltr'><strong>viri</strong></span> <span class='ocrx_word' id='word_1_252' title='bbox 969 4332 1197 4377; x_wconf 90' lang='lat' dir='ltr'><strong>matrem</strong></span> <span class='ocrx_word' id='word_1_253' title='bbox 1222 4328 1479 4390; x_wconf 88' lang='lat' dir='ltr'><strong>pausantc</strong></span> <span class='ocrx_word' id='word_1_254' title='bbox 1506 4322 1724 4390; x_wconf 88' lang='lat' dir='ltr'><strong>protulit</strong></span> <span class='ocrx_word' id='word_1_255' title='bbox 1744 4323 1932 4378; x_wconf 88' lang='lat' dir='ltr'><strong>Adam.</strong></span> 
     </span>
    </p>
   </div>
   <div class='ocr_carea' id='block_1_45' title="bbox 658 4410 1920 4474">
    <p class='ocr_par' dir='ltr' id='par_1_45' title="bbox 658 4410 1920 4474">
     <span class='ocr_line' id='line_1_45' title="bbox 658 4410 1920 4474; baseline 0 -6"><span class='ocrx_word' id='word_1_256' title='bbox 658 4414 754 4468; x_wconf 81' lang='lat' dir='ltr'><strong>llic</strong></span> <span class='ocrx_word' id='word_1_257' title='bbox 782 4412 998 4467; x_wconf 88' lang='lat' dir='ltr'><strong>seducta</strong></span> <span class='ocrx_word' id='word_1_258' title='bbox 1028 4410 1128 4464; x_wconf 90' lang='lat' dir='ltr'><strong>fuit</strong></span> <span class='ocrx_word' id='word_1_259' title='bbox 1151 4410 1361 4474; x_wconf 86' lang='lat' dir='ltr'><strong>mulier,</strong></span> <span class='ocrx_word' id='word_1_260' title='bbox 1387 4410 1637 4465; x_wconf 87' lang='lat' dir='ltr'><strong>seductus</strong></span> <span class='ocrx_word' id='word_1_261' title='bbox 1658 4419 1713 4465; x_wconf 90' lang='lat' dir='ltr'><strong>et</strong></span> <span class='ocrx_word' id='word_1_262' title='bbox 1730 4412 1920 4468; x_wconf 84' lang='lat' dir='ltr'><strong>Adam.</strong></span> 
     </span>
    </p>
   </div>
   <div class='ocr_carea' id='block_1_46' title="bbox 571 4496 1997 4567">
    <p class='ocr_par' dir='ltr' id='par_1_46' title="bbox 571 4496 1997 4567">
     <span class='ocr_line' id='line_1_46' title="bbox 571 4496 1997 4567; baseline -0.002 -10"><span class='ocrx_word' id='word_1_263' title='bbox 571 4503 573 4505; x_wconf 76' lang='grc'><strong>’</strong></span> <span class='ocrx_word' id='word_1_264' title='bbox 658 4503 766 4557; x_wconf 86' lang='lat' dir='ltr'><strong>llas</strong></span> <span class='ocrx_word' id='word_1_265' title='bbox 793 4499 1070 4555; x_wconf 87' lang='lat' dir='ltr'><strong>cherubim</strong></span> <span class='ocrx_word' id='word_1_266' title='bbox 1090 4506 1272 4567; x_wconf 90' lang='lat' dir='ltr'><strong>portas</strong></span> <span class='ocrx_word' id='word_1_267' title='bbox 1298 4496 1524 4552; x_wconf 75' lang='lat' dir='ltr'><strong>flammis</strong></span> <span class='ocrx_word' id='word_1_268' title='bbox 1543 4496 1765 4553; x_wconf 88' lang='lat' dir='ltr'><strong>defende</strong></span> <span class='ocrx_word' id='word_1_269' title='bbox 1793 4502 1997 4557; x_wconf 88' lang='lat' dir='ltr'><strong>beatas.</strong></span> 
     </span>
    </p>
   </div>
   <div class='ocr_carea' id='block_1_47' title="bbox 658 4586 1939 4659">
    <p class='ocr_par' dir='ltr' id='par_1_47' title="bbox 658 4586 1939 4659">
     <span class='ocr_line' id='line_1_47' title="bbox 658 4586 1939 4659; baseline -0.002 -11"><span class='ocrx_word' id='word_1_270' title='bbox 658 4594 827 4659; x_wconf 85' lang='lat' dir='ltr'><strong>Perge</strong></span> <span class='ocrx_word' id='word_1_271' title='bbox 855 4589 1000 4645; x_wconf 89' lang='lat' dir='ltr'><strong>foras</strong></span> <span class='ocrx_word' id='word_1_272' title='bbox 1027 4587 1195 4642; x_wconf 85' lang='lat' dir='ltr'><strong>Adam</strong></span> <span class='ocrx_word' id='word_1_273' title='bbox 1219 4594 1274 4641; x_wconf 92' lang='lat' dir='ltr'><strong>et</strong></span> <span class='ocrx_word' id='word_1_274' title='bbox 1293 4586 1464 4641; x_wconf 80' lang='lat' dir='ltr'><strong>felicia</strong></span> <span class='ocrx_word' id='word_1_275' title='bbox 1494 4602 1653 4658; x_wconf 87' lang='lat' dir='ltr'><strong>regna</strong></span> <span class='ocrx_word' id='word_1_276' title='bbox 1681 4588 1939 4659; x_wconf 87' lang='lat' dir='ltr'><strong>relinque.</strong></span> 
     </span>
    </p>
   </div>
   <div class='ocr_carea' id='block_1_48' title="bbox 661 4678 2073 4748">
    <p class='ocr_par' dir='ltr' id='par_1_48' title="bbox 661 4678 2073 4748">
     <span class='ocr_line' id='line_1_48' title="bbox 661 4678 2073 4748; baseline -0.001 -10"><span class='ocrx_word' id='word_1_277' title='bbox 661 4685 827 4738; x_wconf 87' lang='lat' dir='ltr'><strong>Terra</strong></span> <span class='ocrx_word' id='word_1_278' title='bbox 858 4681 951 4736; x_wconf 91' lang='lat' dir='ltr'><strong>tibi</strong></span> <span class='ocrx_word' id='word_1_279' title='bbox 980 4678 1203 4735; x_wconf 89' lang='lat' dir='ltr'><strong>tribulos</strong></span> <span class='ocrx_word' id='word_1_280' title='bbox 1227 4693 1323 4748; x_wconf 92' lang='lat' dir='ltr'><strong>pro</strong></span> <span class='ocrx_word' id='word_1_281' title='bbox 1343 4679 1567 4737; x_wconf 86' lang='lat' dir='ltr'><strong>crimine</strong></span> <span class='ocrx_word' id='word_1_282' title='bbox 1593 4681 1856 4748; x_wconf 79' lang='lat' dir='ltr'><strong>germinet</strong></span> <span class='ocrx_word' id='word_1_283' title='bbox 1886 4681 2073 4737; x_wconf 80' lang='lat' dir='ltr'><strong>Adam.</strong></span> 
     </span>
    </p>
   </div>
   <div class='ocr_carea' id='block_1_49' title="bbox 665 4767 2003 4837">
    <p class='ocr_par' dir='ltr' id='par_1_49' title="bbox 665 4767 2003 4837">
     <span class='ocr_line' id='line_1_49' title="bbox 665 4767 2003 4837; baseline -0.001 -10"><span class='ocrx_word' id='word_1_284' title='bbox 665 4773 825 4827; x_wconf 82' lang='lat' dir='ltr'><strong>Livor</strong></span> <span class='ocrx_word' id='word_1_285' title='bbox 849 4770 984 4825; x_wconf 79' lang='lat' dir='ltr'><strong>edax</strong></span> <span class='ocrx_word' id='word_1_286' title='bbox 1012 4768 1194 4822; x_wconf 80' lang='lat' dir='ltr'><strong>fratris</strong></span> <span class='ocrx_word' id='word_1_287' title='bbox 1224 4768 1322 4837; x_wconf 84' lang='lat' dir='ltr'><strong>&#39;qui</strong></span> <span class='ocrx_word' id='word_1_288' title='bbox 1344 4767 1545 4835; x_wconf 87' lang='lat' dir='ltr'><strong>justum</strong></span> <span class='ocrx_word' id='word_1_289' title='bbox 1575 4770 1802 4837; x_wconf 83' lang='lat' dir='ltr'><strong>perculit</strong></span> <span class='ocrx_word' id='word_1_290' title='bbox 1819 4769 1950 4825; x_wconf 64' lang='lat' dir='ltr'><strong>Abt!</strong></span> <span class='ocrx_word' id='word_1_291' title='bbox 1973 4771 2003 4810; x_wconf 75' lang='grc' dir='ltr'><em>ά</em></span> 
     </span>
    </p>
   </div>
   <div class='ocr_carea' id='block_1_50' title="bbox 666 4856 2002 4927">
    <p class='ocr_par' dir='ltr' id='par_1_50' title="bbox 666 4856 2002 4927">
     <span class='ocr_line' id='line_1_50' title="bbox 666 4856 2002 4927; baseline -0.001 -12"><span class='ocrx_word' id='word_1_292' title='bbox 666 4861 763 4915; x_wconf 78' lang='lat' dir='ltr'><strong>llic</strong></span> <span class='ocrx_word' id='word_1_293' title='bbox 783 4860 893 4916; x_wconf 82' lang='lat' dir='ltr'><strong>Noe</strong></span> <span class='ocrx_word' id='word_1_294' title='bbox 915 4860 1139 4914; x_wconf 85' lang='lat' dir='ltr'><strong>dilectus</strong></span> <span class='ocrx_word' id='word_1_295' title='bbox 1161 4856 1385 4911; x_wconf 89' lang='lat' dir='ltr'><strong>Domino</strong></span> <span class='ocrx_word' id='word_1_296' title='bbox 1407 4859 1517 4927; x_wconf 82' lang='lat' dir='ltr'><strong>sibi</strong></span> <span class='ocrx_word' id='word_1_297' title='bbox 1532 4859 1757 4915; x_wconf 80' lang='lat' dir='ltr'><strong>fabricat</strong></span> <span class='ocrx_word' id='word_1_298' title='bbox 1784 4874 1964 4914; x_wconf 83' lang='lat' dir='ltr'><strong>arcam</strong></span> <span class='ocrx_word' id='word_1_299' title='bbox 1989 4879 2002 4913; x_wconf 89' lang='lat'><strong>:</strong></span> 
     </span>
    </p>
   </div>
   <div class='ocr_carea' id='block_1_51' title="bbox 667 4946 2042 5017">
    <p class='ocr_par' dir='ltr' id='par_1_51' title="bbox 667 4946 2042 5017">
     <span class='ocr_line' id='line_1_51' title="bbox 667 4946 2042 5017; baseline 0.001 -14"><span class='ocrx_word' id='word_1_300' title='bbox 667 4948 744 5003; x_wconf 80' lang='lat' dir='ltr'><strong>Eu</strong></span> <span class='ocrx_word' id='word_1_301' title='bbox 772 4956 920 5003; x_wconf 86' lang='lat' dir='ltr'><strong>natat</strong></span> <span class='ocrx_word' id='word_1_302' title='bbox 944 4948 997 5005; x_wconf 90' lang='lat' dir='ltr'><strong>in</strong></span> <span class='ocrx_word' id='word_1_303' title='bbox 1036 4946 1272 5016; x_wconf 87' lang='lat' dir='ltr'><strong>liquidis,</strong></span> <span class='ocrx_word' id='word_1_304' title='bbox 1295 4946 1479 5001; x_wconf 89' lang='lat' dir='ltr'><strong>mundi</strong></span> <span class='ocrx_word' id='word_1_305' title='bbox 1501 4962 1621 5002; x_wconf 92' lang='lat' dir='ltr'><strong>cum</strong></span> <span class='ocrx_word' id='word_1_306' title='bbox 1644 4950 1870 5017; x_wconf 79' lang='lat' dir='ltr'><strong>civibus,</strong></span> <span class='ocrx_word' id='word_1_307' title='bbox 1899 4964 2042 5005; x_wconf 88' lang='lat' dir='ltr'><strong>arca.</strong></span> 
     </span>
    </p>
   </div>
   <div class='ocr_carea' id='block_1_52' title="bbox 737 5096 2219 5181">
    <p class='ocr_par' dir='ltr' id='par_1_52' title="bbox 737 5096 2219 5181">
     <span class='ocr_line' id='line_1_52' title="bbox 737 5096 2219 5181; baseline 0.007 -31"><span class='ocrx_word' id='word_1_308' title='bbox 737 5113 763 5140; x_wconf 72' lang='grc' dir='ltr'>ι</span> <span class='ocrx_word' id='word_1_309' title='bbox 791 5098 1124 5181; x_wconf 54' lang='lat' dir='ltr'><strong>Hrogamlus:</strong></span> <span class='ocrx_word' id='word_1_310' title='bbox 1150 5096 1208 5153; x_wconf 91' lang='lat' dir='ltr'><strong>Id</strong></span> <span class='ocrx_word' id='word_1_311' title='bbox 1230 5106 1332 5162; x_wconf 90' lang='lat' dir='ltr'><strong>est,</strong></span> <span class='ocrx_word' id='word_1_312' title='bbox 1355 5099 1999 5181; x_wconf 43' lang='lat' dir='ltr'><strong>Credega’r‘igusﬁetensis</strong></span> <span class='ocrx_word' id='word_1_313' title='bbox 2015 5105 2219 5181; x_wconf 79' lang='lat' dir='ltr'><strong>episeo-</strong></span> 
     </span>
    </p>
   </div>
   <div class='ocr_carea' id='block_1_53' title="bbox 669 5166 2216 5249">
    <p class='ocr_par' dir='ltr' id='par_1_53' title="bbox 669 5166 2216 5249">
     <span class='ocr_line' id='line_1_53' title="bbox 669 5166 2216 5249; baseline 0.003 -25"><span class='ocrx_word' id='word_1_314' title='bbox 669 5184 788 5239; x_wconf 91' lang='lat' dir='ltr'><strong>pus,</strong></span> <span class='ocrx_word' id='word_1_315' title='bbox 804 5166 1558 5249; x_wconf 44' lang='lat' dir='ltr'><strong>_qui.ecclesiamumonasteri_i</strong></span> <span class='ocrx_word' id='word_1_316' title='bbox 1586 5166 1898 5249; x_wconf 60' lang='lat' dir='ltr'><strong>Coraiensis</strong></span> <span class='ocrx_word' id='word_1_317' title='bbox 1933 5166 2216 5249; x_wconf 73' lang='lat' dir='ltr'><strong>dedicavit,</strong></span> 
     </span>
    </p>
   </div>
   <div class='ocr_carea' id='block_1_54' title="bbox 669 5236 2218 5306">
    <p class='ocr_par' dir='ltr' id='par_1_54' title="bbox 669 5236 2218 5306">
     <span class='ocr_line' id='line_1_54' title="bbox 669 5236 2218 5306; baseline 0.002 -14"><span class='ocrx_word' id='word_1_318' title='bbox 669 5236 724 5292; x_wconf 71' lang='lat' dir='ltr'><strong>et</strong></span> <span class='ocrx_word' id='word_1_319' title='bbox 744 5236 995 5306; x_wconf 76' lang='lat' dir='ltr'><strong>reliquias</strong></span> <span class='ocrx_word' id='word_1_320' title='bbox 1014 5236 1183 5306; x_wconf 72' lang='lat' dir='ltr'><strong>sancti</strong></span> <span class='ocrx_word' id='word_1_321' title='bbox 1196 5236 1413 5306; x_wconf 52' lang='grc' dir='ltr'><strong>μέλιτιήί</strong></span> <span class='ocrx_word' id='word_1_322' title='bbox 1434 5239 1629 5293; x_wconf 89' lang='lat' dir='ltr'><strong>ibidem</strong></span> <span class='ocrx_word' id='word_1_323' title='bbox 1650 5240 1926 5296; x_wconf 88' lang='lat' dir='ltr'><strong>collocavit</strong></span> <span class='ocrx_word' id='word_1_324' title='bbox 1948 5258 1981 5294; x_wconf 87' lang='lat' dir='ltr'><strong>v</strong></span> <span class='ocrx_word' id='word_1_325' title='bbox 1998 5243 2071 5299; x_wconf 90' lang='lat' dir='ltr'><strong>Id.</strong></span> <span class='ocrx_word' id='word_1_326' title='bbox 2089 5236 2218 5306; x_wconf 80' lang='lat' dir='ltr'><strong>Jul.,</strong></span> 
     </span>
    </p>
   </div>
   <div class='ocr_carea' id='block_1_55' title="bbox 668 5300 2218 5428">
    <p class='ocr_par' dir='ltr' id='par_1_55' title="bbox 668 5300 2218 5428">
     <span class='ocr_line' id='line_1_55' title="bbox 668 5300 2218 5428; baseline 0.007 -74"><span class='ocrx_word' id='word_1_327' title='bbox 1019 5300 1151 5357; x_wconf 81' lang='lat' dir='ltr'><strong>Vide</strong></span> <span class='ocrx_word' id='word_1_328' title='bbox 1194 5304 1390 5361; x_wconf 67' lang='lat' dir='ltr'><strong>Malim.</strong></span> <span class='ocrx_word' id='word_1_329' title='bbox 1430 5306 1621 5362; x_wconf 83' lang='lat' dir='ltr'><strong>Annal.</strong></span> <span class='ocrx_word' id='word_1_330' title='bbox 1658 5308 1811 5373; x_wconf 90' lang='lat' dir='ltr'><strong>Ben.,</strong></span> <span class='ocrx_word' id='word_1_331' title='bbox 1842 5318 1968 5365; x_wconf 90' lang='lat' dir='ltr'><strong>tom.</strong></span> <span class='ocrx_word' id='word_1_332' title='bbox 2005 5312 2069 5377; x_wconf 90' lang='lat' dir='ltr'><strong>II,</strong></span> <span class='ocrx_word' id='word_1_333' title='bbox 2099 5300 2218 5383; x_wconf 67' lang='lat' dir='ltr'><strong>pag.</strong></span> 
     </span>
    </p>
   </div>
   <div class='ocr_carea' id='block_1_56' title="bbox 776 5390 962 5439">
    <p class='ocr_par' dir='ltr' id='par_1_56' title="bbox 776 5390 962 5439">
     <span class='ocr_line' id='line_1_56' title="bbox 776 5390 962 5439; baseline -0.016 -11"><span class='ocrx_word' id='word_1_334' title='bbox 776 5390 962 5439; x_wconf 84' lang='lat' dir='ltr'><strong>,n.o.</strong></span> 
     </span>
    </p>
   </div>
   <div class='ocr_carea' id='block_1_57' title="bbox 742 5439 2220 5518">
    <p class='ocr_par' dir='ltr' id='par_1_57' title="bbox 742 5439 2220 5518">
     <span class='ocr_line' id='line_1_57' title="bbox 742 5439 2220 5518; baseline 0.007 -22"><span class='ocrx_word' id='word_1_335' title='bbox 742 5444 768 5481; x_wconf 74' lang='grc' dir='ltr'>δ</span> <span class='ocrx_word' id='word_1_336' title='bbox 795 5443 842 5496; x_wconf 88' lang='grc' dir='ltr'><em>Η</em></span> <span class='ocrx_word' id='word_1_337' title='bbox 848 5439 1170 5518; x_wconf 41' lang='grc' dir='ltr'><strong>ἱιέεὸαράιιε..</strong></span> <span class='ocrx_word' id='word_1_338' title='bbox 1180 5442 1272 5497; x_wconf 89' lang='lat' dir='ltr'><strong>Ille</strong></span> <span class='ocrx_word' id='word_1_339' title='bbox 1285 5444 1381 5499; x_wconf 90' lang='lat' dir='ltr'><strong>abs</strong></span> <span class='ocrx_word' id='word_1_340' title='bbox 1398 5443 1558 5499; x_wconf 92' lang='lat' dir='ltr'><strong>dubio</strong></span> <span class='ocrx_word' id='word_1_341' title='bbox 1578 5445 1905 5518; x_wconf 80' lang='lat' dir='ltr'><strong>Coloniensis</strong></span> <span class='ocrx_word' id='word_1_342' title='bbox 1923 5450 2220 5518; x_wconf 88' lang='lat' dir='ltr'><strong>episcopus.</strong></span> 
     </span>
    </p>
   </div>
   <div class='ocr_carea' id='block_1_58' title="bbox 672 5509 2225 5590">
    <p class='ocr_par' dir='ltr' id='par_1_58' title="bbox 672 5509 2225 5590">
     <span class='ocr_line' id='line_1_58' title="bbox 672 5509 2225 5590; baseline 0.006 -29"><span class='ocrx_word' id='word_1_343' title='bbox 672 5524 700 5561; x_wconf 90' lang='lat' dir='ltr'><strong>a</strong></span> <span class='ocrx_word' id='word_1_344' title='bbox 729 5525 834 5590; x_wconf 75' lang='lat' dir='ltr'><strong>quo</strong></span> <span class='ocrx_word' id='word_1_345' title='bbox 874 5509 1096 5590; x_wconf 77' lang='lat' dir='ltr'><strong>Carolus</strong></span> <span class='ocrx_word' id='word_1_346' title='bbox 1126 5511 1343 5590; x_wconf 56' lang='lat' dir='ltr'><strong>Magnus</strong></span> <span class='ocrx_word' id='word_1_347' title='bbox 1386 5524 1776 5590; x_wconf 83' lang='lat' dir='ltr'><strong>sacramentum</strong></span> <span class='ocrx_word' id='word_1_348' title='bbox 1806 5509 2062 5590; x_wconf 72' lang='grc' dir='ltr'><strong>Βοωὶίιῇρί</strong></span> <span class='ocrx_word' id='word_1_349' title='bbox 2104 5509 2225 5571; x_wconf 70' lang='lat' dir='ltr'><strong>cor—</strong></span> 
     </span>
    </p>
   </div>
   <div class='ocr_carea' id='block_1_59' title="bbox 672 5580 2225 5661">
    <p class='ocr_par' dir='ltr' id='par_1_59' title="bbox 672 5580 2225 5661">
     <span class='ocr_line' id='line_1_59' title="bbox 672 5580 2225 5661; baseline 0.006 -30"><span class='ocrx_word' id='word_1_350' title='bbox 672 5580 815 5660; x_wconf 71' lang='lat' dir='ltr'><strong>poris</strong></span> <span class='ocrx_word' id='word_1_351' title='bbox 839 5589 893 5633; x_wconf 91' lang='lat' dir='ltr'><strong>et</strong></span> <span class='ocrx_word' id='word_1_352' title='bbox 914 5580 1186 5661; x_wconf 80' lang='lat' dir='ltr'><strong>sanguinis</strong></span> <span class='ocrx_word' id='word_1_353' title='bbox 1207 5580 1380 5661; x_wconf 85' lang='lat' dir='ltr'><strong>petiit,</strong></span> <span class='ocrx_word' id='word_1_354' title='bbox 1407 5589 1465 5635; x_wconf 89' lang='lat' dir='ltr'><strong>ut</strong></span> <span class='ocrx_word' id='word_1_355' title='bbox 1485 5584 1861 5661; x_wconf 39' lang='lat' dir='ltr'><strong>e§_itum.suu_r_n</strong></span> <span class='ocrx_word' id='word_1_356' title='bbox 1879 5587 2225 5661; x_wconf 68' lang='lat' dir='ltr'><strong>confirmaret</strong></span> 
     </span>
    </p>
   </div>
   <div class='ocr_carea' id='block_1_60' title="bbox 667 5652 2221 5725">
    <p class='ocr_par' dir='ltr' id='par_1_60' title="bbox 667 5652 2221 5725">
     <span class='ocr_line' id='line_1_60' title="bbox 667 5652 2221 5725; baseline 0.005 -26"><span class='ocrx_word' id='word_1_357' title='bbox 667 5652 883 5717; x_wconf 78' lang='lat' dir='ltr'><strong>jamjam</strong></span> <span class='ocrx_word' id='word_1_358' title='bbox 906 5652 1193 5706; x_wconf 90' lang='lat' dir='ltr'><strong>moriturus</strong></span> <span class='ocrx_word' id='word_1_359' title='bbox 1214 5660 1267 5706; x_wconf 90' lang='lat' dir='ltr'><strong>et</strong></span> <span class='ocrx_word' id='word_1_360' title='bbox 1283 5662 1491 5723; x_wconf 82' lang='lat' dir='ltr'><strong>postera</strong></span> <span class='ocrx_word' id='word_1_361' title='bbox 1512 5652 1596 5708; x_wconf 88' lang='lat' dir='ltr'><strong>die</strong></span> <span class='ocrx_word' id='word_1_362' title='bbox 1619 5653 1768 5711; x_wconf 84' lang='lat' dir='ltr'><strong>obiit.</strong></span> <span class='ocrx_word' id='word_1_363' title='bbox 1792 5653 2009 5725; x_wconf 80' lang='lat' dir='ltr'><strong>Mabill.,</strong></span> <span class='ocrx_word' id='word_1_364' title='bbox 2032 5656 2221 5710; x_wconf 84' lang='lat' dir='ltr'><strong>Annal.</strong></span> 
     </span>
    </p>
   </div>
   <div class='ocr_carea' id='block_1_61' title="bbox 1469 290 3029 391">
    <p class='ocr_par' dir='ltr' id='par_1_61' title="bbox 1469 290 3029 391">
     <span class='ocr_line' id='line_1_61' title="bbox 1469 290 3029 391; baseline -0.012 1"><span class='ocrx_word' id='word_1_365' title='bbox 1469 339 1527 391; x_wconf 85' lang='grc' dir='ltr'><strong>Β.</strong></span> <span class='ocrx_word' id='word_1_366' title='bbox 1570 337 1629 391; x_wconf 82' lang='lat' dir='ltr'><strong>F.</strong></span> <span class='ocrx_word' id='word_1_367' title='bbox 1666 334 1889 389; x_wconf 74' lang='lat' dir='ltr'><strong>ALBINI</strong></span> <span class='ocrx_word' id='word_1_368' title='bbox 1925 334 2055 388; x_wconf 81' lang='lat' dir='ltr'><strong>SEU</strong></span> <span class='ocrx_word' id='word_1_369' title='bbox 2098 330 2370 390; x_wconf 74' lang='lat' dir='ltr'><strong>ALCUINI</strong></span> <span class='ocrx_word' id='word_1_370' title='bbox 2406 290 2696 387; x_wconf 56' lang='lat' dir='ltr'><strong>OPERIJAI</strong></span> <span class='ocrx_word' id='word_1_371' title='bbox 2730 323 2905 378; x_wconf 70' lang='lat' dir='ltr'><strong>PARS</strong></span> <span class='ocrx_word' id='word_1_372' title='bbox 2947 321 3029 375; x_wconf 76' lang='lat' dir='ltr'><strong>\&#39;l.</strong></span> 
     </span>
    </p>
   </div>
   <div class='ocr_carea' id='block_1_62' title="bbox 2207 430 3565 509">
    <p class='ocr_par' dir='ltr' id='par_1_62' title="bbox 2207 430 3565 509">
     <span class='ocr_line' id='line_1_62' title="bbox 2207 430 3565 509; baseline -0.014 -10"><span class='ocrx_word' id='word_1_373' title='bbox 2207 450 2253 505; x_wconf 82' lang='grc' dir='ltr'><strong>Δ</strong></span> <span class='ocrx_word' id='word_1_374' title='bbox 2280 444 2427 509; x_wconf 86' lang='lat' dir='ltr'><strong>Ecce</strong></span> <span class='ocrx_word' id='word_1_375' title='bbox 2444 440 2687 496; x_wconf 88' lang='lat' dir='ltr'><strong>columba</strong></span> <span class='ocrx_word' id='word_1_376' title='bbox 2715 438 2799 507; x_wconf 89' lang='lat' dir='ltr'><strong>pia</strong></span> <span class='ocrx_word' id='word_1_377' title='bbox 2824 436 2975 505; x_wconf 89' lang='lat' dir='ltr'><strong>pacis</strong></span> <span class='ocrx_word' id='word_1_378' title='bbox 3006 432 3100 488; x_wconf 88' lang='lat' dir='ltr'><strong>tibi</strong></span> <span class='ocrx_word' id='word_1_379' title='bbox 3125 438 3303 501; x_wconf 78' lang='lat' dir='ltr'><strong>portat</strong></span> <span class='ocrx_word' id='word_1_380' title='bbox 3328 430 3523 485; x_wconf 83' lang='lat' dir='ltr'><strong>olivam</strong></span> <span class='ocrx_word' id='word_1_381' title='bbox 3550 445 3565 480; x_wconf 87' lang='lat'><strong>:</strong></span> 
     </span>
    </p>
   </div>
   <div class='ocr_carea' id='block_1_63' title="bbox 2237 3102 2285 3163">
    <p class='ocr_par' dir='ltr' id='par_1_63' title="bbox 2237 3102 2285 3163">
     <span class='ocr_line' id='line_1_63' title="bbox 2237 3102 2285 3163; baseline 0 0"><span class='ocrx_word' id='word_1_382' title='bbox 2237 3102 2285 3163; x_wconf 88' lang='lat' dir='ltr'><strong>C</strong></span> 
     </span>
    </p>
   </div>
   <div class='ocr_carea' id='block_1_64' title="bbox 3733 304 3840 399">
    <p class='ocr_par' dir='ltr' id='par_1_64' title="bbox 3733 304 3840 399">
     <span class='ocr_line' id='line_1_64' title="bbox 3733 304 3840 399; baseline -0.019 -35"><span class='ocrx_word' id='word_1_383' title='bbox 3733 304 3840 399; x_wconf 61' lang='lat'><strong>776</strong></span> 
     </span>
    </p>
   </div>
   <div class='ocr_carea' id='block_1_65' title="bbox 2281 518 3554 591">
    <p class='ocr_par' dir='ltr' id='par_1_65' title="bbox 2281 518 3554 591">
     <span class='ocr_line' id='line_1_65' title="bbox 2281 518 3554 591; baseline -0.012 -5"><span class='ocrx_word' id='word_1_384' title='bbox 2281 532 2413 587; x_wconf 83' lang='lat' dir='ltr'><strong>Alba</strong></span> <span class='ocrx_word' id='word_1_385' title='bbox 2437 530 2681 586; x_wconf 89' lang='lat' dir='ltr'><strong>columba</strong></span> <span class='ocrx_word' id='word_1_386' title='bbox 2710 525 2848 581; x_wconf 87' lang='lat' dir='ltr'><strong>redit</strong></span> <span class='ocrx_word' id='word_1_387' title='bbox 2870 537 3033 578; x_wconf 89' lang='lat' dir='ltr'><strong>corvo</strong></span> <span class='ocrx_word' id='word_1_388' title='bbox 3053 528 3310 591; x_wconf 88' lang='lat' dir='ltr'><strong>pereunte</strong></span> <span class='ocrx_word' id='word_1_389' title='bbox 3338 518 3554 588; x_wconf 83' lang='lat' dir='ltr'><strong>nigello.</strong></span> 
     </span>
    </p>
   </div>
   <div class='ocr_carea' id='block_1_66' title="bbox 2282 610 3653 693">
    <p class='ocr_par' dir='ltr' id='par_1_66' title="bbox 2282 610 3653 693">
     <span class='ocr_line' id='line_1_66' title="bbox 2282 610 3653 693; baseline -0.012 -16"><span class='ocrx_word' id='word_1_390' title='bbox 2282 624 2448 693; x_wconf 88' lang='lat' dir='ltr'><strong>Perge</strong></span> <span class='ocrx_word' id='word_1_391' title='bbox 2475 621 2620 676; x_wconf 87' lang='lat' dir='ltr'><strong>foras</strong></span> <span class='ocrx_word' id='word_1_392' title='bbox 2646 625 2700 674; x_wconf 87' lang='lat' dir='ltr'><strong>et</strong></span> <span class='ocrx_word' id='word_1_393' title='bbox 2724 617 2858 673; x_wconf 88' lang='lat' dir='ltr'><strong>educ</strong></span> <span class='ocrx_word' id='word_1_394' title='bbox 2882 624 2939 670; x_wconf 87' lang='lat' dir='ltr'><strong>et</strong></span> <span class='ocrx_word' id='word_1_395' title='bbox 2958 622 3150 669; x_wconf 85' lang='lat' dir='ltr'><strong>cuncta</strong></span> <span class='ocrx_word' id='word_1_396' title='bbox 3178 610 3426 667; x_wconf 86' lang='lat' dir='ltr'><strong>animalia</strong></span> <span class='ocrx_word' id='word_1_397' title='bbox 3454 618 3653 666; x_wconf 71' lang='lat' dir='ltr'><strong>tecum.</strong></span> 
     </span>
    </p>
   </div>
   <div class='ocr_carea' id='block_1_67' title="bbox 2284 698 3661 779">
    <p class='ocr_par' dir='ltr' id='par_1_67' title="bbox 2284 698 3661 779">
     <span class='ocr_line' id='line_1_67' title="bbox 2284 698 3661 779; baseline -0.01 -14"><span class='ocrx_word' id='word_1_398' title='bbox 2284 713 2377 766; x_wconf 84' lang='lat' dir='ltr'><strong>Est</strong></span> <span class='ocrx_word' id='word_1_399' title='bbox 2402 717 2559 779; x_wconf 86' lang='lat' dir='ltr'><strong>pater</strong></span> <span class='ocrx_word' id='word_1_400' title='bbox 2581 707 2671 761; x_wconf 91' lang='lat' dir='ltr'><strong>hic</strong></span> <span class='ocrx_word' id='word_1_401' title='bbox 2690 706 2889 759; x_wconf 81' lang='lat' dir='ltr'><strong>Abram</strong></span> <span class='ocrx_word' id='word_1_402' title='bbox 2915 702 3146 772; x_wconf 90' lang='lat' dir='ltr'><strong>patriam</strong></span> <span class='ocrx_word' id='word_1_403' title='bbox 3173 700 3442 756; x_wconf 90' lang='lat' dir='ltr'><strong>dimittere</strong></span> <span class='ocrx_word' id='word_1_404' title='bbox 3458 698 3661 769; x_wconf 83' lang='lat' dir='ltr'><strong>jussus,</strong></span> 
     </span>
    </p>
   </div>
   <div class='ocr_carea' id='block_1_68' title="bbox 2286 790 3471 864">
    <p class='ocr_par' dir='ltr' id='par_1_68' title="bbox 2286 790 3471 864">
     <span class='ocr_line' id='line_1_68' title="bbox 2286 790 3471 864; baseline -0.009 -11"><span class='ocrx_word' id='word_1_405' title='bbox 2286 800 2380 855; x_wconf 89' lang='lat' dir='ltr'><strong>llic</strong></span> <span class='ocrx_word' id='word_1_406' title='bbox 2406 797 2555 854; x_wconf 82' lang='lat' dir='ltr'><strong>Sarri</strong></span> <span class='ocrx_word' id='word_1_407' title='bbox 2581 796 2798 851; x_wconf 77' lang='lat' dir='ltr'><strong>latitans</strong></span> <span class='ocrx_word' id='word_1_408' title='bbox 2819 793 3012 851; x_wconf 70' lang='lat' dir='ltr'><strong>casula:</strong></span> <span class='ocrx_word' id='word_1_409' title='bbox 3035 799 3160 864; x_wconf 88' lang='lat' dir='ltr'><strong>post</strong></span> <span class='ocrx_word' id='word_1_410' title='bbox 3173 790 3311 848; x_wconf 89' lang='lat' dir='ltr'><strong>ostia</strong></span> <span class='ocrx_word' id='word_1_411' title='bbox 3334 790 3471 846; x_wconf 89' lang='lat' dir='ltr'><strong>risit.</strong></span> 
     </span>
    </p>
   </div>
   <div class='ocr_carea' id='block_1_69' title="bbox 2980 875 3437 941">
    <p class='ocr_par' dir='ltr' id='par_1_69' title="bbox 2980 875 3437 941">
     <span class='ocr_line' id='line_1_69' title="bbox 2980 875 3437 941; baseline -0.011 0"><span class='ocrx_word' id='word_1_412' title='bbox 2980 883 3158 941; x_wconf 76' lang='lat' dir='ltr'><strong>CCIX.</strong></span> <span class='ocrx_word' id='word_1_413' title='bbox 3430 875 3437 879; x_wconf 62' lang='grc'><strong><em>”</em></strong></span> 
     </span>
    </p>
   </div>
   <div class='ocr_carea' id='block_1_70' title="bbox 2779 974 3362 1049">
    <p class='ocr_par' dir='ltr' id='par_1_70' title="bbox 2779 974 3362 1049">
     <span class='ocr_line' id='line_1_70' title="bbox 2779 974 3362 1049; baseline -0.01 -16"><span class='ocrx_word' id='word_1_414' title='bbox 2779 978 2853 1033; x_wconf 85' lang='lat' dir='ltr'><strong>De</strong></span> <span class='ocrx_word' id='word_1_415' title='bbox 2878 977 3105 1049; x_wconf 74' lang='lat' dir='ltr'><strong>quadam</strong></span> <span class='ocrx_word' id='word_1_416' title='bbox 3130 974 3362 1031; x_wconf 86' lang='lat' dir='ltr'><strong>ecclesia.</strong></span> 
     </span>
    </p>
   </div>
   <div class='ocr_carea' id='block_1_71' title="bbox 2288 1063 3711 1149">
    <p class='ocr_par' dir='ltr' id='par_1_71' title="bbox 2288 1063 3711 1149">
     <span class='ocr_line' id='line_1_71' title="bbox 2288 1063 3711 1149; baseline 0 -16"><span class='ocrx_word' id='word_1_417' title='bbox 2288 1079 2390 1146; x_wconf 92' lang='lat' dir='ltr'><strong>Qui</strong></span> <span class='ocrx_word' id='word_1_418' title='bbox 2421 1079 2557 1149; x_wconf 89' lang='lat' dir='ltr'><strong>regit</strong></span> <span class='ocrx_word' id='word_1_419' title='bbox 2578 1077 2804 1147; x_wconf 88' lang='lat' dir='ltr'><strong>imperio</strong></span> <span class='ocrx_word' id='word_1_420' title='bbox 2826 1075 3071 1144; x_wconf 86' lang='lat' dir='ltr'><strong>pelagum</strong></span> <span class='ocrx_word' id='word_1_421' title='bbox 3094 1080 3399 1145; x_wconf 76' lang='lat' dir='ltr'><strong>terramque</strong></span> <span class='ocrx_word' id='word_1_422' title='bbox 3424 1063 3711 1135; x_wconf 74' lang='lat' dir='ltr'><strong>polumque</strong></span> 
     </span>
    </p>
   </div>
   <div class='ocr_carea' id='block_1_72' title="bbox 2290 1155 3663 1237">
    <p class='ocr_par' dir='ltr' id='par_1_72' title="bbox 2290 1155 3663 1237">
     <span class='ocr_line' id='line_1_72' title="bbox 2290 1155 3663 1237; baseline -0.013 -14"><span class='ocrx_word' id='word_1_423' title='bbox 2290 1168 2441 1223; x_wconf 83' lang='lat' dir='ltr'><strong>lianc</strong></span> <span class='ocrx_word' id='word_1_424' title='bbox 2477 1176 2627 1237; x_wconf 90' lang='lat' dir='ltr'><strong>regat</strong></span> <span class='ocrx_word' id='word_1_425' title='bbox 2652 1167 2767 1236; x_wconf 89' lang='lat' dir='ltr'><strong>ipse</strong></span> <span class='ocrx_word' id='word_1_426' title='bbox 2793 1166 2905 1221; x_wconf 90' lang='lat' dir='ltr'><strong>suis</strong></span> <span class='ocrx_word' id='word_1_427' title='bbox 2931 1162 3087 1219; x_wconf 89' lang='lat' dir='ltr'><strong>donis</strong></span> <span class='ocrx_word' id='word_1_428' title='bbox 3111 1159 3420 1216; x_wconf 66' lang='lat' dir='ltr'><strong>caelestibus</strong></span> <span class='ocrx_word' id='word_1_429' title='bbox 3451 1155 3625 1209; x_wconf 88' lang='lat' dir='ltr'><strong>aulam</strong></span> <span class='ocrx_word' id='word_1_430' title='bbox 3651 1171 3663 1205; x_wconf 93' lang='lat'>:</span> 
     </span>
    </p>
   </div>
   <div class='ocr_carea' id='block_1_73' title="bbox 2288 1245 3636 1328">
    <p class='ocr_par' dir='ltr' id='par_1_73' title="bbox 2288 1245 3636 1328">
     <span class='ocr_line' id='line_1_73' title="bbox 2288 1245 3636 1328; baseline -0.012 -14"><span class='ocrx_word' id='word_1_431' title='bbox 2288 1258 2346 1314; x_wconf 91' lang='lat' dir='ltr'><strong>In</strong></span> <span class='ocrx_word' id='word_1_432' title='bbox 2372 1274 2475 1328; x_wconf 87' lang='lat' dir='ltr'><strong>qua</strong></span> <span class='ocrx_word' id='word_1_433' title='bbox 2506 1258 2697 1319; x_wconf 91' lang='lat' dir='ltr'><strong>cultus,</strong></span> <span class='ocrx_word' id='word_1_434' title='bbox 2726 1257 2914 1319; x_wconf 92' lang='lat' dir='ltr'><strong>honor,</strong></span> <span class='ocrx_word' id='word_1_435' title='bbox 2948 1253 3131 1308; x_wconf 91' lang='lat' dir='ltr'><strong>laudes</strong></span> <span class='ocrx_word' id='word_1_436' title='bbox 3147 1258 3204 1307; x_wconf 89' lang='lat' dir='ltr'><strong>et</strong></span> <span class='ocrx_word' id='word_1_437' title='bbox 3228 1249 3396 1318; x_wconf 78' lang='lat' dir='ltr'><strong>gloria</strong></span> <span class='ocrx_word' id='word_1_438' title='bbox 3415 1245 3636 1309; x_wconf 86' lang='lat' dir='ltr'><strong>Christi,</strong></span> 
     </span>
    </p>
   </div>
   <div class='ocr_carea' id='block_1_74' title="bbox 2292 1341 3574 1419">
    <p class='ocr_par' dir='ltr' id='par_1_74' title="bbox 2292 1341 3574 1419">
     <span class='ocr_line' id='line_1_74' title="bbox 2292 1341 3574 1419; baseline -0.012 -14"><span class='ocrx_word' id='word_1_439' title='bbox 2292 1346 2516 1419; x_wconf 87' lang='lat' dir='ltr'><strong>Semper</strong></span> <span class='ocrx_word' id='word_1_440' title='bbox 2538 1349 2591 1402; x_wconf 93' lang='lat' dir='ltr'><strong>in</strong></span> <span class='ocrx_word' id='word_1_441' title='bbox 2623 1355 2879 1403; x_wconf 66' lang='lat' dir='ltr'><strong>aeternum</strong></span> <span class='ocrx_word' id='word_1_442' title='bbox 2908 1351 3123 1399; x_wconf 88' lang='lat' dir='ltr'><strong>maneat</strong></span> <span class='ocrx_word' id='word_1_443' title='bbox 3141 1341 3355 1412; x_wconf 88' lang='lat' dir='ltr'><strong>pietatis</strong></span> <span class='ocrx_word' id='word_1_444' title='bbox 3376 1351 3574 1392; x_wconf 89' lang='lat' dir='ltr'><strong>amore.</strong></span> 
     </span>
    </p>
   </div>
   <div class='ocr_carea' id='block_1_75' title="bbox 2650 1513 3522 1581">
    <p class='ocr_par' dir='ltr' id='par_1_75' title="bbox 2650 1513 3522 1581">
     <span class='ocr_line' id='line_1_75' title="bbox 2650 1513 3522 1581; baseline -0.015 0"><span class='ocrx_word' id='word_1_445' title='bbox 2650 1527 2721 1581; x_wconf 87' lang='lat' dir='ltr'><strong>De</strong></span> <span class='ocrx_word' id='word_1_446' title='bbox 2747 1513 2955 1579; x_wconf 76' lang='lat' dir='ltr'><strong>Christo</strong></span> <span class='ocrx_word' id='word_1_447' title='bbox 2990 1520 3245 1576; x_wconf 83' lang='lat' dir='ltr'><strong>salvatore</strong></span> <span class='ocrx_word' id='word_1_448' title='bbox 3268 1516 3449 1571; x_wconf 81' lang='lat' dir='ltr'><strong>mundi</strong></span> <span class='ocrx_word' id='word_1_449' title='bbox 3477 1525 3522 1567; x_wconf 80' lang='grc' dir='ltr'><strong>θ.</strong></span> 
     </span>
    </p>
   </div>
   <div class='ocr_carea' id='block_1_76' title="bbox 2295 1605 3610 1692">
    <p class='ocr_par' dir='ltr' id='par_1_76' title="bbox 2295 1605 3610 1692">
     <span class='ocr_line' id='line_1_76' title="bbox 2295 1605 3610 1692; baseline -0.014 -17"><span class='ocrx_word' id='word_1_450' title='bbox 2295 1620 2458 1692; x_wconf 80' lang='lat' dir='ltr'><strong>Virgo</strong></span> <span class='ocrx_word' id='word_1_451' title='bbox 2481 1618 2646 1673; x_wconf 77' lang='lat' dir='ltr'><strong>Maria</strong></span> <span class='ocrx_word' id='word_1_452' title='bbox 2667 1616 2819 1680; x_wconf 88' lang='lat' dir='ltr'><strong>nitet,</strong></span> <span class='ocrx_word' id='word_1_453' title='bbox 2841 1613 2987 1669; x_wconf 88' lang='lat' dir='ltr'><strong>nullo</strong></span> <span class='ocrx_word' id='word_1_454' title='bbox 3015 1615 3313 1681; x_wconf 82' lang='lat' dir='ltr'><strong>temerante</strong></span> <span class='ocrx_word' id='word_1_455' title='bbox 3330 1605 3610 1676; x_wconf 89' lang='lat' dir='ltr'><strong>pudorem,</strong></span> 
     </span>
    </p>
   </div>
   <div class='ocr_carea' id='block_1_77' title="bbox 2364 1697 3484 1779">
    <p class='ocr_par' dir='ltr' id='par_1_77' title="bbox 2364 1697 3484 1779">
     <span class='ocr_line' id='line_1_77' title="bbox 2364 1697 3484 1779; baseline -0.013 -15"><span class='ocrx_word' id='word_1_456' title='bbox 2364 1711 2493 1765; x_wconf 85' lang='lat' dir='ltr'><strong>Post</strong></span> <span class='ocrx_word' id='word_1_457' title='bbox 2514 1716 2729 1778; x_wconf 85' lang='lat' dir='ltr'><strong>partum</strong></span> <span class='ocrx_word' id='word_1_458' title='bbox 2748 1704 2937 1779; x_wconf 78' lang='lat' dir='ltr'><strong>Pueri,</strong></span> <span class='ocrx_word' id='word_1_459' title='bbox 2962 1703 3115 1773; x_wconf 88' lang='lat' dir='ltr'><strong>virgo</strong></span> <span class='ocrx_word' id='word_1_460' title='bbox 3140 1698 3308 1754; x_wconf 81' lang='lat' dir='ltr'><strong>Maria</strong></span> <span class='ocrx_word' id='word_1_461' title='bbox 3329 1697 3484 1751; x_wconf 89' lang='lat' dir='ltr'><strong>nitet.</strong></span> 
     </span>
    </p>
   </div>
   <div class='ocr_carea' id='block_1_78' title="bbox 2226 1776 3654 1873">
    <p class='ocr_par' dir='ltr' id='par_1_78' title="bbox 2226 1776 3654 1873">
     <span class='ocr_line' id='line_1_78' title="bbox 2226 1776 3654 1873; baseline -0.015 -19"><span class='ocrx_word' id='word_1_462' title='bbox 2226 1776 2267 1833; x_wconf 76' lang='grc' dir='ltr'><strong><em>Β</em></strong></span> <span class='ocrx_word' id='word_1_463' title='bbox 2297 1788 2472 1873; x_wconf 76' lang='lat' dir='ltr'><strong>Filius</strong></span> <span class='ocrx_word' id='word_1_464' title='bbox 2490 1776 2579 1852; x_wconf 78' lang='lat' dir='ltr'><strong>hic</strong></span> <span class='ocrx_word' id='word_1_465' title='bbox 2598 1794 2830 1852; x_wconf 78' lang='lat' dir='ltr'><strong>hominis</strong></span> <span class='ocrx_word' id='word_1_466' title='bbox 2856 1776 3169 1847; x_wconf 22' lang='lat' dir='ltr'><strong>lit-maxima</strong></span> <span class='ocrx_word' id='word_1_467' title='bbox 3190 1785 3414 1857; x_wconf 68' lang='lat' dir='ltr'><strong>quaestio</strong></span> <span class='ocrx_word' id='word_1_468' title='bbox 3449 1780 3654 1845; x_wconf 87' lang='lat' dir='ltr'><strong>mundi,</strong></span> 
     </span>
    </p>
   </div>
   <div class='ocr_carea' id='block_1_79' title="bbox 2363 1876 3516 1946">
    <p class='ocr_par' dir='ltr' id='par_1_79' title="bbox 2363 1876 3516 1946">
     <span class='ocr_line' id='line_1_79' title="bbox 2363 1876 3516 1946; baseline -0.016 -1"><span class='ocrx_word' id='word_1_469' title='bbox 2363 1889 2651 1944; x_wconf 87' lang='lat' dir='ltr'><strong>Nobiscum</strong></span> <span class='ocrx_word' id='word_1_470' title='bbox 2674 1886 2817 1940; x_wconf 88' lang='lat' dir='ltr'><strong>Deus</strong></span> <span class='ocrx_word' id='word_1_471' title='bbox 2834 1892 2939 1946; x_wconf 90' lang='lat' dir='ltr'><strong>est,</strong></span> <span class='ocrx_word' id='word_1_472' title='bbox 2960 1881 3128 1936; x_wconf 85' lang='lat' dir='ltr'><strong>Filius</strong></span> <span class='ocrx_word' id='word_1_473' title='bbox 3151 1880 3241 1933; x_wconf 92' lang='lat' dir='ltr'><strong>hic</strong></span> <span class='ocrx_word' id='word_1_474' title='bbox 3265 1876 3516 1932; x_wconf 90' lang='lat' dir='ltr'><strong>hominis.</strong></span> 
     </span>
    </p>
   </div>
   <div class='ocr_carea' id='block_1_80' title="bbox 2297 1964 3827 2046">
    <p class='ocr_par' dir='ltr' id='par_1_80' title="bbox 2297 1964 3827 2046">
     <span class='ocr_line' id='line_1_80' title="bbox 2297 1964 3827 2046; baseline -0.01 -14"><span class='ocrx_word' id='word_1_475' title='bbox 2297 1978 2395 2034; x_wconf 92' lang='lat' dir='ltr'><strong>llic</strong></span> <span class='ocrx_word' id='word_1_476' title='bbox 2416 1980 2599 2043; x_wconf 89' lang='lat' dir='ltr'><strong>homo,</strong></span> <span class='ocrx_word' id='word_1_477' title='bbox 2633 1976 2726 2046; x_wconf 89' lang='lat' dir='ltr'><strong>qui</strong></span> <span class='ocrx_word' id='word_1_478' title='bbox 2753 1975 2895 2030; x_wconf 90' lang='lat' dir='ltr'><strong>Deus</strong></span> <span class='ocrx_word' id='word_1_479' title='bbox 2917 1979 3019 2038; x_wconf 85' lang='lat' dir='ltr'><strong>est,</strong></span> <span class='ocrx_word' id='word_1_480' title='bbox 3054 1985 3177 2041; x_wconf 89' lang='lat' dir='ltr'><strong>spes</strong></span> <span class='ocrx_word' id='word_1_481' title='bbox 3205 1976 3289 2025; x_wconf 90' lang='lat' dir='ltr'><strong>est</strong></span> <span class='ocrx_word' id='word_1_482' title='bbox 3315 1968 3531 2036; x_wconf 83' lang='lat' dir='ltr'><strong>antiqua</strong></span> <span class='ocrx_word' id='word_1_483' title='bbox 3565 1964 3827 2035; x_wconf 83' lang='lat' dir='ltr'><strong>priorum,</strong></span> 
     </span>
    </p>
   </div>
   <div class='ocr_carea' id='block_1_81' title="bbox 2367 2059 3602 2138">
    <p class='ocr_par' dir='ltr' id='par_1_81' title="bbox 2367 2059 3602 2138">
     <span class='ocr_line' id='line_1_81' title="bbox 2367 2059 3602 2138; baseline -0.011 -14"><span class='ocrx_word' id='word_1_484' title='bbox 2367 2068 2503 2138; x_wconf 88' lang='lat' dir='ltr'><strong>Spes</strong></span> <span class='ocrx_word' id='word_1_485' title='bbox 2523 2068 2579 2122; x_wconf 91' lang='lat' dir='ltr'><strong>in</strong></span> <span class='ocrx_word' id='word_1_486' title='bbox 2604 2066 2708 2121; x_wconf 82' lang='lat' dir='ltr'><strong>fine</strong></span> <span class='ocrx_word' id='word_1_487' title='bbox 2737 2065 2859 2135; x_wconf 91' lang='lat' dir='ltr'><strong>piis,</strong></span> <span class='ocrx_word' id='word_1_488' title='bbox 2886 2064 2976 2118; x_wconf 90' lang='lat' dir='ltr'><strong>hic</strong></span> <span class='ocrx_word' id='word_1_489' title='bbox 3000 2062 3180 2126; x_wconf 91' lang='lat' dir='ltr'><strong>homo,</strong></span> <span class='ocrx_word' id='word_1_490' title='bbox 3211 2060 3303 2130; x_wconf 88' lang='lat' dir='ltr'><strong>qui</strong></span> <span class='ocrx_word' id='word_1_491' title='bbox 3339 2059 3479 2113; x_wconf 90' lang='lat' dir='ltr'><strong>Deus</strong></span> <span class='ocrx_word' id='word_1_492' title='bbox 3502 2066 3602 2111; x_wconf 90' lang='lat' dir='ltr'><strong>est.</strong></span> 
     </span>
    </p>
   </div>
   <div class='ocr_carea' id='block_1_82' title="bbox 2275 2147 3582 2231">
    <p class='ocr_par' dir='ltr' id='par_1_82' title="bbox 2275 2147 3582 2231">
     <span class='ocr_line' id='line_1_82' title="bbox 2275 2147 3582 2231; baseline -0.012 -16"><span class='ocrx_word' id='word_1_493' title='bbox 2275 2160 2500 2230; x_wconf 55' lang='lat' dir='ltr'><strong>Aspera</strong></span> <span class='ocrx_word' id='word_1_494' title='bbox 2527 2172 2675 2231; x_wconf 82' lang='lat' dir='ltr'><strong>mors</strong></span> <span class='ocrx_word' id='word_1_495' title='bbox 2701 2154 2882 2225; x_wconf 85' lang='lat' dir='ltr'><strong>populi</strong></span> <span class='ocrx_word' id='word_1_496' title='bbox 2908 2154 3052 2223; x_wconf 90' lang='lat' dir='ltr'><strong>ligno</strong></span> <span class='ocrx_word' id='word_1_497' title='bbox 3077 2150 3303 2205; x_wconf 89' lang='lat' dir='ltr'><strong>deducta</strong></span> <span class='ocrx_word' id='word_1_498' title='bbox 3327 2147 3582 2209; x_wconf 87' lang='lat' dir='ltr'><strong>cucurrit,</strong></span> 
     </span>
    </p>
   </div>
   <div class='ocr_carea' id='block_1_83' title="bbox 2367 2241 3409 2318">
    <p class='ocr_par' dir='ltr' id='par_1_83' title="bbox 2367 2241 3409 2318">
     <span class='ocr_line' id='line_1_83' title="bbox 2367 2241 3409 2318; baseline -0.011 -13"><span class='ocrx_word' id='word_1_499' title='bbox 2367 2250 2621 2305; x_wconf 84' lang='lat' dir='ltr'><strong>Aufertur</strong></span> <span class='ocrx_word' id='word_1_500' title='bbox 2644 2249 2788 2318; x_wconf 90' lang='lat' dir='ltr'><strong>ligno</strong></span> <span class='ocrx_word' id='word_1_501' title='bbox 2814 2261 3005 2317; x_wconf 87' lang='lat' dir='ltr'><strong>aspera</strong></span> <span class='ocrx_word' id='word_1_502' title='bbox 3044 2258 3188 2299; x_wconf 88' lang='lat' dir='ltr'><strong>mors</strong></span> <span class='ocrx_word' id='word_1_503' title='bbox 3209 2241 3409 2313; x_wconf 91' lang='lat' dir='ltr'><strong>populi.</strong></span> 
     </span>
    </p>
   </div>
   <div class='ocr_carea' id='block_1_84' title="bbox 2303 2332 3646 2407">
    <p class='ocr_par' dir='ltr' id='par_1_84' title="bbox 2303 2332 3646 2407">
     <span class='ocr_line' id='line_1_84' title="bbox 2303 2332 3646 2407; baseline -0.008 -12"><span class='ocrx_word' id='word_1_504' title='bbox 2303 2340 2505 2395; x_wconf 85' lang='lat' dir='ltr'><strong>Lumen</strong></span> <span class='ocrx_word' id='word_1_505' title='bbox 2526 2339 2712 2395; x_wconf 83' lang='lat' dir='ltr'><strong>adesse</strong></span> <span class='ocrx_word' id='word_1_506' title='bbox 2740 2337 2835 2392; x_wconf 89' lang='lat' dir='ltr'><strong>Dei</strong></span> <span class='ocrx_word' id='word_1_507' title='bbox 2860 2334 3129 2407; x_wconf 88' lang='lat' dir='ltr'><strong>persensit</strong></span> <span class='ocrx_word' id='word_1_508' title='bbox 3156 2334 3415 2388; x_wconf 84' lang='lat' dir='ltr'><strong>Tartarus</strong></span> <span class='ocrx_word' id='word_1_509' title='bbox 3442 2332 3646 2400; x_wconf 89' lang='lat' dir='ltr'><strong>ingens,</strong></span> 
     </span>
    </p>
   </div>
   <div class='ocr_carea' id='block_1_85' title="bbox 2373 2419 3583 2491">
    <p class='ocr_par' dir='ltr' id='par_1_85' title="bbox 2373 2419 3583 2491">
     <span class='ocr_line' id='line_1_85' title="bbox 2373 2419 3583 2491; baseline -0.009 -8"><span class='ocrx_word' id='word_1_510' title='bbox 2373 2428 2481 2485; x_wconf 81' lang='lat' dir='ltr'><strong>Nec</strong></span> <span class='ocrx_word' id='word_1_511' title='bbox 2507 2428 2733 2483; x_wconf 88' lang='lat' dir='ltr'><strong>credunt</strong></span> <span class='ocrx_word' id='word_1_512' title='bbox 2760 2426 3022 2491; x_wconf 88' lang='lat' dir='ltr'><strong>homines,</strong></span> <span class='ocrx_word' id='word_1_513' title='bbox 3053 2424 3232 2479; x_wconf 91' lang='lat' dir='ltr'><strong>lumen</strong></span> <span class='ocrx_word' id='word_1_514' title='bbox 3253 2422 3443 2477; x_wconf 89' lang='lat' dir='ltr'><strong>adesse</strong></span> <span class='ocrx_word' id='word_1_515' title='bbox 3468 2419 3583 2473; x_wconf 86' lang='lat' dir='ltr'><strong>Dei.</strong></span> 
     </span>
    </p>
   </div>
   <div class='ocr_carea' id='block_1_86' title="bbox 2306 2508 3873 2587">
    <p class='ocr_par' dir='ltr' id='par_1_86' title="bbox 2306 2508 3873 2587">
     <span class='ocr_line' id='line_1_86' title="bbox 2306 2508 3873 2587; baseline -0.006 -14"><span class='ocrx_word' id='word_1_516' title='bbox 2306 2519 2447 2573; x_wconf 74' lang='lat' dir='ltr'><strong>Mors</strong></span> <span class='ocrx_word' id='word_1_517' title='bbox 2474 2517 2584 2572; x_wconf 87' lang='lat' dir='ltr'><strong>fera</strong></span> <span class='ocrx_word' id='word_1_518' title='bbox 2604 2532 2702 2587; x_wconf 88' lang='lat' dir='ltr'><strong>per</strong></span> <span class='ocrx_word' id='word_1_519' title='bbox 2724 2515 2995 2571; x_wconf 86' lang='lat' dir='ltr'><strong>hominem</strong></span> <span class='ocrx_word' id='word_1_520' title='bbox 3013 2514 3267 2569; x_wconf 91' lang='lat' dir='ltr'><strong>miserum</strong></span> <span class='ocrx_word' id='word_1_521' title='bbox 3282 2511 3381 2567; x_wconf 89' lang='lat' dir='ltr'><strong>sibi</strong></span> <span class='ocrx_word' id='word_1_522' title='bbox 3404 2509 3639 2565; x_wconf 82' lang='lat' dir='ltr'><strong>subdidit</strong></span> <span class='ocrx_word' id='word_1_523' title='bbox 3655 2508 3873 2574; x_wconf 77' lang='lat' dir='ltr'><strong>orbem,</strong></span> 
     </span>
    </p>
   </div>
   <div class='ocr_carea' id='block_1_87' title="bbox 2376 2598 3671 2676">
    <p class='ocr_par' dir='ltr' id='par_1_87' title="bbox 2376 2598 3671 2676">
     <span class='ocr_line' id='line_1_87' title="bbox 2376 2598 3671 2676; baseline -0.008 -15"><span class='ocrx_word' id='word_1_524' title='bbox 2376 2606 2596 2662; x_wconf 86' lang='lat' dir='ltr'><strong>Subdita</strong></span> <span class='ocrx_word' id='word_1_525' title='bbox 2628 2605 2933 2676; x_wconf 89' lang='lat' dir='ltr'><strong>congemuit</strong></span> <span class='ocrx_word' id='word_1_526' title='bbox 2953 2618 3097 2658; x_wconf 90' lang='lat' dir='ltr'><strong>mors</strong></span> <span class='ocrx_word' id='word_1_527' title='bbox 3119 2600 3233 2657; x_wconf 88' lang='lat' dir='ltr'><strong>fera</strong></span> <span class='ocrx_word' id='word_1_528' title='bbox 3259 2616 3355 2671; x_wconf 89' lang='lat' dir='ltr'><strong>per</strong></span> <span class='ocrx_word' id='word_1_529' title='bbox 3380 2598 3671 2654; x_wconf 90' lang='lat' dir='ltr'><strong>hominem.</strong></span> 
     </span>
    </p>
   </div>
   <div class='ocr_carea' id='block_1_88' title="bbox 2309 2687 3701 2765">
    <p class='ocr_par' dir='ltr' id='par_1_88' title="bbox 2309 2687 3701 2765">
     <span class='ocr_line' id='line_1_88' title="bbox 2309 2687 3701 2765; baseline -0.008 -13"><span class='ocrx_word' id='word_1_530' title='bbox 2309 2697 2553 2752; x_wconf 85' lang='lat' dir='ltr'><strong>Suscitat</strong></span> <span class='ocrx_word' id='word_1_531' title='bbox 2575 2710 2701 2751; x_wconf 87' lang='lat' dir='ltr'><strong>ecce</strong></span> <span class='ocrx_word' id='word_1_532' title='bbox 2727 2711 2895 2765; x_wconf 87' lang='lat' dir='ltr'><strong>genus</strong></span> <span class='ocrx_word' id='word_1_533' title='bbox 2931 2694 3110 2759; x_wconf 89' lang='lat' dir='ltr'><strong>morti,</strong></span> <span class='ocrx_word' id='word_1_534' title='bbox 3141 2700 3294 2761; x_wconf 79' lang='lat' dir='ltr'><strong>pater</strong></span> <span class='ocrx_word' id='word_1_535' title='bbox 3317 2690 3405 2744; x_wconf 90' lang='lat' dir='ltr'><strong>ille</strong></span> <span class='ocrx_word' id='word_1_536' title='bbox 3430 2687 3701 2758; x_wconf 71' lang='lat' dir='ltr'><strong>profanus,</strong></span> 
     </span>
    </p>
   </div>
   <div class='ocr_carea' id='block_1_89' title="bbox 2378 2784 3528 2851">
    <p class='ocr_par' dir='ltr' id='par_1_89' title="bbox 2378 2784 3528 2851">
     <span class='ocr_line' id='line_1_89' title="bbox 2378 2784 3528 2851; baseline -0.006 -11"><span class='ocrx_word' id='word_1_537' title='bbox 2378 2786 2460 2842; x_wconf 86' lang='lat' dir='ltr'><strong>Ad</strong></span> <span class='ocrx_word' id='word_1_538' title='bbox 2482 2788 2647 2841; x_wconf 88' lang='lat' dir='ltr'><strong>vitam</strong></span> <span class='ocrx_word' id='word_1_539' title='bbox 2674 2785 2919 2843; x_wconf 89' lang='lat' dir='ltr'><strong>Christus</strong></span> <span class='ocrx_word' id='word_1_540' title='bbox 2943 2784 3167 2840; x_wconf 84' lang='lat' dir='ltr'><strong>suscitat</strong></span> <span class='ocrx_word' id='word_1_541' title='bbox 3188 2796 3315 2837; x_wconf 89' lang='lat' dir='ltr'><strong>ecce</strong></span> <span class='ocrx_word' id='word_1_542' title='bbox 3343 2793 3528 2851; x_wconf 85' lang='lat' dir='ltr'><strong>genus.</strong></span> 
     </span>
    </p>
   </div>
   <div class='ocr_carea' id='block_1_90' title="bbox 2674 2936 3527 3047">
    <p class='ocr_par' dir='ltr' id='par_1_90' title="bbox 2674 2936 3527 3047">
     <span class='ocr_line' id='line_1_90' title="bbox 2674 2936 3527 3047; baseline -0.011 -27"><span class='ocrx_word' id='word_1_543' title='bbox 2674 2936 3527 3047; x_wconf 78' lang='lat' dir='ltr'><strong>ADHOBTATIONES</strong></span> 
     </span>
    </p>
   </div>
   <div class='ocr_carea' id='block_1_91' title="bbox 3051 3069 3141 3108">
    <p class='ocr_par' dir='ltr' id='par_1_91' title="bbox 3051 3069 3141 3108">
     <span class='ocr_line' id='line_1_91' title="bbox 3051 3069 3141 3108; baseline -0.011 -1"><span class='ocrx_word' id='word_1_544' title='bbox 3051 3069 3141 3108; x_wconf 81' lang='lat' dir='ltr'><strong>seu</strong></span> 
     </span>
    </p>
   </div>
   <div class='ocr_carea' id='block_1_92' title="bbox 2801 3156 3382 3216">
    <p class='ocr_par' dir='ltr' id='par_1_92' title="bbox 2801 3156 3382 3216">
     <span class='ocr_line' id='line_1_92' title="bbox 2801 3156 3382 3216; baseline -0.007 -14"><span class='ocrx_word' id='word_1_545' title='bbox 2801 3159 3029 3203; x_wconf 73' lang='lat' dir='ltr'><strong>vensus</strong></span> <span class='ocrx_word' id='word_1_546' title='bbox 3071 3156 3382 3216; x_wconf 63' lang='lat' dir='ltr'><strong>uenatus.</strong></span> 
     </span>
    </p>
   </div>
   <div class='ocr_carea' id='block_1_93' title="bbox 2633 3337 3575 3395">
    <p class='ocr_par' dir='ltr' id='par_1_93' title="bbox 2633 3337 3575 3395">
     <span class='ocr_line' id='line_1_93' title="bbox 2633 3337 3575 3395; baseline -0.002 -2"><span class='ocrx_word' id='word_1_547' title='bbox 2633 3341 2937 3395; x_wconf 81' lang='lat' dir='ltr'><strong>Adhortatio</strong></span> <span class='ocrx_word' id='word_1_548' title='bbox 2972 3338 3039 3391; x_wconf 86' lang='lat' dir='ltr'><strong>ad</strong></span> <span class='ocrx_word' id='word_1_549' title='bbox 3068 3346 3346 3392; x_wconf 83' lang='lat' dir='ltr'><strong>nocturnas</strong></span> <span class='ocrx_word' id='word_1_550' title='bbox 3373 3337 3575 3391; x_wconf 82' lang='lat' dir='ltr'><strong>laudes.</strong></span> 
     </span>
    </p>
   </div>
   <div class='ocr_carea' id='block_1_94' title="bbox 2317 3423 3668 3500">
    <p class='ocr_par' dir='ltr' id='par_1_94' title="bbox 2317 3423 3668 3500">
     <span class='ocr_line' id='line_1_94' title="bbox 2317 3423 3668 3500; baseline -0.005 -15"><span class='ocrx_word' id='word_1_551' title='bbox 2317 3431 2531 3500; x_wconf 83' lang='lat' dir='ltr'><strong>Surgite</strong></span> <span class='ocrx_word' id='word_1_552' title='bbox 2562 3445 2674 3493; x_wconf 83' lang='lat' dir='ltr'><strong>vos,</strong></span> <span class='ocrx_word' id='word_1_553' title='bbox 2708 3428 2921 3491; x_wconf 84' lang='lat' dir='ltr'><strong>fratres,</strong></span> <span class='ocrx_word' id='word_1_554' title='bbox 2952 3424 3135 3480; x_wconf 88' lang='lat' dir='ltr'><strong>laudes</strong></span> <span class='ocrx_word' id='word_1_555' title='bbox 3162 3433 3216 3479; x_wconf 91' lang='lat' dir='ltr'><strong>et</strong></span> <span class='ocrx_word' id='word_1_556' title='bbox 3243 3424 3403 3479; x_wconf 90' lang='lat' dir='ltr'><strong>dicite</strong></span> <span class='ocrx_word' id='word_1_557' title='bbox 3430 3423 3668 3489; x_wconf 88' lang='lat' dir='ltr'><strong>Christo,</strong></span> 
     </span>
    </p>
   </div>
   <div class='ocr_carea' id='block_1_95' title="bbox 2318 3511 3660 3589">
    <p class='ocr_par' dir='ltr' id='par_1_95' title="bbox 2318 3511 3660 3589">
     <span class='ocr_line' id='line_1_95' title="bbox 2318 3511 3660 3589; baseline -0.008 -14"><span class='ocrx_word' id='word_1_558' title='bbox 2318 3522 2441 3575; x_wconf 78' lang='lat' dir='ltr'><strong>lliec</strong></span> <span class='ocrx_word' id='word_1_559' title='bbox 2470 3530 2555 3575; x_wconf 92' lang='lat' dir='ltr'><strong>est</strong></span> <span class='ocrx_word' id='word_1_560' title='bbox 2578 3528 2703 3589; x_wconf 87' lang='lat' dir='ltr'><strong>apta</strong></span> <span class='ocrx_word' id='word_1_561' title='bbox 2724 3519 2912 3572; x_wconf 89' lang='lat' dir='ltr'><strong>domus</strong></span> <span class='ocrx_word' id='word_1_562' title='bbox 2935 3511 3471 3581; x_wconf 66' lang='lat' dir='ltr'><strong>&#39;nocturno&#39;tempore</strong></span> <span class='ocrx_word' id='word_1_563' title='bbox 3491 3514 3660 3567; x_wconf 89' lang='lat' dir='ltr'><strong>vobis.</strong></span> 
     </span>
    </p>
   </div>
   <div class='ocr_carea' id='block_1_96' title="bbox 2317 3601 3610 3678">
    <p class='ocr_par' dir='ltr' id='par_1_96' title="bbox 2317 3601 3610 3678">
     <span class='ocr_line' id='line_1_96' title="bbox 2317 3601 3610 3678; baseline -0.007 -16"><span class='ocrx_word' id='word_1_564' title='bbox 2317 3608 2608 3678; x_wconf 83' lang='lat' dir='ltr'><strong>Pervigiles</strong></span> <span class='ocrx_word' id='word_1_565' title='bbox 2636 3606 2884 3677; x_wconf 90' lang='lat' dir='ltr'><strong>precibus</strong></span> <span class='ocrx_word' id='word_1_566' title='bbox 2900 3604 3010 3674; x_wconf 83' lang='lat' dir='ltr'><strong>jam</strong></span> <span class='ocrx_word' id='word_1_567' title='bbox 3038 3617 3133 3657; x_wconf 89' lang='lat' dir='ltr'><strong>vos</strong></span> <span class='ocrx_word' id='word_1_568' title='bbox 3157 3602 3389 3656; x_wconf 88' lang='lat' dir='ltr'><strong>insistite</strong></span> <span class='ocrx_word' id='word_1_569' title='bbox 3418 3601 3610 3663; x_wconf 90' lang='lat' dir='ltr'><strong>sacris,</strong></span> 
     </span>
    </p>
   </div>
   <div class='ocr_carea' id='block_1_97' title="bbox 2317 3687 3643 3762">
    <p class='ocr_par' dir='ltr' id='par_1_97' title="bbox 2317 3687 3643 3762">
     <span class='ocr_line' id='line_1_97' title="bbox 2317 3687 3643 3762; baseline -0.008 -11"><span class='ocrx_word' id='word_1_570' title='bbox 2317 3697 2595 3752; x_wconf 87' lang='lat' dir='ltr'><strong>Credimus</strong></span> <span class='ocrx_word' id='word_1_571' title='bbox 2622 3695 2879 3749; x_wconf 78' lang='lat' dir='ltr'><strong>auxilium</strong></span> <span class='ocrx_word' id='word_1_572' title='bbox 2915 3699 3170 3762; x_wconf 77' lang='lat' dir='ltr'><strong>priestare</strong></span> <span class='ocrx_word' id='word_1_573' title='bbox 3199 3688 3502 3760; x_wconf 88' lang='lat' dir='ltr'><strong>petentibus</strong></span> <span class='ocrx_word' id='word_1_574' title='bbox 3523 3687 3643 3741; x_wconf 87' lang='lat' dir='ltr'><strong>istic</strong></span> 
     </span>
    </p>
   </div>
   <div class='ocr_carea' id='block_1_98' title="bbox 2318 3775 3733 3855">
    <p class='ocr_par' dir='ltr' id='par_1_98' title="bbox 2318 3775 3733 3855">
     <span class='ocr_line' id='line_1_98' title="bbox 2318 3775 3733 3855; baseline -0.008 -16"><span class='ocrx_word' id='word_1_575' title='bbox 2318 3775 2599 3855; x_wconf 77' lang='lat' dir='ltr'><strong>Angelicos</strong></span> <span class='ocrx_word' id='word_1_576' title='bbox 2620 3791 2812 3847; x_wconf 73' lang='lat' dir='ltr'><strong>cmtus,</strong></span> <span class='ocrx_word' id='word_1_577' title='bbox 2842 3782 3013 3837; x_wconf 89' lang='lat' dir='ltr'><strong>noctis</strong></span> <span class='ocrx_word' id='word_1_578' title='bbox 3037 3780 3129 3849; x_wconf 89' lang='lat' dir='ltr'><strong>qui</strong></span> <span class='ocrx_word' id='word_1_579' title='bbox 3150 3778 3390 3848; x_wconf 80' lang='lat' dir='ltr'><strong>tempora</strong></span> <span class='ocrx_word' id='word_1_580' title='bbox 3419 3785 3654 3840; x_wconf 87' lang='lat' dir='ltr'><strong>servant,</strong></span> <span class='ocrx_word' id='word_1_581' title='bbox 3731 3837 3733 3839; x_wconf 21' lang='grc' dir='ltr'><strong><em>ι</em></strong></span> 
     </span>
    </p>
   </div>
   <div class='ocr_carea' id='block_1_99' title="bbox 2319 3868 3752 3945">
    <p class='ocr_par' dir='ltr' id='par_1_99' title="bbox 2319 3868 3752 3945">
     <span class='ocr_line' id='line_1_99' title="bbox 2319 3868 3752 3945; baseline -0.008 -15"><span class='ocrx_word' id='word_1_582' title='bbox 2319 3876 2525 3945; x_wconf 88' lang='lat' dir='ltr'><strong>Quique</strong></span> <span class='ocrx_word' id='word_1_583' title='bbox 2562 3873 2737 3928; x_wconf 87' lang='lat' dir='ltr'><strong>ferant</strong></span> <span class='ocrx_word' id='word_1_584' title='bbox 2762 3872 2974 3928; x_wconf 89' lang='lat' dir='ltr'><strong>Christo</strong></span> <span class='ocrx_word' id='word_1_585' title='bbox 2999 3871 3225 3924; x_wconf 78' lang='lat' dir='ltr'><strong>fratrum</strong></span> <span class='ocrx_word' id='word_1_586' title='bbox 3246 3869 3332 3937; x_wconf 89' lang='lat' dir='ltr'><strong>pia</strong></span> <span class='ocrx_word' id='word_1_587' title='bbox 3354 3876 3476 3922; x_wconf 88' lang='lat' dir='ltr'><strong>vota</strong></span> <span class='ocrx_word' id='word_1_588' title='bbox 3503 3868 3752 3936; x_wconf 87' lang='lat' dir='ltr'><strong>benigne,</strong></span> 
     </span>
    </p>
   </div>
   <div class='ocr_carea' id='block_1_100' title="bbox 2321 3955 3654 4031">
    <p class='ocr_par' dir='ltr' id='par_1_100' title="bbox 2321 3955 3654 4031">
     <span class='ocr_line' id='line_1_100' title="bbox 2321 3955 3654 4031; baseline -0.009 -12"><span class='ocrx_word' id='word_1_589' title='bbox 2321 3965 2418 4019; x_wconf 86' lang='lat' dir='ltr'><strong>llic</strong></span> <span class='ocrx_word' id='word_1_590' title='bbox 2443 3979 2539 4019; x_wconf 87' lang='lat' dir='ltr'><strong>vos</strong></span> <span class='ocrx_word' id='word_1_591' title='bbox 2569 3963 2844 4018; x_wconf 88' lang='lat' dir='ltr'><strong>inveniant</strong></span> <span class='ocrx_word' id='word_1_592' title='bbox 2864 3960 3143 4031; x_wconf 83' lang='lat' dir='ltr'><strong>vigilantes</strong></span> <span class='ocrx_word' id='word_1_593' title='bbox 3170 3972 3383 4027; x_wconf 89' lang='lat' dir='ltr'><strong>semper</strong></span> <span class='ocrx_word' id='word_1_594' title='bbox 3408 3955 3654 4017; x_wconf 89' lang='lat' dir='ltr'><strong>honeste,</strong></span> 
     </span>
    </p>
   </div>
   <div class='ocr_carea' id='block_1_101' title="bbox 2318 4048 3593 4124">
    <p class='ocr_par' dir='ltr' id='par_1_101' title="bbox 2318 4048 3593 4124">
     <span class='ocr_line' id='line_1_101' title="bbox 2318 4048 3593 4124; baseline -0.006 -16"><span class='ocrx_word' id='word_1_595' title='bbox 2318 4054 2493 4123; x_wconf 74' lang='lat' dir='ltr'><strong>Atque</strong></span> <span class='ocrx_word' id='word_1_596' title='bbox 2515 4056 2602 4124; x_wconf 88' lang='lat' dir='ltr'><strong>pia</strong></span> <span class='ocrx_word' id='word_1_597' title='bbox 2626 4061 2802 4108; x_wconf 89' lang='lat' dir='ltr'><strong>mente</strong></span> <span class='ocrx_word' id='word_1_598' title='bbox 2830 4052 3028 4123; x_wconf 83' lang='lat' dir='ltr'><strong>Regem</strong></span> <span class='ocrx_word' id='word_1_599' title='bbox 3049 4048 3264 4104; x_wconf 90' lang='lat' dir='ltr'><strong>laudare</strong></span> <span class='ocrx_word' id='word_1_600' title='bbox 3287 4061 3593 4117; x_wconf 89' lang='lat' dir='ltr'><strong>supernum.</strong></span> 
     </span>
    </p>
   </div>
   <div class='ocr_carea' id='block_1_102' title="bbox 2999 4139 3197 4196">
    <p class='ocr_par' dir='ltr' id='par_1_102' title="bbox 2999 4139 3197 4196">
     <span class='ocr_line' id='line_1_102' title="bbox 2999 4139 3197 4196; baseline -0.02 0"><span class='ocrx_word' id='word_1_601' title='bbox 2999 4139 3197 4196; x_wconf 78' lang='lat' dir='ltr'><strong>CCXII.</strong></span> 
     </span>
    </p>
   </div>
   <div class='ocr_carea' id='block_1_103' title="bbox 2565 4231 3633 4294">
    <p class='ocr_par' dir='ltr' id='par_1_103' title="bbox 2565 4231 3633 4294">
     <span class='ocr_line' id='line_1_103' title="bbox 2565 4231 3633 4294; baseline -0.008 -3"><span class='ocrx_word' id='word_1_602' title='bbox 2565 4235 2866 4294; x_wconf 75' lang='lat' dir='ltr'><strong>Adhortatio</strong></span> <span class='ocrx_word' id='word_1_603' title='bbox 2900 4234 2975 4286; x_wconf 15' lang='lat' dir='ltr'><strong>adi</strong></span> <span class='ocrx_word' id='word_1_604' title='bbox 3000 4231 3358 4286; x_wconf 71' lang='lat' dir='ltr'><strong>excutiendum</strong></span> <span class='ocrx_word' id='word_1_605' title='bbox 3379 4245 3633 4283; x_wconf 86' lang='lat' dir='ltr'><strong>somnum.</strong></span> 
     </span>
    </p>
   </div>
   <div class='ocr_carea' id='block_1_104' title="bbox 2322 4320 3763 4395">
    <p class='ocr_par' dir='ltr' id='par_1_104' title="bbox 2322 4320 3763 4395">
     <span class='ocr_line' id='line_1_104' title="bbox 2322 4320 3763 4395; baseline -0.004 -17"><span class='ocrx_word' id='word_1_606' title='bbox 2322 4324 2514 4395; x_wconf 89' lang='lat' dir='ltr'><strong>Surge,</strong></span> <span class='ocrx_word' id='word_1_607' title='bbox 2540 4320 2751 4395; x_wconf 77' lang='lat' dir='ltr'><strong>prccor,</strong></span> <span class='ocrx_word' id='word_1_608' title='bbox 2772 4322 3002 4394; x_wconf 86' lang='lat' dir='ltr'><strong>juvenis,</strong></span> <span class='ocrx_word' id='word_1_609' title='bbox 3031 4323 3213 4392; x_wconf 80' lang='lat' dir='ltr'><strong>vigeas</strong></span> <span class='ocrx_word' id='word_1_610' title='bbox 3238 4321 3363 4376; x_wconf 92' lang='lat' dir='ltr'><strong>dum</strong></span> <span class='ocrx_word' id='word_1_611' title='bbox 3385 4335 3610 4389; x_wconf 90' lang='lat' dir='ltr'><strong>corpore</strong></span> <span class='ocrx_word' id='word_1_612' title='bbox 3634 4333 3763 4374; x_wconf 86' lang='lat' dir='ltr'><strong>sano</strong></span> 
     </span>
    </p>
   </div>
   <div class='ocr_carea' id='block_1_105' title="bbox 2249 4410 3718 4494">
    <p class='ocr_par' dir='ltr' id='par_1_105' title="bbox 2249 4410 3718 4494">
     <span class='ocr_line' id='line_1_105' title="bbox 2249 4410 3718 4494; baseline -0.006 -23"><span class='ocrx_word' id='word_1_613' title='bbox 2249 4435 2295 4494; x_wconf 74' lang='grc' dir='ltr'><strong>ι)</strong></span> <span class='ocrx_word' id='word_1_614' title='bbox 2322 4416 2388 4471; x_wconf 87' lang='lat' dir='ltr'><strong>Et</strong></span> <span class='ocrx_word' id='word_1_615' title='bbox 2408 4417 2502 4472; x_wconf 87' lang='lat' dir='ltr'><strong>tibi</strong></span> <span class='ocrx_word' id='word_1_616' title='bbox 2524 4416 2696 4487; x_wconf 90' lang='lat' dir='ltr'><strong>pande</strong></span> <span class='ocrx_word' id='word_1_617' title='bbox 2722 4415 2863 4471; x_wconf 86' lang='lat' dir='ltr'><strong>viam</strong></span> <span class='ocrx_word' id='word_1_618' title='bbox 2896 4415 3146 4493; x_wconf 85' lang='lat' dir='ltr'><strong>precibus</strong></span> <span class='ocrx_word' id='word_1_619' title='bbox 3168 4413 3233 4468; x_wconf 90' lang='lat' dir='ltr'><strong>ad</strong></span> <span class='ocrx_word' id='word_1_620' title='bbox 3253 4427 3417 4481; x_wconf 80' lang='lat' dir='ltr'><strong>regna</strong></span> <span class='ocrx_word' id='word_1_621' title='bbox 3443 4410 3718 4480; x_wconf 87' lang='lat' dir='ltr'><strong>polorum:</strong></span> 
     </span>
    </p>
   </div>
   <div class='ocr_carea' id='block_1_106' title="bbox 2325 4505 3633 4573">
    <p class='ocr_par' dir='ltr' id='par_1_106' title="bbox 2325 4505 3633 4573">
     <span class='ocr_line' id='line_1_106' title="bbox 2325 4505 3633 4573; baseline -0.005 -14"><span class='ocrx_word' id='word_1_622' title='bbox 2325 4505 2433 4561; x_wconf 86' lang='lat' dir='ltr'><strong>Nec</strong></span> <span class='ocrx_word' id='word_1_623' title='bbox 2460 4506 2672 4561; x_wconf 87' lang='lat' dir='ltr'><strong>dederis</strong></span> <span class='ocrx_word' id='word_1_624' title='bbox 2700 4519 2890 4570; x_wconf 83' lang='lat' dir='ltr'><strong>sensus</strong></span> <span class='ocrx_word' id='word_1_625' title='bbox 2916 4513 3053 4568; x_wconf 87' lang='lat' dir='ltr'><strong>tota,</strong></span> <span class='ocrx_word' id='word_1_626' title='bbox 3073 4517 3225 4573; x_wconf 89' lang='lat' dir='ltr'><strong>rogo,</strong></span> <span class='ocrx_word' id='word_1_627' title='bbox 3246 4508 3403 4556; x_wconf 78' lang='lat' dir='ltr'><strong>nocte</strong></span> <span class='ocrx_word' id='word_1_628' title='bbox 3422 4514 3633 4569; x_wconf 85' lang='lat' dir='ltr'><strong>sopore.</strong></span> 
     </span>
    </p>
   </div>
   <div class='ocr_carea' id='block_1_107' title="bbox 2323 4590 3599 4663">
    <p class='ocr_par' dir='ltr' id='par_1_107' title="bbox 2323 4590 3599 4663">
     <span class='ocr_line' id='line_1_107' title="bbox 2323 4590 3599 4663; baseline -0.005 -14"><span class='ocrx_word' id='word_1_629' title='bbox 2323 4595 2582 4650; x_wconf 77' lang='lat' dir='ltr'><strong>Assiduus</strong></span> <span class='ocrx_word' id='word_1_630' title='bbox 2610 4592 2794 4663; x_wconf 76' lang='lat' dir='ltr'><strong>gelida:</strong></span> <span class='ocrx_word' id='word_1_631' title='bbox 2821 4606 3038 4647; x_wconf 88' lang='lat' dir='ltr'><strong>somnus</strong></span> <span class='ocrx_word' id='word_1_632' title='bbox 3067 4599 3152 4646; x_wconf 88' lang='lat' dir='ltr'><strong>est</strong></span> <span class='ocrx_word' id='word_1_633' title='bbox 3174 4590 3360 4646; x_wconf 89' lang='lat' dir='ltr'><strong>mortis</strong></span> <span class='ocrx_word' id='word_1_634' title='bbox 3386 4591 3599 4659; x_wconf 87' lang='lat' dir='ltr'><strong>imago:</strong></span> 
     </span>
    </p>
   </div>
   <div class='ocr_carea' id='block_1_108' title="bbox 2324 4668 3669 4755">
    <p class='ocr_par' dir='ltr' id='par_1_108' title="bbox 2324 4668 3669 4755">
     <span class='ocr_line' id='line_1_108' title="bbox 2324 4668 3669 4755; baseline -0.005 -16"><span class='ocrx_word' id='word_1_635' title='bbox 2324 4685 2503 4755; x_wconf 88' lang='lat' dir='ltr'><strong>Longa</strong></span> <span class='ocrx_word' id='word_1_636' title='bbox 2532 4684 2831 4754; x_wconf 90' lang='lat' dir='ltr'><strong>quiescenti</strong></span> <span class='ocrx_word' id='word_1_637' title='bbox 2859 4678 3056 4737; x_wconf 84' lang='lat' dir='ltr'><strong>facient</strong></span> <span class='ocrx_word' id='word_1_638' title='bbox 3073 4668 3168 4736; x_wconf 87' lang='lat' dir='ltr'><strong>tibi</strong></span> <span class='ocrx_word' id='word_1_639' title='bbox 3197 4680 3306 4735; x_wconf 90' lang='lat' dir='ltr'><strong>fata</strong></span> <span class='ocrx_word' id='word_1_640' title='bbox 3333 4680 3669 4749; x_wconf 88' lang='lat' dir='ltr'><strong>sepulcrum:</strong></span> 
     </span>
    </p>
   </div>
   <div class='ocr_carea' id='block_1_109' title="bbox 2323 4767 3707 4839">
    <p class='ocr_par' dir='ltr' id='par_1_109' title="bbox 2323 4767 3707 4839">
     <span class='ocr_line' id='line_1_109' title="bbox 2323 4767 3707 4839; baseline -0.006 -11"><span class='ocrx_word' id='word_1_641' title='bbox 2323 4774 2481 4828; x_wconf 83' lang='lat' dir='ltr'><strong>Artes</strong></span> <span class='ocrx_word' id='word_1_642' title='bbox 2501 4788 2625 4827; x_wconf 88' lang='lat' dir='ltr'><strong>nam</strong></span> <span class='ocrx_word' id='word_1_643' title='bbox 2646 4772 2815 4828; x_wconf 89' lang='lat' dir='ltr'><strong>hostis</strong></span> <span class='ocrx_word' id='word_1_644' title='bbox 2834 4772 2995 4827; x_wconf 88' lang='lat' dir='ltr'><strong>habet</strong></span> <span class='ocrx_word' id='word_1_645' title='bbox 3021 4771 3272 4839; x_wconf 88' lang='lat' dir='ltr'><strong>antiquus</strong></span> <span class='ocrx_word' id='word_1_646' title='bbox 3291 4769 3436 4823; x_wconf 91' lang='lat' dir='ltr'><strong>mille</strong></span> <span class='ocrx_word' id='word_1_647' title='bbox 3461 4767 3707 4822; x_wconf 85' lang='lat' dir='ltr'><strong>nocendi.</strong></span> 
     </span>
    </p>
   </div>
   <div class='ocr_carea' id='block_1_110' title="bbox 2323 4856 3734 4932">
    <p class='ocr_par' dir='ltr' id='par_1_110' title="bbox 2323 4856 3734 4932">
     <span class='ocr_line' id='line_1_110' title="bbox 2323 4856 3734 4932; baseline -0.005 -15"><span class='ocrx_word' id='word_1_648' title='bbox 2323 4861 2550 4931; x_wconf 82' lang='lat' dir='ltr'><strong>Pervigil</strong></span> <span class='ocrx_word' id='word_1_649' title='bbox 2574 4863 2772 4919; x_wconf 89' lang='lat' dir='ltr'><strong>idcirco</strong></span> <span class='ocrx_word' id='word_1_650' title='bbox 2796 4876 3047 4932; x_wconf 88' lang='lat' dir='ltr'><strong>magnum</strong></span> <span class='ocrx_word' id='word_1_651' title='bbox 3074 4860 3168 4915; x_wconf 88' lang='lat' dir='ltr'><strong>tibi</strong></span> <span class='ocrx_word' id='word_1_652' title='bbox 3193 4858 3363 4914; x_wconf 89' lang='lat' dir='ltr'><strong>conde</strong></span> <span class='ocrx_word' id='word_1_653' title='bbox 3391 4856 3734 4929; x_wconf 87' lang='lat' dir='ltr'><strong>triumphum,</strong></span> 
     </span>
    </p>
   </div>
   <div class='ocr_carea' id='block_1_111' title="bbox 2321 4949 3600 5023">
    <p class='ocr_par' dir='ltr' id='par_1_111' title="bbox 2321 4949 3600 5023">
     <span class='ocr_line' id='line_1_111' title="bbox 2321 4949 3600 5023; baseline -0.005 -16"><span class='ocrx_word' id='word_1_654' title='bbox 2321 4952 2390 5007; x_wconf 91' lang='lat' dir='ltr'><strong>Ut</strong></span> <span class='ocrx_word' id='word_1_655' title='bbox 2413 4953 2500 5023; x_wconf 88' lang='lat' dir='ltr'><strong>pia</strong></span> <span class='ocrx_word' id='word_1_656' title='bbox 2526 4962 2577 5009; x_wconf 89' lang='lat' dir='ltr'><strong>te</strong></span> <span class='ocrx_word' id='word_1_657' title='bbox 2600 4952 2797 5008; x_wconf 90' lang='lat' dir='ltr'><strong>Christi</strong></span> <span class='ocrx_word' id='word_1_658' title='bbox 2833 4958 3112 5006; x_wconf 78' lang='lat' dir='ltr'><strong>conservet</strong></span> <span class='ocrx_word' id='word_1_659' title='bbox 3135 4949 3353 5015; x_wconf 78' lang='lat' dir='ltr'><strong>dextera</strong></span> <span class='ocrx_word' id='word_1_660' title='bbox 3371 4962 3600 5016; x_wconf 89' lang='lat' dir='ltr'><strong>semper.</strong></span> 
     </span>
    </p>
   </div>
   <div class='ocr_carea' id='block_1_112' title="bbox 2323 5102 3881 5231">
    <p class='ocr_par' dir='ltr' id='par_1_112' title="bbox 2323 5102 3881 5231">
     <span class='ocr_line' id='line_1_112' title="bbox 2323 5102 3881 5231; baseline 0.001 -69"><span class='ocrx_word' id='word_1_661' title='bbox 2323 5108 2686 5231; x_wconf 42' lang='lat' dir='ltr'><strong>remednéom.</strong></span> <span class='ocrx_word' id='word_1_662' title='bbox 2710 5108 2774 5173; x_wconf 92' lang='lat' dir='ltr'><strong>ll,</strong></span> <span class='ocrx_word' id='word_1_663' title='bbox 2814 5122 2934 5179; x_wconf 86' lang='lat' dir='ltr'><strong>pag.</strong></span> <span class='ocrx_word' id='word_1_664' title='bbox 2970 5107 3096 5173; x_wconf 69' lang='lat'><strong>407,</strong></span> <span class='ocrx_word' id='word_1_665' title='bbox 3125 5123 3179 5160; x_wconf 89' lang='lat' dir='ltr'><strong>n.</strong></span> <span class='ocrx_word' id='word_1_666' title='bbox 3212 5105 3299 5158; x_wconf 74' lang='grc'><strong>14.</strong></span> <span class='ocrx_word' id='word_1_667' title='bbox 3322 5134 3390 5143; x_wconf 91' lang='grc'><strong><em>-</em></strong></span> <span class='ocrx_word' id='word_1_668' title='bbox 3416 5102 3549 5171; x_wconf 66' lang='lat' dir='ltr'><strong>Vide</strong></span> <span class='ocrx_word' id='word_1_669' title='bbox 3583 5109 3741 5189; x_wconf 80' lang='lat' dir='ltr'><strong>supra</strong></span> <span class='ocrx_word' id='word_1_670' title='bbox 3769 5119 3881 5163; x_wconf 60' lang='lat' dir='ltr'><strong>cal~</strong></span> 
     </span>
    </p>
   </div>
   <div class='ocr_carea' id='block_1_113' title="bbox 2325 5188 3733 5232">
    <p class='ocr_par' dir='ltr' id='par_1_113' title="bbox 2325 5188 3733 5232">
     <span class='ocr_line' id='line_1_113' title="bbox 2325 5188 3733 5232; baseline -0.004 -1"><span class='ocrx_word' id='word_1_671' title='bbox 2325 5192 2447 5232; x_wconf 91' lang='lat' dir='ltr'><strong>men</strong></span> <span class='ocrx_word' id='word_1_672' title='bbox 2484 5188 2605 5231; x_wconf 75' lang='grc'><strong>115.</strong></span> <span class='ocrx_word' id='word_1_673' title='bbox 3722 5188 3733 5195; x_wconf 58' lang='grc'><strong><em>⁷⁷</em></strong></span> 
     </span>
    </p>
   </div>
   <div class='ocr_carea' id='block_1_114' title="bbox 2397 5242 3882 5313">
    <p class='ocr_par' dir='ltr' id='par_1_114' title="bbox 2397 5242 3882 5313">
     <span class='ocr_line' id='line_1_114' title="bbox 2397 5242 3882 5313; baseline -0.003 -13"><span class='ocrx_word' id='word_1_674' title='bbox 2397 5257 2419 5285; x_wconf 73' lang='grc' dir='ltr'>ε</span> <span class='ocrx_word' id='word_1_675' title='bbox 2469 5245 2620 5300; x_wconf 84' lang='lat' dir='ltr'><strong>Hanc</strong></span> <span class='ocrx_word' id='word_1_676' title='bbox 2668 5246 3067 5313; x_wconf 82' lang='lat' dir='ltr'><strong>inscriptionem</strong></span> <span class='ocrx_word' id='word_1_677' title='bbox 3123 5244 3483 5313; x_wconf 86' lang='lat' dir='ltr'><strong>decerpsimus</strong></span> <span class='ocrx_word' id='word_1_678' title='bbox 3512 5258 3599 5313; x_wconf 76' lang='lat' dir='ltr'><strong>ex</strong></span> <span class='ocrx_word' id='word_1_679' title='bbox 3656 5242 3882 5311; x_wconf 75' lang='lat' dir='ltr'><strong>longiori</strong></span> 
     </span>
    </p>
   </div>
   <div class='ocr_carea' id='block_1_115' title="bbox 2326 5262 3884 5395">
    <p class='ocr_par' dir='ltr' id='par_1_115' title="bbox 2326 5262 3884 5395">
     <span class='ocr_line' id='line_1_115' title="bbox 2397 5262 3882 5313; baseline -0.003 -13"><span class='ocrx_word' id='word_1_680' title='bbox 2397 5262 2419 5285; x_wconf 70' lang='grc' dir='ltr'><strong>ε</strong></span> <span class='ocrx_word' id='word_1_681' title='bbox 2471 5262 2620 5300; x_wconf 84' lang='lat' dir='ltr'><strong>uane</strong></span> <span class='ocrx_word' id='word_1_682' title='bbox 2668 5262 2829 5301; x_wconf 80' lang='lat' dir='ltr'><strong>inseri</strong></span> <span class='ocrx_word' id='word_1_683' title='bbox 2869 5262 3067 5300; x_wconf 82' lang='lat' dir='ltr'><strong>nonem</strong></span> <span class='ocrx_word' id='word_1_684' title='bbox 3123 5262 3483 5313; x_wconf 74' lang='lat' dir='ltr'><strong>aecerpsrmus</strong></span> <span class='ocrx_word' id='word_1_685' title='bbox 3530 5262 3599 5299; x_wconf 80' lang='lat' dir='ltr'><strong>ex</strong></span> <span class='ocrx_word' id='word_1_686' title='bbox 3656 5262 3882 5311; x_wconf 72' lang='lat' dir='ltr'><strong>longth</strong></span> 
     </span>
     <span class='ocr_line' id='line_1_116' title="bbox 2326 5262 3884 5395; baseline -0.003 -28"><span class='ocrx_word' id='word_1_687' title='bbox 2326 5315 2711 5395; x_wconf 73' lang='lat' dir='ltr'><strong>epigrammate</strong></span> <span class='ocrx_word' id='word_1_688' title='bbox 2900 5313 3149 5369; x_wconf 89' lang='lat' dir='ltr'><strong>editionis</strong></span> <span class='ocrx_word' id='word_1_689' title='bbox 3209 5311 3736 5395; x_wconf 28' lang='lat' dir='ltr'><strong>Quercetanijneum</strong></span> <span class='ocrx_word' id='word_1_690' title='bbox 3782 5324 3884 5395; x_wconf 79' lang='lat' dir='ltr'><strong>nec</strong></span> 
     </span>
    </p>
   </div>
   <div class='ocr_carea' id='block_1_116' title="bbox 2328 5379 3883 5449">
    <p class='ocr_par' dir='ltr' id='par_1_116' title="bbox 2328 5379 3883 5449">
     <span class='ocr_line' id='line_1_117' title="bbox 2328 5379 3883 5449; baseline -0.003 -14"><span class='ocrx_word' id='word_1_691' title='bbox 2328 5379 2451 5436; x_wconf 81' lang='lat' dir='ltr'><strong>cum</strong></span> <span class='ocrx_word' id='word_1_692' title='bbox 2478 5380 2932 5445; x_wconf 80' lang='lat' dir='ltr'><strong>antecedentibus,</strong></span> <span class='ocrx_word' id='word_1_693' title='bbox 2982 5396 3080 5437; x_wconf 88' lang='lat' dir='ltr'><strong>nec</strong></span> <span class='ocrx_word' id='word_1_694' title='bbox 3126 5398 3249 5437; x_wconf 89' lang='lat' dir='ltr'><strong>eum</strong></span> <span class='ocrx_word' id='word_1_695' title='bbox 3273 5379 3722 5449; x_wconf 86' lang='lat' dir='ltr'><strong>consequentibus</strong></span> <span class='ocrx_word' id='word_1_696' title='bbox 3764 5394 3883 5449; x_wconf 75' lang='lat' dir='ltr'><strong>ver-</strong></span> 
     </span>
    </p>
   </div>
   <div class='ocr_carea' id='block_1_117' title="bbox 2328 5448 3863 5512">
    <p class='ocr_par' dir='ltr' id='par_1_117' title="bbox 2328 5448 3863 5512">
     <span class='ocr_line' id='line_1_118' title="bbox 2328 5448 3863 5512; baseline -0.001 -9"><span class='ocrx_word' id='word_1_697' title='bbox 2328 5450 2479 5506; x_wconf 88' lang='lat' dir='ltr'><strong>sibus</strong></span> <span class='ocrx_word' id='word_1_698' title='bbox 2503 5453 2698 5507; x_wconf 90' lang='lat' dir='ltr'><strong>ibidem</strong></span> <span class='ocrx_word' id='word_1_699' title='bbox 2720 5452 2883 5507; x_wconf 89' lang='lat' dir='ltr'><strong>ullam</strong></span> <span class='ocrx_word' id='word_1_700' title='bbox 2918 5451 3113 5507; x_wconf 42' lang='lat' dir='ltr'><strong>h‘aboat</strong></span> <span class='ocrx_word' id='word_1_701' title='bbox 3152 5448 3575 5512; x_wconf 83' lang='lat' dir='ltr'><strong>connexionem;</strong></span> <span class='ocrx_word' id='word_1_702' title='bbox 3608 5457 3661 5502; x_wconf 87' lang='lat' dir='ltr'><strong>et</strong></span> <span class='ocrx_word' id='word_1_703' title='bbox 3686 5462 3805 5501; x_wconf 88' lang='lat' dir='ltr'><strong>cum</strong></span> <span class='ocrx_word' id='word_1_704' title='bbox 3826 5448 3863 5501; x_wconf 91' lang='lat' dir='ltr'><strong>il</strong></span> 
     </span>
    </p>
   </div>
   <div class='ocr_carea' id='block_1_118' title="bbox 2327 5517 3812 5589">
    <p class='ocr_par' dir='ltr' id='par_1_118' title="bbox 2327 5517 3812 5589">
     <span class='ocr_line' id='line_1_119' title="bbox 2327 5517 3812 5589; baseline -0.001 -17"><span class='ocrx_word' id='word_1_705' title='bbox 2327 5519 2394 5573; x_wconf 92' lang='lat' dir='ltr'><strong>lis</strong></span> <span class='ocrx_word' id='word_1_706' title='bbox 2414 5536 2524 5589; x_wconf 90' lang='lat' dir='ltr'><strong>non</strong></span> <span class='ocrx_word' id='word_1_707' title='bbox 2556 5519 2714 5575; x_wconf 85' lang='lat' dir='ltr'><strong>fuerit</strong></span> <span class='ocrx_word' id='word_1_708' title='bbox 2736 5520 3040 5589; x_wconf 85' lang='lat' dir='ltr'><strong>conjuncta,</strong></span> <span class='ocrx_word' id='word_1_709' title='bbox 3067 5521 3169 5589; x_wconf 85' lang='lat' dir='ltr'><strong>nisi</strong></span> <span class='ocrx_word' id='word_1_710' title='bbox 3193 5535 3260 5589; x_wconf 64' lang='lat' dir='ltr'><strong>ex</strong></span> <span class='ocrx_word' id='word_1_711' title='bbox 3286 5518 3490 5573; x_wconf 87' lang='lat' dir='ltr'><strong>incuria</strong></span> <span class='ocrx_word' id='word_1_712' title='bbox 3516 5517 3812 5586; x_wconf 88' lang='lat' dir='ltr'><strong>scriptoris.</strong></span> 
     </span>
    </p>
   </div>
   <div class='ocr_carea' id='block_1_119' title="bbox 2399 5587 3366 5657">
    <p class='ocr_par' dir='ltr' id='par_1_119' title="bbox 2399 5587 3366 5657">
     <span class='ocr_line' id='line_1_120' title="bbox 2399 5587 3366 5657; baseline -0.004 -14"><span class='ocrx_word' id='word_1_713' title='bbox 2399 5588 2424 5626; x_wconf 73' lang='grc' dir='ltr'><em>δ</em></span> <span class='ocrx_word' id='word_1_714' title='bbox 2450 5589 2612 5651; x_wconf 82' lang='lat' dir='ltr'><strong>Edit.,</strong></span> <span class='ocrx_word' id='word_1_715' title='bbox 2642 5588 2696 5642; x_wconf 79' lang='lat' dir='ltr'><strong>id</strong></span> <span class='ocrx_word' id='word_1_716' title='bbox 2714 5588 2912 5657; x_wconf 81' lang='lat' dir='ltr'><strong>justum</strong></span> <span class='ocrx_word' id='word_1_717' title='bbox 2933 5587 3151 5657; x_wconf 72' lang='lat' dir='ltr'><strong>perculit</strong></span> <span class='ocrx_word' id='word_1_718' title='bbox 3183 5587 3366 5642; x_wconf 78' lang='lat' dir='ltr'><strong>Adam.</strong></span> 
     </span>
    </p>
   </div>
   <div class='ocr_carea' id='block_1_120' title="bbox 2407 5657 3035 5713">
    <p class='ocr_par' dir='ltr' id='par_1_120' title="bbox 2407 5657 3035 5713">
     <span class='ocr_line' id='line_1_121' title="bbox 2407 5657 3035 5713; baseline 0.002 -2"><span class='ocrx_word' id='word_1_719' title='bbox 2407 5669 2428 5695; x_wconf 77' lang='grc' dir='ltr'><strong><em>ο</em></strong></span> <span class='ocrx_word' id='word_1_720' title='bbox 2456 5658 2533 5711; x_wconf 81' lang='lat' dir='ltr'><strong>Ex</strong></span> <span class='ocrx_word' id='word_1_721' title='bbox 2560 5658 2676 5713; x_wconf 87' lang='lat' dir='ltr'><strong>cod.</strong></span> <span class='ocrx_word' id='word_1_722' title='bbox 2709 5672 2807 5712; x_wconf 89' lang='lat' dir='ltr'><strong>ms.</strong></span> <span class='ocrx_word' id='word_1_723' title='bbox 2843 5657 3035 5713; x_wconf 87' lang='lat' dir='ltr'><strong>Salisb.</strong></span> 
     </span>
    </p>
   </div>
  </div>
