4268 6220
409 347 518 406 ππ

704 601 718 620 ,
947 550 1200 605 Memoria
1248 568 1331 604 mo
1339 552 1448 604 m't.

410 643 462 700 0
481 641 723 699 mortariis
745 643 930 715 homo.
959 643 1148 698 mortis
1178 642 1522 697 reminiscere
1545 655 1722 694 casus.

414 731 502 791 Nil
526 734 728 804 pecude
749 732 938 798 distas,
971 733 1013 788 si
1038 741 1249 787 tantum
1276 746 1528 802 prospera
1557 739 1761 800 captas.

410 819 629 887 Omnia,
656 836 776 891 qua:
797 821 996 886 cernis,
1026 821 1296 874 variarum
1326 820 1522 888 gaudia
1553 835 1752 882 rerum,
1786 871 1789 874 .

421 908 620 964 Umbra
645 909 790 966 velut
811 909 987 964 tennis
1011 909 1178 963 veloci
1209 910 1315 962 line
1337 908 1614 962 recedunt.

415 999 665 1064 Prceave
685 1014 791 1054 non
821 998 948 1054 felix
970 1014 1036 1052 nc
1060 1002 1134 1063 te,
1167 999 1291 1053 dum
1322 998 1498 1052 neseis
1519 1005 1576 1051 ct
1592 997 1771 1060 audis,

415 1089 694 1157 Quassans
719 1090 979 1159 praecipiti
1005 1088 1262 1144 dissolvat
1291 1088 1503 1142 turbine
1529 1086 1668 1141 linis.

417 1179 636 1250 Porrige
657 1179 899 1248 poscenti
927 1179 1146 1241 victum,
1173 1177 1253 1232 vel
1288 1186 1512 1245 contege
1538 1174 1758 1238 nudum,

417 1271 484 1325 Et
503 1279 562 1326 .te
595 1279 718 1340 post
745 1271 950 1326 obitum
977 1269 1058 1325 sic
1082 1269 1210 1322 talia
1239 1268 1378 1324 iacta
1404 1269 1656 1322 beabnnt.

1100 1357 1323 1412 CCXIV.

843 1449 918 1504 De
945 1458 1236 1517 contemptu
1260 1448 1579 1502 diritiarum.

418 1539 591 1610 Biiigc
613 1539 943 1610 pauperiem,
971 1539 1248 1593 mordaces
1275 1536 1448 1608 effuge
1476 1541 1656 1608 gazas,

420 1631 558 1686 Nam
591 1631 819 1686 reddunt
843 1630 1069 1700 cupidis,
1093 1637 1212 1702 post
1240 1630 1420 1683 carnis
1447 1627 1644 1690 dulcia,
1669 1625 1929 1680 llainmas.

418 1720 676 1788 Quamvis
702 1721 1012 1790 perspicuus
1039 1736 1171 1775 auro
1197 1720 1531 1791 gemmisque
1560 1718 1816 1782 nitescas,

422 1809 634 1879 Pauper
659 1819 714 1864 et
737 1809 963 1882 exiguus
983 1809 1110 1873 ibis,
1139 1817 1194 1885 et
1219 1808 1394 1862 nudus
1416 1808 1484 1862 ad
1507 1806 1748 1861 umbras.

419 1897 482 1953 Id
501 1898 673 1953 solum
697 1907 874 1953 tecum
899 1906 1020 1968 post
1043 1897 1235 1952 mortis
1260 1894 1364 1950 fata
1392 1896 1648 1960 manebit,

424 1986 577 2057 Quod
604 1989 758 2052 bene,
789 1989 930 2057 quod
949 1987 1119 2058 justo,
1143 1988 1288 2056 quod
1317 1995 1464 2042 recte
1488 1984 1687 2043 feceris
1715 1987 1848 2056 ipse.
1949 2005 1952 2008 ·

1111 2075 1312 2144 CCXV.
1902 2075 1914 2087 '

742 2167 816 2222 De
842 2167 964 2222 ex”
990 2166 1112 2221 "uia
1137 2166 1314 2221 divina
1343 2166 1615 2222 clementia
1636 2175 1683 2218 υ.

427 2257 546 2314 Non
563 2252 652 2313 est
675 2259 828 2327 (μὴν
859 2312 861 2314 ,
911 2304 923 2310 -
947 2295 1036 2312 -..υ
1059 2255 1233 2326 poenis
1261 2256 1558 2325 culpandus
1578 2256 1633 2310 in
1662 2256 1800 2318 istis,

502 2349 609 2403 Sed
631 2363 748 2403 nos.
1040 2362 1113 2402 .us
1135 2348 1244 2401 vita
1268 2346 1488 2401 ferenda
1515 2347 1658 2400 cito:

427 2439 497 2497 Et
518 2442 606 2512 pia
631 2440 887 2495 ﬂectenda
908 2449 992 2494 est
1015 2439 1265 2508 precibus
1291 2437 1574 2514 clementia
1596 2438 1834 2502 nostris,

492 2515 774 2601 Quatenus
799 2547 830 2585 a
856 2532 1011 2587 nobis
1033 2529 1322 2586 transferat
1347 2531 1458 2600 ipse
1483 2531 1704 2601 plagas:

428 2625 606 2695 Atque
627 2624 739 2680 suis
765 2623 1000 2678 demens
1019 2631 1238 2692 pncstet
1263 2622 1455 2676 solatia
1484 2622 1680 2685 servis,-

501 2716 768 2786 Tempora
791 2715 1089 2771 concedens
1103 2729 1366 2784 prospera
1386 2721 1578 2766 cuneta
1610 2711 1819 2780 quibus.

430 2805 777 2876 ﬂymnidicas
804 2804 922 2859 beta
947 2803 1133 2858 laudes
1160 2814 1219 2858 ut
1243 2811 1422 2857 mente
1439 2817 1720 2864 canamus,

505 2893 826 2949 Cclsithroni
847 2893 1026 2946 cuncti
1053 2906 1262 2960 semper
1285 2891 1480 2958 ubique
1510 2889 1693 2943 simul.

437 2983 579 3038 Laus
605 2983 716 3048 cui,
738 2982 934 3046 cultus,
961 2981 1153 3047 honor,
1175 2972 1377 3044 'virtus,
1403 2978 1726 3042 benedictio,
1754 2992 1996 3036 carmen,

508 3071 733 3144 Semper
757 3073 813 3126 in
838 3069 1102 3126 alternum
1131 3069 1298 3140 gloria
1325 3084 1518 3137 magna
1553 3067 1693 3122 Deo!

825 3197 1479 3276 INSCRIPTION
1496 3195 1608 3270 ES

868 3345 1142 3394 VARIOIIU
1154 3345 1198 3388 Μ
1243 3342 1563 3393 ιυαοιιυλι.

1110 3427 1334 3503 CCXVI.

917 3534 982 3588 In
1006 3532 1274 3601 refectorio
1297 3532 1546 3600 fratrum.

447 3629 546 3684 llic
571 3627 874 3698 patriarcha
895 3625 1017 3694 pius
1039 3608 1222 3692 sedeat
1249 3634 1596 3688 summusque
1620 3618 1895 3684 sacerdos,

447 3719 534 3775 Sit
555 3721 641 3773 cui
665 3719 809 3786 larga
847 3731 1054 3776 manus,
1081 3713 1347 3782 placidum
1371 3727 1491 3776 cor,
1516 3712 1680 3766 verba
1709 3725 1899 3765 serena
1924 3729 1937 3763 :

451 3812 552 3866 Per
576 3808 728 3878 cuius
756 3809 999 3864 dextram
1023 3805 1303 3860 bcnedicat
1333 3803 1552 3858 dextera
1576 3802 1802 3867 Christi,

450 3899 725 3954 Fratribus
750 3897 1049 3968 appositum
1075 3894 1334 3964 quidquid
1358 3891 1598 3958 defertur
1621 3891 1904 3947 edendum.

1115 3981 1360 4037 CCXVII.

1118 4069 1339 4122 Ibidem.
1378 4107 1379 4112 η

453 4163 576 4218 [lare
603 4172 687 4217 est
708 4145 898 4215 sancta
926 4161 1138 4225 domus,
1168 4160 1315 4228 pacis
1343 4157 1510 4222 locus,
1543 4157 1662 4212 aula
1685 4157 1897 4223 salutis,

451 4253 622 4323 Quam
651 4248 812 4321 super
838 4252 898 4305 o!
928 4263 1137 4319 semper
1155 4258 1369 4303 maneat
1394 4249 1692 4304 benedictio
1718 4247 1939 4304 Christi.

451 4343 510 4400 In
537 4357 641 4412 qua
667 4340 977 4410 multiplicet
1003 4338 1228 4393 fratrum
1263 4339 1505 4392 convivia
1532 4338 1698 4410 large,

451 4432 552 4500 Qui
579 4431 846 4502 quondam
875 4431 1078 4502 populi,
1103 4430 1309 4485 caelesti
1332 4444 1553 4483 munere
1579 4430 1744 4493 dives,

453 4519 683 4573 Panibus
709 4533 774 4573 cx
799 4518 1032 4588 quindue
1055 4518 1272 4574 satiavit
1297 4518 1460 4571 millia
1494 4518 1746 4588 quinque.

1108 4606 1375 4662 CCXVIII.

1119 4697 1342 4750 Ibidem.

457 4790 541 4845 Sit
563 4803 846 4860 germanus
872 4803 1039 4851 amor,
1070 4784 1284 4849 fratres,
1309 4800 1404 4840 vos
1427 4787 1567 4841 inter
1586 4789 1802 4858 ubique,

459 4875 542 4930 Sit
569 4858 694 4947 pa'x,
722 4893 852 4947 pura
874 4875 1005 4931 fides
1029 4874 1244 4940 Christi,
1267 4873 1550 4929 concordia
1572 4876 1760 4931 dulcis.
1859 4899 1861 4901 ί

457 4965 701 5021 Christus
719 4967 770 5020 in
790 4981 884 5021 ore
908 4975 1076 5025 sonet,
1103 4965 1406 5034 habitetqne
1431 4963 1484 5017 in
1505 4971 1721 5032 pectore
1747 4963 2011 5028 Christus,

462 5053 543 5109 Sit
569 5053 718 5109 cibus
753 5063 807 5108 et
833 5064 990 5125 potus
1012 5053 1274 5117 Christus,
1305 5053 1374 5107 sit
1399 5053 1504 5106 vita
1533 5050 1802 5121 salusque.

534 5219 560 5246 ι
587 5204 699 5260 Hoc
726 5219 938 5275 quoque
983 5219 1198 5275 carmen
1228 5221 1293 5260 ex
1333 5205 1518 5259 codice
1556 5219 1681 5275 ms._
1711 5211 2018 5275 perretnsto

467 5270 1278 5345 Salisburgensi'descripsimus,
1309 5275 1398 5328 ubi
1440 5289 1560 5329 cum
1605 5273 1768 5342 priori
1793 5270 2019 5326 Alcnino

385 5392 394 5396 ,.
469 5342 734 5399 tribuitur.

535 5413 564 5452 ιι
592 5409 712 5476 313,,
755 5405 852 5458 Hic
878 5410 1074 5476 pariter
1093 5408 1301 5478 fratres.

537 5490 562 5520 ε
594 5479 704 5535 Hoc
729 5491 944 5532 carmen
973 5479 1027 5531 in
1054 5477 1180 5533 edit.
1205 5477 1704 5544 Quereetani'iinem
1740 5477 1866 5532 facit
1892 5492 2012 5531 car-

471 5548 629 5603 minis
651 5547 780 5617 198,
825 5546 910 5617 ad
935 5549 1073 5617 quod
1119 5555 1292 5601 tamen
1323 5549 1541 5617 minime
1574 5545 2012 5617 pertinet.__Qua-

511 5625 702 5684 ropter-
726 5615 854 5668 illud
899 5615 1001 5668 hoc
1028 5614 1141 5686 loco
1168 5617 1266 5670 sub
1290 5616 1546 5686 singulari
1570 5614 2005 5679 titulo-dedimus.

507 5681 604 5742 iid'e
623 5698 779 5755 supra
798 5696 1012 5738 carmen
1038 5681 1150 5738 106.

864 5776 1135 5837 Ριτιιοι..
1177 5771 1280 5836 CI.

1579 343 1916 400 CAIIIIINA.
1959 372 2023 381 --
2064 341 2156 396 AD
2196 327 2463 394 γωδ-108.

1067 461 1288 517 ccam.
2001 471 2050 525 Α
2208 437 2210 445 ί

3535 328 3643 381 778

2716 447 3002 505 CCXIX.

2079 592 2082 593 ,
2759 530 2792 597 Ῐ
2791 543 2980 596 bidem.

2076 636 2179 690 Iiic
2200 645 2399 705 patres,
2429 633 2622 688 fratres
2649 635 2698 697 ιι,
2732 633 2938 685 Domini
2965 645 3088 686 cum
3125 629 3370 685 laudibus
3394 629 3612 692 intrent,

2075 727 2229 801 Quos
2257 727 2461 796 pariter
2489 727 2743 780 Dominus
2777 733 2942 780 totum
2962 719 3252 778 conservet
3281 723 3335 776 in
3359 737 3575 776 anum;

2078 815 2150 869 Et
2173 815 2379 884 pariter
2401 823 2590 886 pascat
2613 815 2782 870 nitido
2803 831 2927 868 cum
2953 830 3091 884 pane
3121 813 3328 876 salutis,

2079 907 2150 962 Et
2178 907 2383 976 pariter
2409 909 2567 961 donet
2592 907 2826 962 cades-tis
2853 908 3053 962 fercula
3090 908 3235 961 vitai.

2671 1021 2833 1089 227
2859 1019 3062 1073 ccxx.

2319 1173 2327 1180 ι
2411 1175 2421 1182 _
2766 1111 2988 1163 Ibidem.

2083 1203 2191 1270 Qui
2221 1203 2288 1257 de
2313 1218 2434 1258 rore
2478 1204 2642 1273 dapes
2669 1202 2837 1266 dedit,
2865 1213 2920 1257 et
2945 1202 3012 1258 de
3056 1212 3209 1273 petra
3259 1205 3582 1269 bibendum,

2089 1296 2190 1360 Qui
2221 1296 2488 1349 convertit
2515 1311 2683 1363 aquas
2714 1295 2944 1363 liquidas
2969 1296 3022 1349 in
3057 1297 3175 1349 \ina
3201 1295 3462 1358 Falerna;

2089 1383 2191 1447 Qui
2214 1385 2374 1438 siccis
2396 1385 2567 1455 pelagi
2599 1385 2824 1454 pedibus
2845 1386 3250 1455 supcrambulat
3275 1388 3445 1440 undas

2091 1476 2297 1544 Augeat
2334 1475 2446 1544 ipse
2476 1476 2588 1528 suis
2617 1475 2833 1530 famulis
2855 1493 2952 1530 sua
2977 1477 3116 1531 dona
3142 1477 3422 1547 benignus.

2764 1583 2989 1640 CCXXI.

2638 1673 2720 1726 Ad
2767 1672 3034 1740 fornacem
3060 1685 3082 1712 ε
3095 1713 3110 1726 .

2022 1802 2066 1858 Β
2095 1764 2152 1820 Si
2183 1779 2300 1818 mea
2321 1765 2461 1819 dona
2485 1763 2588 1817 tibi
2616 1764 2822 1833 cupias,
2855 1764 3099 1841 nimboso
3128 1765 3335 1829 viator,

2169 1855 2246 1909 Da
2265 1854 2416 1924 prior
2438 1868 2566 1909 ecce
2596 1862 2709 1920 tua,
2736 1854 2818 1909 sic
2850 1855 2944 1909 tibi
2962 1855 3167 1925 prende
3190 1869 3326 1910 mea.

2094 1947 2194 2001 Est
2217 1947 2350 2001 mihi
2376 1955 2566 2001 venter
2590 1932 2750 2009 edax',
2777 1946 2952 2001 calido
2979 1948 3070 2016 qui
3092 1949 3342 2018 pascitur
3369 1947 3519 2020 igne.

2169 2037 2383 2092 Vertico
2405 2037 2506 2092 sub
2534 2039 2742 2105 quadra
2769 2036 3005 2094 fumidus
3023 2039 3134 2094 exit
3161 2040 3316 2093 odor.
3727 2087 3737 2095 .

2090 2124 2179 2179 Ad
2200 2139 2285 2179 me
2320 2139 2442 2179 mox
2472 2122 2600 2194 [Εά.
2625 2123 2753 2196 vox]
2786 2127 2981 2195 hospes
2998 2127 3175 2197 gelido
3195 2126 3331 2195 fugit
3353 2127 3527 2181 imbre
3563 2125 3666 2179 Dc-

2326 2232 2334 2239 ·
2498 2207 2503 2213 ’
3396 2214 3625 2296 [cenibri
3645 2254 3663 2281 ,

2165 2303 2210 2358 Α
2240 2319 2327 2360 me
2360 2305 2451 2374 qui
2480 2305 2719 2376 Angusto
2743 2303 2933 2360 florida
2956 2305 3010 2360 in
3041 2319 3172 2359 arva
3193 2304 3351 2376 fugit.

2759 2413 3010 2471 CCXXII.

2553 2484 2634 2537 Ad
2657 2484 2925 2554 fornacem
2945 2487 3135 2539 iterant
3157 2485 3210 2538 ἀ.

2098 2571 2180 2626 En
2198 2613 2214 2637 ,
2244 2587 2344 2642 ego
2372 2573 2594 2642 pulchra
2622 2573 2769 2628 foras
2809 2589 2952 2640 sum,
2979 2565 3075 2630 'sed
3104 2575 3290 2646 magis.
3307 2566 3464 2632 utilis
3489 2577 3667 2639 intus,

2097 2664 2198 2718 Est
2218 2663 2423 2718 calidus
2448 2666 2657 2729 venter,
2689 2663 2883 2719 feritur
2919 2665 3045 2720 dum
3088 2664 3288 2735 frigore
3321 2673 3526 2718 vertex.
3562 2648 3565 2650 i

2098 2751 2300 2804 Avidus
2318 2751 2516 2819 hospes
2536 2760 2682 2804 amat
2701 2751 2890 2820 gelida
2915 2766 3002 2806 me
3021 2755 3264 2823 tempore
3289 2755 3496 2827 bruma:
3511 2795 3526 2819 ,

2170 2840 2274 2908 Qui
2308 2841 2480 2895 calida
2510 2849 2698 2896 aestate
2719 2843 2926 2912 spernit
2953 2843 3143 2899 adesse
3161 2845 3316 2899 mihi.

2094 2937 2176 2994 0s
2203 2935 2258 2989 in
2297 2944 2484 2990 ventre
2517 2935 2649 2989 mihi
2698 2943 2811 3002 est,
2845 2937 3112 3006 quadrato
3157 2937 3211 2991 in
3238 2945 3456 3007 gutture
3481 2953 3670 3006 nares.

2175 3027 2279 3096 Qui
2300 3029 2472 3100 spirat
2488 3027 2719 3096 fumum,
2747 3028 2876 3085 dum
2900 3030 3042 3086 calet
3067 3031 3157 3086 ille
3179 3031 3321 3086 foco.

2362 3175 2746 3254 VERSUS
2821 3179 2953 3251 AD
3027 3177 3418 3256 VABIOS.

2750 3305 3021 3360 CCXXI".

2534 3396 2615 3449 Ad
2658 3394 2879 3448 Leonem
2915 3393 3007 3448 HI
3041 3412 3253 3467 papam.

2107 3478 2336 3558 Semper
2360 3487 2414 3540 in
2438 3495 2701 3542 mtcrnum
2725 3485 2924 3551 valeas,
2950 3488 3288 3542 sanctissime
3308 3503 3440 3558 papa
3469 3535 3475 3540 .

2183 3584 2263 3639 Tu
2290 3584 2420 3649 Leo,
2445 3593 2502 3637 tu
2523 3583 2699 3637 victor
2717 3581 2899 3654 proles
2924 3590 3102 3636 amata
3133 3580 3248 3634 Dei.

2110 3675 2314 3751 Doctor
2337 3675 2390 3728 in
2414 3676 2546 3729 orbe
2565 3674 2705 3743 pius,
2738 3673 2939 3726 Christi
2967 3671 3265 3725 clarissima
3305 3672 3472 3742 salpix
3500 3673 3575 3742 (1.
3601 3691 3676 3737 e.,

3481 3763 3677 3838 ιιυιιει),

2184 3854 2252 3908 Et
2272 3861 2438 3922 caput
2463 3852 2737 3915 Ecclesiae,
2783 3851 2894 3915 lux,
2924 3852 3088 3907 decus
3119 3860 3280 3921 atque
3306 3861 3478 3924 pater.

2089 3947 2341 4006 'Justitia:
2367 3946 2561 4010 cultor,
2598 3959 2738 3998 vera:
2760 3952 2815 3998 et
2840 3943 3058 4012 pietatis
3082 3955 3293 4000 amator
3312 3985 3326 4008 ,

2185 4040 2632 4112 Pauperibus.....
2663 4039 2842 4094 clarus
2870 4041 3073 4093 honore
3111 4041 3219 4110 pio.

2090 4135 2284 4192 ‘Notus
2316 4137 2371 4190 in
2396 4135 2528 4189 orbe
2549 4133 2758 4203 procul,
2793 4135 3107 4187 meritorum
3138 4133 3293 4188 laude
3318 4143 3606 4199 vermstus,

2185 4224 2453 4280 Virtutum
2481 4222 2651 4276 titulis
2677 4221 3096 4275 nomen'amoris
3122 4221 3343 4274 habens.

2115 4314 2205 4370 Sis
2226 4315 2347 4382 pius
2367 4318 2424 4364 et
2454 4309 2620 4372 mitis,
2641 4308 2841 4362 Christi
2861 4322 2980 4376 pro,
3015 4316 3218 4375 pastor,
3247 4320 3460 4368 amore,
3550 4322 3558 4330 π

2184 4399 2454 4473 Angeiicis
2474 4398 2665 4468 opibus
2687 4412 2821 4466 quos
2843 4395 2959 4468 [Ρη
2982 4395 3171 4450 ovibus
3195 4393 3349 4468 quas]
3377 4405 3463 4448 tua
3487 4397 3676 4452 dextra

2116 4495 2192 4549 Te
2212 4492 2354 4547 Deus
2377 4499 2612 4546 mternus
2638 4489 2876 4559 longzevo
2908 4496 3147 4557 tempore
3175 4502 3361 4541 sanum

2185 4586 2459 4653 Protegat,
2487 4583 2687 4637 exaltet
2717 4581 3074 4652 prosperitate
3096 4580 3270 4642 bona;

2116 4676 2182 4730 Et
2206 4676 2301 4730 tibi
2332 4681 2644 4744 perpetuum
2672 4662 2932 4726 concedat
2958 4672 3010 4724 in
3033 4685 3156 4724 arce
3184 4669 3457 4740 polorum,

2129 4810 2131 4813 .
2183 4765 2317 4819 Cum
2345 4762 2546 4820 sanctis
2576 4775 2796 4830 regnum
2830 4778 2842 4813 :
2871 4762 2981 4829 jam
3011 4753 3125 4813 sine
3156 4758 3261 4812 line
3289 4757 3436 4812 vale!

2755 4870 3027 4928 CCXXIV.

2023 3122 2075 3180 (ἶ

3493 4486 3670 4557 [regiL

2246 4965 2376 5048 'Pia
2405 4975 2521 5021 vota
2551 4981 2646 5035 pro
2671 4966 2796 5016 urbe
2833 4961 3001 5015 Roma
3029 4970 3076 5014 et
3105 4960 3274 5014 Leone
3294 4978 3430 5031 papa
3461 4975 3506 5015 ο.

2063 5116 2082 5129 ο
2115 5059 2297 5136 Salve,
2335 5057 2505 5112 Roma
2534 5064 2750 5126 potens,
2786 5051 2968 5106 mundi
3005 5050 3167 5106 decus
3190 5093 3203 5115 ,
3239 5051 3435 5121 inclyta
3472 5059 3676 5119 mater,

2186 5207 2212 5246 ἀ
2266 5208 2377 5262 Hoc
2431 5217 2648 5260 carmen
2694 5203 2748 5257 in
2811 5202 2939 5257 edit.
2985 5203 3305 5270 Quercetani
3346 5203 3552 5256 initium
3594 5212 3680 5257 est

2118 5292 2284 5333 carm.
2331 5275 2450 5336 £99,
2479 5275 2620 5342 quod
2646 5287 2770 5326 cum
2820 5275 3167 5341 sequentibus
3196 5271 3438 5342 senibus
3477 5270 3680 5326 nullam

2119 5341 2512 5403 connexioncm
2534 5343 2724 5405 habet;
2764 5351 2922 5411 atque
2958 5342 3081 5396 hinc
3104 5342 3227 5396 inde
3249 5341 3549 5411 detractum
3579 5343 3680 5411 sub

2121 5419 2222 5470 hoc
2249 5412 2726 5535 titul‘gsgosuimus.
2748 5408 2881 5467 Vide
2904 5427 3065 5480 supra
3087 5424 3304 5493 carmen
3327 5408 3432 5462 9.08
3459 5419 3514 5461 et
3540 5408 3680 5462 infra

2121 5497 2336 5535 carmen
2474 5520 2488 5534 .

2117 5497 2336 5540 carmen
2363 5481 2488 5535 260.
3243 5481 3251 5493 ’

2191 5565 2214 5592 ο
2249 5550 2530 5623 Lectiones
2560 5549 2869 5608 dili‘erentes
2889 5563 2954 5604 ex
2995 5547 3122 5604 c‘od.
3149 5561 3250 5601 ms.
3291 5544 3684 5623 Salisburgcnsi

2115 5619 2504 5676 adnotavimus.

3183 5768 3262 5827 25
