4268 6198
728 193 859 287 ’πο
1577 230 1635 284 s.
1679 230 1742 284 ιη’.
1783 228 2012 285 ΑωιΝι
2056 230 2190 286 εει]
2231 229 2413 288 ALCU

2325 210 2512 288 cuiu!
2555 231 2843 289 OPEBUM
2885 231 3067 288 rans
3109 231 3191 287 γι.
3573 277 3579 283 .
3635 303 3640 310 θ
3902 227 4009 287 730

758 350 929 419 Atque
959 348 1034 402 tui
1059 357 1234 402 tecum
1257 346 1473 401 valeant
1498 347 1554 400 in
1583 347 1776 403 saecula
1803 347 1935 402 nati.

758 417 1026 509 Et'caput
1067 438 1216 494 orbis
1253 438 1448 503 honor,
1501 453 1695 510 magne
1744 436 1874 511 (Ms.
1909 437 2051 502 SaI.,
2084 417 2330 509 magnus]

1647 523 1653 528 ’
1765 529 1899 601 [Leo
1926 546 2084 600 papa,
2114 530 2290 585 valeto
2316 547 2328 583 :

755 619 835 676 Tu
878 637 1091 691 quoque
1127 617 1353 688 iustitia:
1396 630 1688 690 sceptrum,
1737 621 1823 675 lux
1855 621 1985 692 [Ib.,
2012 623 2119 694 lex]
2168 623 2330 686 sedis,

2358 351 2410 408 Α
2439 345 2515 401 Te
2543 346 2686 403 Deus
2709 357 2966 414 aternus,
2997 348 3180 402 multis
3202 347 3432 402 feliciter
3456 341 3609 400 annis
3627 388 3640 409 ,

2505 435 2780 494 Concedat
2798 454 3011 494 sacrum
3032 439 3386 507 multiplicare
3415 453 3569 508 gregi
3579 453 3648 489 ιιι.

2435 525 2506 581 Ut
2527 526 2642 586 laus
2670 536 2725 581 et
2744 543 2956 583 merces
2992 539 3208 582 maneat
3235 527 3354 591 tibi,
3379 536 3565 581 sancte
3591 525 3879 594 sacerdos,

2506 614 2772 685 Tempore
2801 625 3059 687 perpetuo
3083 617 3233 686 pacis
3259 617 3311 670 in
3338 618 3468 672 orbc
3491 631 3672 670 sacro.

2087 711 2334 784 [honoris
2431 702 2694 773 Dogmata
2723 705 2919 760 divina:
2945 707 3077 776 legis
3099 715 3433 777 renoventur
3461 706 3659 776 ubique

755 799 1048 870 Perpetuus
1096 799 1228 872 [Ib.,
1280 799 1575 872 perpetuis]
1608 801 1788 856 valeas
1834 801 2053 857 Christo
2098 803 2332 856 donante

2000 894 2327 966 [triumphis.

751 983 997 1054 Ciaviger
1018 983 1296 1047 aetherius,
1329 983 1518 1039 doctor
1548 983 1708 1038 simul
1737 984 1970 1054 inclytus
2006 985 2154 1038 orhis
2173 1025 2188 1047 ,

752 1073 827 1128 Te
859 1076 1109 1144 precibus
1135 1075 1340 1144 pariter
1365 1083 1650 1130 conservet
1677 1075 2113 1149 semper_ubique
2140 1093 2152 1126 :

747 1163 833 1229 Et,
859 1180 993 1234 quos
1021 1164 1188 1218 Roma
1218 1173 1366 1219 tenet
1391 1166 1598 1219 circum
1628 1181 1725 1219 sua
1758 1165 1980 1229 mtenia,
2014 1161 2186 1220 sancti

749 1257 855 1311 Vos
881 1258 1131 1326 precibus
1155 1257 1361 1326 pariter
1390 1257 1593 1311 sanctis
1616 1265 1870 1311 tueantur
1895 1257 2114 1326 ubique.

746 1349 789 1402 0
822 1349 1027 1412 Patres,
1051 1348 1301 1418 populus,
1330 1348 1587 1403 Romana:
1626 1349 1796 1420 gloria
1832 1351 2006 1420 gentis
2032 1390 2047 1413 ,

748 1439 973 1510 Semper
999 1439 1052 1494 in
1089 1448 1376 1506 aeternum,
1399 1439 1629 1496 Domino
1664 1443 1980 1505 miserante,
2013 1442 2216 1498 valete!

1410 1570 1706 1653 ccxxv.‘

1057 1667 1137 1718 Ad
1167 1665 1389 1720 Leonem
1417 1666 1555 1720 sedis
1585 1667 1926 1738 apostolicum
1955 1681 2000 1722 ο.

744 1756 1072 1813 Pontiﬁcalis
1118 1773 1276 1827 apex,
1316 1759 1588 1828 princeps,
1648 1760 1980 1829 patriarcha,
2028 1762 2320 1826 sacerdos,

744 1846 941 1900 Praesul
971 1855 1148 1900 amate
1177 1847 1304 1909 Deo,
1335 1857 1646 1902 sanctorum
1669 1860 1854 1903 sancte
1880 1853 2140 1921 magister
2163 1893 2179 1919 ,

741 1936 932 1990 Pastor
959 1936 1310 2005 apostolicus,
1343 1953 1569 2008 magnus
1590 1935 1698 1994 Leo
1723 1955 1879 2010 papa,
1908 1943 2104 1998 valeto.

741 2027 877 2092 Lux,
902 2028 1067 2082 decus
1088 2028 1362 2095 Ecclesiae,
1391 2031 1647 2092 Romana:
1668 2033 1838 2104 gloria
1869 2037 2079 2104 gentis,

740 2119 808 2172 Et
839 2117 1014 2187 patrio
1040 2120 1228 2188 patria:
1258 2121 1454 2191 populo
1481 2137 1603 2191 spes
1627 2139 1818 2192 magna
1842 2125 2033 2180 salutis
2066 2145 2078 2180 :

736 2206 997 2276 Egregius
1023 2207 1233 2272 doctor,
1260 2211 1467 2265 meritis
1495 2223 1549 2266 et
1577 2215 1794 2268 nomine
1822 2215 2001 2270 clarus
2020 2257 2033 2278 ,

745 2297 1011 2351 Virtutum
1035 2299 1204 2353 titulis
1228 2308 1340 2354 toto
1365 2304 1655 2372 praeclarus
1679 2305 1732 2358 in
1771 2307 1922 2361 orbe.

739 2388 814 2444 Te
844 2388 986 2444 Deus
1021 2399 1276 2452 :eternus,
1306 2396 1488 2449 mundi
1514 2398 1834 2454 mitissimus
1860 2409 2051 2456 auctor
2076 2441 2090 2466 ,

738 2479 988 2536 Salvator
1009 2485 1221 2553 generis
1244 2484 1488 2552 humani,
1518 2490 1787 2545 maximus
1808 2493 2012 2558 hzeres,

734 2569 990 2643 Protegat
1020 2581 1181 2642 atque
1211 2583 1366 2645 regat
1397 2576 1636 2647 longaevo
1669 2589 1908 2651 tempore
1935 2598 2123 2637 sanum
2161 2601 2173 2636 :

733 2663 911 2732 Atque
941 2664 1035 2718 tibi
1071 2665 1273 2719 tribuat
1300 2665 1477 2722 felicia
1504 2678 1745 2740 tempora
1771 2673 2049 2731 clemens:

733 2751 942 2822 Augeat
966 2762 1020 2808 et
1043 2771 1328 2810 numerum
1360 2759 1562 2827 populi,
1591 2777 1687 2830 per
1707 2762 1959 2833 dogmata
1990 2766 2140 2821 verbi

737 2842 807 2896 Ut
833 2843 1145 2913 multiplicia
1175 2847 1327 2902 hctus
1351 2852 1599 2905 mercede
1629 2852 1861 2918 laboris,

727 2929 1059 2985 Ccisithroni
1080 2934 1263 2988 videas
1289 2935 1480 2991 faeicm
1511 2941 1627 2995 sine
1654 2942 1758 2997 fine
1784 2946 1996 3002 beatam
2018 2990 2034 3010 ,

731 3020 966 3090 Principi
990 3024 1285 3092 apostolico
1318 3025 1478 3083 Petro
1504 3031 1824 3105 conjunctus
1847 3038 1897 3090 in
1917 3055 2117 3104 (curm,

731 3111 868 3166 Arce
893 3113 1000 3181 poli
1023 3112 1240 3168 Christo
1258 3114 1422 3171 lietus
1444 3119 1497 3172 in
1526 3119 1770 3178 laudibus
1798 3124 1972 3181 almis.

737 3200 816 3253 Tu
857 3217 982 3273 rege
1009 3204 1272 3261 doctrinis
1302 3209 1482 3263 munia
1514 3211 1630 3267 laus
1659 3213 1684 3251 δ
1715 3231 1877 3286 regna
1915 3235 2010 3287 per
2033 3221 2240 3277 orbem.

732 3288 929 3342 Charta
957 3300 1045 3345 tua
1069 3304 1270 3360 currat,
1300 3298 1508 3367 signata
1532 3302 1593 3354 'in
1619 3305 1834 3359 nomine
1865 3323 2050 3371 sacro,

734 3377 836 3431 Per
866 3387 1088 3445 terram,
1117 3384 1354 3455 pelagus,
1387 3391 1653 3459 regiones,
1698 3410 1884 3465 regna,
1918 3414 2018 3467 per
2048 3402 2206 3458 urbes
2226 3444 2241 3460 .

731 3469 1038 3525 Exhortans
1065 3483 1251 3527 sancto
1280 3485 1506 3533 cunctos
1528 3496 1775 3538 sermone
1814 3487 2070 3557 legentes.

731 3563 946 3618 Semina
968 3579 1034 3618 ne
1067 3565 1187 3620 vita:
1211 3567 1483 3623 maculent
1511 3571 1716 3626 zizania
1743 3577 1933 3631 mortis
1954 3619 1967 3641 ,

728 3654 952 3709 Crescat
980 3657 1049 3711 ab
1077 3673 1173 3712 ore
1202 3667 1294 3712 tuo
1317 3660 1578 3717 cmiorum
1609 3666 1836 3721 candida
1877 3672 2097 3733 messis.

733 3741 884 3797 Unde
911 3745 1006 3798 Dei
1031 3748 1257 3816 populus
1281 3751 1427 3804 vivat
1453 3752 1683 3810 feliciter
1709 3760 1888 3813 omnis
1923 3778 1935 3813 :

730 3829 976 3886 Gaudeat
998 3841 1053 3886 et
1073 3842 1255 3890 teneat
1281 3846 1458 3895 tecum
1481 3844 1721 3899 cmlcstia
1749 3864 1912 3919 regna

734 3921 961 3992 Semper
984 3923 1038 3977 in
1059 3933 1343 3992 aeternum,
1368 3929 1579 3986 summo
1602 3936 1836 3992 donante
1858 3950 2096 3999 tonante.

732 4014 866 4068 Vive
894 4014 1005 4070 Deo
1026 4013 1174 4079 felix,
1205 4016 1328 4072 felix
1367 4029 1422 4073 et
1443 4021 1562 4076 vive
1583 4039 1680 4092 per
1707 4042 1900 4090 :nvum,

728 4103 905 4158 Aurea
937 4105 1027 4159 lux
1051 4107 1255 4171 mundi,
1295 4119 1454 4164 terra:
1476 4111 1576 4177 sal,
1602 4123 1756 4182 porta
1778 4116 1999 4182 salutis,

736 4193 802 4246 Et
829 4195 993 4250 decus
1020 4197 1294 4263 Ecclesim,
1325 4203 1658 4274 gemmisque
1679 4220 1878 4261 corona
1909 4209 2200 4282 refulgens.

731 4283 818 4337 Sis
847 4301 1051 4341 memor
1077 4289 1277 4354 Albini,
1305 4303 1566 4351 memoret
1592 4305 1642 4350 te
1662 4299 1837 4368 gratia
1863 4299 2095 4366 Christi,

730 4371 858 4440 Qua:
895 4383 948 4428 te
973 4389 1271 4444 conservet,
1299 4384 1493 4449 pr.csul
1531 4389 1892 4456 sanctissime,
1933 4409 2162 4467 semper.

1376 4514 1653 4573 CCXXV].
1882 4571 1887 4580 ,
1956 4581 1960 4584 ι

962 4603 1044 4655 Ad
1073 4602 1294 4658 Leonem
1324 4607 1665 4675 apostolicmn
1697 4613 1839 4667 urbis
1869 4615 2066 4672 Romae.

723 4693 1054 4751 Pontilicalis
1090 4712 1250 4776 apex,
1286 4706 1339 4752 et
1367 4699 1576 4768 primus
1607 4702 1658 4754 in
1689 4704 1820 4758 orbe
1848 4711 2132 4776 sacerdos,

792 4784 984 4839 Pastor
1009 4770 1359 4857 apostolicus,
1391 4807 1528 4861 papa
1555 4793 1730 4849 valeto
1756 4795 1887 4852 Leo.
1939 4770 1952 4784 ’

724 4870 924 4929 Sancte
952 4875 1143 4943 Pater,
1168 4882 1354 4948 patria:
1376 4884 1620 4952 prteclari
1650 4898 1705 4942 et
1733 4890 1947 4946 culmen
1977 4892 2229 4959 honoris,

798 4965 1000 5037 Dignus
1025 4969 1077 5021 in
1109 4972 1240 5025 urbe
1266 4977 1662 5039 sacra,.doctus
1692 4981 1744 5036 in
1774 4984 1906 5038 orbe
1929 4985 2133 5053 procul.

720 5053 953 5110 Justitite
981 5057 1178 5124 cultor,
1206 5073 1407 5117 sanctae
1430 5073 1486 5119 et
1511 5068 1728 5135 pietatis
1754 5082 1985 5128 amator.

792 5145 1008 5203 Firmus
1037 5149 1091 5202 in
1115 5147 1324 5214 oliiciis,
1358 5168 1518 5210 verus
1550 5157 1602 5210 in
1626 5159 1876 5230 eloquiis.

723 5235 800 5291 Tu
823 5237 988 5294 decus
1008 5238 1284 5304 Ecclesice,
1313 5243 1497 5298 mundi
1528 5245 1668 5312 laus,
1695 5251 1865 5319 gloria
1890 5254 2020 5309 cieri
2043 5297 2056 5322 ,

791 5329 1110 5400 Exemplum
1132 5331 1276 5394 vitae,
1301 5330 1472 5388 forma
1494 5336 1685 5394 salutis
1715 5355 1838 5410 ope.

794 5476 818 5503 ⁸
847 5463 924 5519 Ita
970 5464 1358 5532 Quercetanus.

793 5533 819 5572 δ
847 5533 1030 5606 Locus
1056 5547 1360 5606 corruptus.
1403 5537 1586 5606 Forte,
1618 5540 1905 5596 mundana.

793 5613 814 5641 ε
847 5600 1048 5660 Versus
1077 5600 1382 5678 corruptus.

2501 795 2605 849 Per
2629 803 2700 862 te,
2729 812 2930 867 perque
2960 809 3134 865 tuum,
3162 809 3345 854 sancte
3374 799 3536 854 Pater
3556 839 3572 864 ,
3601 797 3842 854 studium

2433 887 2546 944 iluc
2575 903 2709 957 opus
2747 890 2954 960 antiqui
2983 891 3174 946 Patres
3211 890 3509 960 fecere.pcr
3544 889 3764 952 orbem,

2504 979 2748 1045 Quorum
2777 981 2920 1037 dicta
2949 983 3321 1052 modopagina
3349 996 3499 1036 sacra
3521 981 3696 1045 canit,

2429 1069 2498 1124 Et
2521 1070 2738 1124 virtutis
2764 1072 2933 1127 honos
2956 1073 3064 1127 lato
3084 1074 3388 1128 celebratur
3414 1073 3466 1126 in
3491 1073 3652 1135 orbe;

2501 1158 2751 1216 Ctele'stis
2773 1177 3002 1230 quorum
3031 1163 3244 1218 nomina
3273 1165 3463 1218 charta
3485 1171 3663 1226 tenet,

2428 1250 2496 1303 Et
2528 1249 2643 1323 laus
2661 1260 2918 1322 perpetuo
2945 1252 3198 1307 decantat
3238 1254 3478 1307 carmine
3500 1252 3760 1316 mundus,

2501 1341 2839 1412 Principibus
2854 1352 3066 1397 structa
3095 1355 3179 1398 est
3206 1343 3402 1398 talibus
3428 1343 3688 1407 Ecclesia.
3877 1401 3882 1405 ,

2429 1430 2546 1488 lIoc
2589 1449 2743 1502 opus,
2787 1434 2889 1488 hoc
2912 1433 3174 1498 studium,
3207 1434 3388 1503 magni
3415 1441 3498 1487 est
3520 1433 3753 1503 pastoris
3777 1433 3829 1488 in
3851 1433 4010 1500 orbe,

2498 1523 2702 1593 Nempe
2720 1524 2932 1579 talenta
2960 1524 3061 1579 sibi
3087 1523 3444 1593 multiplicare
3478 1524 3621 1577 data.

2405 1618 2594 1688 .228
2621 1617 2790 1672 Totus
2816 1618 2946 1672 hora
2977 1618 3192 1686 quidem
3215 1625 3472 1686 preperat
3511 1616 3694 1671 mundi

2358 1687 2400 1744 Β
2493 1687 2570 1764 Ut
2594 1707 2868 1776 quondam
2895 1715 3049 1761 vates
3077 1707 3596 1776 prtecinuerevsacri.

2406 1796 2495 1852 IEt
2515 1783 2681 1864 jndex
2706 1797 2895 1868 vigilat
2924 1797 3200 1852 hominum
3229 1813 3393 1867 super
3424 1807 3543 1853 acta
3579 1813 3844 1868 supernus
3851 1835 3874 1864 ,

2503 1888 2572 1942 Ut
2589 1896 2814 1942 cunctos
2839 1888 3074 1958 propriis
3091 1887 3300 1956 judieet
3322 1902 3390 1944 ex
3418 1890 3648 1944 meritis.

2428 1978 2579 2034 Tunc
2606 1978 2839 2034 famulus
2863 1986 3036 2034 sumet
3057 1980 3372 2034 meritorum
3405 1980 3543 2034 dona
3581 1978 3754 2034 fidelis
3776 2018 3792 2043 ,

2413 2065 2428 2077 ‘
2496 2069 2674 2123 Laetus
2693 2075 2748 2122 et
2786 2068 3008 2122 intrabit
3036 2067 3229 2138 gaudia
3257 2083 3466 2123 summa
3485 2069 3602 2123 Dei.

2428 2159 2504 2212 Tu
2545 2173 2757 2229 quoque
2779 2167 2961 2214 sancte
2985 2159 3161 2222 Pater,
3191 2159 3405 2213 laudem
3427 2160 3569 2214 inter
3589 2160 3687 2214 hos
3706 2156 3932 2214 habebis

2498 2249 2820 2305 Sanctorum
2855 2249 3022 2314 cives,
3048 2251 3229 2305 clarus
3252 2250 3305 2304 in
3329 2251 3459 2306 orbe
3486 2250 3616 2320 poli.

2409 2341 2499 2397 T-Ut
2527 2351 2654 2398 tunc
2682 2358 2802 2398 esse
2824 2343 2979 2398 bonis
3005 2343 3132 2398 felix
3162 2344 3424 2398 merearis
3446 2345 3617 2399 in.....

2494 2433 2648 2490 Nunc
2672 2436 2839 2491 durus
2865 2437 2962 2491 tibi
2984 2437 3253 2515 sitnullus
3281 2438 3332 2492 in
3358 2437 3491 2493 orbe
3511 2437 3683 2493 labor.

2420 2525 2712 2581 Penarum
2738 2542 2934 2596 genera
2964 2537 3283 2596 spreverunt
3301 2528 3482 2583 omnia
3507 2530 3678 2583 sancti
3703 2572 3717 2595 ,

2493 2613 2871 2670 CumChristo
2905 2623 2963 2668 ut
2993 2626 3249 2685 caperent
3286 2632 3450 2686 regna
3478 2617 3634 2672 beata
3660 2617 3788 2686 poli.

2363 2762 2372 2770 ,
2425 2704 2629 2760 Horum
2654 2712 2841 2760 sancta
2866 2721 3100 2774 sequens
3128 2704 3255 2760 felix
3280 2706 3502 2775 vestigia
3531 2715 3751 2776 pastor,

2496 2794 2765 2849 Doctrinis
2803 2795 2999 2848 mentis
3026 2810 3151 2850 cum
3178 2795 3381 2866 pietate
3401 2797 3571 2851 sacris
3601 2814 3612 2848 :

2427 2884 2496 2940 Ut
2520 2893 2573 2939 te
2596 2885 2872 2955 perpetuis
2898 2885 3158 2940 caelorum
3197 2885 3364 2968 gloria
3387 2887 3543 2942 donis

2497 2978 2629 3033 Cum
2665 2978 2883 3034 Christo
2904 2987 2957 3032 et
2984 2981 3187 3034 sanctis
3214 2979 3463 3050 accipiat,
3495 2989 3693 3035 teneat.
3717 3031 3734 3043 _
3760 3051 3764 3053 Α

2274 3132 2277 3134 _
2345 3059 2395 3122 C
2426 3069 2645 3123 Miserat
2670 3071 2812 3124 hunc
2840 3086 3065 3140 puerum
3103 3079 3295 3125 vestrae
3319 3071 3533 3141 pietatis
3563 3081 3824 3137 amator,

2491 3164 2694 3219 Praesul
2718 3166 3045 3221 Eantbaldus
3072 3166 3099 3205 ἀ
3128 3181 3348 3222 munera
3372 3181 3534 3237 parva
3560 3182 3773 3236 gerens.

2421 3258 2591 3326 Quem
2617 3266 2706 3311 tua
2735 3258 2992 3327 suscipiat
3014 3260 3245 3319 bonitas,
3268 3258 3514 3324 obsecro,
3539 3258 3767 3328 benigne
3788 3296 3804 3324 ,

2493 3347 2558 3402 Et
2584 3346 2712 3419 [est]
2742 3346 2974 3401 famulus
2998 3356 3196 3412 vester,
3225 3348 3366 3403 filius
3388 3356 3556 3418 atque
3582 3362 3755 3404 meus.

2421 3438 2676 3496 Ecclesia:
2697 3453 2891 3508 magno
2916 3453 3064 3508 papae
3089 3447 3143 3493 et
3168 3448 3385 3508 pastore
3410 3440 3572 3494 Leoni

2489 3532 2716 3587 Albinus
2750 3531 2992 3588 chartam
3019 3533 3238 3588 miserat
3263 3534 3400 3589 hanc
3428 3532 3679 3590 famulus.

2952 3698 2958 3704 .
3063 3646 3361 3704 CCXXVII.

2866 3718 2946 3770 Ad
2989 3717 3236 3771 Carolum
3279 3719 3552 3787 Magnum.

2417 3803 2499 3858 Ad
2523 3819 2618 3858 nos
2645 3805 2841 3876 quippe
2866 3814 2986 3860 tuus
3014 3806 3242 3860 famulus
3272 3807 3520 3861 veniebat
3543 3807 3809 3862 Homerus
3839 3817 3886 3874 ο,

2489 3892 2686 3947 Nuntia
2716 3893 2837 3948 beta
2859 3893 3036 3948 ferens
3060 3895 3226 3949 David
3252 3895 3321 3948 ab
3345 3911 3441 3949 ore
3468 3903 3578 3949 tuo.

2418 3983 2643 4039 Fecerat
2677 3994 2732 4039 et
2760 3983 3010 4040 Flaccum
3039 3987 3354 4056 gaudentem
3382 3988 3435 4042 iu
3475 3997 3690 4057 pectore
3719 3997 3956 4043 vestrum
3975 4030 3990 4055 ,

2487 4075 2670 4146 Deque
2692 4077 2861 4131 salute
2891 4086 2998 4142 tua,
3035 4080 3100 4132 dc
3120 4079 3424 4149 sobolisque
3458 4090 3579 4134 tuae.

2417 4161 2462 4216 Ο
2491 4165 2619 4218 mihi
2645 4164 2816 4220 dulcis
2859 4183 3032 4230 amor,
3064 4167 3234 4223 dulcis
3261 4171 3548 4238 przesentia
3576 4169 3813 4235 Christi,

2488 4256 2652 4312 Dulce
2680 4268 2830 4314 tuum
2851 4260 3111 4324 studium,
3139 4271 3194 4314 et
3219 4262 3388 4315 dulcis
3410 4263 3478 4316 ab
3507 4277 3600 4316 ore
3623 4277 3808 4317 sonus.
3855 4257 3858 4259 Α

2419 4346 2605 4414 Tuque
2629 4349 2813 4418 tuique
2841 4349 2996 4402 simul
3026 4364 3124 4417 per
3157 4349 3351 4402 safcula
3382 4365 3594 4418 semper
3619 4350 3780 4416 amici
3838 4401 3843 4406 .

2346 4407 2396 4467 θ
2487 4407 2826 4502 Pervaieaut,
2861 4407 3096 4509 vigeant,
3125 4439 3292 4494 David
3313 4407 3513 4509 ubique
3532 4441 3672 4495 vale.

2416 4530 2568 4585 Hunc
2595 4530 2791 4584 iterum
2822 4547 3046 4601 puerum
3075 4541 3268 4586 vestra:
3304 4533 3500 4601 pietate
3526 4534 3738 4599 remisi,

2486 4619 2698 4674 Serviat
2721 4628 2779 4673 ut
2801 4621 2956 4674 nobis
2978 4618 3090 4692 [F.,
3121 4621 3292 4694 vobis]
3317 4626 3572 4690 carmine,
3598 4627 3778 4688 corde,
3802 4639 3982 4680 manu.

3041 4734 3357 4791 CCXXVIII.
3556 4791 3559 4794 .

2612 4806 2709 4857 'Ad
2734 4806 2994 4870 eumdem,
3033 4806 3097 4860 de
3128 4807 3314 4860 studiis
3356 4807 3407 4858 in
3437 4805 3562 4858 aula
3609 4805 3771 4875 regia.

2414 4895 2687 4949 Venerunt
2719 4895 2900 4964 apices
2926 4905 3120 4949 vestra:
3145 4895 3359 4964 pietatis
3386 4895 3453 4947 ab
3475 4891 3596 4947 aula
3617 4934 3632 4956 ,

2414 4983 2460 5039 0
2499 4985 2696 5039 dilecte
2726 4985 2855 5048 Deo,
2886 4985 3052 5040 David
3078 4984 3406 5049 dulcissime,
3437 4982 3668 5050 Flacco;

2410 5075 2694 5131 Portantes
2720 5085 2912 5131 vestra:
2941 5077 3094 5131 nobis
3121 5075 3208 5143 pia
3238 5074 3372 5127 dona
3399 5075 3615 5140 salutis,

2411 5166 2582 5233 Quam
2621 5169 2762 5223 Deus
2804 5169 3144 5237 omnipotens
3189 5181 3401 5237 semper
3427 5177 3806 5240 superaugeat,
3830 5177 3974 5240 opto.

2413 5253 2490 5308 Tu
2519 5257 2656 5321 laus,
2681 5270 2908 5326 spesque
2935 5256 3062 5319 tuis,
3088 5263 3202 5310 toto
3228 5265 3278 5311 tu
3311 5260 3503 5329 gaudia
3530 5271 3697 5331 regno
3727 5279 3741 5315 :

2408 5345 2487 5400 Tu
2517 5348 2683 5402 decus
2707 5347 2976 5411 Ecclesiae,
3010 5358 3207 5415 rector,
3243 5351 3511 5417 defensor,
3542 5363 3753 5410 amator
3787 5371 3804 5412 :

2475 5485 2500 5525 ἀ
2557 5485 2762 5567 Privati!
2817 5486 3162 5567 Eantbaldits.
3216 5494 3309 5567 Ani
3347 5494 3653 5567 Eanbaldus
3695 5495 3980 5567 episcopus
4021 5556 4028 5559 μ

2404 5555 2777 5634 Eboracensis,
2809 5556 3005 5634 dequo
3035 5561 3160 5615 alibi
3189 5566 3414 5634 saepius?

2479 5633 2500 5661 ο
2529 5622 2586 5679 ω
2605 5636 2687 5683 est
2718 5622 3077 5697 Angiliiértus.
