4268 6216
348 260 446 318 781

354 376 433 434 Tu
470 377 660 450 dignos
686 376 933 447 equidem
960 374 1156 443 misisti
1192 378 1337 429 sorte
1363 369 1644 426 ministros

353 469 645 529 Ordinibus
677 469 868 533 sacris,
894 467 1007 537 jam
1034 482 1131 536 per
1154 466 1269 520 loca
1302 473 1426 518 nota
1450 461 1689 533 capellae.

354 568 495 623 Ecce
518 544 828 622 sacerdotes
844 563 1045 619 Christi
1069 577 1164 617 sua
1194 561 1316 630 jura
1341 558 1597 614 tenebunt
1627 572 1640 605 ε

354 654 591 711 Ofﬁcialc
616 655 782 709 decus
821 662 1037 709 servem
1073 648 1337 723 [servant]
1376 647 1477 702 sibi
1507 646 1609 699 rite
1654 640 1885 697 ministri
1907 680 1921 703 ,

356 745 724 815 Nathaneique
748 760 846 800 suo
877 745 1113 815 gaudent
1136 743 1235 797 sub
1267 739 1508 811 principe
1537 743 1707 791 certo.

352 838 659 891 Accurrunt
689 834 882 889 medici
913 848 1036 887 mox
1059 829 1434 900 Hippocratica
1466 834 1603 880 tecta
1627 865 1642 889 ,

359 927 456 982 llic
476 940 641 990 venas
666 923 860 989 fundit,
888 924 1085 979 herbas
1109 922 1198 978 hic
1226 921 1420 974 miscet
1437 919 1490 971 in
1514 917 1618 971 olla
1644 933 1658 971 :

356 1018 448 1072 ille
470 1016 653 1085 coquit
674 1014 869 1085 pultes.
903 1014 1042 1068 alter
1065 1012 1160 1067 sed
1179 1011 1368 1083 poeula
1390 1008 1606 1081 praefert
1628 1025 1644 1063 :

359 1109 429 1162 Et
474 1116 693 1172 tamen,
744 1120 778 1160 ο
839 1105 1062 1161 medici!
1128 1104 1340 1159 cunctis
1403 1100 1694 1172 impendite
1746 1088 1928 1169 grates

934 1198 937 1201 ’
1566 1190 1689 1265 {F.,
1708 1188 1925 1262 gratis,]

361 1295 432 1350 Ut
456 1294 707 1349 manibus
733 1292 927 1348 vestris
950 1291 1092 1346 adsit
1115 1288 1421 1345 benedictio
1443 1284 1646 1343 Christi
1682 1301 1697 1337 :

360 1383 488 1439 Haec
507 1382 641 1438 mihi
679 1390 870 1437 cuncta
895 1380 1132 1451 placent,
1153 1380 1254 1435 iste
1279 1386 1364 1433 est
1390 1375 1673 1433 laudabilis
1691 1374 1842 1429 ordo.

360 1472 499 1540 Quid
523 1472 674 1527 Maro
699 1470 980 1527 versiiicus
1004 1470 1149 1525 solus
1174 1469 1418 1539 peccavit
1446 1468 1503 1535 in
1523 1466 1684 1521 aula?

362 1561 476 1617 Non
506 1560 606 1616 fuit
633 1561 719 1616 ille
742 1560 903 1615 Pater
923 1559 1036 1629 jam
1059 1559 1253 1631 dignus
1278 1559 1477 1613 habere
1500 1556 1817 1627 magistrum
1839 1594 1854 1617 ,

362 1652 463 1720 Qui
487 1655 639 1708 daret
663 1651 908 1723 egregias
927 1651 1109 1723 pueris
1128 1665 1226 1720 per
1249 1657 1391 1705 tecta
1428 1660 1699 1704 camenas.

364 1745 504 1812 Quid
524 1742 688 1798 faciet
715 1742 888 1797 Beleel
915 1742 1124 1797 hiliacis
1147 1741 1335 1795 doctus
1358 1741 1412 1793 in
1432 1738 1586 1794 udis?

365 1834 474 1890 Cur
498 1849 625 1905 rogo
647 1848 753 1888 non
778 1831 954 1886 tenuit
978 1830 1215 1886 scholam
1245 1828 1346 1883 sub
1372 1827 1587 1882 nomine
1621 1823 1826 1896 patris?

365 1925 505 1991 Quid
533 1922 695 1978 faciet
718 1922 904 1976 tardus
926 1928 1122 1976 canuto
1148 1919 1353 1973 vertice
1378 1918 1614 1972 Drances
1634 1952 1650 1980 ,

364 2016 600 2071 Consilio
622 2015 849 2079 validus,
879 2013 1053 2086 gelida
1078 2021 1162 2067 est
1186 2027 1284 2066 ceu
1310 2012 1529 2066 dextera
1553 2008 1729 2063 bello?

364 2105 607 2161 Zacheus
630 2103 878 2159 arborem
898 2102 1210 2158 conscendit
1244 2115 1443 2171 parvus
1471 2104 1525 2152 in
1554 2098 1716 2152 altam
1739 2137 1754 2160 ,

367 2195 442 2252 Ut
456 2195 633 2250 videat
653 2195 863 2249 turbam
887 2194 1211 2264 scriptorum
1242 2206 1461 2247 currere
1490 2190 1689 2246 circum
1709 2227 1724 2253 ,

366 2285 667 2352 Litterulis,
697 2286 922 2351 chartis,
953 2285 1165 2341 miseris
1197 2284 1388 2338 solatia
1413 2288 1649 2352 praestat.
1694 2270 1697 2271 ⁷

368 2373 483 2430 Non
528 2383 731 2446 tangat,
754 2383 962 2439 caveat,
983 2388 1273 2443 puerorum
1300 2371 1539 2441 sportula
1561 2371 1780 2425 dextras

367 2465 487 2521 iam
505 2467 793 2521 tenetordo
806 2482 959 2520 suum
973 2466 1187 2535 proprie
1202 2479 1345 2518 nunc
1358 2463 1582 2533 quisque
1596 2461 1930 2531 magistrum.

369 2557 657 2629 Presbyter
678 2558 922 2629 egregius
945 2565 1059 2612 toto
1080 2557 1179 2612 sub
1201 2564 1415 2625 pectore
1431 2554 1617 2625 plenus
1632 2592 1649 2617 .

369 2650 475 2707 iste
511 2651 817 2706 sacerdotes
855 2648 1014 2705 factis
1038 2657 1093 2704 et
1125 2663 1258 2703 voce
1285 2648 1581 2718 gubernat,

368 2744 509 2798 Ante
537 2743 654 2798 illos
675 2744 947 2815 gradiens,
979 2742 1278 2798 clarissima
1299 2739 1472 2796 forma
1496 2738 1684 2799 salutis
1709 2754 1723 2789 :

372 2837 516 2903 Ordo
544 2835 1181 2903 ministrorum'sequitur
1204 2843 1256 2887 te
1280 2832 1431 2886 Jcsse
1459 2830 1799 2900 magistrum.

376 2925 490 2979 Vox
513 2924 610 2979 tibi
640 2923 776 2979 forte
802 2926 957 2978 sonat
983 2921 1185 2977 Christi
1214 2922 1426 2995 taurina
1455 2935 1555 2990 per
1588 2919 1793 2980 aulam,

376 3016 449 3072 Ut
466 3016 620 3071 decet
644 3030 709 3069 ex
730 3015 841 3070 alto
874 3015 1085 3092 populis
1108 3015 1197 3085 pia
1220 3015 1381 3068 verba
1405 3012 1621 3082 legenti.

376 3107 622 3187 Candida.
646 3106 914 3178 Sulpicius
942 3118 1064 3177 post
1089 3117 1144 3163 te
1175 3108 1340 3162 trahit
1360 3092 1765 3178 agmina‘leetor
1782 3145 1797 3168 ,

378 3197 489 3254 Hos
518 3205 687 3269 regat,
711 3208 767 3253 et
794 3198 1001 3263 doceat,
1034 3196 1197 3252 certis
1226 3212 1293 3251 ne
1325 3196 1636 3251 accentibus
1665 3202 1869 3251 errent.

378 3289 617 3346 Instituit
634 3303 830 3359 pueros
847 3274 1058 3343 idithun
1086 3286 1445 3343 modulamine
1470 3300 1626 3340 sacro
1643 3324 1658 3347 ,

381 3377 557 3446 thue
586 3392 747 3433 sonos
787 3376 969 3433 dulces
992 3376 1297 3440 decantent,
1319 3389 1451 3431 voce
1480 3389 1695 3429 sonora.

382 3467 523 3534 Quot
539 3467 784 3537 pedibus,
807 3467 1069 3531 numeris,
1091 3468 1343 3537 rhythmo
1369 3474 1477 3522 stat
1499 3466 1731 3529 musica,
1748 3454 1944 3520 discat.

335 3552 344 3562 ’
384 3556 641 3612 Noctibus
662 3555 911 3626 inspiciat
938 3555 1058 3611 caeli
1090 3570 1208 3610 mea
1241 3555 1355 3610 filia
1376 3554 1589 3619 stelas,

383 3650 776 3718 Assuescatque
806 3647 970 3701 Deum
994 3661 1206 3717 semper
1226 3646 1445 3701 laudare
1471 3655 1745 3716 potentem
1761 3683 1775 3707 .

384 3741 485 3810 Qui
510 3756 577 3796 ca
592 3740 701 3795 lum
726 3740 895 3796 stellis
913 3740 1147 3805 ornavit,
1167 3739 1407 3808 gramine
1425 3748 1597 3795 terras
1616 3780 1630 3802 ,
1670 3806 1673 3807 ν

384 3832 575 3889 Omnia
602 3833 691 3902 qui
724 3833 885 3889 verbo
915 3832 1097 3887 mundi
1129 3834 1384 3888 miracula
1412 3833 1477 3887 fet
1497 3835 1559 3887 it.

388 3922 591 3978 Fistula
634 3932 760 3977 tunc
792 3922 967 3976 Flacci
992 3922 1268 3992 proprium
1294 3923 1385 3978 tibi
1419 3910 1657 3989 carmen,
1689 3924 1947 3986 ilomcre,

372 4013 506 4087 jam
529 4014 707 4081 faciet,
732 4021 787 4065 tu
810 4013 933 4066 dum
968 4026 1175 4066 sacram
1207 3997 1433 4067 redieris
1456 4015 1509 4067 in
1542 4017 1740 4067 aulam.

390 4106 710 4174 Perpeluum
739 4100 914 4169 valeat
951 4100 1174 4172 Thyrsis
1202 4102 1358 4157 simul
1389 4110 1548 4173 atque
1578 4102 1845 4165 Menalca,

391 4196 507 4265 Ipse
534 4191 768 4247 Menalca
795 4206 994 4259 coquos
1020 4190 1168 4260 nigra
1195 4192 1419 4262 castiget
1445 4192 1496 4245 in
1521 4192 1673 4255 auia,

396 4282 467 4342 Ut
492 4284 692 4339 calidos
713 4281 907 4336 habeat
929 4279 1152 4337 Flaccus
1177 4296 1272 4350 per
1295 4280 1494 4336 fercula
1526 4276 1721 4351 pultes.

395 4376 461 4430 Et
485 4373 699 4429 Nemias
731 4370 906 4428 Groco
936 4370 1178 4425 infundat
1208 4384 1301 4424 sua
1328 4370 1515 4441 pocula
1540 4370 1780 4435 Baccho,

397 4467 496 4534 Qui
520 4482 700 4521 secum
732 4473 950 4519 tunnam
982 4476 1005 4505 α
1036 4477 1248 4536 semper
1270 4473 1487 4533 portare
1510 4463 1725 4519 sueseit.

1043 4572 1317 4631 CCXXIX.

961 4664 1053 4718 Ad.
1086 4665 1320 4721 eumdem
1350 4666 1400 4719 ι’.

403 4756 663 4814 Omnibus
689 4753 826 4807 alma
853 4752 997 4807 salus
1019 4753 1202 4821 pueris
1230 4754 1302 4807 sit
1321 4762 1483 4823 atque
1505 4754 1721 4824 puellis,

404 4850 571 4921 Regia
597 4846 879 4919 progenies
908 4844 1086 4900 valeas
1109 4858 1208 4914 per
1234 4844 1429 4898 sazcula
1458 4844 1611 4915 longa
1643 4863 1656 4897 :

408 4938 599 4993 Vivere
619 4952 778 5007 quam
800 4934 1049 4991 Christus
1076 4934 1259 4988 multis
1287 4932 1513 4988 feliciter
1534 4934 1690 4988 annis

408 5024 695 5089 Coucedat,
728 5025 969 5078 tribuens
992 5025 1175 5080 :eterni
1198 5032 1253 5079 et
1270 5022 1460 5095 gaudia
1491 5023 1659 5089 regni.

412 5114 646 5177 Christe,
679 5114 825 5169 salus
847 5115 1051 5177 mundi,
1095 5114 1232 5179 laus,
1256 5114 1451 5185 gloria,
1472 5114 1599 5177 vita,
1624 5112 1971 5184 Redemptor,

412 5205 764 5276 Temporibus
800 5204 1027 5266 cunctis,
1087 5205 1240 5259 annis
1288 5214 1448 5273 atque
1498 5204 1748 5259 omnibus
1793 5204 1970 5273 horis,

486 5373 513 5403 ι
538 5361 795 5414 Tamiram.
822 5357 1013 5414 Tunna
1038 5371 1133 5410 vas
1159 5372 1334 5420 aquae,
1364 5357 1493 5420 vini,
1522 5355 1794 5412 cerevisize
1821 5363 1877 5409 et
1901 5355 1977 5410 al-

416 5431 585 5487 terius
632 5430 856 5499 liquoris
895 5441 1105 5499 capax.
1117 5465 1151 5476 ..

421 5492 979 5570 pincernai'uregium'.
1011 5492 1641 5570 DueangeClossarium,
1670 5496 1731 5548 ν.
1769 5494 1975 5570 Tunna.

493 5569 521 5609 δ
556 5569 613 5621 in
661 5568 793 5620 edit.
822 5564 1165 5632 'Quercetani
1198 5564 1466 5631 prioribus
1512 5565 1660 5620 hisce
1710 5564 1979 5627 versibus,

362 5698 372 5707 _
424 5638 513 5707 qui
551 5635 792 5689 fortassis
833 5650 958 5703 pars
986 5642 1107 5686 sunt
1146 5632 1403 5686 carminis
1446 5633 1549 5686 ἥδ
1594 5633 1978 5700 antecedentis,

1502 250 1835 310 CARHINA.
1876 238 1945 292 -έ-
1983 248 2088 306 Αυ
2115 247 2383 304 γΑῐιῐοε.

1950 381 1997 437 Α
2027 361 2290 416 Dilectum
2314 358 2483 414 David
2513 372 2776 413 conserva
2800 358 2853 412 in
2881 354 3075 411 saecula
3100 353 3295 418 multa;

1234 5426 1279 5479 is
1308 5428 1484 5481 verbis
1512 5426 1765 5480 Alcuinus
1804 5426 1979 5479 innuit

2029 453 2100 511 Ut
2126 453 2367 525 gaudens
2394 452 2542 505 vivat
2571 450 2720 515 felix,
2745 459 2799 505 et
2828 463 3084 520 prospere
3108 456 3311 516 regnet.

2026 543 2212 599 Omnis
2250 544 2447 612 ubique
2473 542 2634 597 simul
2672 542 2900 611 populus
2928 540 3250 609 respondeat
3280 556 3292 589 :
3322 534 3522 591 Amen!

2014 635 2329 693 .Clementer
2354 635 2502 688 mitis
2546 633 2741 703 populo
2777 634 3035 687 miserere
3065 629 3270 684 misello
3297 646 3336 703 τῇ

2025 726 2169 780 Crex
2198 733 2281 779 est
2300 724 2498 794 quippe
2519 734 2661 786 tuus,
2685 733 2741 777 tu
2766 732 2951 793 pastor
2971 721 3215 776 amabilis
3245 719 3315 774 illi
3333 760 3348 782 ,

2030 817 2326 873 Mercedem
2351 818 2549 871 tribuet
2582 818 2792 871 tibimet
2811 833 2907 885 per
2932 815 3121 869 saecula
3154 813 3417 868 Christus.

2026 906 2179 961 Nune
2203 906 2382 961 valeas
2409 905 2602 959 iterum
2625 914 2683 961 ct
2704 920 2917 976 semper
2940 905 2992 959 in
3015 904 3171 958 sa-cla
3195 902 3399 956 valetol

2684 1019 2941 1077 CCXXX.

2621 1111 2703 1166 Ad
2757 1111 3012 1166 eantdem.

2028 1225 2317 1298 Splendida
2345 1226 2470 1280 dum
2497 1224 2683 1279 rutilat
2707 1225 2879 1279 roseis
2912 1224 3095 1294 auriga
3125 1222 3399 1292 quadrigis

2097 1318 2436 1373 Perfundens
2462 1316 2683 1388 pelagus
2711 1315 2830 1370 luce
2862 1331 2999 1370 nova
3032 1315 3324 1385 liquidum;

2029 1408 2262 1463 Discutit
2285 1422 2351 1462 ex
2380 1407 2552 1462 oculis
2596 1413 2891 1461 nocturnos
2915 1405 3109 1476 pollice
3134 1419 3352 1459 somnos
3370 1444 3383 1463 ,

2098 1497 2218 1552 Mox
2248 1498 2429 1552 senior
2450 1503 2620 1552 strato
2644 1496 2858 1567 prosilit
2884 1496 2998 1567 ipse
3026 1509 3157 1550 suo:

2026 1588 2083 1642 in
2114 1602 2334 1657 campos
2362 1595 2603 1643 veterum
2626 1602 2975 1657 procurrens,
3008 1600 3232 1656 carpere
3266 1584 3425 1638 ﬂores

2104 1677 2432 1744 Rectilocos,
2474 1677 2603 1732 ludo
2624 1686 2901 1749 Spargeret
2917 1686 2974 1732 ut
3002 1679 3185 1747 pueris
3212 1695 3225 1731 :

1958 1732 2005 1791 Β
2032 1748 2178 1836 Quos
2228 1768 2345 1833 tibi,
2396 1768 2570 1824 dulcis
2604 1783 2776 1832 amor,
2819 1768 3009 1833 David,
3056 1767 3354 1822 clarissime
3382 1766 3605 1826 causul,

2101 1860 2326 1923 Obtulit,
2355 1867 2416 1915 ut
2442 1861 2616 1931 pietas
2653 1869 2835 1915 vestra
2877 1860 3133 1928 probaret
3154 1872 3268 1913 eos.

2031 1950 2197 2021 229
2225 1949 2462 2005 Tradere
2482 1948 2597 2018 jam
2632 1952 2816 2020 pueris
2846 1952 3043 2006 fierent
3075 1951 3119 2004 si
3146 1949 3329 2017 judice
3355 1950 3499 2021 digni

2102 2039 2200 2105 Te,
2226 2040 2389 2095 decus
2417 2056 2450 2095 ο
2484 2041 2709 2110 sophiae,
2740 2042 2974 2097 condere
3003 2041 3187 2105 corde,
3220 2041 3343 2094 tuis.

2033 2130 2115 2185 Tu
2140 2128 2390 2195 defende,
2425 2146 2639 2201 precor,
2675 2130 2836 2185 solita
2870 2131 3070 2200 pietate
3102 2138 3316 2200 poetam
3346 2170 3364 2193 ,

2103 2219 2207 2288 Qui
2235 2221 2435 2276 direxit
2454 2235 2625 2276 ovans
2652 2236 2876 2276 munera
2901 2235 3072 2290 pauca
3104 2219 3218 2273 tibi.

2036 2312 2176 2368 Sunt
2208 2313 2458 2383 equidem
2496 2313 2679 2383 plures
2705 2352 2720 2378 ,
2755 2314 2981 2382 cupiunt
3012 2312 3103 2380 qui
3138 2324 3360 2380 carpere
3395 2308 3540 2363 dicta

2107 2402 2315 2477 Saepius
2345 2404 2592 2470 alterius,
2620 2420 2782 2475 quam
2810 2419 2909 2458 sua
2938 2403 3082 2458 ferre
3113 2403 3259 2458 foras
3288 2421 3298 2455 :

2034 2494 2093 2549 in
2123 2493 2228 2548 hoc
2258 2509 2317 2549 se
2348 2494 2527 2549 studio
2561 2494 2835 2564 sapientes
2860 2506 2983 2547 esse
3004 2500 3289 2561 putantes,

2108 2581 2374 2638 Natorum
2410 2584 2632 2639 valeant
2661 2584 2707 2638 si
2738 2583 3014 2639 maculare
3043 2582 3231 2637 melos.

2038 2672 2259 2728 Talibus
2275 2681 2538 2737 occurrat
2558 2681 2668 2737 tua,
2695 2688 2814 2736 rex,
2839 2673 3107 2742 sapientia
3123 2672 3287 2739 dives
3312 2710 3327 2733 .

2109 2763 2414 2819 Defendens
2438 2764 2617 2819 Flacci
2646 2764 2875 2833 paucula
2909 2764 3054 2818 dicta
3088 2763 3254 2818 senis.

2042 2852 2164 2908 Sint
2190 2852 2366 2908 Patris
2389 2852 2588 2908 Entelli
2623 2868 2909 2918 memores,
2935 2852 3260 2923 iuvenisque
3288 2849 3497 2905 Daretis
3526 2890 3543 2914 ,

2112 2943 2190 2998 Ne
2217 2943 2356 3008 laus,
2393 2958 2556 3013 quam
2585 2952 2852 3014 quazrant,
2877 2944 3126 2999 detrahat
3150 2943 3267 3013 ipsa
3297 2943 3487 3014 magis.

1969 3064 2015 3121 η
2042 3031 2268 3102 impleat
2300 3034 2518 3087 aeternis
2551 3021 2752 3088 Christi
2781 3042 2835 3088 te
2857 3035 3031 3105 gratia
3060 3034 3218 3089 donis
3244 3074 3258 3097 ,

2115 3125 2161 3179 O
2190 3123 2310 3179 laus
2338 3133 2500 3193 atque
2527 3124 2715 3191 decus,
2742 3138 2837 3179 rex
2872 3125 2991 3179 sine
3026 3124 3132 3178 line
3164 3122 3280 3177 vale
3308 3124 3320 3175 ε
3374 3110 3377 3111 ⁷

2681 3260 2813 3318 CCX
2824 3260 2961 3316 XXI.

2399 3373 2480 3428 Ad
2513 3371 2770 3436 eumdem,
2809 3382 2857 3426 et
2886 3370 3263 3443 Angilbcrium.

2048 3484 2230 3541 Dulcis
2251 3484 2502 3551 Homere,
2531 3484 2673 3549 vale,
2721 3482 2901 3539 valeat
2924 3492 3013 3537 tua
3038 3484 3147 3538 vita
3180 3499 3277 3554 per
3297 3497 3466 3541 tcvum
3495 3522 3511 3547 ,

2120 3576 2346 3647 Semper
2372 3578 2426 3631 in
2461 3585 2744 3641 aeternum,
2777 3577 2950 3631 dulcis
2982 3576 3246 3641 Homere,
3274 3575 3419 3629 vale!

2050 3668 2366 3722 Pectoribus
2392 3668 2571 3721 valeat
2589 3666 2760 3721 dulcis
2781 3666 2999 3721 dilectio
3024 3666 3224 3720 nostris
3252 3705 3268 3728 ,

2118 3758 2176 3811 in
2213 3756 2417 3811 nostris
2451 3755 2699 3810 Christus
2721 3755 3033 3825 pectoribus
3063 3755 3255 3809 valeat.

2053 3851 2187 3913 Lux,
2226 3847 2334 3911 via,
2361 3846 2491 3911 vita,
2525 3843 2672 3901 salus
2706 3854 3027 3899 cunctorum
3057 3844 3303 3900 Christus
3334 3857 3544 3901 ametur
3570 3886 3586 3910 ,

2117 3926 2207 3997 Sit
2232 3941 2388 3996 nobis
2413 3938 2662 3995 Christus
2688 3937 2801 4002 lux,
2824 3938 2936 4001 via,
2967 3939 3098 4000 vita,
3132 3937 3295 3992 salus.

2055 4032 2283 4101 Semper
2306 4029 2505 4098 ubique
2532 4027 2669 4091 vale,
2693 4026 2802 4089 die,
2832 4027 2937 4089 die,
2954 4026 3267 4081 dulcissime
3293 4023 3479 4090 David,

2124 4118 2313 4179 David,
2347 4132 2500 4170 amor
2524 4116 2723 4178 Flacci,
2744 4129 2957 4185 semper
2989 4117 3185 4185 ubique
3214 4117 3369 4170 vale!

2055 4209 2101 4263 Ο
2125 4208 2257 4264 mihi
2285 4208 2456 4263 dulcis
2481 4221 2654 4271 amor,
2689 4206 2877 4270 David,
2904 4221 3002 4275 per
3022 4206 3180 4262 saecla
3211 4207 3418 4271 valeto;

2128 4300 2300 4370 Quam
2329 4310 2382 4355 te
2405 4308 2728 4370 praesentem
2758 4312 2975 4369 semper
3000 4298 3200 4354 habere
3225 4300 3410 4363 velim,

2061 4390 2240 4445 Pierio
2260 4398 2321 4444 ut
2345 4398 2521 4443 tecum
2546 4390 2710 4445 liceat
2732 4389 2861 4444 mihi
2889 4389 3071 4444 ludere
3095 4405 3278 4454 versu,

2139 4481 2414 4538 Scandere
2441 4480 2525 4537 vel
2548 4481 2742 4537 summi
2776 4482 2953 4537 sidera
2983 4482 3127 4538 cclsa
3163 4483 3294 4555 poli,

2070 4573 2167 4635 Vel
2195 4574 2445 4645 pulchras
2482 4582 2659 4628 tecum
2686 4587 3031 4630 numerorum
3065 4576 3276 4633 discere
3314 4573 3515 4632 formas
3544 4616 3559 4641 ,

2138 4666 2379 4738 irrepere
2407 4673 2501 4719 aut
2528 4671 2773 4719 veterum
2808 4663 2950 4718 dicta
2977 4668 3240 4736 stupenda
3262 4666 3503 4731 Patrum,

2070 4757 2180 4812 Aut
2203 4765 2440 4812 tractare
2469 4769 2625 4811 sacra
2653 4762 2871 4809 aeterna!
2895 4758 3161 4824 praecepta
3186 4756 3375 4811 salutis
3405 4795 3421 4819 ,

2142 4847 2272 4916 Quae
2297 4848 2382 4902 via
2408 4853 2461 4899 te
2494 4858 2703 4899 mecum
2725 4844 2986 4914 pervehat
3013 4853 3157 4899 astra
3182 4858 3361 4916 super.

2075 4934 2204 4992 Haec
2223 4944 2309 4995 est
2338 4934 2452 4990 sola
2486 4933 2654 4998 salus,
2681 4932 2797 4989 lucc
2820 4942 2904 4990 cst
2929 4935 3191 5005 sapientia
3223 4947 3350 4989 vera
3376 4975 3391 4997 ,
3436 4944 3441 4949 ‘

2148 5026 2301 5081 lianc
2323 5023 2503 5094 qui....
2544 5032 2711 5089 amat,
2743 5022 2887 5080 hunc
2910 5033 3057 5080 amat
3081 5026 3193 5096 ipsa
3218 5024 3382 5080 saluts.

2077 5116 2177 5183 Qui
2206 5123 2419 5170 terrena
2447 5111 2617 5179 dedit,
2646 5113 2847 5170 tribuat
2867 5114 3110 5171 cmlestia
3139 5132 3302 5189 regna
3333 5156 3348 5181 ,

2150 5204 2220 5260 Ut
2244 5203 2367 5259 felix
2395 5203 2546 5258 vivas
2568 5218 2785 5275 semper
2814 5207 2868 5261 in
2906 5222 3030 5263 arce
3056 5209 3182 5277 poli.

2080 5355 2312 5435 nectitur
2339 5368 2556 5412 carmen
2598 5357 3008 5435 alteriusgmetri
3047 5347 3275 5435 etionge
3303 5361 3639 5435 alterius."-

2078 5425 2356 5503 gumenti,‘
2370 5438 2572 5503 nempe
2589 5425 2875 5503 Descriptio
2894 5425 3271 5503 sciitudiniset
3298 5430 3485 5503 schola!
3508 5428 3637 5486 Cor-

2081 5494 2413 5562 inuicem“,
2426 5495 2574 5562 quod
2604 5511 2731 5549 num
2765 5494 2837 5551 sit
2880 5499 3087 5552 Alcuini
3117 5498 3307 5552 nterito
3335 5500 3641 5562 dubitatur;

2080 5570 2363 5636 propterea
2386 5560 2513 5636 illud
2542 5565 2612 5636 ab
2633 5566 2745 5636 hoc
2770 5568 2885 5621 loco
2910 5572 3211 5636 separatum
3243 5570 3381 5636 inter
3404 5560 3645 5625 carmina

2081 5631 2254 5687 dubia:
2292 5631 2629 5685 auctoritatis
2675 5631 2983 5697 "ierimus:
3304 5634 3309 5640 ’
