2134 3100
404 147 456 177 783

810 147 840 175 Β.
861 148 891 175 F.
911 147 1023 176 ALBINI
1043 147 1110 176 SEU
1128 146 1266 174 ALCUINI
1282 147 1425 176 OPEBUM
1445 149 1533 177 ΡΜιὸ
1554 149 1596 177 Vl.

1956 149 2013 177 736

403 208 460 243 Ipse
471 208 530 243 pius
542 208 621 237 nobis
632 208 733 244 placuit
748 206 875 243 [placeat]
895 213 976 242 super
990 202 1080 232 omnia
1101 203 1180 231 Cbri-
1192 203 1215 232 Α
1230 201 1436 239 Muneribusque
1448 203 1517 231 datis
1537 204 1648 231 veniunt
1668 204 1702 230 ad
1719 203 1811 238 pocula
1834 207 1916 230 testes
1930 224 1936 235 .

1086 248 1155 285 [stus
1169 269 1176 281 ,

437 290 523 325 thue
537 290 594 318 dies
607 291 849 324 nostrosprotegat
859 291 938 322 atque
956 289 1040 322 regat.

713 344 862 374 CCXXXII.

607 399 629 413 τ
644 392 683 419 Ad
697 391 813 419 eumdem
831 389 963 417 Car-alam.

398 440 524 469 Carmina
538 439 636 467 dilecto
648 438 730 465 faciat
742 444 800 464 mea
817 435 906 463 ﬁstula
920 434 1018 466 David,

432 484 579 520 Larigero
590 482 673 510 David
686 481 806 510 carmine
819 480 916 516 dignus
928 479 990 507 erit.

397 530 482 558 David
494 536 570 558 amor
581 527 680 564 populi,
696 527 780 554 David
795 527 863 559 laus,
881 525 965 562 gloria
978 525 1065 561 plebis
1075 545 1083 557 ,

431 574 517 609 Atque
531 574 613 602 decus
627 573 714 608 regni,
730 579 845 607 spesque
861 578 961 598 corona
979 571 1045 598 suis.

395 621 434 649 Ite
451 629 503 656 per
515 620 684 656 Hespericas,
699 625 793 650 musaa,
811 616 985 644 concentibus
1003 615 1085 643 urbes

431 666 606 694 Clamantes:
620 663 703 691 David
715 669 821 697 semper
837 660 935 696 ubique
947 659 1007 688 vale
1019 658 1026 686 l

395 711 489 743 'I‘erra,
504 710 590 746 polus,
605 708 713 744 pelagus
732 709 860 733 resonent
875 705 928 732 hoc
941 710 1008 731 voce
1019 710 1134 733 sonora.

430 756 506 783 Dicat
519 759 546 783 et
556 752 629 783 orbis
643 763 649 780 :
662 752 749 779 honor
761 751 797 778 sit
808 751 851 778 cui
864 751 929 783 vita,
946 749 1029 777 salus.

396 801 455 829 Hoc
460 805 552 837 optent
559 799 682 836 precibus
694 797 773 824 simul
783 797 888 831 agmina
897 799 991 823 sancta
1001 794 1135 830 polorum;

428 847 485 875 {loc
498 847 597 874 tribuat
607 846 725 873 clemens
738 843 861 874 Christus
872 842 907 870 ab
919 848 981 869 arce
991 840 1057 876 poli.

395 893 434 921 Ut
440 893 522 925 vivat,
539 895 632 928 regnet
642 890 732 918 multis
744 889 856 917 feliciter
868 888 959 919 annis,

429 939 469 965 Ad
482 937 587 965 Iaudem
600 935 704 971 populi,
716 934 799 961 David
810 934 838 960 in
852 933 916 960 orbe
928 931 997 967 pius.

393 982 543 1009 Transacto
553 985 581 1008 et
593 980 655 1008 felix
669 978 810 1015 prasentis
823 981 943 1012 tempore
958 976 1018 1003 vitae

428 1025 494 1054 Cum
505 1025 612 1053 Christo
627 1027 718 1051 teneat
730 1029 812 1058 regna
830 1021 907 1048 beata
927 1020 990 1055 poli.

393 1074 433 1101 Ad
449 1078 476 1101 te
486 1072 568 1102 nunc‘.
579 1070 675 1103 David,
689 1069 789 1097 referat
799 1075 858 1096 mea
872 1066 960 1095 ﬁstula
972 1072 1063 1095 voces.

427 1121 509 1155 Quas,
521 1127 625 1156 precor,
636 1123 666 1146 ut
678 1118 756 1146 solita
768 1116 823 1151 jam
836 1117 937 1151 pietate
951 1118 1033 1150 tegas.

393 1166 430 1194 Te
450 1173 510 1194 mea
530 1172 607 1193 mens
627 1164 766 1199 sequitur,
789 1161 910 1196 sequitur
925 1165 1033 1194 quoque
1058 1165 1167 1192 carmen

1036 1203 1147 1239 [amoris
1160 1224 1166 1234 ,

426 1255 567 1287 Decantat,
580 1254 681 1285 laudat,
697 1256 776 1280 nocte
790 1250 885 1285 dieque
899 1248 977 1277 simul
993 1257 999 1274 :

388 1301 479 1336 Atque
489 1301 532 1336 pie
544 1300 632 1327 Patris
647 1297 752 1326 Martini
764 1303 864 1332 pronus
877 1295 910 1322 ad
924 1302 1009 1327 aram,

420 1346 466 1374 diu
476 1346 562 1381 poscit
575 1344 699 1379 lacrymis
711 1348 838 1378 prospera
845 1344 942 1368 cuncta
953 1339 1018 1366 mihi
1028 1338 1085 1375 [F.,
1094 1338 1163 1374 tibi].

390 1390 501 1423 Tecum,
517 1393 609 1418 sancte
622 1388 712 1420 Pater,
723 1390 816 1423 pergat
827 1385 964 1414 miseratio
980 1391 1096 1418 semper,

426 1435 592 1470 Iustitiaque
599 1434 694 1467 ’decus,
708 1436 736 1460 et
748 1431 856 1467 pietatis
869 1437 954 1457 amor.

391 1482 511 1510 Gaudeat
521 1485 552 1508 ut
562 1479 685 1515 populus,
695 1483 721 1505 te
729 1478 787 1513 .jam
800 1476 934 1506 veniente.
943 1481 995 1509 per
1007 1473 1086 1501 urbes
1095 1493 1102 1504 ,

424 1528 508 1556 Totus
518 1526 615 1560 ubique
628 1523 718 1556 simul,
730 1530 791 1552 cum
802 1521 910 1549 senibus
917 1520 1038 1555 juvenes.

1264 249 1346 284 Impia
1357 249 1414 284 jam
1430 253 1528 285 purgat
1547 249 1716 283 ebrietasque
1730 254 1807 276 reum
1820 256 1828 281 ;

1227 293 1396 329 Opprimitet
1409 294 1521 322 miseros
1534 295 1709 329 quommdam
1725 301 1797 323 saeva
1806 297 1926 329 potestas
1936 313 1946 325 ,

1260 338 1372 374 Impleat
1384 343 1415 366 ut
1426 344 1522 367 saccos
1536 339 1658 367 divesab
1670 347 1718 367 ore
1730 347 1804 368 suos.

1225 383 1336 418 Impune
1349 384 1505 411 discurrunt
1522 383 1651 411 facientes
1664 384 1736 411 furta
1752 384 1883 415 latrones.

1262 427 1367 456 Ultores
1382 423 1514 456 scelerum
1528 433 1593 456 sunt
1604 429 1686 456 etiam
1699 429 1775 457 socii.

1224 472 1300 500 Talia
1314 478 1467 508 compescat
1478 477 1531 506 tua,
1546 482 1605 506 rex,
1617 475 1769 502 veneranda
1784 478 1904 509 potestas
1916 483 1931 505 :-

1259 516 1402 544 Itectorem
1416 517 1490 552 regni
1503 522 1530 546 te
1541 517 1612 546 Deus
1626 519 1754 546 instituit.

1221 561 1294 589 Grex
1304 566 1346 589 est
1356 563 1454 598 quippe
1467 569 1529 591 tuus
1539 563 1662 599 populus,
1678 568 1707 591 tu
1720 569 1814 599 pastor
1823 565 1903 592 ovilis

1257 610 1368 643 Nobilis,
1382 612 1491 646 egregii,
1507 619 1620 647 magnus
1637 612 1665 639 in
1683 613 1749 640 orbe
1761 617 1847 647 pater.

1222 657 1258 686 Ut
1269 662 1314 685 tua
1333 657 1459 685 nobilitas
1470 679 1478 689 ,
1494 659 1533 685 sic
1552 662 1581 686 et
1593 659 1724 693 sapientia
1740 659 1848 686 cunctis

1256 702 1402 735 Praecellat,
1418 702 1513 734 virtus,
1524 695 1691 736 laus-honor
1701 709 1781 739 atque
1793 704 1886 731 decus.

1221 748 1261 775 Ad
1276 752 1301 775 te
1315 748 1462 783 respiciunt
1481 748 1638 776 famulorum
1661 753 1720 776 vota
1731 753 1840 777 tuorum
1854 769 1861 779 ,

1257 792 1326 826 Quid
1340 796 1384 820 tua
1397 797 1585 828 exspectantes
1599 802 1676 821 mens
1689 794 1732 829 pia
1745 795 1891 829 praecipiat.

1219 836 1279 871 Ipsa
1290 842 1370 872 caput
1382 837 1474 864 mundi
1487 842 1591 872 spectat
1605 842 1630 865 te
1649 838 1733 865 Roma
1748 843 1892 873 patronum
1904 858 1914 871 ,

1183 868 1206 897 Β
1232 868 1240 871 ⁵
1254 868 1417 910 Cum—Patre
1435 886 1462 910 et
1473 868 1579 918 populo,
1592 884 1666 918 pacis
1681 868 1773 911 amore
1784 884 1828 918 pio
1841 894 1849 917 -,

1219 928 1431 965 Quosrevocare
1441 931 1548 965 quidem
1562 931 1670 958 studeat
1676 935 1725 958 tua
1737 936 1829 959 sancta
1843 931 1969 960 τιλιιιιιῑαε

1253 974 1292 1000 Ad
1303 975 1376 1009 pacis
1388 975 1496 1006 donum,
1511 983 1557 1009 per
1571 976 1614 1010 pia
1625 976 1706 1002 verba
1714 976 1764 1002 Dei

1218 1019 1297 1054 Erige
1315 1019 1459 1054 subjectos,
1475 1025 1499 1048 et
1510 1020 1564 1054 jam
1576 1021 1678 1055 depone
1691 1022 1831 1056 superbos,

1255 1063 1288 1091 Ut
1299 1071 1350 1099 pax
1361 1070 1389 1091 et
1399 1066 1485 1099 pietas
1500 1071 1593 1100 regnet
1605 1065 1702 1101 ubique
1717 1074 1803 1094 sacra.

1217 1108 1312 1137 Pastor
1320 1111 1442 1145 apostoli:
1453 1119 1492 1139 ns.
1507 1111 1561 1144 jam
1577 1113 1679 1146 primus
1698 1113 1723 1139 in
1740 1113 1804 1140 orbe
1824 1113 1963 1146 sacerdos,

1252 1154 1303 1182 Per
1320 1160 1346 1182 te
1360 1164 1420 1182 cum
1442 1157 1536 1190 populo
1552 1157 1665 1190 gaudeat
1685 1158 1740 1191 ipse
1755 1158 1855 1186 Pater:

1218 1200 1314 1227 Rector
1331 1205 1359 1227 et
1371 1201 1498 1228 Ecclesim
1514 1206 1609 1236 per-te.
1622 1211 1679 1233 rex,
1693 1203 1743 1230 rite
1760 1208 1887 1238 regatur;

1251 1245 1284 1272 Et
1295 1249 1322 1272 te
1334 1247 1519 1280 magnipotcns
1536 1247 1628 1273 dextra
1645 1254 1717 1282 rogat
1732 1249 1836 1276 Domini
1849 1269 1857 1281 ,

1216 1289 1252 1316 Ut
1266 1289 1329 1316 felix
1342 1290 1428 1320 vivas,
1442 1289 1494 1316 luto
1509 1296 1632 1324 regnator
1651 1291 1677 1317 in
1693 1293 1772 1323 orbe,

1250 1334 1398 1362 Proficiens
1412 1334 1496 1362 facias
1509 1340 1607 1364 cuncta
1624 1336 1682 1364 Deo
1698 1338 1814 1372 placita.

1216 1378 1332 1414 Angelus
1344 1379 1453 1406 aetheria
1464 1380 1576 1407 veniens
1588 1380 1708 1408 cmlestis
1717 1382 1753 1409 ab
1762 1390 1837 1415 arce,

1249 1423 1299 1456 Qui
1313 1427 1400 1451 tecum
1412 1428 1529 1456 maneat,
1547 1429 1626 1453 nocte
1636 1425 1732 1460 dieque
1749 1427 1838 1458 simul,

1214 1466 1344 1501 Prospere
1356 1469 1400 1502 qui
1419 1476 1524 1503 semper
1541 1473 1574 1501 te,
1596 1477 1653 1500 rex,
1672 1470 1787 1498 deducat
1803 1476 1922 1503 euntem.

1248 1511 1282 1538 Et
1298 1512 1436 1539 redeuntis
1456 1514 1506 1539 iter
1519 1518 1638 1548 protegat
1657 1520 1736 1549 atque
1754 1522 1838 1552 regat.

386 1571 446 1601 uoc
457 1571 515 1608 [νη
532 1557 594 1606 huc]
609 1575 653 1598 tua
672 1568 810 1604 perveniat
823 1566 928 1593 bonitas
966 1567 1044 1599 pater
1054 1563 1161 1608 optime
1178 1557 1197 1562 '
1212 1557 1293 1608 239
1306 1557 1342 1608 Ut
1359 1562 1386 1608 te
1397 1559 1524 1608 suscipiat
1538 1560 1664 1608 victorem
1677 1561 1790 1608 Francia
1803 1564 1922 1598 gaudens
1932 1583 1943 1597 ,

958 1634 961 1635 ,
1054 1606 1142 1642 [regni
1152 1627 1160 1636 .

421 1661 518 1690 “Utvtua
526 1662 683 1696 permaneat
693 1658 761 1689 laus,
775 1657 861 1684 honor
874 1658 954 1688 atque
968 1652 1059 1680 decus.

391 1706 428 1733 Tu
443 1704 518 1741 pater
527 1713 557 1733 es
567 1704 668 1740 patriae,
678 1701 797 1737 praeclari
811 1705 838 1728 et
851 1703 946 1734 pastor
960 1697 1035 1725 ovilis
1047 1718 1055 1729 ,

402 1747 406 1749 ’
423 1750 462 1778 Te
477 1750 570 1777 timeat
580 1756 690 1784 pravus,
705 1751 733 1774 te
744 1747 804 1781 pius
813 1745 900 1773 omnis
912 1747 993 1771 amet.

391 1796 444 1823 Nec
458 1794 505 1822 tibi
518 1793 648 1828 subripiat
660 1790 834 1826 quorumdam
848 1796 929 1824 prava
944 1787 1077 1818 voluntas,

424 1840 474 1874 Qui
490 1847 537 1867 sua
556 1838 623 1866 forte
640 1837 743 1867 volunt,
759 1842 809 1862 nec
820 1838 874 1865 tua,
886 1840 936 1861 nec
946 1831 1061 1859 Domini.

390 1888 472 1914 Iloma
487 1889 568 1921 caput
585 1883 687 1915 mundi,
702 1881 780 1917 primi
794 1886 899 1915 quoque
921 1878 1025 1906 culmen
1041 1877 1160 1907 honoris,

422 1931 450 1958 In
465 1938 517 1966 qua
530 1935 656 1965 gnarum
668 1933 779 1955 munem
796 1927 890 1952 sancta
901 1923 1003 1954 latent;

389 1976 453 2009 Quae
467 1975 546 2002 modo
560 1973 680 2007 disrupta
692 1969 795 2005 plangit
806 1976 855 1996 sua
866 1968 970 1995 viscera
981 1966 1056 1999 fietu,

424 2021 474 2048 Per
482 2024 512 2047 te
521 2023 598 2047 sanet
610 2019 623 2038 ι
635 2017 724 2053 saucia
734 2016 853 2043 membra
863 2014 916 2041 cito
927 2034 935 2046 ,

388 2065 425 2093 'Ut
442 2069 518 2100 pater
530 2062 681 2098 etpopulus
696 2060 821 2089 concordi
838 2066 903 2094 pace
914 2061 1057 2094 regantur,

423 2109 459 2137 Ut
471 2116 546 2136 mens
560 2115 612 2135 una
623 2106 677 2138 liat,
695 2112 763 2140 quos
779 2104 861 2132 habet
871 2110 924 2130 una
938 2102 1003 2130 fides
1012 2122 1021 2133 .

388 2156 459 2189 Quos
469 2154 561 2190 genuit
569 2153 686 2187 Christo,
701 2150 801 2179 Christi
814 2148 954 2186 confessus
968 2155 1084 2175 amorem

422 2200 543 2235 Claviger
556 2199 680 2226 :ethcrius
692 2197 789 2225 Petrus
806 2196 833 2222 in
846 2195 911 2223 orbe
924 2194 984 2229 pius
1000 2202 1007 2221 :

389 2245 426 2272 Ne
443 2244 548 2272 turbata
565 2244 630 2270 tluat
646 2250 693 2277 per
708 2241 835 2268 mundum
848 2238 964 2266 ﬂuminis
977 2239 1047 2267 unda
1062 2259 1070 2270 .

423 2289 499 2317 Unde
516 2287 618 2315 solebat
633 2294 701 2320 aqua
718 2292 783 2320 pura
796 2291 906 2311 manare
919 2283 1002 2318 prius.

388 2334 503 2361 Plurima
516 2340 610 2367 nempe
623 2331 668 2358 tibi
680 2334 743 2358 sunt
754 2329 919 2357 emendanda
933 2335 979 2363 per
989 2327 1080 2355 orbem

422 2377 444 2406 0
456 2385 511 2410 rex,
522 2385 539 2405 ο
551 2381 647 2407 rector,
659 2383 675 2403 ο
689 2375 770 2402 decus
782 2373 925 2401 Ecclesia!

389 2421 541 2450 Simoniaca
551 2421 657 2455 quidem
671 2418 772 2455 pululat
782 2418 850 2446 male
860 2418 943 2452 pestis
953 2418 979 2444 in
990 2417 1054 2444 orbe
1066 2424 1072 2447 ;

424 2466 575 2493 Muneribus
588 2466 684 2493 dantur
696 2464 808 2499 mystica
820 2464 890 2491 dona
901 2462 961 2494 Dei.

388 2511 452 2543 Qure
462 2510 532 2538 Deus
543 2514 658 2537 aeternus
673 2508 776 2535 cunctis
789 2506 940 2542 impendere
954 2506 1036 2541 gratis

421 2555 551 2587 Jusscrat,
566 2560 596 2582 ut
607 2554 689 2590 gratis
703 2553 800 2588 accipit
812 2552 868 2587 ipse
884 2553 971 2580 dator.

388 2600 448 2627 Stat
457 2608 561 2635 quoque
571 2601 698 2636 judicium
712 2606 800 2627 causa:
810 2598 858 2626 sub
869 2605 980 2626 munere
996 2598 1085 2625 dantis
1098 2618 1107 2632 ,

422 2646 545 2680 Sportula
557 2645 688 2679 justitiam
707 2644 786 2672 vertit
807 2643 833 2671 in
844 2651 892 2671 ore
907 2644 979 2671 senis
992 2651 999 2675 ;

422 2707 433 2719 ε·
450 2700 504 2728 Hoc
523 2708 629 2728 carmen
650 2700 859 2732 Alcuinus,dum
869 2698 925 2733 jam
946 2698 1006 2726 aula
1021 2699 1112 2727 relicta
1132 2701 1158 2727 in

388 2736 549 2763 monasterio
563 2742 611 2762 suo
623 2735 736 2762 Turonis
747 2732 912 2767 moraretur,
925 2734 958 2761 ad
970 2732 1093 2764 Canolum
1107 2735 1159 2762 Ilo-

388 2777 480 2801 tnam-,
499 2770 531 2797 ad
553 2769 661 2797 dissidia
686 2770 783 2797 ibidem
804 2769 1003 2803 componenda,
1026 2770 1159 2797 abiturum

388 2805 514 2837 scripsit,
532 2809 610 2838 prout
629 2809 769 2831 contextus
784 2804 878 2834 docet;
900 2810 996 2837 nempe
1012 2812 1082 2831 anno
1098 2804 1157 2831 800.

422 2837 437 2859 δ
451 2837 540 2870 Forte,
552 2845 683 2865 sanentur.
840 2843 843 2844 '

1247 1601 1330 1629 Obvia
1345 1602 1468 1637 palmulis
1484 1608 1510 1630 et
1524 1604 1647 1631 manibus
1661 1606 1759 1632 veniat.

1213 1644 1269 1673 Hoc
1283 1646 1383 1673 tribuat
1395 1646 1516 1673 Christus
1530 1648 1621 1674 mundi
1638 1649 1795 1677 mitissimus
1807 1654 1902 1678 auctor
1913 1670 1922 1684 ,

1249 1690 1283 1718 Ut
1297 1691 1406 1719 veniens
1420 1692 1521 1724 venias,
1540 1692 1620 1719 David
1637 1698 1734 1725 amate,
1754 1695 1817 1722 cito.

1196 1735 1268 1774 rlloc
1285 1736 1351 1764 mibi
1363 1737 1548 1772 cunctipotens
1560 1738 1641 1766 donet
1653 1735 1797 1768 clementia
1810 1741 1921 1775 Christi,

1249 1780 1284 1808 Ut
1295 1781 1400 1808 videam
1412 1780 1508 1809 faciem
1523 1782 1598 1809 hctus
1609 1783 1636 1810 in
1647 1784 1712 1811 orbe
1725 1788 1808 1812 tuam.

1210 1825 1234 1852 0
1252 1823 1335 1860 pater,
1349 1833 1366 1854 ο
1382 1830 1483 1861 pastor,
1496 1832 1594 1860 rector,
1608 1836 1670 1864 spes
1683 1829 1879 1866 alma/tuorum.

1248 1867 1350 1898 Sit'tibi
1365 1871 1430 1903 vita,
1442 1871 1524 1903 salus.
1541 1872 1576 1899 sit
1592 1874 1651 1900 sine
1664 1866 1734 1907 fine,
1744 1867 1803 1902 vale
1816 1876 1823 1902 !

1499 1929 1637 1958 CCXXXII
1657 1932 1705 1959 bis.

1469 1981 1480 1995 ο
1507 1976 1546 2003 Λα
1569 1977 1685 2004 eumdem
1710 1979 1734 2004 ι’.

1212 2020 1306 2055 Surge,
1324 2028 1383 2048 meo
1397 2022 1493 2048 domno
1507 2021 1597 2049 dulces
1611 2022 1664 2054 fac,
1683 2022 1781 2056 ﬁstula,
1796 2031 1900 2053 versus.
1922 2025 1928 2029 ’
1954 2017 1957 2021 ’

1212 2064 1296 2092 David
1309 2068 1381 2092 amat
1393 2072 1497 2097 versus,
1509 2071 1598 2106 surge,
1609 2069 1636 2092 et
1649 2065 1707 2098 fac,
1720 2066 1821 2100 ﬁstula,
1832 2075 1936 2097 versus.

1211 2108 1293 2136 David
1307 2113 1476 2141 amatvates,
1487 2113 1609 2137 vatorum
1620 2113 1662 2137 est
1681 2109 1766 2145 gloria
1781 2111 1879 2143 David.

1210 2151 1385 2188 Quapropter,
1400 2158 1484 2186 vates,
1497 2153 1587 2182 cuncti
1600 2156 1754 2183 concurrite
1765 2157 1792 2184 in
1805 2164 1897 2189 unum,

1172 2209 1199 2240 ο
1209 2197 1295 2233 Atque
1308 2206 1366 2227 meo
1381 2199 1464 2227 David
1476 2199 1566 2227 dulces
1579 2204 1686 2228 cantate
1698 2208 1834 2228 camenas.

1211 2243 1293 2272 David
1300 2249 1373 2272 amat
1383 2248 1468 2276 vates,
1479 2249 1543 2277 etc.,
1558 2249 1586 2271 ut
1599 2253 1687 2280 ηρηι.

1210 2289 1298 2318 Dulcis
1312 2297 1389 2317 amor
1399 2288 1482 2316 David
1500 2289 1612 2324 inspirat
1625 2290 1707 2317 corda
1726 2294 1879 2322 canentum,

1209 2335 1339 2363 Cordibus
1353 2335 1380 2361 in
1390 2335 1489 2362 nostris
1503 2334 1583 2362 faciat
1597 2341 1674 2362 amor
1686 2336 1768 2370 ipsius
1778 2335 1853 2364 odas.

1211 2380 1285 2407 Vatis
1298 2379 1430 2407 IIornerus
1444 2384 1517 2407 amat
1529 2379 1624 2412 David,
1635 2380 1688 2412 fac,
1701 2380 1788 2408 ﬁstula
1798 2401 1805 2413 ,
1817 2389 1921 2409 versus.

1209 2424 1292 2451 David
1308 2428 1380 2452 amat
1388 2428 1474 2457 vates,
1488 2429 1553 2456 etc..
1569 2430 1597 2451 ut
1611 2433 1701 2459 supra.

1209 2469 1307 2504 Inclyta
1322 2469 1459 2497 dulcisono
1474 2474 1563 2497 taceas
1577 2477 1610 2496 ne
1629 2470 1692 2496 tibia
1708 2470 1820 2505 plectro,
1876 2504 1879 2505 ν

1209 2513 1309 2541 Nomen
1325 2515 1352 2542 in
1366 2522 1413 2542 ore
1432 2519 1479 2541 tuo
1498 2519 1604 2547 resonet
1622 2522 1671 2549 per
1684 2515 1803 2542 carmina
1818 2514 1912 2549 David,
1937 2550 1939 2552 ι

1208 2558 1280 2586 Illius
1293 2563 1373 2593 atque
1387 2562 1461 2586 tuum
1472 2558 1573 2593 repleat
1586 2559 1694 2589 dilectio
1708 2562 1809 2593 pectus.

1210 2603 1291 2632 David
1304 2604 1377 2631 amat
1390 2607 1474 2636 vates,
1488 2609 1553 2636 etc.,
1570 2609 1598 2631 ut
1609 2601 1703 2639 supra.

1209 2647 1291 2676 David
1305 2652 1378 2676 amat
1391 2653 1507 2676 veterum
1518 2653 1637 2680 sacratos
1650 2657 1759 2677 noscere
1771 2657 1877 2685 sensus.

1244 2707 1255 2722 ε
1274 2702 1387 2729 Carmen
1412 2703 1473 2733 hoc.
1494 2703 1563 2737 apud
1576 2703 1737 2731 Frobenium
1761 2704 1832 2736 inter
1855 2703 1984 2732 Αυιιεκυλ

1209 2737 1334 2771 positum,
1351 2737 1403 2764 huc
1413 2738 1604 2765 remeavimus.
1617 2738 1695 2766 Eutr.

1242 2771 1255 2790 ά
1271 2772 1320 2799 Hic
1342 2772 1434 2798 titulus
1456 2772 1584 2799 carminis
1599 2777 1642 2800 est
1659 2773 1686 2799 in
1710 2773 1767 2806 ipso
1787 2773 1846 2800 cod.
1872 2779 1934 2805 ms.;
1951 2773 1985 2799 ad

1210 2810 1299 2867 .tjotaml
1311 2813 1375 2833 vero
1389 2806 1475 2833 aulam
1492 2811 1553 2834 vota
1575 2815 1624 2834 sua
1645 2814 1693 2841 pm
1711 2807 1783 2834 illius
1806 2808 1988 2842 prosperitate

1229 2848 1287 2867 II'IKI
1303 2860 1308 2866 .

1229 2848 1308 2875 Irlgn.
