4226 6188
271 238 378 297 785

273 348 599 416 Divitiasque
625 360 811 400 senum
834 357 1333 414 gnaro'percurrcre
1357 342 1537 417 corde,

214 480 217 483 Α
271 442 621 511 Scrutarique
644 455 810 495 sacrae
835 439 999 509 gestit
1015 446 1221 493 secreta
1246 437 1465 508 sophite.

271 532 437 587 David
460 528 608 585 amat
625 537 793 592 vates,
816 536 950 593 etc.,
977 537 1032 580 ut
1061 542 1238 597 supra.

271 623 438 687 David
464 620 662 675 habere
681 620 827 689 cupit
861 618 1132 688 sapientes
1162 623 1341 670 mente
1372 615 1681 685 magistros,

268 711 350 766 Ad
388 711 570 775 decus,
592 709 658 764 ad
682 708 895 762 laudem
918 706 1279 776 cujuscunque
1313 706 1449 760 artis
1474 705 1527 758 in
1558 703 1696 757 aula.

273 799 343 854 Ut
364 806 600 853 veterum
631 805 851 852 renovet
878 796 1116 851 studiosa
1145 803 1321 850 mente
1363 793 1626 864 sophiam.

154 930 159 937 .
268 888 434 941 David
469 896 613 941 amat
638 895 804 951 vates,
838 895 971 951 etc.,
1006 893 1063 939 ut
1099 901 1279 957 supra.

268 980 634 1035 Fundamenta
662 995 826 1050 super
862 988 1068 1049 petram
1097 990 1309 1046 quoque
1333 973 1486 1046 ponit
1531 973 1584 1026 in
1632 971 1819 1028 altum.

270 1067 343 1124 Ut
366 1068 555 1124 domus
591 1068 728 1123 alma
750 1068 860 1122 Deo
880 1074 1093 1124 maneat
1116 1055 1421 1118 ﬁrmissima
1448 1060 1681 1115 Christo.

268 1155 417 1212 Felix
446 1158 523 1211 sic
548 1155 750 1225 lapides
776 1154 972 1225 posuit.
996 1191 1011 1206 .
1033 1192 1046 1205 .
1081 1152 1298 1209 dextera
1329 1149 1558 1219 primum

267 1244 468 1317 inclyta
496 1235 825 1299 celsithrono
851 1241 1119 1299 ﬁereuLut
1137 1237 1333 1307 templa
1363 1237 1609 1291 Tonanti.

268 1333 568 1391 Auxilietur
587 1332 731 1402 opus'
747 1324 959 1387 Christi
976 1329 1259 1384 clementia
1288 1335 1529 1382 sanctum
1551 1328 1563 1379 !

266 1424 605 1479 Auxilientur
630 1438 763 1493 opus
791 1423 1066 1483 cmlestes.
1087 1434 1286 1491 quasso,
1319 1418 1571 1482 ministri,
1650 1435 1663 1440 -

269 1516 698 1584 Sanctorumque
723 1512 880 1567 simul
908 1526 1181 1575 numerus,
1198 1524 1411 1581 precor,
1428 1508 1643 1579 adjuvet
1672 1506 1817 1562 illud.

267 1602 436 1657 David
473 1608 618 1658 amat
641 1600 942 1664 Christum,
979 1598 1224 1671 Christus
1248 1608 1332 1653 est
1355 1598 1522 1668 gloria
1564 1595 1750 1651 David.
1806 1640 1811 1643 .

267 1691 460 1761 Surge,
484 1691 621 1746 meis
644 1691 822 1746 charis
856 1688 1038 1745 dulces
1067 1685 1171 1754 fac,
1206 1688 1401 1751 ﬁstula,
1440 1701 1652 1741 versus.

266 1781 467 1851 lnclyte
495 1796 593 1836 cur
629 1788 834 1839 taceam
870 1778 1080 1850 juvenis
1126 1786 1198 1842 te,
1229 1776 1407 1841 Cat-le,
1429 1789 1455 1816 ι
1479 1775 1750 1831 camenis?

265 1870 346 1925 Tn
372 1885 583 1938 quoque
612 1884 926 1939 magnorum
962 1868 1161 1923 sobolis
1206 1866 1465 1941 condigna
1505 1876 1816 1945 parentum;

266 1958 347 2013 Tu
369 1960 530 2014 decus
553 1974 613 2014 es
637 1959 784 2021 aulae,
820 1959 968 2029 regni
997 1973 1139 2028 spes,
1170 1957 1361 2011 indolis
1402 1956 1575 2011 almze.

142 2044 155 2049 τ
265 2049 601 2118 Quapropter
622 2048 805 2102 laudat
827 2048 1002 2102 omnis
1038 2054 1091 2102 te
1126 2046 1303 2101 ﬁstula
1333 2055 1531 2100 vatum.

267 2139 461 2211 Surge,
492 2140 627 2194 meis
664 2138 865 2204 charis,
895 2146 1023 2201 etc.,
1052 2146 1107 2191 ut
1134 2152 1315 2208 supra.

267 2230 347 2284 Tu
377 2246 589 2301 quoque
615 2245 767 2286 sacra
796 2230 907 2285 Deo
936 2231 1104 2301 virgo,
1137 2242 1291 2285 soror
1318 2230 1513 2300 inclyta
1539 2231 1723 2286 David.

200 2344 207 2353 ’
265 2322 516 2377 Carmine
547 2331 804 2392 perpetuo
842 2334 1025 2376 nostro
1042 2322 1175 2391 jam,
1199 2320 1366 2383 Gisia,
1397 2320 1588 2375 valeto.

267 2414 365 2475 Te.
390 2411 525 2477 scio,
549 2428 775 2483 sponsus
812 2421 959 2467 amat
988 2411 1250 2467 cmlorum
1274 2410 1444 2481 gloria
1482 2408 1748 2469 Christus.

267 2504 400 2559 Nam
430 2503 516 2557 cui
548 2511 602 2557 tu
633 2501 731 2557 soli
758 2517 970 2573 semper
999 2512 1088 2556 tua
1120 2502 1357 2563 membra
1387 2500 1596 2556 dicasti.

266 2594 463 2664 Surge,
490 2594 625 2647 meis
650 2593 856 2657 charis,
887 2600 1019 2657 etc.,
1044 2602 1098 2645 ut
1123 2608 1305 2662 supra.

267 2683 535 2740 llotthrud
559 2697 779 2737 carmen
805 2691 969 2745 amat,
999 2682 1199 2738 mentis
1220 2681 1519 2737 clarissima
1553 2683 1722 2751 virgo.

269 2774 429 2844 \‘irgo
457 2772 653 2827 decora
682 2773 833 2835 satis,
854 2780 909 2826 et
945 2774 1184 2827 moribus
1209 2773 1404 2842 inclyta
1436 2775 1603 2840 virgo.

264 2864 433 2917 Curre
468 2877 567 2933 per
594 2861 834 2917 albentes
866 2877 1105 2931 campos,
1135 2870 1189 2917 et
1223 2862 1414 2933 collige
1454 2861 1611 2918 ﬁores

268 2954 342 3007 Ex
367 2962 609 3023 veterum
638 2951 807 3021 pratis
828 2950 1104 3020 pulchram
1134 2951 1229 3006 tibi
1268 2952 1443 3021 pande
1469 2966 1745 3007 coronam.

265 3042 458 3112 Surge,
498 3041 631 3097 meis
659 3041 1003 3105 cbaris,ctc.,
1036 3053 1092 3095 at
1127 3058 1309 3110 supra.

268 3132 501 3204 Virginis
530 3133 759 3203 egregiae
786 3132 957 3186 Bertze
989 3148 1131 3187 nunc
1160 3134 1322 3190 dicite
1345 3134 1546 3198 laudes,

266 3220 521 3287 Pierides,
554 3238 784 3289 mecum,
811 3222 1054 3292 placeant
1076 3225 1158 3278 cui
1195 3226 1433 3280 carmina
1471 3237 1652 3280 nos‘ra
1680 3266 1683 3267 ν

263 3311 605 3366 Carminibus
635 3296 957 3368 Musarum'.
980 3351 995 3366 .
1038 3314 1195 3385 digna
1223 3315 1395 3383 puella
1422 3324 1523 3370 est.

265 3403 436 3473 Surge
456 3403 590 3458 meis
612 3402 817 3467 charis,
843 3414 972 3470 etc.,
999 3415 1055 3457 ut
1082 3421 1262 3474 supra.

265 3493 419 3547 'l‘ibia
449 3508 542 3548 vos
567 3493 746 3549 laudet
772 3495 977 3563 pariter
1007 3510 1148 3550 nunc
1170 3503 1372 3561 nostra,
1401 3495 1610 3566 puella,

266 3582 601 3654 Prtel‘ragiles
625 3584 799 3648 annis,
824 3592 1045 3640 matura:
1069 3585 1123 3640 in
1161 3585 1400 3641 moribus
1435 3582 1612 3653 almis,

266 3673 661 3743 l’rmpulcbram
680 3675 917 3745 speciem
932 3675 1057 3731 vitae
1079 3675 1190 3746 jam
1222 3676 1351 3732 vicit
1377 3677 1647 3733 honestas.

268 3763 460 3833 Surge,
489 3765 625 3819 meis
649 3766 849 3831 charis,
877 3774 1006 3830 etc.,
1032 3778 1084 3820 ut
1108 3784 1289 3837 supra.
1334 3783 1336 3785 '

267 3854 374 3906 Cur
406 3862 458 3908 te
498 3870 601 3909 non
635 3871 949 3921 memorem,
980 3873 1185 3927 magna:
1215 3858 1619 3922 Primicerius‘b
1666 3860 1820 3920 aulae.

268 3946 445 4015 Aaron
472 3948 665 4018 quippe
694 3948 843 4019 prius
869 3965 1092 4020 magnus
1121 3952 1221 4005 sub
1250 3950 1394 4007 Mose
1432 3955 1685 4009 sacerdos

268 4039 323 4094 lu
349 4049 399 4095 te
432 4054 573 4095 nunc
594 4048 835 4094 nostrum
865 4052 887 4080 ο
920 4042 1099 4099 subito
1119 4042 1393 4099 reviviscit
1418 4044 1473 4100 in
1510 4045 1651 4101 aula.

268 4130 347 4186 Tu
380 4141 563 4201 portas
597 4130 789 4195 Eﬁ'oth,
828 4146 1044 4187 sacrum
1084 4133 1345 4191 altaribus
1374 4135 1577 4206 ignem,

267 4219 373 4277 Ore
391 4222 496 4292 poli
524 4220 728 4278 clavem
752 4220 936 4292 portas
961 4224 1313 4293 manibusque
1338 4226 1572 4295 capellze.

269 4308 348 4365 Tu
372 4311 627 4381 pepulum
667 4312 915 4384 precibus
940 4311 1180 4368 defendis
1203 4329 1414 4386 semper
1448 4315 1516 4369 ab
1540 4318 1710 4372 hoste.

270 4398 462 4471 Surge,
492 4403 627 4457 meis
650 4404 843 4469 charis,
874 4413 1003 4470 etc.,
1038 4414 1094 4462 ut
1127 4423 1306 4478 supra.

271 4490 476 4548 Thirsis
494 4478 642 4547 amat
662 4508 866 4560 versus,
902 4497 1142 4554 dicamus
1166 4501 1405 4555 carmina
1446 4499 1701 4566 Thirsin,

269 4581 448 4636 Ardua
484 4582 675 4653 quippe
708 4581 837 4638 ﬁdes
863 4591 1059 4641 canuto
1094 4588 1506 4660 vertice'fulget.

272 4671 459 4743 Fulget
485 4688 637 4729 amor
658 4673 871 4728 Thirsin
897 4682 1222 4746 quapropter
1245 4686 1463 4748 pectore
1490 4690 1693 4737 nostro.

271 4761 423 4815 Alma
444 4763 576 4819 ﬁdes
610 4764 824 4822 Thirsin
855 4764 1014 4822 faciet
1039 4781 1251 4837 quoque
1277 4765 1479 4823 Davide
1506 4755 1747 4827 charum.

272 4849 464 4920 Surge,
494 4853 630 4909 meis
655 4855 857 4923 charis,
885 4864 1015 4921 etc.,
1039 4866 1093 4911 ut
1113 4874 1294 4929 supra.

274 4940 442 4996 Vidua
492 4939 804 5018 [madidus]
853 4946 1129 5005 imbrifero
1174 4949 1351 5005 veniet
1390 4947 1459 5004 de
1498 4958 1678 5005 monte
1720 4950 1825 5006 Me-

1570 5037 1589 5111 [
1607 5040 1767 5095 nalce

342 5228 945 5311 :Carle,__ﬁliu§__Caroli
970 5234 1140 5305 Magni
1170 5240 1554 5311 primogenitus
1578 5257 1591 5293 ;
1621 5240 1826 5298 llotrud

274 5307 329 5359 ct
354 5300 512 5357 Berta
540 5301 682 5357 illius
702 5302 845 5358 ﬁliae.

343 5371 373 5414 δ
397 5372 482 5443 gn
504 5370 883 5443 Angilbertns?

349 5452 373 5481 ε
402 5442 583 5507 Forte,
612 5451 808 5499 nostra.

298 5546 301 5547 ν
344 5510 369 5550 ιι
403 5509 585 5581 Eone,
605 5520 859 5577 natorum,
882 5518 953 5565 ut
968 5527 1127 5581 supra
1150 5530 1291 5571 vers.
1317 5519 1370 5571 5'.

350 5592 373 5620 ο
399 5580 537 5637 Iuli.
564 5582 644 5639 ita
669 5583 821 5651 cod.;
862 5580 1104 5638 fortassis
1143 5583 1336 5641 Caroli.
1362 5588 1440 5644 vel
1491 5585 1711 5661 Pippini.
1744 5588 1822 5645 Ad

1421 188 1744 284 cunmm.
1782 256 1851 268 -
1885 226 1968 287 ω
2006 226 2271 285 VARIOS.

3363 218 3463 275 78G

1843 344 1889 401 Δ
1924 341 1991 398 Ut
2010 343 2153 413 legat
2178 345 2275 397 hos
2298 357 2485 397 versus
2513 342 2645 396 aulae
2668 342 2964 412 condiguus
3001 355 3180 396 amore
3209 355 3224 393 :
3294 326 3301 337 ί

1919 433 2117 501 Dignus
2143 447 2293 487 amor
2328 432 2512 486 rutilat
2549 440 2671 486 vato
2690 431 2715 471 ἀ
2742 432 2797 486 in
2821 434 2983 487 corde
3008 431 3267 487 Menalce.

1919 523 2111 593 Surge,
2141 523 2275 578 meis
2294 523 2494 586 charis,
2520 530 2650 587 etc.,
2677 533 2731 575 ut
2756 538 2935 591 supra.

1917 612 2173 667 Chartula
2210 627 2368 666 curre
2404 612 2563 667 modo
2598 626 2696 683 per
2731 626 2883 667 sacra
2911 609 3110 679 palatia
3136 607 3340 674 David,.

1918 704 2091 772 Atque
2116 701 2303 757 humili
2332 704 2539 757 cunctis
2563 702 2743 757 charis
2772 701 2854 756 fer
2881 717 3011 756 voce
3031 701 3292 765 salutem,

1919 792 2072 847 Basia
2104 795 2238 847 dans
2264 792 2403 847 dulci
2444 792 2717 847 molimine
2752 808 2967 863 semper
2985 795 3194 859 amicis,

1919 881 2091 949 Atque
2119 882 2222 935 mei
2251 881 2417 935 David
2440 881 2663 949 pedibus
2687 890 2956 950 prostrata
2995 897 3247 940 camenas

1919 970 2036 1025 Mox
2058 973 2294 1042 expande
2321 980 2468 1036 tuas,
2496 971 2674 1027 decies
2708 973 2794 1027 dic
2822 973 2965 1027 mille
3002 974 3223 1039 salutes,

1920 1062 2091 1131 Atque
2116 1063 2310 1132 pedum
2332 1061 2513 1133 digitis
2543 1063 2609 1116 da
2637 1063 2788 1117 basia
2818 1062 2990 1117 dulcia
3020 1065 3212 1118 sacris.

1922 1151 2013 1205 Sic
2041 1159 2090 1204 te
2110 1158 2258 1205 verte
2282 1153 2415 1205 meis
2444 1149 2666 1223 [charis]
2691 1149 2935 1221 proferre
2971 1153 3231 1219 salutem,

1920 1238 2091 1308 Atq‘ue
2116 1240 2407 1308 puellarum
2435 1244 2678 1293 cameras
2716 1254 2970 1309 percurre
2994 1242 3255 1307 canendo,

1922 1328 1986 1393 Et
2018 1336 2138 1397 pete
2165 1336 2363 1382 castra.
2385 1366 2398 1379 .
2418 1367 2430 1380 .
2470 1328 2645 1397 primo
2671 1328 2969 1383 clarissima
2996 1327 3103 1384 Iuli
3128 1342 3173 1396 ο,

1922 1417 1985 1469 lit
2010 1417 2097 1471 dic
2127 1416 2463 1471 multimodas
2485 1414 2667 1484 juveni
2696 1432 2794 1488 per
2825 1418 3061 1471 carmina
3102 1418 3331 1474 laudes:

1921 1507 1987 1560 Et
2004 1508 2081 1561 sic
2107 1508 2172 1560 ad
2202 1522 2407 1561 sacram
2439 1507 2598 1562 citius
2624 1514 2751 1560 tunc
2776 1521 2937 1562 curre
2964 1508 3245 1579 capellam,

1920 1597 2202 1652 Paciﬁcam
2233 1604 2399 1666 utque
2437 1598 2580 1651 feras
2614 1599 2823 1654 cunctis
2866 1600 2917 1653 in
2963 1613 3057 1654 ore
3083 1600 3329 1654 salutem.

1850 1689 1895 1749 Β
1923 1687 1988 1741 Et
2017 1688 2316 1756 quicunque
2346 1685 2440 1741 tihi
2464 1696 2715 1742 occurrat
2741 1702 2838 1757 per
2872 1696 3041 1743 strata
3069 1687 3263 1753 ﬁdelis,

1921 1778 2034 1843 Vir,
2063 1786 2217 1847 pater
2264 1785 2358 1831 aut
2400 1776 2564 1833 frater
2610 1778 2812 1846 forsan,
2836 1779 3166 1850 iuvenesque
3193 1796 3472 1852 senesque,

1921 1868 2145 1938 Semper
2176 1868 2228 1921 in
2268 1884 2363 1922 ore
2389 1866 2530 1924 feras
2554 1878 2819 1924 sacratam
2842 1870 2991 1938 pacis
3013 1870 3229 1924 olivam.

1920 1956 2016 2011 Dic
2042 1975 2056 2011 :
2082 1956 2345 2011 Homerus
2370 1938 2779 2012 amat‘vestram
2804 1974 2904 2029 per
2939 1960 3094 2014 srecla
3134 1960 3400 2015 salutem:

1922 2049 2028 2104 Vos
2056 2049 2197 2103 Deus
2224 2050 2557 2119 omnipotens
2590 2064 2802 2120 semper
2827 2058 3110 2105 conservet
3149 2050 3369 2121 ubique,

1921 2139 1997 2192 Te
2018 2155 2230 2209 quoque
2255 2138 2519 2205 Christus,
2550 2139 2736 2217 David,
2777 2148 3059 2196 conservet
3098 2143 3150 2196 in
3178 2158 3368 2197 :evum.

1922 2229 2109 2294 David,
2128 2247 2281 2284 amor
2309 2240 2510 2295 noster,
2538 2232 2704 2287 David
2724 2247 2888 2304 super
2914 2234 3091 2289 omnia
3122 2234 3338 2301 charus,

1922 2318 2086 2372 David
2107 2330 2243 2373 amat
2275 2328 2423 2375 vates
2441 2360 2455 2385 ,
2485 2329 2727 2375 vatorum
2752 2330 2835 2376 est
2862 2313 3053 2392 gloria
3072 2324 3258 2378 David.

1922 2410 2087 2463 David
2127 2420 2266 2465 amat
2297 2410 2588 2477 Christum,
2618 2410 2867 2467 Christus
2905 2421 2987 2468 est
3012 2413 3183 2485 gloria
3220 2413 3408 2469 David.

1992 2503 2122 2557 Post
2144 2504 2258 2557 hazc
2283 2503 2469 2558 charta
2500 2504 2608 2559 cito
2636 2504 2823 2561 hortos
2848 2506 3121 2576 percurris
3154 2522 3412 2571 ammnos,

1920 2591 2052 2648 Cum
2078 2594 2261 2663 pueris
2286 2609 2447 2662 quam
2471 2595 2585 2664 jam
2614 2595 2860 2649 habitare
2888 2595 3097 2651 solebat
3126 2595 3409 2653 Homerus.

1921 2681 2094 2737 Cerne
2120 2683 2426 2739 salutiferos
2453 2684 2678 2755 pulchro
2704 2685 2769 2739 dc
2793 2686 3038 2755 gramine
3064 2684 3248 2751 ﬁeres,
3309 2695 3312 2698 ’

1924 2776 1983 2830 Si
2013 2777 2150 2831 bene
2177 2790 2236 2832 se
2263 2787 2408 2842 eant,
2443 2786 2691 2833 crescant
2722 2779 2767 2833 si
2794 2782 3032 2849 germine
3055 2778 3199 2835 laeto.

1924 2866 1980 2921 Si
2012 2882 2117 2922 non
2144 2867 2315 2923 hostis
2341 2868 2479 2922 edax
2512 2868 2728 2923 inimico
2757 2868 2947 2939 pollice
2973 2878 3205 2939 rumpat.

1931 2956 2177 3026 Undique
2210 2958 2497 3027 cingantur
2526 2957 2833 3013 ﬁrmissime
2861 2960 3079 3029 sepibus
3105 2959 3202 3014 illi.

1851 3016 1895 3076 C
1929 3046 1986 3101 Si
2018 3016 2226 3113 domus,
2256 3016 2332 3102 etv
2339 3048 2489 3117 pueri
2515 3048 2745 3119 vigeant,
2768 3050 2813 3104 si
2841 3016 2980 3105 tecta
3021 3050 3322 3117 domorum,

1928 3136 2072 3189 Laeta
2099 3136 2207 3190 Deo
2246 3135 2430 3193 laudes
2461 3135 2653 3202 facies,
2682 3137 2727 3193 si
2762 3153 3018 3209 prospera
3049 3147 3243 3195 cuncta

1928 3227 2191 3292 Invenies,
2214 3236 2271 3280 et
2296 3226 2379 3281 dic
2407 3225 2627 3298 pueris:
2653 3237 2865 3282 scrvate
2885 3227 3072 3285 ﬁdeles

1924 3316 2135 3377 Castra,
2163 3330 2377 3385 precor,
2403 3318 2580 3371 veniat
2611 3317 2677 3372 ad
2698 3320 2801 3374 vos
2840 3319 2964 3374 dum
2994 3320 3134 3377 vatis
3177 3320 3475 3386 Homerus;

1926 3407 2003 3462 Ne
2032 3409 2113 3464 vel
2144 3406 2356 3463 ﬁamma
2384 3422 2571 3476 vorax,
2602 3410 2705 3466 vel»
2724 3410 2812 3465 fur
2838 3412 3079 3468 devastet
3107 3414 3159 3469 in
3198 3414 3348 3469 istis.

1924 3498 2043 3552 .lam
2070 3502 2235 3569 septis
2264 3503 2551 3573 quidquam
2574 3541 2589 3567 ,
2638 3516 2848 3558 summo
2892 3503 3181 3557 miserante
3218 3501 3477 3558 Tonante.

1929 3590 2137 3658 Vosque
2160 3592 2353 3656 valete,
2384 3593 2489 3645 mei
2514 3592 2681 3660 pueri,
2711 3593 2799 3663 pia
2822 3592 2987 3647 chara
3012 3600 3206 3661 poclm.

1924 3680 1993 3733 Et
2028 3690 2236 3749 portate
2266 3682 2386 3735 meo
2409 3680 2549 3736 dulci
2572 3697 2689 3737 mea
2725 3683 2963 3737 carmina
2995 3681 3178 3737 David.

1925 3767 2089 3823 David
2112 3780 2256 3824 amat
2281 3777 2451 3830 vates.
2479 3781 2528 3825 et
2550 3771 2747 3842 reliqua
2779 3783 2834 3827 ut
2858 3791 3035 3846 supra.

1927 3848 2093 3917 David
2114 3870 2260 3917 amat
2286 3862 2580 3929 Christum,
2614 3875 2668 3919 ut
2691 3882 2888 3935 supra-

2538 4019 2853 4077 CCXXXIR.’
2880 4072 2883 4073 ν

2054 4167 2288 4232 Querehe
2317 4172 2379 4222 ob
2417 4181 2656 4242 negatum
2680 4173 2958 4248 hospitium
2998 4181 3070 4234 ad
3098 4184 3374 4241 “videtur
3434 4206 3455 4225 π

1850 4362 1897 4421 υ
1924 4323 2022 4421 liis
2051 4325 2159 4421 ruit
2178 4325 2388 4421 ccasio,
2410 4329 2617 4401 gelidus
2646 4334 2805 4389 simul
2829 4336 2988 4393 irruit
3025 4339 3195 4398 imber
3220 4384 3236 4409 ,

1932 4414 2046 4469 Non
2082 4415 2183 4472 fuit
2207 4417 2429 4488 Albino,
2444 4433 2627 4495 specta
2656 4426 2676 4466 ι
2708 4429 2977 4502 paulisper
2996 4433 3053 4488 in
3070 4436 3210 4493 urbe

1931 4502 2032 4570 Qui
2063 4520 2192 4561 cum
2210 4508 2458 4577 dixisset,
2481 4513 2655 4571 donec
2677 4524 3207 4588 pertranseatilnber
3230 4565 3247 4591 ,

1931 4595 2000 4667 Et
2024 4597 2211 4654 calido
2226 4609 2411 4670 pectus
2432 4605 2617 4673 paradi
2649 4606 2831 4662 fronte
2848 4612 2887 4667 γι
2904 4612 3151 4667 reﬁrma.

1931 4687 2123 4747 Tristis
2142 4692 2254 4748 abit
2274 4693 2455 4748 senior
2468 4693 2653 4764 jejuno
2675 4707 2862 4755 ventre
2881 4712 3038 4771 poeta
3062 4722 3079 4770 ;

1928 4778 1996 4833 Et
2020 4782 2170 4850 pueri
2197 4783 2376 4838 tristes
2395 4782 2716 4851 planxerunt
2732 4792 2971 4848 carmine
2990 4794 3256 4852 Flaccum.

1928 4869 2143 4943 Frigida
2177 4882 2499 4943 quapropter
2534 4884 2709 4932 taceat
2734 4879 2836 4935 sibi
2864 4880 3036 4938 ﬁstula
3060 4899 3276 4943 carmen
3300 4907 3315 4957 ;

1928 4961 2037 5014 Has
2070 4970 2274 5015 tantum
2306 4976 2504 5032 paucas
2525 4964 2787 5026 balbutiat
2816 4986 2908 5027 ore
2948 4986 3205 5034 camenas
3232 4998 3243 5031 :

1929 5049 2180 5104 Carmina
2211 5064 2318 5103 non
2337 5062 2497 5108 curat
2516 5056 2700 5121 David,
2726 5074 2827 5114 nec
2845 5058 2993 5116 Delia
3014 5064 3041 5104 ιι
3074 5077 3248 5122 curat.

1894 5300 1897 5303 λ
1928 5242 2140 5323 Julinnm‘
2157 5251 2213 5299 et
2236 5243 2451 5302 Luciam
2473 5249 2734 5323 directum
2760 5262 3035 5312 estrcarm.
3059 5259 3181 5323 256,
3207 5259 3306 5316 col.
3349 5263 3472 5321 79G.

2004 5313 2023 5401 ξ
2053 5311 2258 5401 Sensus
2309 5326 2396 5373 cst
2445 5338 2455 5371 :
2502 5322 2592 5391 qui
2640 5321 2854 5379 dixisset
2906 5342 2924 5378 :
2978 5311 3475 5401 manus;

1928 5399 2017 5451 per
2039 5423 2054 5445 ,
2085 5392 2187 5438 etc.

1996 5452 2220 5525 Fbocus
2248 5466 2549 5525 comiptus.

1996 5522 2227 5611 health.
2247 5522 2365 5611 Aliae
2388 5522 2600 5611 nomine
2625 5531 2901 5607 compellat
2937 5530 3125 5601 ﬁliam,
3151 5546 3204 5592 ut
3229 5539 3470 5611 videtur.

1927 5592 2101 5649 Caroli
2126 5594 2176 5648 in
2209 5596 2448 5665 sequenti
2489 5596 2745 5653 carmine.
