4268 6212
591 319 695 374 787

595 429 729 484 bum
773 431 1002 486 redeunt
1021 430 1214 484 iterum
1247 426 1408 482 calidi
1439 426 1579 481 bona
1607 434 1850 492 tempora
1873 417 2086 477 Pbmbi.

594 523 710 578 Μυι
737 523 965 593 pristina
991 523 1130 576 redit
1153 519 1322 576 virtus
1348 520 1401 574 iu
1425 519 1669 573 carmine
1694 515 1913 577 Flacco,

591 617 742 669 'l'unc
781 623 898 669 ruet
941 615 993 668 in
1029 613 1196 668 David
1226 612 1504 667 Musarum
1538 610 1713 664 laetior
1744 607 1903 662 odis:

596 705 744 760 Nunc
769 721 893 774 pax,
924 705 1033 758 vita
1057 703 1204 758 salus
1234 702 1433 768 David,
1471 709 1601 757 tunc
1621 698 1804 770 prmlia
1841 695 2026 750 Musis.

1197 811 1526 869 CCXXXIV.

931 907 1012 960 Ad
1041 907 1208 976 ﬁliam
1236 907 1371 975 forte
1401 903 1580 958 Caroli
1613 902 1668 956 Μ
1673 903 1814 970 agni.

596 1001 701 1054 Nec
741 1008 792 1053 ιιι
830 1000 1027 1068 quippe
1067 1005 1215 1052 tuum
1261 995 1487 1059 curasti,
1520 994 1651 1058 ﬁlia,
1677 993 1960 1045 Flaccum:

594 1090 784 1145 Vester
808 1090 921 1144 abit
957 1097 1070 1143 toto
1097 1087 1378 1151 tremulus,
1404 1101 1473 1141 en
1496 1098 1727 1155 corpore
1753 1091 1925 1146 vates,
1985 1102 1992 1110 λ

593 1181 795 1254 Virgilii
830 1197 1093 1254 resonans
1131 1181 1298 1235 tacito
1328 1180 1415 1233 vix
1454 1178 1694 1232 carmine
1729 1159 1948 1229 versum
1977 1195 1990 1226 :

593 1271 676 1350 lle
704 1273 908 1327 circum
933 1271 1140 1326 validus
1162 1279 1377 1333 ventus,
1407 1270 1499 1322 nix
1521 1309 1536 1333 ,
1569 1265 1805 1334 undique
1829 1263 2065 1317 nimbus.

596 1364 744 1419 Ilanc
773 1371 952 1417 tamen
986 1362 1238 1432 iniuriam
1274 1360 1476 1432 poteris
1512 1373 1746 1428 purgare
1766 1354 2057 1426 precando.

594 1452 651 1505 Si
690 1452 1118 1522 Regenberetum
1146 1463 1171 1490 ιι
1199 1450 1373 1519 possit
1415 1449 1620 1504 servire
1643 1448 1670 1486 ι’
1703 1446 2021 1515 magistrum
2051 1484 2065 1507 ,

594 1545 783 1606 Serva,
811 1544 889 1597 sic
915 1551 1098 1597 vestro
1121 1551 1351 1612 patrono
1373 1550 1429 1596 et
1448 1539 1676 1612 prtesule
1701 1552 1896 1606 magno

599 1633 810 1689 Viribus
836 1643 890 1688 et
917 1634 1189 1697 manibus,
1227 1634 1424 1698 securi,
1451 1631 1719 1702 trulaque,
1743 1630 1972 1701 palaque

595 1724 799 1778 (Ezetera
828 1725 984 1778 turba
1007 1723 1088 1777 sui
1112 1723 1367 1794 populum
1393 1734 1415 1761 ο
1451 1738 1573 1778 mox
1601 1730 1792 1793 pergat
1818 1722 1871 1775 in
1909 1721 2142 1784 hostem,

588 1807 686 1870 ille
712 1815 860 1886 operi
898 1815 1115 1870 insistat
1143 1825 1342 1870 canuto
1374 1815 1579 1870 vertice
1611 1823 1823 1868 tantum
1849 1855 1863 1879 ,

599 1907 726 1962 llaec
752 1921 884 1978 rogo
909 1905 1194 1978 pcriieiens
1222 1906 1424 1973 valeas,
1463 1922 1585 1961 mea
1618 1905 1791 1974 Delia,
1818 1919 2050 1974 semper.

1234 2017 1538 2078 CCXXXV.

1172 2172 1174 2174 ,
1198 2115 1281 2171 Ad
1310 2113 1567 2170 eamdem.

595 2215 725 2282 Quae
751 2215 925 2284 cupis,
953 2223 1015 2269 ut
1041 2213 1243 2277 veniat,
1270 2213 1458 2268 venias
1485 2227 1588 2268 nec
1617 2211 1812 2265 charta
1837 2217 2027 2265 caveto
2059 2246 2074 2270 ,

668 2307 743 2363 Ne
771 2322 955 2362 musas
981 2313 1193 2376 mergat
1223 2306 1432 2375 sospita
1460 2304 1578 2358 dira
1614 2312 1755 2358 tuas.

600 2402 734 2455 Ihm
772 2399 949 2454 Moses
979 2397 1200 2470 pelagus
1227 2397 1392 2468 virga:
1427 2395 1612 2451 divisit
1635 2396 1688 2449 in
1727 2395 1835 2449 ictu
1864 2434 1883 2459 ,

667 2492 761 2547 Dic
787 2490 952 2547 semel
976 2497 1072 2544 aut
1093 2489 1175 2545 bis
1206 2490 1253 2543 si
1281 2488 1518 2558 percutit
1546 2488 1660 2558 ipse
1692 2487 1893 2541 sinum.

600 2584 820 2638 .‘luncra
844 2581 1162 2637 muneribus
1189 2579 1361 2633 David
1394 2578 1767 2648 superaddidit
1787 2575 1947 2629 Albin

600 2676 822 2733 Himera
857 2673 1172 2729 muneribus
1198 2670 1445 2728 Christus
1481 2669 1810 2740 superaddat
1844 2676 1900 2722 et
1931 2665 2002 2721 illi
2030 2685 2042 2718 :

597 2769 846 2822 tiarmina
885 2765 1220 2824 carminibus
1263 2764 1419 2820 binas
1463 2762 1792 2832 superaddat
1834 2760 2031 2814 etilli:

598 2861 790 2914 (hnni‘a
818 2860 959 2911 dona
996 2859 1172 2913 bonus
1209 2870 1425 2925 semper
1459 2855 1602 2910 Deus
1644 2861 1842 2924 augeat
1889 2852 2010 2912 illi;

598 2954 667 3008 lit
698 2963 749 3007 te
781 2950 1062 3005 ﬂorentem
1090 2946 1275 3010 faciat,
1313 2961 1433 3001 mea
1467 2947 1596 3010 filia,
1633 2947 1790 3001 donis
1827 2963 1840 2998 :

600 3049 775 3112 Atque
811 3041 916 3096 mei
949 3038 1118 3094 David
1150 3037 1352 3092 sobolis
1377 3036 1700 3093 charissima
1729 3036 1886 3090 donis

602 3134 816 3190 Floreat
845 3133 1066 3188 aeternis
1100 3149 1112 3185 :
1153 3129 1334 3186 cuncti
1360 3129 1548 3186 ﬁorete
1584 3127 1789 3184 ﬁdeles.

601 3225 719 3282 lam
746 3225 971 3289 salvete,
1009 3222 1204 3288 valete,
1232 3222 1409 3292 vigete
1436 3228 1492 3275 et
1519 3226 1715 3285 avete,
1754 3218 1977 3275 valete:

1227 3331 1553 3391 CCXXX".

1049 3422 1182 3480 Vota
1209 3440 1304 3494 pro
1330 3421 1537 3492 familia
1567 3422 1728 3492 regia.

605 3524 751 3580 Delia
775 3514 1058 3578 doctisono
1092 3534 1155 3575 se
1176 3516 1207 3558 ιι
1246 3515 1599 3588 grammatica
1639 3514 1849 3584 plectro

651 3616 901 3690 ’Floreat'
925 3622 986 3668 ut
1006 3597 1202 3668 studiis
1230 3619 1421 3679 peetus
1444 3608 1644 3675 ubique
1680 3614 1850 3660 tuum.

606 3707 725 3761 Vita
756 3706 902 3761 salus
926 3704 1140 3761 cunctis
1163 3745 1178 3769 ,
1218 3700 1453 3757 Domino
1480 3698 1720 3753 donante
1743 3739 1757 3761 ,
1790 3695 1982 3767 puellis
2009 3737 2032 3758 ,

676 3799 1107 3866 Perpetuumque
1132 3807 1154 3834 °
1185 3796 1237 3849 in
1272 3803 1519 3863 tempora
1544 3791 1703 3862 longa
1728 3790 1841 3844 ﬁat.

604 3889 758 3945 Felix
781 3889 977 3958 quippe
1002 3888 1184 3948 Pater,
1213 3885 1376 3938 ﬂores
1403 3883 1495 3951 qui
1523 3881 1770 3950 germine
1793 3879 1926 3934 tales

678 3979 921 4052 Egregiis
944 3977 1128 4031 mundi
1156 3973 1444 4044 progenuit
1465 3971 1652 4026 titulis.

607 4077 808 4132 Dextra
839 4071 1015 4126 Patris
1037 4068 1232 4125 summi
1257 4075 1434 4132 natas,
1464 4071 2090 4134 natosque,patremque

676 4163 970 4221 Couservet
1001 4160 1226 4231 pariter,
1251 4165 1502 4228 protegat
1528 4162 1692 4227 atque
1722 4160 1895 4225 regat.

1209 4268 1562 4326 CCXXXVIL

681 4367 938 4421 Alloculio
967 4365 1035 4418 ad
1072 4363 1255 4417 Musas
1294 4362 1348 4415 in
1375 4362 1605 4430 gratiam
1642 4358 1832 4430 regalis
1864 4360 2013 4429 pueri
2051 4357 2096 4411 τ.

610 4459 848 4531 Pergite,
879 4456 1142 4517 Pierides,
1164 4452 1357 4506 musali
1382 4452 1576 4521 pollice
1597 4449 1757 4507 ﬂores

610 4553 868 4620 Carpere,
901 4545 992 4614 qui
1020 4542 1236 4611 liquidis
1258 4548 1514 4598 crescunt
1538 4553 1705 4609 prope
1731 4537 1972 4594 fontibus
1993 4540 2197 4594 εωυξεε

612 4641 797 4714 llegali
823 4647 883 4695 ut
895 4636 1078 4707 juveni
1118 4633 1331 4690 faciatis
1373 4638 1519 4687 serta
1556 4630 1766 4685 salutis.

614 4736 683 4791 Ut
707 4733 874 4788 variis
898 4739 1043 4785 totus
1081 4726 1247 4798 fulget
1278 4723 1572 4779 virtutibus
1599 4720 1689 4776 ille
1712 4764 1727 4787 ,

611 4823 898 4880 Nobilitate
926 4821 1134 4883 cluens,
1163 4815 1448 4872 laudabilis
1470 4813 1625 4878 orbe,
1653 4823 1913 4885 paterna;

613 4915 708 4969 Sic
728 4930 824 4967 vos
851 4911 1087 4981 ﬁorigeri
1105 4909 1378 4965 decurrite
1399 4915 1558 4976 prata
1583 4905 1797 4961 decoris
1825 4924 1837 4958 :

611 5003 825 5058 Vertice
844 5001 1174 5056 Castalidum
1186 4996 1427 5066 juvenali
1453 5006 1509 5051 et
1528 4998 1745 5066 pangite
1761 5003 2021 5057 stemma,

613 5095 837 5164 Fulgeat
862 5092 915 5145 in
944 5105 1105 5144 roseo
1124 5098 1310 5144 vertex
1349 5088 1568 5143 virtutis
1599 5087 1829 5142 honore.

611 5188 722 5243 Illic
749 5194 805 5241 et
831 5181 1036 5253 sophia:
1060 5180 1324 5236 clarescat
1353 5180 1461 5235 lilia
1485 5180 1747 5236 condens.

683 5331 708 5358 ι
741 5313 1166 5385 Regcnberctum.
1200 5310 1584 5385 [tegimentum
1608 5310 1769 5380 hujus
1790 5311 2036 5385 nominis
2079 5326 2194 5385 ma—

647 5382 840 5442 istrum
871 5382 1151 5438 exstitisse
1162 5382 1504 5435 sub‘initium
1527 5397 1653 5437 sec.
1679 5398 1754 5445 Ix,
1787 5383 1840 5436 in
1865 5382 2199 5437 monasterio

657 5453 1044 5511 anct—Gallensi
1080 5450 1426 5507 Mabillonius
1472 5449 1640 5507 refert
1667 5459 1813 5507 tom.
1861 5451 1902 5506 ll
1943 5452 2137 5507 Annal.

614 5541 714 5634 ι’λὲ
738 5524 882 5634 .351;

738 5594 918 5663 Forte,
944 5595 1107 5663 possis
1129 5609 1361 5649 servare.

687 5675 708 5702 ε
740 5662 930 5723 Forte.
947 5662 1150 5731 populi.
1271 5667 1274 5670 ⁴

683 5734 711 5779 ἀ
747 5732 873 5790 lliat
897 5747 1101 5787 sensus.

1404 313 1464 368 Β.
1505 313 1567 367 F.
1609 308 1837 364 ALBlNl
1879 305 2010 362 εει]
2055 302 2333 361 ΑιρυιΝι
2373 298 2660 357 OPERUM
2699 298 2880 353 PARS
2919 296 3004 351 VI.

2199 422 2247 478 Α
2274 413 2508 470 Iustitia:
2535 413 2692 467 violis
2713 413 2885 466 variet
2903 426 3000 480 per
3023 419 3268 480 tempora
3292 405 3487 477 fulgor,

3742 283 3846 338 788

2269 507 2337 559 Et
2358 521 2550 561 crocea
2571 505 2755 559 rutilet
2774 503 3079 558 verecunda
3104 501 3366 557 modestia
3403 497 3575 551 vultu.

2271 598 2490 652 Talibus
2518 597 2603 651 his
2623 595 2880 665 juvenem
2903 594 3064 648 sertis
3092 600 3302 655 ornate,
3330 589 3603 644 Camena}.

2270 687 2411 742 Ecce
2438 696 2558 740 tuas
2587 701 2770 750 aures,
2789 686 3052 755 juvcnum
3082 682 3406 744 clarissime,
3439 678 3617 741 donis,

2271 779 2533 835 Versiﬁco
2566 778 2711 833 volui
2736 777 3034 847 pauxillum
3066 783 3288 846 tangere
3321 773 3530 842 plectro

2271 870 2340 924 Et
2369 870 2464 924 tibi
2493 877 2810 938 perpetuam
2840 867 3006 921 Musis
3031 865 3287 919 mandare
3323 863 3571 925 salutem.

2272 960 2567 1030 Florigeris
2591 960 2796 1013 utinam
2820 957 3004 1028 vigens
3029 971 3127 1025 per
3150 952 3347 1009 saecula
3384 948 3612 1019 sceptris
3629 989 3648 1011 ,

2271 1052 2448 1121 Atque
2484 1052 2594 1106 Deo
2625 1049 2841 1116 iunctus
2876 1057 3062 1102 teneas
3093 1044 3336 1100 cmicstia
3366 1056 3548 1112 regna.

2875 1133 3249 1192 CCXXXV'HL

2285 1307 2288 1310 _
2593 1233 2669 1287 De
2702 1230 3035 1286 Richbodone
3056 1227 3125 1281 ad
3147 1225 3510 1296 Augilbertum

2275 1328 2478 1384 Obtulit
2502 1326 2794 1380 altithrono
2822 1337 3022 1392 parvus
3051 1316 3371 1390 munuscula
3395 1328 3583 1369 servus

2345 1417 2629 1473 Riebbodo
2659 1417 2704 1480 5,
2730 1428 2851 1483 quae
2869 1393 3073 1474 cernis,
3097 1410 3286 1473 lector,
3311 1407 3365 1482 in
3392 1405 3506 1459 atde
3535 1415 3718 1464 sacra,

2277 1509 2357 1565 0b
2384 1509 2652 1564 scelerum
2686 1505 2914 1560 veniam.
2953 1503 3023 1557 ob
3050 1502 3174 1555 vita:
3209 1498 3448 1555 emlestis
3475 1507 3754 1557 amorem;

2347 1603 2455 1656 Pro
2474 1617 2583 1671 quo
2607 1599 2839 1669 quisque
2869 1596 3037 1665 legas,
3071 1592 3236 1647 funde
3259 1604 3448 1661 preces
3479 1586 3710 1642 Domino
3741 1599 3757 1637 τ

2279 1694 2384 1748 Pro
2409 1701 2481 1754 te,
2513 1704 2718 1760 proque
2749 1687 2854 1740 tuis
2883 1671 3019 1754 quas
3040 1683 3252 1747 fundes,
3281 1679 3450 1735 frater
3469 1685 3647 1732 amate
3673 1715 3692 1739 ,

2211 1768 2254 1825 θ
2351 1784 2433 1838 Ad
2463 1784 2599 1845 haec,
2627 1782 2753 1837 dum
2782 1777 2994 1841 venias,
3019 1775 3204 1828 limina
3230 1787 3388 1828 saera
3419 1771 3641 1832 domus,

2281 1875 2532 1930 Cbristus
2567 1872 2635 1925 ab
2665 1869 2899 1924 aetherea
2931 1866 3175 1921 clemens
3202 1861 3458 1918 exaudiat
3480 1873 3614 1913 arce
3643 1918 3647 1921 ι

2358 1965 2434 2020 Te
2461 1962 2690 2039 faciens,
2724 1960 2913 2023 lector,
2943 1955 3110 2012 corde
3140 1953 3317 2008 redire
3341 1950 3580 2004 domum.

2283 2059 2359 2113 Te
2389 2071 2520 2128 rogo
2543 2097 2558 2122 ,
2590 2059 2780 2110 sancte
2807 2050 2992 2114 Pater,
3022 2046 3248 2117 supplex
3283 2060 3384 2115 per
3410 2043 3652 2098 carmina
3681 2048 3870 2096 nostra

2351 2148 2441 2203 Sis
2469 2160 2686 2200 memor
2703 2151 2762 2198 et
2792 2140 2987 2205 nostri,
3029 2147 3107 2203 te,
3130 2152 3298 2208 rogo,
3316 2143 3506 2190 sancte
3526 2131 3727 2186 Pater:

2283 2237 2468 2294 Dulcis
2499 2234 2753 2295 Homere,
2771 2244 2989 2300 precor,
3011 2227 3193 2281 Flacci
3221 2238 3429 2280 memor
3453 2230 3572 2277 esto
3602 2227 3801 2289 poetae,

2356 2329 2446 2382 Sis
2480 2340 2691 2380 memor
2716 2330 2775 2400 ut
2801 2318 3040 2385 Samuel,
3072 2317 3244 2373 dulcis
3271 2315 3525 2377 Homere,
3555 2326 3766 2381 precor.

2284 2418 2563 2473 Auxiliare
2585 2429 2770 2470 senem
2795 2418 3035 2475 nostros,
3061 2422 3211 2478 rogo,
3244 2409 3300 2460 tu
3331 2419 3429 2474 per
3457 2403 3658 2456 amicus
3682 2441 3702 2465 ,

2356 2510 2454 2564 Est
2476 2509 2631 2562 locus
2657 2506 2878 2560 insenos
2907 2503 2936 2542 ιι
2962 2499 3226 2554 auxiliare
3255 2512 3447 2552 senem

2286 2603 2383 2658 Est
2408 2591 2539 2657 mihi
2563 2607 2713 2653 certa
2741 2596 2877 2650 ﬁdes
2903 2594 2971 2648 de
2993 2603 3067 2658 te,
3098 2590 3421 2646 charissimc
3446 2587 3638 2649 frater,

2358 2692 2499 2747 Cum
2521 2689 2738 2744 Christo
2758 2695 2814 2740 et
2834 2684 3039 2739 sanctis
3062 2683 3136 2738 sit
3159 2682 3255 2736 tibi
3285 2688 3434 2734 certa
3459 2677 3626 2733 salus.

2287 2783 2395 2837 Pro
2420 2777 2624 2836 munde
2657 2778 2901 2833 moriens
2921 2776 3009 2830 hic
3036 2774 3224 2830 mundi
3253 2774 3362 2826 vita
3392 2770 3650 2841 pependit
3672 2810 3686 2833 ,

2361 2875 2546 2930 Abluit
2571 2885 2732 2928 omne
2765 2870 2924 2940 huius
2959 2867 3239 2937 sanguinis
3274 2864 3418 2920 unda
3447 2862 3638 2917 nefas:

2292 2969 2427 3022 Dum
2455 2975 2619 3035 caput
2643 2963 2872 3018 inclines
2896 2961 3156 3014 mundum
3182 2972 3343 3027 super
3375 2955 3534 3026 erigit
3559 2961 3702 3008 astra
3732 2991 3749 3019 ,

2364 3062 2431 3114 Et
2453 3059 2651 3114 mirum
2679 3054 2878 3119 szeclis,
2911 3067 3061 3106 mors
3083 3060 3175 3106 tua
3197 3051 3306 3104 vita
3331 3049 3457 3104 fuit.

2210 3118 2260 3181 ο
2288 3155 2475 3226 Agnus
2512 3152 2579 3206 ab
2608 3151 2763 3204 hoste
2792 3118 2968 3210 sacer,
3001 3144 3256 3218 populum
3283 3144 3372 3213 qui
3401 3158 3494 3211 per
3523 3153 3671 3195 mare
3698 3136 3873 3201 duxit,

2360 3244 2518 3302 Nunc
2554 3243 2749 3299 melius
2788 3241 3051 3296 mundum
3080 3238 3255 3292 salvat
3282 3239 3351 3291 ab
3377 3237 3530 3289 hoste
3557 3247 3732 3286 suum.

2290 3339 2500 3395 Aineus
2526 3351 2592 3391 en
2631 3348 2879 3403 serpens,
2919 3329 3098 3401 populi
3123 3329 3215 3397 qui
3241 3326 3467 3380 vulnera
3511 3332 3700 3390 sanat,

2362 3428 2516 3485 Nunc
2553 3435 2608 3480 tu
2639 3431 2900 3495 peccator
2926 3421 3110 3490 aspice
3137 3425 3318 3472 mente
3344 3417 3452 3487 pia.

2824 3533 3063 3591 CCXXX
3073 3531 3179 3587 Vlll
3207 3531 3304 3585 bis.

2505 3610 2733 3665 Flaccus
2773 3608 2841 3664 ad
2893 3606 3178 3660 Homerum
3217 3599 3644 3674 [Augilbertum].

2292 3707 2429 3762 Dum
2457 3711 2641 3760 suetas
2677 3700 2848 3755 soleat
2874 3697 3089 3768 Cycnus
3123 3706 3344 3750 scrvare
3367 3706 3623 3746 camenas
3650 3729 3664 3753 ,

2364 3796 2601 3852 Cuculus
2635 3801 2689 3848 et
2728 3790 2976 3860 proprios
3004 3787 3166 3845 novit.
3189 3785 3390 3838 habere
3422 3797 3603 3836 sonos.

2293 3890 2431 3943 Dum
2455 3899 2624 3948 mare,
2642 3883 2768 3934 dum
2794 3880 2994 3942 fontes,
3010 3876 3288 3947 proprium
3313 3875 3439 3930 dum
3459 3873 3638 3928 sidera
3661 3886 3879 3926 cursum

2366 3978 2603 4045 Quaaque
2625 3988 2789 4029 suum
2811 3979 3050 4036 servant,
3085 3972 3186 4023 sub
3217 3966 3702 4034 moderanteDeo,

2295 4067 2547 4124 Carmina
2579 4080 2676 4119 cur
2698 4071 2875 4118 taceat
2896 4063 3072 4132 subito
3101 4077 3199 4116 sua
3227 4060 3455 4114 Flaccus
3484 4057 3722 4113 Homero
3752 4096 3767 4119 ,

2368 4160 2538 4214 Filius
2566 4167 2727 4226 atque
2751 4156 2888 4227 patri
2912 4171 3009 4210 cur
3039 4163 3216 4208 taceat
3243 4152 3466 4207 subito?

2298 4253 2437 4318 Heu,
2464 4268 2563 4307 cur
2585 4258 2734 4306 muta
2767 4249 2927 4304 silent
2951 4262 3047 4302 ora
3063 4245 3177 4314 jam
3198 4246 3350 4300 vocis
3372 4258 3567 4314 egena,

2372 4343 2652 4400 Melliﬁuos
2679 4341 2953 4413 quondam
2986 4353 3104 4408 quae
3140 4337 3388 4391 cecinere
3422 4333 3628 4388 sonos?
3789 4399 3792 4404 ι

2301 4438 2408 4494 Nos
2434 4433 2775 4491 venerandus
2803 4445 2957 4484 amor
2981 4428 3130 4496 pacis
3157 4440 3252 4495 per
3281 4424 3487 4477 fmdera
3507 4419 3712 4490 junxit,

2374 4530 2544 4597 Quem
2574 4541 2680 4594 pax
2716 4529 2905 4576 nostra
2936 4518 3077 4572 Deus
3107 4514 3384 4586 perﬁciat,
3421 4521 3653 4584 vegetet.

2300 4621 2562 4679 Paciﬁcas
2585 4617 2728 4670 Deus
2751 4615 2805 4667 in
2833 4625 3118 4666 numerum
3141 4609 3243 4664 sibi
3273 4609 3442 4678 prolis
3469 4610 3694 4678 adoptat
3719 4647 3736 4673 ,

2370 4710 2625 4782 Quisquis
2648 4713 2794 4760 amat
2813 4719 3023 4776 pacem,
3048 4710 3131 4758 est
3160 4701 3300 4756 ﬁlius
3323 4701 3436 4772 ipse
3461 4700 3577 4754 Dei.

2301 4808 2517 4862 Bancor
2550 4816 2768 4856 amarus
2790 4799 2896 4863 abi,
2942 4797 3133 4851 redeas
3163 4794 3450 4851 concordia
3475 4791 3670 4860 dulcis,

2371 4892 2469 4951 Hic
2493 4892 2703 4962 fugiens
2737 4899 2941 4962 pereat,
2971 4887 3060 4943 illa
3093 4895 3286 4940 tenens
3319 4888 3557 4936 maneat.

2298 4989 2344 5046 0
2376 4998 2432 5042 tu
2455 4987 2625 5042 dulcis
2660 5000 2832 5045 amor,
2863 4997 2967 5052 qua
2995 4988 3050 5033 te
3075 4992 3222 5031 nune
3249 4963 3403 5045 parte
3430 4976 3701 5043 requiram
3729 5018 3742 5042 ,

2368 5078 2504 5134 Cum
2543 5074 2657 5149 [F.,
2708 5071 2869 5145 Num]
2911 5078 3071 5124 natus
3119 5062 3396 5136 proprium
3443 5068 3616 5137 possit
3659 5069 3844 5124 odisse

3517 5159 3769 5233 [patrem.

2229 4477 2285 4535 D

2372 5304 2592 5358 'Deest
2618 5296 2847 5368 aliquid.
3024 5365 3036 5368 _
3132 5365 3141 5368 _
3255 5366 3290 5368 μ
3374 5367 3388 5368 7
3527 5309 3536 5314 ’

2375 5375 2393 5413 r
2430 5374 2611 5437 Forte,
2640 5365 2851 5440 Pippini
2877 5371 2971 5418 aut
2991 5365 3213 5440 alterius
3243 5366 3336 5440 ﬁlii
3358 5367 3536 5422 Caroli
3577 5368 3773 5440 Magni.

2371 5449 2396 5486 ε
2427 5433 3539 5516 πίειιοὸείοξίεοεῑιρεηεηιρηιὲεοξιεϋιεε.ξά
3582 5433 3755 5516 ςειέω.
3777 5433 3879 5516 Αι-

2296 5517 2499 5586 cuinus_
2529 5509 2746 5579 scripsit
2791 5505 3046 5586 epistolas
3079 5507 3537 5586 _169:_l70,_l7l,
3727 5505 3878 5586 Alias

2297 5587 2458 5708 etligm
2469 5582 2595 5707 tjam
2623 5574 2928 5638 monuimus
2949 5577 3165 5638 nomine
3188 5576 3405 5635 Homeri
3433 5576 3745 5647 compellari
3763 5574 3876 5631 An-

2297 5673 2344 5708 αι
2405 5671 2466 5708 er
2491 5667 2599 5705 um.

2334 5663 2599 5709 ilhertum.

2334 5673 2599 5709 llDCl'ullu.

2296 5673 2327 5727 8
2431 5721 2540 5777 Vox
2569 5723 2852 5788 corrupta;
2881 5713 3039 5787 forte,
3061 5717 3261 5773 insertas
3289 5731 3382 5774 seu
3406 5732 3512 5772 non
3537 5730 3713 5773 senes.
