4268 6324
454 352 557 410 789

454 466 558 520 Sed
583 463 742 520 citius
766 462 1177 528 redeat,.odium
1208 464 1299 533 qui
1325 463 1521 533 pellere
1554 463 1744 532 possit,
1808 464 1823 493 ν

521 554 783 625 Jungatur
809 555 950 624 patri
975 563 1132 608 natus
1161 562 1217 608 et
1236 554 1351 624 ipse
1382 568 1500 609 suo.

451 647 699 702 Carmina
730 654 855 700 tunc
878 646 1079 715 poterit
1107 644 1220 715 jam
1258 644 1431 699 dulc'a
1468 644 1692 699 Flaccus
1714 644 1948 699 Homero

525 734 761 807 Pangere
796 736 1064 799 versiﬁca,
1095 735 1186 808 qui
1214 736 1373 789 modo
1400 750 1569 805 pauca
1600 744 1776 791 canet.

450 825 696 882 Christus
731 828 798 881 ab
822 827 932 880 alto
962 827 1103 880 Deus
1134 833 1377 879 nostrum
1403 827 1693 895 conjungat
1714 840 1951 881 amorem
1974 865 1987 887 ,

519 918 598 971 Tu
623 957 639 982 ,
667 924 791 972 nate
813 957 828 982 ,
861 915 1059 980 valeas,
1085 916 1255 970 dulcis
1278 914 1507 970 Homere
1534 930 1703 986 meus.

1010 1015 1013 1017 ί
1054 1002 1381 1060 ccxxxrx.

612 1100 688 1153 Ad
729 1080 1012 1154 Paulinam
1051 1099 1408 1170 patriarcham
1447 1095 1841 1167 Aquileiensem.

448 1192 617 1263 Tingc
644 1201 765 1247 tuos
785 1191 1045 1255 calamos,
1077 1192 1335 1253 charitas,
1369 1193 1424 1245 in
1446 1189 1665 1261 gurgite
1686 1186 1906 1251 Christi,

447 1283 620 1353 Atque
643 1298 821 1339 meum
848 1291 1040 1352 pectus
1067 1283 1228 1352 imple
1256 1295 1280 1322 ο
1306 1281 1619 1338 cmlestibus
1653 1280 1791 1345 odis,

448 1373 519 1428 lit
541 1374 729 1445 dignas
760 1375 786 1413 ιν
815 1374 1023 1430 valeam
1054 1367 1278 1430 Paulino
1304 1373 1481 1429 dicere
1507 1381 1707 1444 grates,

371 1451 375 1453 Α
446 1465 708 1522 Mcllilluis
741 1475 958 1522 nostras
992 1469 1160 1525 musis
1188 1468 1281 1537 qui
1312 1466 1626 1536 impleverat
1648 1479 1807 1521 aures
1830 1505 1845 1527 .

444 1556 736 1612 Etmemor
756 1557 995 1611 unanimi
1026 1569 1048 1598 ε
1084 1557 1301 1627 longum
1330 1563 1455 1626 po;t
1482 1563 1693 1625 tempus
1719 1555 1877 1609 amici

443 1648 599 1718 231
623 1648 961 1703 Carminibus
985 1650 1156 1704 sacris
1186 1659 1469 1719 repetens:
1503 1647 1714 1710 Albiue,
1742 1647 1937 1702 valeto.

442 1741 615 1806 Quam
642 1739 833 1797 festiva
860 1741 977 1797 dies
1003 1742 1197 1804 fuerat,
1230 1752 1351 1796 cum
1378 1746 1572 1813 pagina
1600 1741 1764 1796 nobis.
1856 1779 1861 1783 -

444 1831 587 1887 Lata
611 1833 635 1872 ά
662 1832 763 1888 fuit
788 1833 958 1889 titulis
982 1840 1175 1903 optate
1192 1831 1464 1901 inscripta
1493 1831 1722 1886 salutis!

362 1915 366 1919 ’
442 1922 631 1979 Omnia
662 1925 806 1979 dicta
833 1924 965 1978 mihi
992 1922 1275 1978 charitatis
1304 1922 1461 1980 melle
1484 1922 1807 1976 manabant.

442 2016 559 2081 Quo
582 2030 641 2069 se
669 2015 897 2069 divertit
913 2015 1068 2069 laetus
1094 2013 1381 2085 relegentis
1404 2010 1629 2077 ocellus,

439 2104 624 2158 Cernit
652 2104 850 2173 ubique
879 2112 992 2159 suae
1016 2119 1230 2173 semper
1256 2118 1392 2158 nova
1417 2101 1610 2173 gaudia
1638 2100 1865 2164 mentis;

443 2195 670 2249 Maxime
688 2194 801 2263 jam
826 2195 1065 2264 gaudens
1090 2195 1142 2248 in
1167 2194 1522 2265 prOSperitate
1546 2199 1798 2262 paterna,

438 2285 606 2350 Quem
632 2284 779 2339 Deus
801 2292 1005 2339 :eterno
1033 2292 1319 2338 conservet
1348 2291 1589 2352 tempore
1614 2297 1827 2337 sanum.
1850 2346 1857 2359 .

437 2377 483 2424 tl
510 2374 895 2439 lux».A.usoni.'e,
927 2375 1117 2443 patria:
1144 2374 1330 2438 decus,
1362 2372 1593 2443 inclytus
1622 2380 1827 2434 auctor,

436 2466 665 2523 Justitite
691 2467 887 2530 cultor,
910 2481 1085 2520 sacra:
1111 2465 1584 2534 pictatis'amator,

438 2559 513 2613 'i‘c
530 2573 657 2613 mea
683 2574 835 2613 mens
860 2557 1013 2612 ardet
1038 2556 1210 2611 sacris
1237 2556 1532 2613 constricta
1560 2557 1786 2618 catenis,

437 2649 637 2721 Diligit,
666 2653 921 2722 exquirit,
952 2651 1352 2723 complectitur,
1382 2650 1627 2714 attrahit,
1656 2648 1856 2713 ambit;

435 2724 676 2796 Pectoris
692 2749 902 2796 mterna
937 2755 1227 2809 secumque
1257 2740 1593 2795 recondctin
1623 2754 1783 2794 arca.-.

728 2812 731 2817 ’
1088 2842 1111 2869 e
1133 2828 1333 2885 CCXL.
1354 2820 1361 2879 f
1652 2844 1655 2845 ν

852 2925 871 2965 ί
902 2924 982 2979 Ad
995 2960 1000 2965 -
1014 2924 1252 2980 eutndem
1282 2921 1587 2977 Paulinum.

434 3013 534 3071 Hic
558 3013 813 3071 Paulinus
838 3032 1005 3072 ovans
1034 3024 1146 3071 toto
1172 3017 1479 3085 requiescat
1504 3016 1530 3054 ⁸
1552 3016 1607 3070 ἰη
1632 3029 1766 3077 :cvo,

436 3104 653 3173 Hocque
682 3096 857 3160 cubile
885 3115 1041 3175 pater
1068 3106 1261 3175 dignus
1284 3107 1538 3175 dignetur
1562 3105 1783 3159 habere.

432 3196 648 3252 Invidus
674 3196 778 3251 hoc
809 3195 1059 3264 templum
1090 3207 1363 3263 nunquam
1392 3203 1731 3264 pertranseat
1759 3196 1951 3258 hostis,
1978 3244 1984 3251 .

435 3284 513 3339 Ne
534 3288 730 3342 charos
755 3286 949 3341 animis
978 3280 1156 3340 subito
1185 3285 1454 3355 disjungat
1484 3286 1707 3349 amicos,

432 3375 578 3442 Quos
596 3374 798 3432 Christi
824 3377 1062 3433 charitas
1090 3377 1284 3431 charos
1312 3376 1586 3445 conjunxit
1613 3378 1834 3433 amicos.

1100 3465 1321 3521 CCXLI.

1025 3552 1107 3608 Ad
1142 3555 1400 3628 eumdem.

350 3702 361 3705 ι
428 3644 476 3707 0
503 3643 723 3700 Pauline
751 3644 929 3709 Pater,
960 3654 1165 3717 pastor,
1197 3646 1525 3715 patriarcha,
1560 3650 1832 3713 sacerdos,

430 3738 573 3792 Vita!
590 3753 718 3807 pars
744 3736 954 3799 melior,
991 3742 1189 3791 nostra:
1216 3751 1341 3805 pars
1372 3736 1567 3807 inclyta
1593 3738 1716 3793 vita:
1742 3741 1754 3793 !
1918 3724 1920 3727 l

429 3829 517 3881 Sis
544 3843 750 3882 memor
774 3826 951 3882 Albini
983 3827 1153 3883 sacris
1181 3827 1440 3883 altaribus
1468 3838 1672 3895 astans,

429 3916 493 3971 Et
523 3917 705 3972 dulces
737 3919 831 3971 int'
852 3934 879 3971 r
907 3918 1191 3989 lacrymas,
1222 3933 1384 3987 super
1412 3918 1783 3986 oraﬂuentes,

426 4005 558 4059 Dic:
588 4000 849 4060 Miserere
875 4007 1017 4062 Deus
1046 4015 1231 4063 nostro
1260 4009 1556 4066 clementer
1581 4012 1774 4079 amico,
1801 4064 1809 4071 .

423 4096 859 4166 Criminibusque
890 4098 1005 4151 suis
1029 4098 1779 4174 veniam‘largirebenignus,

429 4182 497 4240 Ut
526 4191 575 4240 te
603 4200 724 4240 cum
756 4184 958 4259 sanctis
989 4184 1147 4240 liceat
1170 4185 1389 4242 laudare
1414 4203 1512 4258 per
1536 4205 1745 4261 mvum.
1808 4226 1815 4233 κ

422 4279 773 4350 Omnipotens
800 4278 976 4333 Patris
1002 4279 1192 4344 virtus,
1226 4280 1486 4349 sapientia
1511 4281 1776 4347 Christus,

420 4370 743 4428 Obsecro-te
760 4371 992 4441 supplex
1020 4378 1133 4425 toto
1161 4370 1227 4425 de
1255 4379 1471 4441 pectore
1493 4387 1728 4443 pauper;

424 4458 493 4515 Ut
522 4469 611 4514 tua
639 4469 921 4516 conservet
948 4460 1228 4515 Paulinum
1257 4461 1478 4516 dextera
1505 4477 1739 4532 semper,

420 4550 693 4622 Protegat,
720 4559 881 4620 atque
908 4560 1076 4621 regat,
1106 4553 1375 4615 virtutum
1389 4552 1609 4611 ﬂoribus
1637 4564 1813 4611 ornet.

488 4674 514 4702 ι
538 4660 635 4716 Ms.
663 4658 801 4730 Sal.,
838 4656 1054 4730 comple.

489 4732 518 4772 δ
549 4730 648 4788 Ms.
672 4729 807 4797 Sal.,
842 4730 1049 4800 dignus.

488 4814 511 4842 ε
538 4802 635 4859 Ms.
661 4800 796 4867 Sal.,
818 4804 925 4856 ima
948 4800 1110 4853 mimi.

484 4870 511 4913 ά
536 4872 643 4928 Ms.
659 4871 799 4937 Sal.,
824 4871 1007 4927 Lecta.
1088 4882 1093 4886 ‘

456 4974 513 5039 ~_°
535 4961 826 5039 Saguntia
847 4965 953 5021 duo
973 4964 1210 5039 carmina
1235 4962 1425 5039 iu_cod.
1448 4969 1548 5018 ius.
1570 4964 1763 5033 Sslisb.
1786 4986 1851 5025 ex
1875 4987 1982 5039 quo

413 5033 574 5106 etiam
602 5034 855 5106 nqnnulla
884 5036 1075 5090 menda
1104 5035 1458 5097 correximus,
1486 5050 1608 5090 cum
1652 5033 1978 5106 praecedenti

412 5104 616 5171 absque
641 5101 903 5171 divisione
930 5114 1338 5161 connectuntur.
1652 5101 1671 5106 ’
1828 5143 1838 5151 .

433 5224 445 5247 ._
486 5172 513 5211 ί
635 5169 907 5247 Catelinot
916 5173 1023 5247 hoc
1041 5190 1257 5247 carmen
1281 5175 1489 5230 censuit
1507 5189 1626 5230 esse
1645 5176 1975 5247 epitaphium

412 5241 642 5315 Paulini.
692 5241 860 5315 Aliud
878 5242 1162 5298 dicendum
1179 5246 1282 5310 ,‘si
1324 5260 1510 5301 versus
1555 5246 1643 5300 isti
1676 5241 1809 5315 pars
1850 5259 1978 5304 sunt

414 5311 611 5383 prioris
633 5312 914 5374 caminis,
941 5320 1102 5381 prout
1130 5324 1257 5368 sunt
1291 5315 1342 5369 in
1371 5316 1465 5370 cit.
1492 5311 1974 5374 codice’Salishur-

411 5381 592 5456 gensi;
626 5389 953 5456 quapropter
972 5397 1133 5456 voces
1158 5383 1283 5447 Hic,
1310 5423 1369 5456 ,ν
1389 5386 1587 5456 hocque
1608 5384 1774 5440 cubile
1879 5389 1976 5443 Iroc

412 5450 655 5523 {emplum
692 5450 1033 5533 interpretor;
1148 5450 1545 5533 pectorisque,
1574 5471 1678 5524 qua
1702 5471 1771 5533 se
1794 5456 1975 5533 Pauli-

415 5522 539 5596 num
568 5522 937 5596 recendidisse
963 5522 1119 5596 ajtin
1146 5536 1304 5596 versu
1322 5524 1521 5596 _ulti_mo
1548 5522 1804 5596 carminis
1831 5529 1971 5596 prio-

416 5588 508 5659 ris.
558 5590 639 5645 Cl.
667 5590 952 5661 Madrisius
978 5589 1078 5659 0p.
1108 5592 1282 5647 sancti
1322 5592 1525 5649 Paulini
1550 5636 1565 5657 ,
1614 5597 1666 5649 in
1711 5588 1983 5661 ejus-Vita.

413 5658 536 5731 cap.~
560 5661 646 5725 15,
676 5676 825 5716 num.
852 5660 939 5725 ti,
968 5658 1087 5729 pag.
1112 5675 1341 5731 nutu,
1374 5663 1473 5717 hos
1492 5680 1681 5720 versus
1710 5658 1781 5719 ita
1810 5668 1975 5721 inter—

413 5728 759 5801 pretatur,.ut
784 5744 975 5788 sensus
1001 5728 1109 5787 sit:
1156 5748 1176 5784 ‹
1223 5728 1439 5788 Utinam
1482 5733 1734 5793 Paulinus
1778 5737 1865 5794 hic
1898 5736 1972 5809 (id

1628 306 1960 407 caninas.
1999 381 2069 392 —
2100 349 2193 404 AD
2226 345 2501 407 VARIOS.

2040 467 2087 520 Α
2118 457 2304 527 Tuque
2333 458 2521 523 Maria,
2554 455 2647 512 Dei
2675 456 2944 523 Genitrix,
2978 460 3316 516 sanctissima
3341 460 3528 533 Virgo,

3579 354 3682 413 790

2120 547 2385 616 Prospera
2414 554 2605 602 cuncta
2636 562 2758 602 meo
2786 545 3008 604 Paulino
3035 564 3216 617 posce,
3245 567 3553 621 precamur,

2121 636 2192 691 Ut
2219 637 2412 707 vigeat,
2435 638 2610 691 valeat
2636 636 2837 692 Christi
2870 638 3106 707 repletus
3133 654 3336 695 amore.

2119 725 2228 780 Vos
2253 741 2488 795 quoque,
2511 727 2677 781 chara
2699 726 2858 780 simul
2880 737 3192 783 sanctorum
3216 730 3371 784 turba
3394 730 3623 786 Tonanti
3636 731 3685 785 ιι.

2118 814 2219 882 Qui
2246 816 2457 871 bibulas
2480 816 2636 885 proni
2665 818 2882 871 monitis
2908 817 3220 873 caelestibus
3246 834 3427 885 aures,

2118 904 2370 959 Ecclesia:
2395 904 2605 969 Patres,
2632 906 2896 961 habuistis
2926 896 3139 977 semper
3164 916 3402 979 apertas,

2118 994 2185 1048 Et
2212 1009 2357 1049 nunc
2374 1008 2504 1048 cum
2529 993 2745 1049 Christo
2771 995 3028 1050 ccelestia‘
3044 1013 3207 1068 regna
3235 1000 3457 1062 tenetis;

2116 1088 2348 1144 Fundite
2371 1103 2578 1159 proque
2608 1089 2711 1144 mei
2739 1088 2970 1155 Paulini,
3001 1105 3185 1160 posco,
3215 1092 3389 1147 salute

2115 1179 2263 1235 Cum
2279 1180 2477 1249 pietate
2503 1196 2693 1249 preces
2722 1196 2934 1236 summo
2961 1196 3123 1251 super
3144 1184 3321 1239 omnia
3352 1185 3484 1256 regi.

2117 1270 2189 1327 Ut
2215 1271 2414 1342 vigeat,
2442 1270 2620 1324 valeat
2643 1270 2847 1327 Christi
2866 1276 3143 1342 praecepta
3172 1282 3406 1329 secutus.

2115 1358 2183 1415 Et
2205 1374 2301 1414 vos
2326 1358 2581 1414 Ecclesiae
2607 1358 2854 1432 [sancte]
2885 1362 3224 1416 sanctissima
3253 1362 3433 1432 proles

2112 1448 2172 1502 In
2202 1464 2486 1504 commune
2512 1460 2709 1520 precer
2734 1458 3009 1520 prostrato
3039 1467 3264 1521 corpore
3297 1454 3458 1509 terris
3484 1457 3497 1495 ί

2116 1536 2318 1610 [thue
2342 1540 2451 1615 mei
2481 1555 2668 1595 curam
2698 1539 2907 1595 Paulini
2935 1542 3184 1597 habeatis
3212 1542 3263 1596 in
3290 1558 3463 1597 aevum
3490 1543 3502 1593 i
3522 1543 3560 1614 ι,

2113 1629 2258 1684 Illius
2284 1637 2343 1684 et
2364 1629 2528 1684 vitam
2558 1631 2812 1699 precibus
2839 1633 3200 1687 commendite
3228 1632 3468 1711 Christo,

2114 1721 2187 1780 Ut
2211 1723 2411 1793 vigeat,
2436 1723 2615 1777 valeat
2643 1724 2885 1795 longaevo
2915 1731 3157 1794 tempore
3183 1712 3385 1780 sanus.

2042 1796 2351 1886 B'Angelici
2380 1814 2571 1871 faciem
2602 1825 2777 1871 coetus
2802 1815 2893 1886 qui
2921 1816 3144 1870 cernitis
3170 1816 3363 1874 almam

2113 1903 2364 1973 Perpetui
2393 1902 2574 1959 Patris
2602 1904 2809 1960 caelesti
2840 1906 2893 1959 in
2918 1905 3152 1961 culmine
3178 1921 3411 1978 semper,

2111 1993 2379 2062 Expansis
2407 1994 2657 2049 manibus
2686 1994 2877 2050 humili
2907 1995 3002 2050 sed
3031 2005 3250 2065 pectore
3276 2012 3459 2069 posco,

2072 2090 2075 2091 '
2112 2082 2221 2136 Vos
2249 2097 2463 2152 quoque
2486 2082 2773 2161 Paulinum
2800 2086 3054 2154 precibus
3082 2086 3353 2143 defendite
3379 2079 3592 2161 vestris,

2112 2172 2183 2229 Ut
2206 2173 2443 2245 gaudens
2474 2160 2679 2245 regnet,
2709 2182 2892 2231 vestro
2918 2178 3157 2232 sociatus
3182 2178 3398 2244 honori,

2109 2263 2456 2334 Alteriusque
2486 2263 2581 2318 Dei
2609 2265 2885 2321 vobiscum
2915 2265 3163 2322 laudibus
3187 2268 3345 2330 adsit,

2110 2353 2295 2424 Regna
2321 2355 2480 2409 beata
2507 2363 2719 2420 tenens,
2750 2353 2876 2409 felix
2906 2356 3023 2411 sine
3050 2355 3176 2422 line,
3207 2357 3472 2426 polorum.

2110 2443 2220 2500 llos
2243 2460 2379 2517 :ogo
2408 2446 2707 2502 versiculos
2731 2446 2956 2514 habeas,
2984 2448 3146 2503 Pater
3170 2448 3394 2523 optime,
3425 2458 3623 2514 tecum,

2110 2534 2181 2590 Ut
2211 2543 2300 2590 tua
2334 2552 2488 2609 mens
2516 2546 2782 2594 memoret
2804 2537 2927 2593 laeto
2959 2554 3060 2609 pro
3090 2541 3331 2597 carmine
3361 2554 3546 2597 natum
3568 2544 3593 2581 ιι

2108 2624 2193 2679 Sit
2219 2626 2314 2683 tibi
2334 2616 2587 2683 Christus
2608 2643 2783 2692 amor,
2798 2627 2992 2695 virtus,
3018 2630 3200 2695 decus,
3220 2632 3401 2687 omnia
3417 2631 3683 2697 Christus,

2108 2715 2192 2770 Sit
2218 2716 2325 2780 via,
2353 2716 2486 2780 vita,
2515 2718 2677 2780 salus,
2707 2733 2832 2796 spes
2857 2729 2913 2774 et
2935 2720 3075 2784 laus,
3102 2722 3271 2792 gloria
3298 2738 3509 2792 perpes,

2022 2812 2027 2817 ‘
2107 2805 2333 2876 Semper
2352 2807 2411 2865 in
2441 2824 2536 2865 ore
2564 2817 2739 2885 sonet,
2757 2818 3089 2882 maneatque
3118 2813 3170 2867 in
3201 2812 3419 2883 pectore
3447 2822 3682 2884 semper,

2109 2895 2180 2950 Ut
2209 2888 2306 2954 tibi
2336 2914 2457 2953 cum
2486 2900 2689 2955 sanctis
2718 2900 2920 2955 tribuat
2949 2901 3186 2957 cmlestia
3214 2919 3377 2973 regna
3401 2918 3418 2959 :

2107 2983 2222 3049 Qua
2253 3002 2461 3042 memor
2487 2999 2606 3044 esto
2635 2991 2713 3075 tui
2743 2992 2885 3055 nati,‘
2906 2998 2962 3048 te
2985 3007 3150 3063 posce
3180 3007 3277 3064 per
3302 2994 3477 3063 illum,

2108 3074 2210 3140 Qui
2242 3081 2292 3129 te
2316 3088 2631 3145 perpetuam
2664 3079 2784 3134 caeli
2816 3080 3124 3135 deducat-in
3150 3081 3347 3137 aulam.

2027 3141 2075 3206 ο
2107 3162 2173 3215 Et
2201 3141 2344 3217 nunc
2372 3141 2429 3218 et
2452 3162 2685 3239 semper,
2717 3166 2791 3219 mi
2822 3168 2895 3221 mi
2924 3167 3166 3234 Pauline,
3197 3170 3395 3223 valeto.

2103 3252 2376 3309 Carminis
2403 3255 2505 3329 hic
2523 3255 2685 3310 linem
2715 3256 2967 3328 lacrymis
2993 3256 3255 3315 faciemus
3277 3262 3484 3318 obortis
3508 3258 3529 3303 ι

2105 3342 2211 3399 Sed
2242 3361 2515 3415 nunquam
2544 3348 2685 3403 sacri
2718 3347 2879 3404 linem
2910 3348 3173 3408 faciemus
3201 3352 3436 3411 amoris...

2772 3478 3035 3538 CCXLIL

2705 3602 2785 3655 Ad
2818 3604 3076 3659 eumdem.

2100 3736 2206 3791 Fer
2232 3736 2425 3797 festina
2455 3736 2601 3791 Patri
2628 3736 2852 3791 Paulino
2883 3738 3348 3805 chartasalutem,

2167 3829 2288 3893 Dic,
2318 3827 2539 3883 Pauline
2568 3826 2750 3893 Pater,
2778 3828 2952 3885 dulcis
2980 3831 3155 3885 amice
3180 3842 3242 3895 ιιι,
3274 3832 3410 3888 vale.

2097 3919 2269 3975 Janua
2297 3935 2459 3990 parva
2488 3922 2727 3991 quidem,
2754 3930 2809 3977 et
2835 3938 3033 3993 parvus
3061 3925 3335 3981 habitator
3360 3926 3413 3982 in
3438 3927 3549 3983 aede
3572 3936 3675 3995 est,

2098 4011 2216 4067 Non
2246 4026 2469 4081 spernas
2496 4012 2745 4078 nardum,
2773 4013 2963 4079 lector,
2998 4016 3052 4070 in
3079 4032 3306 4088 corpore
3330 4010 3577 4089 parvam,

2095 4099 2217 4154 Jam
2248 4101 2454 4156 redolet
2483 4104 2683 4157 nardus
2710 4104 2918 4171 spicato
2946 4106 3190 4174 gramine
3216 4108 3462 4163 multum.

2097 4188 2178 4243 Me
2206 4189 2341 4257 lapis
2368 4191 2644 4267 egregium
2672 4199 2851 4259 portat
2881 4192 2976 4246 tibi
3004 4207 3232 4263 corpore
3256 4210 3444 4265 parvo.

2096 4277 2266 4331 Parva
2293 4278 2507 4347 quidem
2536 4294 2625 4334 res
2654 4288 2737 4335 cst
2764 4280 3063 4346 oculorum,
3093 4298 3280 4349 cerne,
3309 4287 3544 4356 pupilla;

2095 4366 2202 4422 Sed
2232 4370 2372 4437 regit
2397 4369 2625 4439 imperio
2642 4371 2855 4426 vivacis
2881 4374 3123 4442 corporis
3148 4384 3340 4430 actus:
3546 4366 3547 4369 “

2016 4490 2067 4549 D
2096 4457 2189 4513 Sic
2219 4459 2358 4529 regit
2387 4460 2501 4531 ipse
2526 4460 2743 4517 demum
2778 4472 2944 4519 totam
2972 4465 3075 4520 sibi
3103 4464 3369 4523 Nardulus
3395 4469 3591 4535 istam,
3683 4482 3691 4492 '

2091 4549 2328 4607 Nardulo
2348 4561 2397 4617 ιι,
2427 4552 2515 4607 die
2541 4552 2711 4608 lector
2737 4569 2986 4624 pergens,
3023 4564 3079 4611 tu
3104 4559 3347 4627 parvule,
3376 4560 3540 4616 salve.

2090 4671 2200 4741 est,
2243 4663 2297 4717 in
2325 4663 2553 4741 ecclesia
2585 4665 2925 4741 Martiniana)
2972 4670 3308 4741 requiescat,
3358 4673 3537 4741 ibique
3584 4690 3668 4730 δον

2089 4734 2359 4805 pulturam
2394 4734 2589 4805 eligere
2615 4734 2914 4805 dignetur;'
2945 4745 3004 4789 ut
3047 4734 3104 4791 in
3142 4741 3330 4794 eadem
3373 4734 3669 4801 tumulatus

2090 4804 2308 4925 istasilica
2337 4819 2479 4907 'cum
2525 4803 2751 4858 Alcuiiio
2802 4805 3250 4862 resurrectionem
3297 4821 3590 4881 exspectet.
3641 4835 3661 4869 ο

2131 4888 2312 4925 omnia
2338 4914 2349 4925 .

2131 4888 2312 4927 omnia
2338 4888 2349 4925 Ζ

2164 4946 2189 4983 ε
2216 4943 2380 5006 Edit.,
2410 4942 2697 5011 requiescit.

2158 5014 2180 5052 ι)
2213 5012 2310 5065 Ms.
2339 5010 2483 5072 Sal;
2506 5010 2813 5066 Tonantem.

2163 5083 2175 5122 i
2213 5082 2379 5143 Edit.,
2408 5090 2670 5149 prostrata
2699 5098 2911 5149 corpore
2936 5102 3120 5143 sanus.

2154 5148 2171 5199 ἀ
2210 5151 2361 5229 lianc
2383 5148 2598 5229 versum
2619 5165 2684 5204 ex
2707 5148 2824 5229 cod.
2851 5169 2950 5208 ms.
2970 5154 3167 5229 saliSb.
3193 5160 3266 5214 ita
3291 5163 3655 5229 restituimus;

2081 5219 2135 5275 in
2160 5220 2318 5274 editis
2340 5219 2486 5272 enim
2514 5218 2587 5273 ita
2613 5221 2869 5278 mendose
2892 5228 3119 5283 sonabat
3148 5246 3161 5285 ε

2142 5307 2366 5371 Angeliei
2386 5309 2561 5359 faciem
2585 5311 2781 5360 cbaram
2805 5313 2991 5365 Paulini
3021 5317 3239 5370 habeatis
3256 5322 3305 5369 in
3322 5334 3497 5375 avum.

2154 5393 2177 5433 ι
2208 5392 2372 5457 Edit.,
2404 5403 2610 5449 narunt.

2161 5459 2172 5499 ¹
2207 5461 2373 5525 Edit.,
2408 5465 2622 5518 aptatis.
2972 5486 2977 5493 ·

2150 5544 2187 5615 ξι
2214 5530 2603 5615 ClLMadrisius
2626 5534 2725 5589 loc.
2744 5537 2833 5591 cit.
2848 5537 3101 5615 'Append.
3124 5539 3172 5615 l_,
3194 5550 3428 5615 poemat.
3455 5542 3507 5606 ι,
3531 5559 3655 5615 pag.

2078 5602 2207 5682 315,.
2217 5600 2330 5680 .ait,
2358 5601 2411 5654 in
2442 5602 2556 5682 hoc.
2571 5614 2817 5670 poemate
2846 5600 3072 5676 aenigma
3100 5600 3316 5677 aliquod
3343 5600 3671 5679 solvendum

2079 5670 2305 5725 Paulino
2332 5685 2431 5739 pro
2505 5670 2581 5725 ni.

2153 5749 2179 5779 η
2205 5737 2386 5794 Forte.
2423 5685 2581 5794 mni.

2153 5749 2179 5779 η
2205 5737 2386 5809 Forte,
2423 5737 2683 5794 Nardule.
