4226 6184
649 168 741 252 791
1480 194 1536 246 η.
1577 192 1634 245 r.
1678 186 1907 243 annm
1943 188 2073 243 seu
2114 187 2380 241 .-\t.(.’l.’t.\‘t
2421 188 2701 243 ortzncn
2742 188 2917 243 mus
2954 188 3037 242 γε.

1279 304 1540 358 CCXLI".

1108 396 1183 448 Ad
1224 393 1660 463 Thcaphylartum
1684 407 1705 431 η
1719 434 1730 444 .

620 470 1039 554 ’Τῐιρονῐιςῐπιθ
1063 482 1241 546 Pater,
1271 482 1473 550 sophia:
1503 490 1559 534 tu
1587 482 1774 536 doctor
1798 482 2081 537 honestus.

710 575 980 630 Laudibus
1006 573 1236 643 egregiis
1264 572 1443 625 clarus
1470 570 1523 624 in
1548 571 1680 623 orbe
1705 568 1910 638 procul.

639 665 697 721 In
729 681 894 738 regno
918 679 1161 735 magnus,
1192 662 1365 717 clarus
1394 664 1447 715 in
1478 661 1597 715 orbe
1625 662 1812 714 videris
1837 661 1862 698 ι)
1888 676 1909 712 τ

707 759 856 812 Dona
886 757 962 811 tui
992 755 1168 811 cordis
1199 760 1505 830 sunt‘nova,
1537 753 1617 804 vel
1644 760 1846 805 vetera.

642 848 800 910 Urbs,
815 857 973 918 caput
987 847 1153 907 orbis,
1168 845 1331 899 habet
1353 853 1402 896 te
1426 843 1657 896 maxima
1673 842 1841 896 llatna
1862 842 2199 912 magistrum,

707 944 882 1005 Verba
910 942 1096 997 salutis
1123 940 1290 995 habes
1323 953 1534 1006 semper
1560 937 1611 989 in
1639 951 1733 991 ore
1761 946 1873 989 tuo.

640 1033 898 1091 Omnibus
921 1046 985 1087 es
1006 1030 1157 1085 mitis
1181 1036 1366 1085 sancta
1396 1029 1597 1096 pietate
1625 1026 1906 1095 magistra,

707 1122 838 1189 Qua:
864 1120 1001 1177 solet
1025 1120 1311 1191 egregium
1329 1132 1424 1172 eor
1450 1116 1697 1170 habitare
1722 1100 1893 1171 tuum.

637 1212 798 1283 232
821 1211 877 1265 ln
901 1225 1010 1282 qua
1037 1223 1247 1278 meque,
1275 1221 1497 1276 precor,
1526 1205 1733 1274 gremio
1758 1204 2039 1258 charitatts
2068 1219 2203 1257 :lllll-
2236 1282 2239 1283 ν

1976 1294 2129 1364 [cum
2152 1305 2196 1356 τ,

706 1393 821 1449 Sim
847 1394 971 1451 licet
1000 1394 1233 1464 ignotus,
1263 1389 1494 1458 suscipe,
1533 1394 1737 1451 sancte,
1767 1382 1884 1439 tibi.

636 1484 772 1541 Nam
797 1484 1073 1555 Scriptura
1101 1483 1245 1538 canit
1270 1495 1397 1535 vero
1422 1478 1791 1547 paradigmata
1809 1476 1833 1515 ἀ
1859 1485 2051 1530 sancta

703 1575 979 1639 Carmine,
1004 1589 1124 1644 qua:
1148 1571 1335 1627 laudes
1363 1569 1701 1625 concelebrat
1727 1568 1946 1636 sophian

637 1664 727 1721 Sic
753 1663 947 1737 [novus
964 1662 1021 1737 γ’]
1046 1672 1105 1718 ut
1130 1670 1365 1719 mustum
1395 1670 1577 1725 tecum
1600 1665 1901 1713 veterascet
1926 1657 2152 1719 amicus,

705 1756 796 1812 Sic
823 1756 981 1812 hodie
1009 1755 1162 1810 dulce
1187 1752 1348 1817 bibis,
1379 1751 1553 1807 dulcis
1579 1749 1789 1802 amicus
1812 1750 1937 1801 erit.

635 1846 853 1902 Dixerat
880 1854 933 1901 ct
958 1844 1183 1908 Paulus,
1205 1844 1397 1898 doctor
1418 1841 1751 1895 clarissimus
1781 1840 1952 1901 urbis,

702 1935 913 2012 Cuncta.
933 1934 1156 2006 probate
1183 1934 1355 2002 prius,
1388 1945 1614 2001 qumque
1644 1940 1820 1985 tencte
1846 1930 2005 1983 bona.

632 2028 866 2086 Obsecro
895 2038 945 2084 te
971 2027 1189 2097 supplex
1221 2027 1421 2087 animo,
1451 2038 1541 2079 me
1562 2037 1815 2093 spernere
1844 2022 1971 2079 noli.

703 2121 809 2176 Sed
843 2122 998 2176 solita
1036 2120 1256 2175 fratrem
1290 2133 1377 2172 me
1410 2118 1611 2186 pietate
1646 2116 1835 2185 proba.

630 2208 801 2280 Larga
824 2211 1040 2281 quidem
1066 2209 1304 2263 charitas
1328 2205 1527 2260 Christi
1558 2204 1694 2259 solet
1722 2219 1841 2258 esse
1868 2218 1966 2272 per
1986 2201 2196 2263 orbem,

700 2299 756 2353 lu
789 2299 1050 2368 gremium
1079 2297 1276 2352 multos
1303 2302 1596 2366 congregat
1625 2295 1717 2347 illa
1740 2308 1915 2347 suiim.

630 2388 728 2455 Qui
759 2390 813 2444 in
837 2390 1337 2455 charitatelmanet,
1365 2394 1546 2457 portat
1572 2386 1633 2439 in'
1658 2394 1874 2455 pectore
1899 2381 2195 2440 Christum,

704 2481 840 2535 Vera
868 2481 1079 2550 quidem
1106 2480 1347 2535 charitas
1371 2477 1627 2532 est-Deus
1655 2476 2017 2543 omnipotens.

629 2570 730 2640 Qui
762 2571 1015 2640 prodesse
1039 2576 1235 2639 tuest,
1262 2582 1366 2622 non
1395 2574 1479 2621 est
1504 2566 1837 2635 spernendus
1865 2563 2071 2617 amicus
2095 2578 2109 2619 :

702 2658 797 2715 Vel
826 2658 1080 2729 prodesse
1104 2656 1264 2718 valet,
1296 2656 1435 2711 alter
1458 2655 1665 2709 amicus
1690 2655 1759 2708 ei.

629 2744 835 2805 Profuit
858 2755 917 2800 ut
940 2745 1185 2802 Christus
1205 2743 1316 2812 jam
1342 2745 1565 2798 vulnera
1596 2744 1721 2798 dira
1742 2741 2003 2812 gementi,

701 2837 758 2892 ln
784 2850 969 2893 curam
996 2850 1247 2891 nummos
1274 2834 1496 2903 protulit
1526 2844 1689 2903 atque
1716 2836 1871 2889 duos.

633 2927 742 2984 "ac
768 2930 987 2999 pietate,
1016 2942 1224 2997 precor.
1258 2942 1345 2982 me
1374 2934 1430 2980 tu
1461 2926 1558 2980 tibi
1587 2926 1798 2995 suscipe
1827 2925 2069 2989 fratrem,

697 3018 755 3073 lu
782 3017 996 3073 Christo
1024 3016 1221 3072 fratres
1245 3017 1419 3087 gratia
1447 3032 1549 3073 nos
1575 3016 1776 3085 genuit.

697 3108 921 3182 [Inclyta
949 3124 1047 3164 nos
1074 3108 1269 3163 fratres
1294 3124 1399 3167 una
1430 3106 1561 3163 fides
1590 3096 1818 3179 genuit].

632 3196 844 3254 Suadeo
870 3199 1065 3269 quippe
1091 3200 1209 3262 tibi,
1238 3201 1424 3259 doctor
1449 3197 1750 3253 clarissime
1778 3198 1986 3261 mundi,

639 3308 647 3314 '
701 3287 773 3344 Ut
798 3288 1037 3343 doctrina
1070 3303 1224 3342 sacro
1251 3296 1433 3343 currat
1461 3273 1530 3343 ab
1560 3304 1653 3344 ore
1679 3297 1792 3343 tuo.

627 3376 881 3435 Chartula
912 3376 1179 3433 scribatur
1203 3379 1347 3437 vitm,
1378 3378 1625 3431 mittatur
1651 3378 1670 3415 ί
1698 3379 1918 3446 ubique,

698 3467 1029 3523 Prmtitulata
1056 3467 1148 3537 pio
1173 3467 1388 3522 nomine
1414 3468 1730 3538 apostolico.

628 3556 719 3614 Sic
747 3565 837 3612 tua
866 3556 984 3612 laus
1013 3557 1239 3623 crescit;
1275 3572 1485 3613 merces
1513 3558 1591 3612 sic
1620 3572 1808 3627 magna
1837 3557 2077 3612 manebit

698 3647 907 3701 Pastori
938 3662 1149 3703 summo
1178 3648 1321 3704 sedis
1349 3649 1675 3719 apostolicae.

627 3736 793 3804 Cujus
819 3750 1000 3790 amore
1025 3733 1123 3803 pio
1140 3739 1443 3791 commenda
1472 3751 1572 3802 me,
1603 3755 1748 3809 rogo,
1776 3738 1943 3808 frater
1962 3743 2009 3801 8,

695 3825 1045 3881 Commendet
1067 3824 1283 3881 Christo
1308 3834 1368 3881 ut
1394 3841 1479 3880 me
1506 3837 1660 3895 pater
1684 3842 1780 3883 ore
1808 3843 1925 3883 suo.

626 3914 733 3969 Vos
760 3915 964 3983 pariter
986 3922 1171 3984 patres
1199 3930 1411 3985 semper
1435 3915 1549 3970 sine
1580 3915 1689 3969 ﬁne
1712 3915 1911 3980 valete,

697 4005 927 4061 Dextera
953 4019 1051 4060 vos
1074 4003 1274 4060 Christi
1304 4013 1548 4076 protegat
1578 4014 1740 4075 atque
1769 4015 1942 4075 regat.

626 4188 649 4227 ιι
676 4186 756 4238 Ad
792 4184 1031 4256 Aquilam
1059 4104 1683 4255 '(Arnonfn?)k:pli::opum
1723 4152 2185 4269 Salisburgeusem.

3746 188 3854 245 791

2222 304 2264 354 Λ
2299 299 2574 352 inventum
2604 308 2662 352 ut
2688 300 2883 363 valeat,
2910 300 3123 353 milleuu
3154 304 3391 354 carmine
3422 312 3600 359 cauti.

2368 389 2545 442 Albini
2575 388 2755 443 officio
2783 391 2798 429 ί
2828 390 2913 443 dic
2939 391 3056 444 vale
3084 400 3420 460 perpetuum.

2300 479 2395 531 Dic
2419 497 2431 531 :
2473 467 2675 533 Mémur
2696 488 2816 534 esto
2845 480 2919 533 tui
2946 494 3175 549 semper,
3210 481 3371 536 Pater
3396 484 3556 547 alme,
3584 486 3853 556 magistri,

2368 569 2421 621 lu
2451 568 2704 637 precibus
2727 570 2918 632 sacris,
2948 585 3043 638 per
3071 570 3188 625 loca
3217 582 3402 628 sancta
3428 574 3665 629 Patrum.

2301 658 2392 710 Dic
2408 673 2637 727 quoque,
2660 659 2745 712 die
2758 659 2975 729 supplex
2988 701 3002 723 ,
3016 660 3122 725 die,
3145 676 3326 730 quzcso
3345 662 3390 725 i,
3405 673 3590 719 sancte
3604 666 3859 721 sacerdos

2367 747 2636 804 Justitiam
2664 764 2886 820 sequere
2912 766 3125 821 semper
3150 753 3202 806 in
3228 769 3322 809 ore
3349 764 3459 810 tuo.

2299 841 2412 896 Non
2446 840 2541 895 tibi
2567 841 2840 897 blanditia:
2866 843 3007 897 saecli
3037 859 3139 899 non
3167 860 3308 900 vana
3334 848 3578 918 voluptas
3602 850 3652 911 ι.

2368 930 2483 984 Non
2510 931 2672 985 timor
2695 941 2789 985 aut
2815 941 2992 986 terror
3016 935 3193 989 cordis
3221 936 3276 989 in
3301 946 3459 992 antra
3481 940 3638 993 cadat
3662 955 3681 993 :

2300 1021 2458 1078 Plena
2486 1023 2747 1079 salutiferi
2777 1025 2871 1079 sed
2895 1026 3007 1099 jam
3033 1028 3225 1081 fiducia
3256 1028 3405 1083 verbi

2368 1113 2645 1170 Possideat
2670 1116 2881 1185 plenum
2905 1118 3097 1187 pectus
3122 1135 3305 1177 amore
3330 1121 3447 1175 Dei.

2299 1202 2565 1259 Juelicium
2592 1215 2801 1275 promat
2824 1208 3027 1276 justum
3056 1217 3147 1263 tua
3173 1210 3373 1279 lingua,
3401 1214 3675 1273 sacerdos,

2376 1294 2441 1350 Ut
2466 1293 2683 1349 Christo
2707 1294 2939 1363 placeat,
2966 1299 3221 1368 quidquid
3248 1300 3300 1353 in
3325 1314 3419 1355 ore
3446 1317 3627 1356 sonas.

2303 1386 2542 1455 Spiritus
2562 1401 2593 1438 e
2618 1386 2758 1441 cmlo
2785 1389 3004 1444 veniens
3032 1397 3121 1443 tua
3150 1399 3395 1458 pectora,
3420 1394 3632 1470 pracsul,

2371 1475 2650 1540 Lmtificet,
2680 1477 2903 1539 habitet,
2934 1472 3255 1543 sanctificat,
3282 1481 3505 1551 repleat.

2300 1568 2427 1622 Plus
2454 1578 2652 1622 :eterna
2683 1569 2777 1621 Dei
2804 1568 3000 1623 Christi
3032 1577 3113 1624 est
3142 1571 3425 1626 metuenda
3457 1582 3717 1642 potestas,

2231 1631 2275 1688 Β
2373 1656 2541 1723 Quam
2570 1665 2783 1711 terrena
2809 1656 3051 1727 quidem,
3077 1673 3200 1729 qum
3227 1658 3367 1713 velut
3394 1631 3577 1715 umbra
3607 1631 3774 1717 volat.

2297 1748 2645 1818 Omnipotens
2667 1747 2853 1817 iudex,
2880 1749 3041 1818 justis
3067 1750 3161 1820 qui
3187 1750 3407 1819 prtemia
3432 1754 3670 1821 pne-stat,

2366 1836 2469 1895 Dct-
2494 1841 2588 1895 tibi
2617 1841 2777 1895 verba
2803 1841 2904 1910 pia:
2928 1842 3078 1911 pacis
3105 1842 3163 1895 in
3187 1857 3285 1896 ore
3310 1850 3422 1896 tuo.

2299 1927 2559 1999 Tempora
2591 1938 2715 1983 sunt
2743 1932 2964 1985 nimium
2990 1930 3158 1985 variis
3187 1946 3329 1985 nunc
3356 1931 3510 2001 plena
3540 1931 3781 2002 periclis,

2366 2020 2496 2086 Qum
2522 2021 2790 2089 quondam
2822 2022 2992 2076 sancti
3024 2023 3377 2091 pnececinere
3401 2022 3607 2079 Patres.

2300 2110 2509 2165 .‘Etates
2538 2112 2833 2175 hominum,
2866 2127 3045 2167 mores
3074 2122 3350 2168 mutantur
3378 2123 3432 2168 et
3458 2123 3633 2179 actus,

2369 2200 2543 2269 thue
2572 2209 2840 2256 momenta
2868 2202 3102 2270 quidem.
3132 2203 3239 2256 vita
3266 2204 3372 2257 cito
3400 2203 3585 2274 fugiet.

2298 2288 2406 2345 Nec
2436 2290 2573 2345 redit
2606 2290 2719 2361 ipsa
2747 2290 2881 2355 dies,
2919 2292 3139 2356 mensis,
3171 2308 3297 2355 nos,
3331 2293 3463 2347 hora
3490 2291 3572 2348 vel
3598 2308 3796 2357 annus,

2368 2378 2473 2433 Sed
2502 2378 2708 2451 fugiens
2738 2380 2926 2451 fugiet,
2949 2381 3115 2437 fontis
3139 2392 3195 2437 ut
3225 2384 3367 2438 unda
3395 2381 3583 2440 ﬂuens.

2299 2469 2497 2525 Tristia
2524 2486 2580 2543 se
2606 2470 2743 2527 laetis
2771 2473 3073 2529 immiscent
3100 2481 3337 2545 tempora
3368 2478 3603 2542 nostris;

2368 2560 2542 2631 thue
2570 2558 2715 2617 vices
2745 2562 2950 2618 faciunt
2979 2580 3190 2636 noxque
3215 2564 3440 2637 diesque
3467 2558 3612 2632 suas,

2298 2649 2501 2705 Gaudia
2529 2652 2643 2721 jam
2672 2652 2909 2717 veniunt,
2940 2655 3164 2710 veniunt
3196 2664 3249 2711 et
3285 2658 3463 2713 tristia
3487 2659 3707 2713 statim:

2368 2741 2481 2797 Non
2508 2751 2592 2798 est
2616 2744 2704 2813 qui
2732 2743 2930 2811 fuerat,
2959 2747 3186 2802 transiet
3214 2750 3392 2803 omnis
3422 2751 3605 2805 homo.

2298 2832 2343 2888 Ο
2376 2832 2553 2899 Pater,
2593 2834 2795 2890 idcirco
2824 2835 3009 2902 facies,
3042 2838 3167 2892 dum
3200 2847 3409 2907 tempus
3437 2840 3683 2907 habebis,

2364 2922 2567 2989 Mente,
2592 2940 2773 2989 manu,
2807 2927 3006 2997 lingua,
3037 2945 3259 2999 qumque
3288 2933 3397 2988 Deo
3424 2934 3689 3003 placeant.

2297 3014 2401 3069 Ore
2429 3022 2583 3069 sonet
2608 3015 2808 3071 Christi
2841 3017 3025 3073 laudes
3053 3028 3108 3074 et
3135 3037 3259 3077 vera
3288 3023 3557 3094 loquatur,
3660 3007 3683 3018 ’

2365 3104 2433 3159 Et
2461 3112 2630 3160 totum
2662 3108 2864 3165 redolet
2891 3119 3079 3180 pectus
3107 3128 3292 3169 amore
3322 3115 3437 3170 Dei.

2295 3194 2482 3252 Totius
2510 3206 2670 3268 atque
2696 3199 2852 3255 bonis
2882 3202 3084 3257 instent
3104 3202 3218 3270 jam
3249 3206 3492 3274 corporis
3522 3216 3696 3271 actus,

2361 3288 2599 3345 Membra
2629 3291 2785 3345 simul
2812 3292 3026 3359 placitis
3050 3303 3205 3350 nocte
3232 3296 3424 3366 dieque
3448 3297 3575 3353 Deo.

2296 3378 2364 3433 Ut
2390 3386 2535 3433 totus
2560 3379 2773 3449 placeas
2800 3396 2993 3451 magno
3021 3391 3079 3437 tu
3099 3383 3281 3454 judice
3305 3384 3541 3451 Christo,

2368 3468 2435 3523 Ut
2470 3476 2524 3523 te
2552 3479 2832 3526 conservet
2863 3488 3075 3544 semper
3100 3476 3296 3546 ubique
3327 3478 3485 3533 Deus.

2291 3559 2483 3625 Posce,
2514 3569 2783 3618 memento
2812 3565 2909 3629 tui,
2937 3563 3132 3634 prmsul
3156 3568 3432 3637 praeclare,
3463 3570 3709 3639 magistri
3737 3568 3782 3632 ι,

2359 3648 2415 3704 1η
2446 3653 2712 3721 precibus,
2744 3654 2997 3725 lacrymis
3026 3670 3121 3724 per
3146 3657 3264 3712 loca
3294 3643 3478 3714 sancla
3509 3659 3678 3714 sacris
3700 3671 3738 3697 π·

2293 3743 2362 3798 Ut
2392 3745 2603 3797 veniam
2634 3746 2780 3799 mitis
2808 3755 3025 3814 prmstct
3052 3749 3136 3801 cui
3162 3747 3410 3804 Christus
3440 3751 3508 3805 ab
3535 3765 3683 3816 arce,

2361 3833 2489 3899 Quae
2517 3834 2682 3902 gessit
2709 3835 2970 3890 scelerqu
2999 3838 3103 3891 vita
3126 3837 3384 3901 nefanda,
3413 3856 3625 3910 precor.

2292 3920 2369 3974 'l'u
2404 3920 2519 3974 sine
2548 3919 2653 3975 fine
2680 3922 2818 3987 vale,
2850 3932 3054 3993 pastor,
3082 3926 3406 4012 patriarcha,
3436 3928 3712 3994 sacerdos,

2360 4006 2444 4061 Sit
2471 4008 2564 4063 tibi
2591 4009 2838 4066 Christus
2867 4028 3036 4078 amor,
3069 4014 3181 4079 lux,
3210 4016 3318 4082 via,
3338 4006 3478 4081 vvita,
3509 4016 3690 4074 salus!

2848 4101 3149 4157 CCXLIV
3191 4105 3286 4159 bis.

2884 4191 2966 4243 Ad
2994 4191 3254 4262 Aquilam.

3792 2478 3823 2487 κ

627 4282 728 4336 Per
754 4293 982 4348 montes,
998 4298 1217 4351 campos
1240 4283 1510 4351 Aquilam,
1540 4298 1658 4337 mea
1684 4286 1954 4349 chartula,
1982 4282 2181 4354 quaere,
2216 4310 2263 4367 ι)
2288 4275 2492 4353 Tingue
2524 4283 2690 4337 semel
2723 4283 2986 4336 calamum
3019 4282 3251 4336 charitas
3291 4282 3342 4334 in
3374 4282 3581 4353 gurgite
3606 4282 3804 4339 Christi

694 4370 1007 4426 Pontificem
1037 4369 1215 4440 magni
1244 4370 1477 4423 nominis
1500 4379 1557 4423 et
1582 4372 1759 4424 meriti
1783 4389 1821 4437 ς,

695 4517 720 4545 ο
748 4504 935 4575 Exstat
962 4505 1065 4560 hoc
1099 4517 1317 4559 carmen
1343 4504 1396 4558 in
1426 4505 1547 4575 cod.
1577 4501 2003 4575 Salisburgcnsi,
2036 4504 2190 4573 cujus

624 4572 888 4633 lectiones
906 4575 1177 4631 variantes
1202 4572 1597 4644 annotavimus.
1636 4574 1797 4635 Duos,
1829 4572 1918 4643 qui
1951 4572 2191 4644 tempore

624 4645 832 4726 Alcuini
856 4644 1105 4726 vixerunt
1120 4684 1135 4709 ,
1162 4644 1372 4726 reperio
1398 4642 1853 4726 Theophxlaetos,
1876 4658 2042 4724 unum
2059 4642 2186 4714 epi-

624 4724 844 4795 scopum
872 4706 1131 4796 Tuderti,
1169 4706 1403 4783 legatum
1432 4706 1653 4795 Adriani
1682 4706 1711 4767 ε
1733 4729 1903 4784 pane,
1935 4706 2187 4795 quicun-

624 4784 746 4839 cllio
772 4782 1113 4852 Calcbutensi
1135 4799 1274 4849 anno
1302 4784 1403 4839 788
1431 4780 1645 4852 prmfutt
1664 4823 1677 4845 ,
1714 4792 1768 4838 et
1802 4783 1866 4837 atl
1889 4782 2183 4852 concilium

625 4866 837 4921 quoque
860 4850 1339 4907 Francofordiense
1363 4850 1513 4906 anno
1529 4852 1633 4907 79b
1657 4853 1854 4908 missus
1878 4850 1998 4906 fuit.
2037 4852 2185 4906 Alte-

625 4937 743 4974 rum
774 4919 919 4974 sedis
944 4919 1246 4974 apostolicae
1274 4922 1579 4974 notarium.
1610 4921 1701 4974 aui
1730 4922 1947 4974 scribsit
1973 4922 2184 4974 litteras

624 4937 743 4974 rum
774 4935 886 4974 εθαι

625 4937 743 4984 rum
774 4934 919 4974 seats
944 4934 1246 4987 aposwtzcze
1274 4934 1579 4985 nomium,
1610 4936 1701 4991 qut
1730 4934 1947 4991 scripsu
1973 4934 2184 4976 litteras

625 4988 895 5044 Paschalis
932 4988 955 5057 ll
995 4998 1142 5057 papa:
1167 4988 1385 5057 pallium
1416 4985 1693 5045 Barnardo
1721 4990 2009 5046 Viennensi
2050 4989 2184 5045 anti-

624 5060 733 5114 stiti
754 5056 1097 5126 concedentis
1115 5056 1255 5111 anno
1273 5056 1395 5126 8l7;
1425 5059 1491 5111 de
1510 5074 1617 5126 quo
1635 5059 1970 5116 Mabillonius
1986 5060 2181 5117 Annal.

627 5135 754 5184 tom.
772 5124 987 5252 Magi
1004 5123 1128 5205 μί,
1152 5125 1404 5207 ηιιιηςηξ
1433 5134 1491 5179 et
1506 5123 1745 5211 Append.
1910 5145 1962 5184 tv
1983 5129 2178 5185 Bened.

627 5214 743 5252 nan.
879 5238 892 5250 .
992 5209 1076 5249 utc
1117 5202 1430 5252 posteriori,
1476 5211 1634 5252 auem
1666 5197 1850 5250 scribi:
1874 5198 2043 5252 docto.
2090 5211 2178 5252 per

624 5214 743 5269 pag.
942 5197 1076 5269 Huic
1100 5197 1430 5269 posteriori,
1476 5211 1634 5269 quem
1666 5197 2043 5269 saribw’doeto.
2090 5211 2184 5267 per

623 5262 772 5337 ἧιιξηι
799 5263 1037 5320 chartula
1062 5262 1179 5337 vita;
1195 5262 1464 5337 _scr_ibatur
1483 5262 1803 5333 prwtitutata
1827 5268 2031 5321 nomine
2054 5262 2181 5337 apo-—

622 5331 1121 5414 stolico,_comparat
1147 5331 1424 5397 Alcuinus,
1448 5331 1683 5400 praesens
1704 5347 1920 5391 carmen
1948 5331 2181 5392 maxime

623 5404 907 5462 convenire
932 5403 1163 5461 videtur.

1073 4919 1579 4991 tolic:e_notatjnm,
1610 4921 1701 4991 qui
1730 4922 1947 4991 scripsit
1973 4922 2184 4991 litteras

694 5472 719 5509 δ
748 5471 842 5525 Ms.
870 5470 1005 5535 Sal.,
1034 5474 1278 5525 calorum
1306 5469 1475 5525 scriba
1501 5469 1706 5526 videris.

692 5548 713 5575 ⁸
742 5537 839 5593 his.
865 5538 1005 5603 Sal.,
1029 5540 1294 5596 amictum.

2360 4372 2469 4427 Fac
2499 4384 2701 4439 paucos
2725 4370 2929 4440 Aquila:
2954 4369 3354 4439 versiculosque
3382 4386 3501 4427 meo
3525 4388 3539 4425 :

2358 4505 2384 4544 ἀ
2409 4504 2510 4575 Ms.
2534 4503 3073 4575 Sal.,pnradigmelc.

2361 4583 2388 4612 σ
2409 4573 2571 4633 Edit.,
2603 4574 2749 4627 nobis
2777 4573 3213 4632 ...υίυειεγαδεαι

2363 4640 2384 4680 ί
2412 4641 2508 4695 Ms.
2534 4641 2668 4705 Sal.,
2696 4644 2941 4697 mittetur.

2360 4712 2386 4750 ε
2409 4710 2506 4765 Ms.
2536 4710 2673 4778 Sal.,
2703 4729 2783 4766 me
2810 4723 2865 4766 tu
2893 4717 3188 4770 commendr
3219 4730 3477 4778 rogamus.

2354 4782 2381 4821 ιι
2406 4778 2633 4851 Carmen
2661 4770 2847 4837 'isthoe
2884 4785 2948 4837 ad
2976 4784 3244 4839 Arnonem
3272 4770 3729 4851 Salisburgensem
3759 4800 3846 4841 ar-

2283 4849 2700 4923 chiepiscopum,
2728 4867 2886 4923 quem
2913 4852 3168 4923 Alcuinus
3196 4850 3441 4923 Aquilam
3468 4849 3845 4923 cognominare

2282 4921 2439 4984 solet,
2470 4921 2630 4991 preat
2654 4921 2710 4975 in
2740 4922 2979 4991 epistolis
3001 4922 3252 4991 vidimus,
3281 4921 3598 4979 exhibemus
3623 4939 3689 4979 ex
3718 4926 3839 4980 cod.

2283 5006 2385 5045 ms.
2416 4988 2753 5046 bibliotheca:
2772 4988 3009 5045 'nostrtc-
3037 4988 3095 5043 S.
3125 4989 3481 5056 Emmerami;
3530 4993 3672 5048 unde
3714 4993 3843 5049 illud

2281 5060 2443 5129 etiam
2481 5059 2564 5113 Cl.
2596 5059 2937 5129 Mabillonius
2955 5057 3283 5129 descripsit,
3326 5068 3381 5115 et
3417 5061 3559 5116 inter
3587 5062 3842 5119 Analecta

2284 5127 2475 5199 Vetera
2501 5129 2707 5199 retulit,
2728 5144 2853 5199 pag.
2876 5126 2979 5182 348
3002 5128 3131 5183 edit.
3148 5126 3489 5187 recentioris.
3513 5166 3515 5169 ι
3824 5138 3827 5139 ⁷

2492 5236 2506 5249 .
2518 5237 2534 5261 ,
2684 5215 2749 5251 uo
2892 5236 2905 5247 .

2358 5265 2372 5314 s
2407 5266 2528 5331 Ms,
2557 5266 2801 5335 ιαρνυπιεε
2824 5264 2929 5319 dic.

2357 5336 2382 5407 '_‘
2410 5336 2528 5407 M82»
2560 5333 2815 5407 υοέιέηιιῐσ-
2853 5403 2863 5407 -
2919 5358 2977 5407 _'
3012 5402 3034 5407 _.

2362 5404 2377 5444 ι
2410 5405 2507 5480 Tui
2526 5441 2595 5480 γε
2623 5401 2883 5480 Magistri.
2919 5402 3060 5480 :lnde
3087 5410 3360 5478 suspicare
3387 5412 3548 5480 licet,
3573 5412 3840 5480 Annalem

2287 5473 2491 5533 Al'cuiui
2523 5472 2685 5527 fuisse
2712 5472 3048 5539 discipulum.
3182 5472 3198 5478 “
3525 5472 3536 5480 ’
3756 5475 3766 5484 “

2357 5555 2396 5582 ιιι
2420 5541 2550 5607 his,
2572 5548 2752 5594 sancta
2782 5538 3025 5597 Patrum.
