4268 6242
660 352 770 408 795

665 465 801 520 Dum
832 468 1093 537 laeiymas
1114 466 1341 523 Domino
1366 467 1639 524 Benedicti
1677 467 1858 523 fundis
1884 469 1938 522 in
1964 467 2104 531 aula,

735 554 823 609 Sis
852 570 1057 609 memor
1078 555 1274 621 Albini,
1309 556 1480 611 dulcis
1502 559 1695 623 amice,
1725 558 1822 611 tui.

1345 648 1537 704 CCLII.

1130 739 1212 794 Ad
1246 738 1469 813 alterum
1506 740 1753 793 amicum.

662 830 742 884 Tu
765 845 999 900 quoque,
1034 829 1177 885 Nave
1207 844 1258 894 ι,
1282 830 1416 892 vale,
1445 827 1616 896 major
1641 830 1742 884 tibi
1770 837 1950 883 mente
1975 828 2139 891 ﬁdeli,

642 968 647 971 .
734 923 877 976 Inter
902 938 1055 976 sacra
1081 938 1293 993 precor,
1324 925 1488 978 verba
1513 932 1785 978 memento
1814 925 1939 978 mei.

661 1014 888 1069 Parvula
914 1015 1095 1084 nilque
1124 1025 1318 1070 nocent
1341 1017 1597 1070 librorum
1633 1015 1877 1070 membra
1909 1015 2180 1078 ministra,

732 1106 790 1161 Si
816 1120 973 1160 mens
998 1105 1105 1159 alta
1128 1108 1262 1176 petit
1292 1106 1510 1175 grandis
1540 1122 1725 1161 amore
1756 1106 1873 1161 Dei.

1356 1215 1572 1271 CCLIII.

1198 1306 1279 1360 Ad
1304 1307 1477 1377 plures
1505 1307 1718 1361 amicos.

661 1394 874 1465 Vosque
905 1397 1099 1461 valete,
1125 1397 1225 1451 viri
1263 1397 1479 1461 fratres,
1501 1397 1801 1467 Patresqne
1832 1396 2043 1462 fileles,

734 1484 841 1541 Vos
860 1487 1003 1542 Deus
1024 1488 1364 1557 omnipotens
1393 1497 1641 1559 protegat
1662 1498 1824 1559 atque
1848 1500 2016 1561 regat.

662 1575 769 1632 Vos
792 1577 1045 1631 mandata
1071 1577 1291 1633 Patrum
1322 1588 1433 1634 tota
1464 1580 1661 1633 virtute
1687 1580 1946 1650 priorum.

600 1738 603 1741 b
728 1666 1079 1732 Couservate,
1108 1684 1323 1738 precor,
1352 1679 1593 1739 pectore,
1616 1680 1816 1735 mente,
1846 1686 2027 1725 manu.

658 1759 899 1816 Obsecro
928 1777 1118 1832 meque
1144 1763 1247 1833 piis
1286 1763 1535 1833 precibus
1562 1764 1937 1818 commendate
1966 1765 1992 1804 δ
2022 1763 2241 1819 Christo

734 1851 806 1908 Ut
826 1853 1090 1907 scelerum
1112 1855 1326 1909 veniam
1354 1856 1517 1909 donet
1541 1854 1739 1925 ubique
1769 1855 1921 1909 mihi.

1348 1962 1567 2020 CCLIV.

1091 2055 1171 2110 Ad
1199 2052 1440 2110 sanciunt
1467 2054 1827 2110 Benedictum.

659 2146 706 2201 υ
734 2145 1042 2212 Benedicto,
1074 2146 1213 2211 vale,
1243 2146 1634 2201 monachorum
1666 2148 1900 2202 maxime
1931 2154 2137 2217 pastor,

730 2237 875 2303 Quos
901 2253 1129 2308 generas
1149 2237 1351 2303 verbis,
1375 2238 1474 2292 bos
1504 2252 1629 2308 rege
1644 2238 1758 2309 jam
1784 2238 2057 2308 precibus.
2202 2230 2205 2233 λ

660 2316 871 2380 Iudicis
890 2334 1016 2381 ante
1042 2327 1297 2381 thronum
1323 2327 1605 2382 doctorum
1630 2327 1860 2396 quisque
1884 2327 2140 2383 cohortes

732 2414 971 2470 Deducct
994 2418 1261 2486 proprias,
1291 2432 1428 2486 quas
1451 2417 1638 2488 genuit
1666 2417 1895 2473 Domino
1927 2434 1941 2471 :

660 2504 813 2561 II'unc
839 2521 1051 2577 quoque
1082 2516 1139 2563 tu
1165 2508 1462 2562 monachos
1488 2507 1776 2563 deduxeris
1806 2517 1931 2564 ante
1954 2508 2188 2565 tribunal

734 2596 1058 2653 Celsithroni
1085 2599 1248 2670 regis,
1280 2599 1587 2671 almipater,
1618 2600 1892 2670 preprios.

660 2689 935 2746 Auxiliare
960 2692 1071 2747 tuis
1094 2693 1342 2760 precibus
1364 2701 1693 2763 quapropter
1718 2692 1915 2763 ubique
1949 2712 1962 2746 :

730 2781 1124 2837 GI‘OX‘IIIIIIIOI‘O
1152 2792 1379 2848 crescat,
1406 2792 1591 2854 pastor
1617 2791 1816 2847 amate,
1848 2792 1993 2837 111115.

663 2871 784 2929 Iam
808 2875 985 2944 gregis
1011 2890 1078 2929 ex
1104 2891 1328 2944 numero
1348 2876 1580 2945 pastoris
1608 2875 1780 2946 gloria
1815 2874 2038 2940 crescit,
2076 2893 2079 2895 ν

736 2964 1008 3020 Conserva
1037 2964 1242 3020 meritis
1288 2980 1437 3029 ecce,
1467 2975 1587 3021 tuos
1613 2964 1867 3019 famulos.

1368 3076 1565 3134 CCLV.

1129 3171 1212 3227 Ad
1239 3171 1516 3243 quemdam
1543 3172 1790 3226 amicum.

664 3261 859 3318 Pectus
879 3278 1032 3319 amor
1062 3274 1305 3319 nostrum
1332 3265 1631 3334 penetravit
1658 3262 1989 3345 Ilamma.....
2024 3334 2037 3343 κ

737 3353 911 3421 Atque
930 3353 1109 3408 calore
1138 3369 1287 3408 novo
1297 3370 1511 3423 semper
1531 3355 1745 3411 inardet
1767 3370 1939 3410 amor.

664 3446 778 3502 Nec
804 3461 981 3510 mare,
1003 3461 1102 3501 nec
1129 3446 1305 3511 tellus,
1334 3456 1545 3531 montes
1571 3464 1669 3502 nec
1693 3447 1827 3502 silva
1855 3446 1939 3500 vel
1959 3446 2109 3516 alpes
2170 3460 2174 3464 ‘
2250 3471 2254 3474 ~

740 3534 875 3591 lluic
896 3536 1113 3590 obstare
1138 3543 1361 3607 queunt,
1388 3544 1484 3590 aut
1514 3536 1758 3591 inhibere
1784 3536 1935 3589 viam
1960 3555 1971 3589 :

661 3627 778 3697 Quo
803 3626 1005 3693 minus,
1024 3628 1169 3683 alme
1189 3627 1369 3691 Pater,
1398 3644 1611 3699 semper
1639 3636 1729 3684 tua
1757 3630 1967 3684 viscera
1994 3629 2187 3699 lingat,

742 3723 833 3778 Vel
857 3719 1109 3791 laerymis
1135 3719 1276 3774 lavet
1303 3729 1516 3789 pectus,
1547 3730 1747 3784 amate,
1783 3728 1957 3775 tuum.
1998 3748 2011 3761 κ

662 3810 777 3865 Cur
805 3818 863 3864 tu
889 3810 1065 3865 dule's
1087 3826 1240 3865 amor
1271 3810 1427 3865 ﬂetus
1456 3811 1739 3879 generabis
1764 3825 1998 3874 amaros,

735 3900 803 3955 Et
823 3904 888 3955 de
925 3902 1079 3955 melle
1105 3902 1194 3969 pio
1221 3902 1411 3971 pocula
1442 3912 1464 3940 ο
1496 3918 1682 3956 amata
1708 3901 1918 3955 ﬂuunt?

668 3990 757 4049 Sic
789 4001 876 4045 tua
895 3989 1033 4061 jam,
1070 3976 1320 4055 mundus,
1353 3978 1650 4045 miscentur
1676 3992 1851 4045 dulcia
1881 3992 2108 4056 amaris,

735 4082 992 4138 Adversis
1015 4083 1225 4137 variant
1247 4090 1503 4152 prospera
1531 4092 1727 4137 cuncta
1759 4083 1887 4137 cito.
1946 4140 1955 4145 _

662 4177 857 4233 Omnia
886 4175 1136 4230 tristiﬁco
1164 4180 1445 4229 mutantur
1473 4174 1666 4242 gaudia
1693 4173 1860 4237 luctu,

732 4267 818 4326 Μ
845 4274 927 4323 est
946 4274 1287 4337 perpetuum,
1307 4275 1500 4321 cuncta
1524 4267 1702 4335 perire
1730 4274 1957 4337 queunt.

666 4361 741 4415 Te
772 4359 930 4414 modo
959 4368 1289 4430 quapropter
1316 4357 1587 4429 fugiamus
1618 4367 1834 4429 pectore
1862 4366 1976 4415 toto

736 4451 814 4505 'l‘u
844 4465 1060 4519 quoque
1086 4465 1205 4513 nos,
1235 4450 1464 4503 mundus
1487 4450 1600 4518 jam
1624 4451 1880 4518 periture,
1912 4452 2052 4523 fugis
2084 4472 2097 4507 :

662 4542 1001 4609 Ileliciasque
1024 4538 1149 4607 poli,
1173 4552 1490 4606 semperque
1521 4538 1795 4593 manentia
1819 4555 1982 4610 regna

735 4633 1070 4700 Quaeramus,
1103 4637 1214 4684 toto
1235 4636 1470 4700 pectore,
1505 4637 1706 4694 mente,
1737 4644 1918 4683 manu.

660 4726 810 4782 ιἰιΙίχ
842 4724 963 4778 aula
998 4721 1102 4793 poli
1134 4736 1407 4792 nunquam
1437 4720 1694 4791 (lisjungit
1719 4722 1951 4776 amicum
1978 4738 1992 4786 ;

731 4817 960 4888 Semper
986 4816 1169 4883 habet,
1198 4815 1341 4885 quod
1367 4824 1535 4879 amat,
1558 4820 1749 4883 pectus
1776 4829 1960 4870 amore
1979 4805 2181 4871 calens.

656 4906 779 4963 Iluc
822 4921 1147 4977 properare,
1194 4906 1358 4962 Pater
1384 4947 1399 4971 ,
1450 4905 1701 4975 precibus
1741 4919 1872 4975 rape
1916 4920 2036 4969 me,
2090 4921 2240 4975 rogo,

1608 5008 1619 5023 ι
2015 4998 2240 5069 ltecum,

734 5087 850 5156 Qua
883 5095 1065 5141 noster
1098 5102 1370 5158 nunquam
1396 5087 1721 5143 dissociatur
1746 5104 1919 5143 amor.

663 5180 859 5250 Aspice
884 5178 1099 5233 Izetifico
1120 5188 1396 5249 gratanter
1421 5182 1603 5245 corde,
1630 5197 1938 5252 precamur,
1982 5170 1985 5173 ἢ

734 5269 986 5332 Parvula,
1017 5284 1137 5337 qua:
1161 5283 1386 5339 magnus
1417 5285 1640 5324 munera
1668 5272 1814 5327 misit
1842 5289 2013 5328 amor.
2100 5318 2115 5329 ρ

664 5362 797 5419 Nam
821 5362 928 5415 duo
951 5359 1210 5431 pricmitis
1232 5359 1539 5413 laudaverat
1568 5375 1676 5415 (era
1713 5364 1991 5433 magister.

734 5454 865 5523 Quae
893 5449 1079 5521 injecit
1104 5448 1283 5520 templi
1308 5449 1465 5504 vidua
1490 5450 1630 5505 nuda
1662 5451 1831 5521 gazis.

733 5638 763 5667 ⁸
801 5627 999 5690 Forte,
1019 5625 1178 5680 Nate.

735 5696 765 5737 ι
805 5695 1011 5763 Saepius
1032 5696 1179 5759 alibi,
1204 5695 1565 5752 commendite.
1629 5716 1633 5729 ο

706 5777 760 5809 ἐ
803 5766 928 5825 ﬁdit
957 5804 971 5832 ,
1010 5765 1216 5839 copula.

1477 354 1546 423 B.
1577 355 1639 411 Γ.
1682 353 1909 410 ALBINI
1949 352 2085 411 SEU
2128 345 2405 407 ALCUINI
2443 351 2728 409 OPERUM
2767 349 2947 405 PARS
2984 347 3070 404 VI.

2258 454 2304 526 Α
2334 436 2597 519 Omnibus
2619 473 2705 519 est
2727 464 2881 518 donis
2907 463 3097 517 melior
3120 461 3338 516 dilectio
3364 474 3542 524 sacra,

3750 312 3760 323 ’
3816 342 3923 399 796

2413 552 2590 622 Atque
2620 551 2753 606 fides
2772 550 2950 616 firma,
2979 566 3098 619 qua:
3123 551 3270 620 viget
3289 558 3682 619 atquemanet.

2343 647 2421 700 Te
2449 646 2650 709 divina,
2680 645 2842 700 Pater
2866 645 3204 708 cbarissime,
3232 642 3372 698 dona
3398 652 3726 711 sequantur,

2415 734 2860 805 Prmveniantque
2886 734 3045 789 simul
3072 749 3285 804 semper
3313 733 3531 803 ubique.
3574 731 3730 815 Vale!

3024 846 3242 902 CCLVI.

2808 936 2889 990 Ad
2913 935 3119 991 Iulium
3145 947 3193 992 et
3223 936 3466 991 Lucium.
3532 970 3539 974 ι

2345 1027 2421 1083 ’I‘e
2451 1026 2594 1083 Dens
2617 1027 2958 1097 omnipotens
2983 1036 3268 1084 conservet
3292 1043 3506 1098 semper
3528 1027 3746 1097 ubique,

2414 1117 2588 1174 Julius
2613 1135 2645 1171 ο
2666 1120 2900 1190 juvenis,
2932 1126 3055 1188 Spes
3083 1135 3238 1175 amor
3252 1129 3431 1189 atque
3452 1120 3662 1177 decus!
3782 1114 3785 1117 ’

2345 1208 2508 1263 Lucia
2538 1209 2657 1263 vive
2686 1210 2795 1263 Deo
2822 1210 2967 1274 felix,
2998 1209 3293 1265 clarissima
3316 1211 3490 1281 virgo,

2419 1298 2645 1369 Semper
2667 1299 2722 1353 in
2746 1307 3029 1365 mteruum,
3057 1299 3222 1355 Lucia
3251 1302 3420 1372 virgo,
3434 1302 3586 1356 vale.

2345 1391 2509 1463 236.
2544 1392 2612 1447 Et
2640 1407 2758 1447 mea
2785 1407 2881 1462 per
2906 1388 3097 1448 versus
3119 1392 3296 1448 valeat
3320 1393 3689 1449 Mathematiea
3719 1395 3924 1463 dulces,

2416 1483 2639 1540 Femina
2661 1485 3026 1554 verbipotens,
3055 1492 3108 1539 tu
3132 1484 3248 1540 sine
3274 1485 3379 1539 fine
3411 1485 3546 1539 vale.

3017 1616 3257 1673 CCLV'II.

2789 1705 2872 1759 Ad
2886 1705 3129 1759 amicum
3156 1706 3453 1763 abeuntem;

2271 1808 2318 1869 Β
2347 1812 2587 1886 Angeias
2616 1830 2646 1869 e
2671 1815 3058 1871 coelo-veniens
3085 1816 3371 1872 comitetur
3392 1827 3582 1873 clintes
3612 1817 3642 1857 5
3658 1822 3663 1827 ’

2417 1906 2665 1978 Semper,
2703 1908 3023 1971 abitotuas,
3056 1909 3227 1965 dulcis
3252 1910 3629 1975 amice,.vias.'

2346 1998 2423 2055 'I‘e
2454 2014 2573 2055 mea
2598 2014 2750 2055 mens
2772 2002 3051 2069 sequitur,
3069 2016 3267 2071 magno
3296 2015 3419 2056 cum
3450 2003 3628 2057 cordis
3649 2014 3853 2069 anzore,

2368 2158 2371 2161 γ
2418 2088 2694 2159 Emptaus
2717 2089 2897 2144 animo
2919 2104 3177 2159 prospera
3204 2098 3398 2145 cuncta
3429 2090 3544 2145 tibi.

2347 2178 2449 2246 Qui
2474 2179 2603 2233 mihi
2628 2186 2701 2245 te,
2728 2174 2915 2242 frater,
2942 2178 3190 2233 Cliri~tus
3217 2180 3487 2235 concessit
3513 2181 3767 2245 amicum,

2416 2268 2712 2326 Conservet
2737 2284 2927 2325 samim
2950 2269 3198 2327 Christus
3225 2258 3426 2342 ubique
3449 2272 3576 2326 niibi
3607 2288 3631 2324 ελ

2348 2359 2599 2430 Eﬂiciens
2624 2361 2782 2416 citius
2808 2363 3013 2431 pariter
3036 2371 3351 2432 natumque,
3376 2372 3671 2433 parcntem'

2417 2451 2771 2520 Cougaudere
2797 2452 2958 2507 simul
2984 2454 3341 2524 prosperitate
3366 2454 3524 2508 bona.

2347 2542 2501 2612 Quod
2525 2544 2811 2600 modonon
2834 2546 2943 2601 vidi
2972 2555 3043 2611 te,
3077 2555 3152 2610 te,
3179 2546 3488 2601 dulcissime
3517 2546 3708 2611 frater,

2370 2677 2377 2692 μ,
2420 2631 2709 2688 Contestor
2732 2648 2880 2699 vero,
2905 2650 3001 2690 cor
3027 2634 3174 2690 dolet
3199 2637 3301 2690 hoc
3323 2636 3570 2692 nimium.

2348 2722 2523 2789 Quam
2549 2737 2741 2794 prope,
2768 2725 2997 2795 nescivi,
3030 2733 3081 2780 te
3106 2741 3205 2781 nos
3229 2728 3519 2797 spectando
3548 2740 3818 2805 maneres,

2419 2811 2575 2869 Nunc
2602 2813 2706 2869 nisi
2734 2814 2975 2884 gaudens
3004 2830 3110 2870 non
3137 2816 3687 2872 mihidixitbomoC.

2250 2882 2255 2885 ἤ
2350 2901 2434 2959 Me
2460 2910 2639 2958 tamen
2665 2882 2815 2970 ecce,
2841 2920 3052 2975 precor,
3080 2913 3401 2976 praesentem
3422 2924 3635 2978 sen'per
3654 2909 3869 2974 habeto,

2427 2995 2495 3051 Ut
2516 3003 2567 3050 te
2588 3004 2907 3066 prmsentem
2928 3013 3141 3067 semper
3163 2998 3390 3062 habebo,
3420 2998 3601 3055 Pater.

2351 3085 2436 3142 Sit
2464 3087 2581 3153 tibi,
2612 3088 2789 3157 sitque
2809 3088 2938 3142 mihi
2963 3106 3207 3171 pmsens}
3230 3092 3372 3147 Deus
3396 3093 3646 3148 omnibus
3674 3090 3845 3158 horis,
3896 3140 3903 3143 _

2273 3154 2320 3216 (ἶ
2421 3177 2506 3233 Sit
2529 3180 2649 3249 pius
2677 3154 2732 3234 e—t
2757 3154 3016 3247 clemens,
3034 3166 3235 3253 gloria,
3265 3183 3395 3255 vita,
3424 3184 3587 3238 salus.

2348 3269 2496 3337 Quos
2523 3269 2789 3324 cbaritate
2809 3270 2896 3339 pia
2928 3271 3091 3325 terris
3117 3270 3397 3339 conjunxit
3423 3273 3647 3338 amicos,

2420 3359 2731 3415 Gaudentes
2759 3360 2964 3429 pariter
2976 3358 3170 3431 jungat
3189 3362 3241 3414 in
3264 3377 3389 3417 arce
3408 3363 3535 3432 poli.

2349 3448 2477 3522 llos,
2506 3464 2657 3520 rogo,
2684 3449 2981 3506 versiculos
3007 3458 3183 3506 tecum
3205 3450 3497 3517 fer,.frater
3522 3455 3717 3521 amice,

2421 3537 2510 3595 Sis
2537 3553 2745 3595 memor
2766 3537 2947 3594 Albini
2968 3547 3027 3595 ut
3050 3556 3283 3612 semper,
3314 3534 3651 3610 amice,,tui.-
3687 3602 3696 3613 ,

2350 3629 2454 3685 Per
2472 3644 2713 3701 campos,
2734 3630 2921 3697 colles,
2951 3631 3113 3687 silvas
3137 3642 3193 3687 et
3223 3631 3441 3689 ﬂumina
3465 3648 3713 3703 pergens,

2423 3721 2649 3795 Semper
2673 3724 2778 3778 iter
2803 3710 3051 3779 Christus
3075 3734 3322 3794 prategat
3346 3740 3474 3780 ecce
3496 3735 3685 3788 tunm,.

2350 3801 2678 3870 Sanctorum
2703 3815 3198 3885 precibusseinper
3217 3807 3335 3870 sine
3356 3814 3463 3870 line
3488 3814 3681 3881 valeto,
3736 3832 3737 3835 ‘

2424 3905 2491 3958 Et
2514 3892 2656 3958 nunc
2681 3913 2738 3957 et
2760 3919 2991 3974 semper,
3023 3904 3195 3959 dulcis
3213 3904 3410 3970 amice,
3442 3906 3561 3961 vale
3584 3907 3615 3961 ε.

3013 4037 3276 4095 CCLVIII.
3378 4098 3385 4103 ,

2819 4138 2901 4193 Ad
2932 4138 3170 4194 eumdem
3204 4139 3496 4211 fortassis,-

2349 4251 2518 4328 Curre
2547 4253 2716 4319 viam,
2744 4252 2930 4317 frater,
2958 4262 3241 4325 angustam
3274 4253 3325 4320 ἵν
3344 4251 3560 4308 tramite
3587 4252 3893 4323 pulchram,

2349 4346 2480 4413 Quae
2498 4354 2553 4401 te
2579 4345 2679 4401 sub
2708 4346 2863 4401 tectis
2901 4345 3110 4400 Domini
3136 4345 3369 4400 deducat
3394 4345 3448 4398 in
3476 4345 3671 4398 aulam.

2349 4436 2459 4492 Nec
2482 4437 2576 4492 tibi
2606 4437 2746 4492 forte
2772 4437 2938 4506 pedes
2964 4450 3122 4490 como
3148 4436 3403 4500 sordeute
3425 4438 3712 4509 respargit,

2349 4530 2459 4584 Nec
2481 4530 2579 4591 tibi
2600 4528 2862 4583 caeruleus
2886 4527 3064 4581 crines
3085 4526 3556 4583 infuderitimber.

2345 4619 2457 4674 Nec
2484 4619 2567 4673 vis
2591 4627 2881 4673 ventorum
2904 4618 3107 4681 turbat,
3129 4634 3228 4673 nec
3250 4620 3455 4691 grando
3484 4622 3735 4692 procellis
3765 4641 3778 4677 :

2346 4709 2455 4765 Nec
2473 4710 2655 4777 timor,
2680 4717 2739 4765 ut
2762 4710 2955 4765 tollant
2978 4719 3169 4776 vestes,
3201 4726 3302 4768 nec
3326 4711 3479 4769 fauce
3509 4714 3765 4777 latrones,

2345 4800 2455 4855 Nec
2475 4801 2581 4866 leo,
2606 4817 2705 4858 nec
2729 4801 2995 4874 tigris,....
3024 4818 3155 4873 aper
3174 4805 3334 4859 ambo
3356 4804 3604 4876 visuntur

2346 4894 2442 4949 Vel
2466 4896 2701 4962 coluber,
2737 4899 2970 4970 regulus,
3003 4914 3229 4969 serpens
3249 4897 3542 4969 prosternit
3562 4906 3798 4952 euntem.

2346 4983 2453 5042 Sed
2480 4986 2619 5043 bene
2642 5004 2864 5045 securus
2884 4990 3086 5059 poteris
3112 5002 3430 5058 percurrere
3456 4995 3700 5042 stratam.

2344 5078 2485 5136 Laus
2513 5081 2694 5136 divina
2725 5081 2819 5136 tibi
2850 5087 3064 5135 resonet
3088 5086 3412 5147 quapropter
3440 5078 3492 5132 in
3521 5094 3636 5145 ore,

2344 5171 2520 5243 thue
2548 5174 2693 5243 pium
2720 5172 2929 5243 placido
2950 5168 3225 5225 Christum
3254 5176 3308 5223 tu
3340 5179 3554 5239 pectore
3584 5179 3735 5240 porta
3760 5187 3777 5226 :

2342 5262 2434 5319 Ille
2463 5272 2583 5319 tuos
2604 5278 2839 5335 gressus,
2869 5275 3077 5322 sensus,
3114 5266 3170 5313 et
3196 5262 3357 5316 verba
3386 5262 3666 5331 gubernet,

2342 5355 2478 5417 Dux,
2507 5354 2617 5421 via,
2650 5362 2847 5416 rector,
2874 5367 3028 5406 amor
3054 5350 3145 5407 tibi
3174 5354 3270 5419 sit,
3293 5362 3565 5423 protector
3591 5353 3790 5423 ubique

2342 5445 2666 5502 Incolumem
2697 5444 2858 5498 ducat
2878 5450 2949 5508 te,
2982 5452 3139 5513 teque
3166 5445 3386 5501 reducat
3411 5454 3651 5502 euntem.

2412 5628 2439 5667 ἀ
2481 5627 2663 5683 Forte.
2703 5632 2925 5674 euntem.

2420 5711 2443 5735 ο
2484 5695 2657 5749 Locus
2680 5700 2981 5760 corruptus.

2422 5766 2443 5806 ί
2488 5765 2607 5827 Ms,
2644 5762 2873 5831 Angusto
