4268 6244
1165 383 1383 439 CCLIX.

803 505 826 534 ⁸
856 494 937 549 Ad
962 496 1190 549 amicum
1216 497 1476 555 absentem
1504 500 1749 569 suspiria.

496 604 675 659 Dulcis
703 621 853 659 amor
873 605 1126 677 lacrymis
1152 606 1429 663 absentem
1462 609 1664 681 plangit
1688 612 1939 678 amicum,

476 682 477 685 “
562 695 732 763 Quem
761 697 1048 767 longinqua
1078 706 1239 769 negat
1259 707 1402 754 terra
1423 701 1606 755 videre
1629 688 1820 757 oculis.

495 785 632 841 tiara
666 787 798 842 fides
824 787 1102 842 hominum
1128 778 1319 845 charos
1338 788 1516 848 effecit
1539 790 1764 857 amicos,

560 878 723 933 Millia
750 880 916 935 multa
945 883 1089 938 cient
1114 890 1351 955 pectore,
1382 884 1529 940 solus
1554 886 1677 941 erit.

490 968 727 1040 Argento
749 972 953 1037 melior,
985 973 1129 1041 fulvo
1145 975 1432 1046 pretiosior
1461 992 1614 1042 auro,

558 1061 820 1119 Omnibus
843 1072 896 1120 et
922 1067 1073 1136 gazis
1089 1066 1287 1122 clarior
1306 1068 1409 1122 iste
1430 1068 1585 1123 uitet.

489 1148 659 1220 Quem
682 1156 832 1226 cupit
854 1166 909 1211 et
936 1158 1130 1226 qmerit
1156 1159 1350 1213 mentis
1380 1159 1483 1214 sibi
1509 1166 1620 1212 tota
1645 1158 1917 1223 voluntas,

561 1245 629 1302 Ut
655 1247 871 1312 habeat,
900 1256 1102 1314 teneat,
1126 1249 1489 1325 diligatatque
1519 1249 1678 1305 colat.

478 1336 587 1392 Iste
611 1338 720 1393 eris
740 1332 866 1393 ecce
892 1339 1019 1395 mihi
1052 1329 1249 1411 magno
1264 1341 1585 1411 coniunctus
1604 1356 1807 1405 amore,

554 1427 634 1483 Tu
664 1430 877 1498 requies
902 1432 1117 1495 mentis,
1144 1438 1199 1485 tu
1221 1432 1356 1486 mihi
1379 1432 1552 1487 dulcis
1576 1448 1748 1486 amor.

483 1520 561 1576 Te
580 1520 721 1579 Deus
748 1529 951 1577 mterno
977 1532 1259 1579 consenret
1284 1530 1521 1593 tempore
1541 1537 1780 1593 semper,

547 1611 628 1669 Tu
657 1629 864 1670 memor
884 1614 1306 1687 Albiniscmper
1332 1616 1527 1685 ubique
1549 1615 1688 1671 vale.

1162 1751 1367 1807 CCLX.

865 1865 893 1906 ἱ
936 1866 1021 1919 At!
1047 1866 1402 1922 Eboracenses
1426 1864 1665 1922 Fratres.

475 1976 627 2031 Nune
651 1977 871 2032 cuculus
902 1979 1067 2035 ramis
1094 1980 1255 2034 etiam
1283 1979 1557 2035 resonavit
1584 1980 1637 2034 in
1666 1979 1821 2045 altis;

475 2070 665 2127 Florea
693 2073 985 2128 versicolor
1006 2074 1181 2144 pariet
1208 2090 1350 2151 nunc
1370 2075 1609 2146 germina
1634 2075 1812 2130 tellus.

473 2162 640 2217 Vinea
668 2162 1012 2218 Bacchiferas
1042 2165 1208 2220 tradit
1233 2176 1255 2204 ο
1279 2165 1345 2220 de
1367 2166 1584 2235 palmite
1605 2181 1866 2238 gemmas,

471 2252 709 2307 Suscitat
732 2262 787 2308 et
807 2254 957 2308 vario
985 2264 1201 2311 nostras
1227 2255 1585 2332 modulamine
1613 2266 1823 2312 mentes

467 2345 741 2401 Indefessa
771 2347 905 2401 satis
926 2347 1102 2401 rutilis
1123 2347 1346 2402 luscinia
1375 2348 1564 2402 ruscis.
1585 2416 1597 2426 ’

469 2437 534 2491 Et
563 2439 643 2491 sol
671 2438 916 2506 signiferi
946 2440 1181 2495 medium
1210 2441 1544 2496 transcendit
1572 2441 1625 2494 iu
1650 2442 1858 2508 orbem,

465 2529 533 2583 Et
550 2529 787 2584 thbus
809 2531 938 2585 vicit
966 2532 1307 2586 tenebrarum
1341 2546 1503 2602 regna
1538 2530 1838 2603 refulgens;

462 2622 640 2691 Atque
665 2628 856 2676 natans
882 2623 950 2677 ad
977 2638 1074 2677 vos
1096 2621 1265 2693 pelagi
1294 2630 1445 2676 trans
1469 2638 1689 2691 (equora
1710 2624 1913 2694 magni,

462 2711 645 2767 Albini
668 2711 843 2765 Patris
866 2712 1118 2780 deportat
1138 2714 1325 2766 charta
1354 2712 1579 2767 salutem
1604 2728 1619 2778 ;

464 2800 731 2857 Moenibus
756 2802 1035 2857 Euboricze
1066 2803 1314 2857 habitans
1343 2811 1395 2855 tu
1425 2818 1578 2857 sacra
1595 2803 1868 2873 juventus.

463 2891 574 2946 Fas
590 2892 815 2957 ideirco,
839 2907 978 2959 reor,
1008 2892 1394 2962 comprendere
1415 2890 1895 2961 plectraJlIaronis,

463 2983 807 3055 luminigcras
845 2985 1022 3041 subito
1052 2994 1104 3039 te
1140 3000 1284 3055 nunc
1318 2999 1385 3039 ex
1407 2999 1502 3039 ore
1522 2982 1548 3023 ιι
1572 2980 1847 3048 camenas,

458 3052 907 3143 Carminibusque
925 3075 1098 3128 sacris
1126 3052 1293 3128 n'aves
1325 3074 1547 3143 implere
1569 3073 1840 3133 frenosum
1879 3085 1923 3127 ο.

457 3164 608 3220 Talia
634 3179 867 3234 namque
886 3163 1096 3232 placent
1116 3172 1297 3218 vestro
1323 3163 1447 3232 quia
1468 3178 1694 3216 inanem
1716 3163 1889 3229 Patri,

458 3258 559 3325 Qui
590 3255 733 3314 nunc
754 3259 1000 3330 egregias
1021 3257 1289 3329 regalibus
1319 3256 1532 3311 insonat
1559 3265 1705 3311 artes
1725 3260 1754 3312 ”.

439 3348 709 3414 Auribus,
739 3361 796 3404 et
823 3349 1042 3404 Patrum
1072 3350 1218 3404 ducit
1244 3364 1339 3418 per
1364 3357 1516 3419 prata
1549 3357 1887 3418 sequentem,

457 3436 801 3507 Pnepulchro
824 3440 1026 3506 sophiae
1053 3424 1369 3508 regnantem
1402 3447 1683 3494 stemmate
1707 3438 1885 3495 celsm.
1968 3468 1971 3469 ν

455 3530 536 3587 Tu
561 3546 792 3601 quoque,
818 3539 873 3584 tu
894 3530 1045 3584 Patri
1071 3530 1300 3584 nimium
1322 3532 1517 3586 dilecta
1535 3530 1821 3598 juventus,

454 3623 533 3677 Tu
560 3622 767 3679 soboles
792 3623 935 3687 vitae,
965 3622 1156 3693 patriae
1179 3621 1295 3675 laus
1318 3629 1373 3676 et
1402 3622 1565 3676 decus
1589 3639 1775 3689 omne,
1808 3668 1811 3673 .

453 3713 717 3770 Etheriis
750 3715 951 3785 sophia:
976 3714 1204 3769 feliciter
1233 3722 1387 3768 utere
1417 3713 1603 3780 donis;

422 3875 427 3879 _
454 3805 525 3862 Ut
553 3805 645 3860 tibi
676 3816 989 3875 permaneat
1018 3821 1225 3861 merces
1245 3814 1301 3861 et
1326 3805 1497 3875 gloria
1523 3821 1757 3876 semper.

449 3895 646 3951 Ebrius
671 3896 877 3964 injiciat
896 3899 1047 3952 vobis
1073 3914 1176 3952 neu
1198 3898 1409 3952 vincula
1438 3898 1707 3961 Bacchus,

451 3984 717 4041 ﬂentibus
742 3988 1028 4055 inscriptas
1055 3988 1226 4041 deleat
1261 4003 1363 4041 neu
1389 3989 1584 4042 noxius
1608 3996 1754 4042 artes
1778 4004 1789 4039 :

452 4074 561 4131 Nec
593 4090 690 4130 vos
710 4074 982 4131 Cretensis
1010 4075 1241 4146 depellat
1270 4077 1338 4132 ab
1369 4092 1493 4132 arce
1516 4075 1708 4132 salutis

450 4170 727 4247 Improbus
754 4170 844 4226 ille
878 4187 1030 4242 puer,
1059 4172 1289 4229 stimulis
1312 4182 1553 4229 armatus
1579 4174 1773 4229 acutis.

450 4262 558 4319 Nec
588 4278 681 4318 vos
711 4262 990 4333 luxivagus
1013 4271 1189 4332 raptet
1213 4279 1310 4333 per
1338 4265 1516 4318 inania
1544 4265 1795 4329 mundus,

449 4353 667 4410 Vortice
690 4355 1038 4427 submergens
1060 4354 1238 4411 vitalia
1263 4364 1478 4425 pectora
1509 4355 1663 4425 nigro
1685 4373 1697 4408 :

450 4441 554 4497 Sed
583 4454 849 4514 praecepta
869 4461 1049 4502 sacra:
1080 4461 1346 4502 memores
1375 4446 1598 4501 retinete
1632 4445 1840 4509 salutis,

450 4532 737 4589 Dulcisono
765 4534 1040 4593 Christum
1072 4547 1388 4594 resonantes
1407 4553 1619 4609 semper
1640 4539 1696 4593 in
1718 4553 1829 4592 ore.

447 4622 539 4679 Ille
562 4621 733 4689 cibus,
763 4632 939 4693 potus,
968 4622 1225 4705 carmen,
1248 4627 1386 4691 laus,
1419 4628 1590 4697 gloria
1610 4630 1762 4685 vobis

449 4718 552 4785 Sit,
584 4733 734 4791 rogo,
767 4717 860 4788 qui
882 4716 1033 4773 vobis
1054 4717 1252 4796 tribuat
1274 4719 1447 4774 felicia
1474 4736 1661 4790 regna,

446 4806 624 4879 Atque
644 4809 759 4866 suis
782 4809 983 4865 sanctis
997 4807 1192 4879 jungat
1215 4823 1311 4880 per
1337 4809 1539 4865 ωηιξη
1568 4825 1799 4880 semper.

511 5016 539 5079 ξ
578 5004 655 5079 Ex
687 5001 961 5079 cod._mss.
999 5005 1408 5079 Salisburgcnsi.

514 5072 546 5147 ξ
581 5070 785 5128 Versus
815 5075 918 5129 hoc
941 5092 1158 5132 carmen
1185 5070 1494 5131 in‘editione
1519 5075 1838 5141 Quercetani
1875 5090 2015 5147 prte-

449 5142 714 5217 eedenles,
747 5147 1039 5213 separatim
1058 5147 1301 5217 dedimus
1321 5162 1647 5217 suprainum.
1678 5147 1783 5202 208
1806 5156 1861 5202 et
1875 5142 2009 5215 2‘22,

447 5212 538 5268 ubi
563 5212 749 5269 videas
778 5212 1015 5268 nester
1038 5212 1454 5271 adnotationem.
1485 5216 1759 5271 Pertinere
1786 5233 1911 5271 vero
1931 5212 2012 5274 vié

444 5282 706 5358 detqr_a_d_
735 5299 937 5338 annum
959 5283 1054 5358 7_8|
1086 5288 1417 5358 quoscholte
1446 5286 1701 5343 Palatintc
1722 5288 2011 5358 pnefectus

443 5351 590 5424 fuit!
607 5352 728 5424 Yid.
752 5363 907 5409 notas
928 5352 1087 5424 epist.
1107 5351 1232 5408 162.
1650 5374 1654 5379 ·

514 5433 539 5464 ⁸
580 5422 704 5491 113.,
740 5424 927 5479 trudit.

511 5492 539 5535 δ
578 5492 707 5560 κε..
732 5495 943 5549 excire.

516 5576 541 5605 ο
578 5563 701 5628 Ms,
742 5562 1057 5619 Fresonum.
2012 5596 2015 5599 ‹

516 5635 537 5675 ί
574 5633 893 5689 Diﬂ'erentcs
922 5635 1177 5689 lectiones
1200 5634 1499 5693 addidimus
1534 5654 1599 5694 ex
1644 5638 1764 5695 cod.
1806 5637 2001 5696 Salisb.

443 5704 518 5762 De
550 5705 874 5770 Saxonibus,
918 5704 1159 5761 absoluto
1198 5713 1314 5773 post
1361 5706 1429 5762 33
1473 5722 1735 5765 annorum
1774 5711 2003 5781 spatium

1670 276 1997 332 CAIIMINA.
2039 309 2107 321 -ν
2145 280 2238 334 AD
2288 284 2551 340 VARIOS.

2091 396 2141 451 Α
2230 398 2233 399 ⁷
2566 424 2572 430 ε
2841 403 3063 458 CCLXI.

2605 491 2632 532 Γ
2660 495 2742 548 Ad
2769 506 2969 566 gentem
2994 496 3300 551 Gut/mrum.

2160 580 2304 637 Gens
2327 598 2490 637 sacras
2509 582 2828 651 Gothorum,
2852 596 3072 644 sanctus
3103 590 3149 655 κ,
3178 588 3296 643 sine
3326 589 3431 644 Ilnc
3466 592 3661 659 valeto,

2160 675 2374 730 Electus
2403 676 2629 733 Domino
2651 680 2895 750 populus,
2922 680 3074 749 plebs
3097 682 3293 753 inclyta
3317 682 3484 737 salve.

2144 763 2485 822 'Victrie'rbus
2510 769 2537 808 ιι
2562 779 2752 839 gentes
2778 772 2951 826 vicisti
2982 773 3215 827 maxime
3235 773 3387 827 bellis

2158 855 2331 921 Quam
2353 857 2550 912 multas
2572 861 2861 927 quondam,
2884 861 3068 917 hostes
3095 863 3254 917 modo
3274 865 3472 920 vincite
3492 865 3694 921 Christi

2156 944 2262 1000 Per
2285 948 2530 1019 clypeum
2555 950 2698 1016 ﬁdei,
2728 966 2826 1021 per
2849 953 3006 1007 fortia
3034 954 3135 1009 tela
3159 955 3366 1011 salutis.

2154 1035 2456 1093 Auxiliator
2477 1041 2585 1096 erit
2601 1041 2753 1097 vobis
2779 1043 2920 1098 Deus
2941 1044 3114 1100 almus
3142 1046 3361 1121 ubique,

2158 1128 2216 1184 Si
2232 1128 2344 1199 jam
2369 1129 2521 1185 firma
2546 1131 2680 1187 fides
2709 1134 2918 1188 habitat
2937 1136 3035 1190 sub
3062 1146 3280 1205 pectore
3310 1146 3517 1205 vestro,

2154 1218 2332 1289 Atque
2358 1235 2492 1291 opus
2512 1224 2785 1294 egregium
2814 1227 3056 1295 sequitur
3077 1228 3215 1282 bona
3239 1228 3376 1284 dona
3399 1228 3544 1284 fidei.

2156 1307 2287 1373 llas,
2318 1324 2465 1382 rogo,
2497 1310 2760 1368 litterulas
2785 1314 2992 1382 placido
3018 1320 3314 1386 percnrritc
3336 1335 3516 1376 sensu.
3595 1352 3599 1356 ~

2126 1436 2131 1439 »
2155 1398 2300 1464 Quas
2330 1402 2489 1457 modo
2517 1403 2717 1459 direxit
2749 1406 2900 1460 vobis
2919 1407 3137 1463 dilectio
3157 1418 3363 1465 sancta.

2154 1487 2419 1558 Prospera
2444 1503 2636 1549 cuncta
2662 1496 2801 1551 Deus
2828 1496 3018 1553 Gothis
3038 1501 3299 1555 concedat
3317 1501 3551 1574 Olympi,

2156 1578 2418 1636 Omnibus
2440 1585 2626 1638 :eterni
2659 1586 2901 1643 tribuens
2921 1589 3061 1644 bona
3084 1592 3276 1661 gaudia
3310 1596 3458 1663 regni
3494 1614 3507 1648 :

2156 1670 2321 1741 Inque
2349 1673 2451 1742 piis
2485 1676 2735 1743 precibus
2758 1694 3027 1735 memores
3051 1691 3244 1747 estote,
3279 1701 3531 1757 rogamus

2080 1736 2128 1796 Β
2153 1736 2332 1818 Albini
2350 1736 2830 1849 semper,scripsit
2853 1771 2944 1841 qui
2974 1772 3102 1827 talia
3127 1736 3296 1830 vobis.

2150 1851 2312 1924 235
2329 1855 2438 1909 Vos
2458 1855 2951 1929 Deusomuipotens
2978 1868 3145 1918 totum
3164 1877 3447 1923 conservet
3467 1869 3521 1923 in
3534 1885 3728 1941 aevum,

2150 1942 2437 1999 literarum
2465 1946 2714 2027 tribuens
2741 1951 2755 1990 ί
2793 1952 2944 2008 vobis
2972 1971 3072 2025 per
3097 1956 3293 2012 smcula
3327 1974 3575 2031 regnum.

2812 2061 3058 2118 CCLXII.

2598 2142 2612 2180 ι
2663 2131 2745 2184 Ad
2771 2132 2943 2201 ﬁlium
2974 2134 3280 2206 profugum.

2146 2220 2275 2288 Cur,
2309 2239 2462 2297 rogo,
2490 2233 2637 2291 nate,
2668 2234 2761 2283 tuo
2782 2228 2925 2298 patri
2955 2231 3212 2287 irasceris
3235 2241 3451 2299 amate;

2216 2313 2452 2386 Longius
2477 2326 2721 2387 optatum
2750 2335 2873 2374 mox
2903 2320 3064 2375 modo
3090 2323 3272 2392 carpis
3301 2324 3446 2378 iter?

2142 2404 2210 2458 Et
2241 2414 2296 2460 tu
2333 2408 2507 2463 tristis
2537 2410 2676 2475 abis,
2705 2419 2915 2478 patrem
2948 2412 3270 2499 tristemque
3297 2413 3560 2485 relinquis

2217 2495 2297 2551 Ut'
2315 2497 2611 2554 sceleratus
2638 2519 2651 2553 :
2682 2515 2784 2571 ego
2805 2499 3020 2570 judicor
3047 2495 3174 2555 ecce
3212 2516 3359 2556 reus.

2141 2584 2315 2642 Iratus
2341 2588 2518 2643 calido
2542 2589 2837 2661 quidquam
2863 2606 2964 2645 nec
2990 2599 3211 2661 pectore
3241 2592 3387 2659 dixi;

2214 2679 2466 2736 Mandavi
2492 2680 2700 2750 placida
2729 2682 2914 2737 dicere
2934 2682 3101 2737 verba
3133 2685 3250 2739 tibi.

2143 2775 2306 2830 Utere
2331 2758 2430 2827 ceu
2458 2772 2691 2841 propriis
2722 2774 2883 2827 rebus
2912 2772 3142 2829 feliciter
3172 2772 3297 2840 illis,

2130 2884 2135 2890 ·
2210 2864 2347 2919 Sunt
2382 2879 2501 2923 mea
2535 2865 2733 2936 quippe
2758 2875 2870 2931 tua,
2897 2867 3005 2921 sint
3034 2875 3123 2922 tua
3154 2883 3338 2939 quaeso
3366 2885 3511 2927 mea.
3564 2932 3569 2937 ,

2796 2976 3065 3033 CCLXIII.

2702 3047 2787 3101 Ad
2825 3048 3162 3119 discipulum.

2134 3136 2213 3189 En
2249 3146 2370 3192 tuus
2394 3135 2642 3197 Albinus.
2676 3137 2831 3191 saevis
2864 3148 3082 3209 ereptus
3112 3141 3179 3193 ab
3209 3140 3367 3195 undis
3390 3180 3405 3204 ,

2207 3228 2459 3290 Venerat,
2487 3227 2782 3281 altithrono
2806 3244 2950 3283 nunc
2978 3229 3275 3285 miserante
3303 3230 3435 3294 Deo,

2132 3316 2208 3370 'I‘e
2236 3317 2461 3386 cupiens
2489 3317 3105 3388 apel-peregrinus-lare
3134 3322 3374 3378 camenis
3422 3389 3430 3395 η

2200 3404 2244 3459 0
2268 3405 2488 3471 Coriou,
2518 3406 2745 3462 Corion!
2782 3409 2954 3465 dulcis
2983 3413 3152 3467 amice
3177 3414 3332 3469 satis.

2129 3496 2399 3567 Quidquid
2427 3506 2480 3552 tu
2508 3499 2696 3554 volitas
2718 3516 2816 3570 per
2840 3517 3033 3573 magna
3057 3504 3257 3574 palatia
3282 3488 3498 3576 regum,

2148 3604 2155 3613 '
2204 3586 2273 3643 Ut
2295 3588 2487 3644 ludens
2509 3589 2699 3660 pelago
2728 3590 2899 3661 aliger
2923 3592 3187 3647 undisouo
3228 3612 3239 3646 :

2130 3676 2231 3742 Qui
2262 3678 2463 3747 sophia:
2490 3679 2659 3733 libros
2687 3681 2881 3749 primis
2909 3680 2993 3736 lac
3016 3698 3114 3738 ore
3142 3685 3243 3740 sub
3270 3687 3427 3741 annis

2203 3764 2426 3832 Suxisti,
2454 3775 2509 3822 et
2537 3768 2706 3824 labris
2730 3770 2899 3825 ubera
2930 3786 3085 3827 sacra
3114 3775 3242 3830 tuis.

2128 3856 2262 3911 Dum
2292 3856 2386 3912 tibi
2411 3858 2539 3913 dum
2571 3860 2744 3931 major
2770 3877 2868 3931 per
2904 3872 3143 3935 tempora
3174 3878 3422 3923 creverat
3450 3879 3610 3939 tetas,

2202 3948 2351 4005 Tunc
2385 3949 2588 4007 solidos
2615 3967 2869 4032 sueveras
2892 3971 3105 4011 sumere
3130 3959 3295 4014 corde
3322 3959 3492 4015 cibos.

2124 4039 2308 4096 Fortia
2336 4042 2403 4097 de
2426 4043 2576 4114 gazis
2601 4053 2846 4099 veterum
2880 4054 2935 4100 et
2964 4057 3153 4116 potare
3182 4048 3438 4115 Falerna;

2193 4132 2457 4189 Sensibus
2481 4143 2538 4189 et
2565 4133 2783 4189 fuerant
2811 4138 2994 4204 pervia
3031 4146 3226 4190 cuncta
3256 4138 3383 4193 tuis.

2124 4223 2395 4292 Quidquid
2422 4224 2492 4277 ab
2522 4225 2743 4292 antiquo
2772 4223 3096 4279 invenerunt
3125 4235 3368 4295 tempore
3399 4227 3610 4296 Patres,
3655 4215 3659 4220 ’

2194 4313 2380 4367 Nobile
2409 4322 2604 4369 cuncta
2641 4314 2737 4369 tibi
2766 4316 2952 4385 pandit
2978 4325 3034 4372 et
3069 4318 3343 4389 ingenium
3371 4338 3385 4373 :

2048 4427 2098 4486 υ
2121 4404 2197 4459 Ac
2222 4405 2399 4458 divina
2429 4405 2536 4460 tuis
2569 4406 2743 4475 patuit
2770 4406 3055 4479 Scriptura
3082 4408 3331 4481 loquelis.

2189 4493 2420 4551 ﬁdibus
2450 4496 2504 4551 in
2533 4499 2705 4554 sacris
2738 4499 2865 4553 dum
2896 4508 2987 4554 tua
3027 4516 3130 4556 vox
3162 4512 3397 4565 resonat.

2118 4585 2256 4653 Quid
2294 4597 2386 4643 tua
2417 4604 2559 4644 nunc
2586 4606 2879 4645 memorem
2909 4592 3232 4649 scholastica
3262 4597 3500 4665 carmina
3532 4596 3694 4663 vatis,

2142 4730 2147 4735 .
2188 4677 2293 4746 Qui
2319 4687 2547 4735 cunctos
2579 4689 2799 4748 poteras
2829 4689 2887 4735 tu
2918 4697 3180 4750 superare
3207 4698 3382 4738 senes.

2117 4766 2339 4826 Viscera
2371 4778 2483 4825 tota
2513 4769 2608 4825 tibi
2636 4760 2974 4835 cecinerunt,
2998 4779 3163 4839 atque
3194 4772 3406 4840 capilli;

2184 4858 2339 4916 Nunc
2368 4868 2459 4917 tua
2487 4859 2666 4931 lingua
2696 4866 2869 4927 tacet;
2897 4875 2996 4915 cur
3025 4868 3115 4915 tua
3154 4860 3333 4933 lingua
3371 4852 3571 4919 tacet?‘

2060 3081 2103 3142 C

2112 5011 2291 5084 bello,
2320 5012 2388 5067 ad
2415 5010 2578 5084 fidem
2613 5010 2889 5084 conversis
2932 5010 3297 5084 ista‘intelligi
3346 5015 3492 5080 vult,
3542 5017 3688 5073 nulla

2112 5082 2328 5152 quidem
2361 5081 2845 5152 adductain-alioue
2868 5121 2883 5144 ,
2919 5082 2999 5135 Cl.
3031 5080 3299 5138 Cateliuot
3331 5085 3381 5139 in
3413 5102 3510 5140 ms.
3556 5087 3685 5143 Mihi

2112 5150 2243 5207 vero
2264 5166 2424 5221 quam
2448 5150 2775 5206 simillimum
2800 5158 2903 5215 est,
2926 5151 3211 5209 Alcuinnm
3236 5155 3302 5209 ad
3326 5156 3547 5225 p0pulos
3567 5173 3687 5225 pro-

2112 5222 2303 5276 vincia:
2338 5219 2573 5280 Gothim.
2607 5219 2897 5277 Saracenis
2936 5226 3305 5280 conterminae.
3335 5232 3389 5280 et
3425 5240 3455 5277 a
3490 5225 3685 5280 Carolo

2112 5232 2303 5276 vincia:
2338 5232 2573 5286 Gothiae,
2607 5232 2897 5277 saracenis
2936 5232 3305 5288 conterminae,
3335 5232 3389 5280 et
3425 5240 3455 5277 a
3490 5232 3685 5283 Carolo

2110 5291 2301 5373 Stagno
2330 5290 2567 5373 devictas
2580 5292 2877 5362 scripsisse,
2908 5302 3072 5365 atque
3093 5310 3189 5350 eos
3211 5293 3468 5349 adversus
3499 5294 3681 5353 hostes

2110 5360 2213 5416 sibi
2241 5360 2449 5415 vicinos
2479 5360 2769 5418 animasse.

2182 5432 2217 5502 β»
2244 5428 2343 5502 bis.
2374 5426 2510 5502 ξλεμ,
2538 5430 2675 5487 Gens
2699 5433 2833 5488 bona
2868 5431 3157 5490 Gothorum
3190 5448 3413 5502 semper.

2175 5500 2203 5571 ll
2238 5498 2343 5571 ys.
2375 5498 2510 5565 Sal..
2532 5502 2834 5571 prwclaras.

2184 5570 2197 5610 ί
2232 5569 2397 5634 Edit.,
2420 5569 2629 5625 tribuet.

2179 5638 2191 5686 i
2236 5639 2395 5716 [forte
2416 5640 2960 5716 adqulfmekcuius
2981 5639 3250 5698 infelicem
3284 5641 3486 5714 lapsum
3517 5642 3662 5716 luget

2107 5711 2159 5765 in
2184 5709 2422 5782 epistolis
2440 5710 2564 5780 206,
2592 5705 2715 5782 207,
2739 5711 2862 5768 208.
