4268 6198
521 302 617 359 801
1537 302 1839 360 CAR.“le
2011 299 2509 358 EPIGRAMMATA
2539 342 2553 364 ,
2591 300 2742 355 ETC.
3642 300 3747 356 803

518 411 685 481 Cujus
702 426 854 466 eram
877 411 1031 467 vivus
1060 426 1271 483 semper
1293 411 1517 467 devotus
1536 404 1741 477 amore,
2102 419 2150 474 Α
2181 411 2394 469 Solatur
2415 415 2651 476 miseris,
2683 424 2739 469 et
2765 412 2918 482 inops
2942 412 3063 478 sibi,
3085 412 3236 468 dives
3262 414 3484 485 egenis:

585 506 750 576 inque
773 504 886 560 Deo
908 504 1123 561 Christo
1149 519 1272 576 spes
1306 504 1437 559 mihi
1456 520 1617 560 saera
1644 504 1761 560 fuit.
2178 504 2277 572 Qui
2308 496 2591 576 postquam
2618 508 2756 567 vitm,
2784 504 2993 561 meritis
3018 502 3308 573 perfectus,
3336 507 3388 559 iu
3421 507 3577 562 annis

404 586 407 595 ”
519 598 712 654 Paulus
738 612 888 652 eram
916 596 1095 653 dictus
1120 596 1332 651 Ifartini
1361 593 1591 650 famulus
1615 608 1641 637 ι
1672 595 1822 659 almi,
2178 595 2267 651 Bis
2304 605 2496 652 octena
2534 596 2679 652 scius
2708 595 2993 672 complevit
3021 594 3193 651 lustra
3221 597 3495 660 sacerdos,

586 686 904 743 Transcursi
932 686 1197 741 modicum
1221 692 1431 757 tempus
1454 685 1512 740 in
1536 686 1671 740 orbe
1699 700 1897 740 meum.
2178 685 2285 740 Ter
2307 694 2501 757 quater
2520 695 2576 743 et
2599 702 2833 751 menses,
2860 685 3059 741 mensis
3080 684 3409 757 jamjamque
3432 676 3752 744 Novembris

518 774 600 831 le
624 776 858 845 primum
884 774 1008 830 felix
1034 774 1336 848 Burgundia
1357 776 1547 831 matris
1576 777 1630 830 in
1659 774 1780 829 alvo
2030 792 2039 804 ·
2178 774 2357 829 Idibus
2376 777 2585 831 octonis
2610 776 2731 832 curii
2766 776 3017 845 migravit
3038 777 3105 830 ad
3134 776 3331 839 aulam,

586 866 807 922 Vident
831 864 1080 931 etfusum,
1108 874 1163 920 et
1189 864 1401 922 ﬂetibus
1428 866 1709 937 irriguum.
2176 865 2416 923 Calibus
2439 870 2693 939 angelicis
2710 868 2949 937 junctus,
2974 866 3282 922 caelestibus
3310 870 3521 937 hymnis

516 955 634 1013 los
658 952 922 1012 Martinus
947 971 1100 1015 amor
1126 957 1306 1028 rapuit
1331 971 1418 1012 me
1440 956 1674 1037 inclytus
1699 962 1887 1011 auctor
2175 954 2498 1011 Collaudans
2526 957 2826 1021 Christum,
2855 972 3069 1025 semper
3106 958 3235 1027 sine,
3252 948 3360 1012 line
3386 959 3600 1013 beatus.

584 1047 716 1104 Post
737 1058 952 1105 teneros
977 1064 1147 1105 annos
1170 1049 1227 1104 in
1257 1049 1517 1104 famulum
1546 1049 1779 1105 sibimet.
2178 1045 2278 1113 Qui
2303 1047 2508 1102 meritis
2537 1064 2762 1118 magnus
2782 1050 3063 1103 crescebat
3087 1049 3523 1120 honoriliwsque

515 1136 724 1207 Perque
748 1152 875 1193 suos
894 1153 1078 1193 servos
1100 1139 1448 1204 venerandos,
1475 1146 1636 1208 atque
1662 1137 1969 1207 magistros,
2174 1135 2283 1191 iste
2309 1147 2427 1192 crat
2453 1138 2686 1192 eximius
2706 1139 2912 1201 doctor,
2937 1138 3240 1209 pncsulque
3261 1140 3537 1209 prechirus

585 1225 881 1297 Scripturis
905 1237 1103 1283 memet
1129 1228 1319 1283 imbuit
1340 1238 1501 1299 atque
1523 1228 1713 1282 sacris.
2249 1226 2639 1297 Splendescens
2665 1237 2851 1283 nostro
2875 1226 3058 1283 lucifer
3084 1241 3179 1283 ore
3201 1244 3392 1283 novus.

516 1314 780 1389 Septcnas
805 1318 915 1373 visi
945 1318 1178 1375 decadas
1200 1334 1368 1373 novus
1391 1318 1587 1388 hospes
1614 1319 1668 1373 in
1690 1318 1845 1381 orbe,
2180 1315 2246 1371 Et
2273 1332 2409 1386 quos
2442 1333 2581 1373 eatea
2614 1319 2764 1387 prius
2797 1318 3017 1387 populos
3044 1319 3214 1388 caligo
3250 1317 3483 1382 tcnrbat.

470 1436 477 1441 ι
584 1404 849 1461 Fraterno
866 1404 1088 1474 junctus
1113 1421 1324 1477 semper
1352 1422 1534 1462 amore
1559 1406 1655 1461 fui.
2248 1406 2476 1461 Irradiat
2498 1408 2694 1462 summi
2723 1407 2841 1462 lucc
2867 1409 2975 1476 poli
3004 1423 3217 1478 supera.

518 1493 847 1565 Languidus,
872 1504 1107 1565 aegrotus
1132 1495 1400 1550 solvebam
1428 1494 1605 1551 debita
1631 1494 1817 1556 donec,
2179 1494 2280 1547 \‘ir.
2295 1492 2395 1547 fuit
2418 1493 2520 1548 iste
2549 1493 2643 1549 Dei
2667 1495 2897 1563 patiens,
2928 1497 3253 1559 moderatus,
3282 1495 3557 1561 honestus,

590 1582 767 1652 Atque
796 1592 943 1637 artus
967 1584 1144 1639 anima
1167 1584 1396 1654 liquerat
1420 1585 1533 1654 ipsa
1557 1600 1703 1640 suos.
2230 1582 2488 1637 Moribus
2518 1584 2787 1654 egregius,
2810 1584 2977 1649 mitis,
3003 1593 3058 1640 et
3081 1601 3175 1639 ore
3199 1587 3339 1655 pius.

516 1669 792 1725 Fraternis
820 1672 1023 1726 fueram
1052 1674 1296 1728 manibus
1318 1689 1441 1728 mox
1463 1674 1719 1729 conditus
1742 1674 1862 1739 ista,
2180 1671 2412 1726 Plurima
2442 1672 2531 1742 qui
2558 1680 2843 1743 postquam
2876 1674 3116 1743 perfecto
3147 1676 3283 1731 dona
3319 1676 3384 1730 lat
3405 1694 3498 1731 me

592 1759 690 1815 llic
714 1760 844 1814 mibi
872 1770 1126 1830 perpetua
1146 1770 1231 1816 est
1253 1761 1443 1817 domus
1463 1771 1520 1817 et
1543 1763 1787 1833 requies;
2109 1759 2154 1817 Β
2250 1764 2599 1828 Commeruit,
2631 1763 2851 1820 Christo
2882 1765 3214 1834 perﬂeicnte,
3242 1766 3365 1830 sibi,

517 1852 869 1931 Omnipotens
892 1855 1101 1909 animas
1118 1853 1307 1923 jubeat
1330 1856 1574 1912 remeare
1593 1870 1869 1927 quousque
2179 1854 2300 1909 Mox
2324 1855 2549 1921 meritis,
2571 1855 2747 1919 annis,
2773 1861 2884 1909 tota
2906 1864 2961 1909 et
2992 1856 3190 1925 pietate
3227 1856 3477 1929 repletus.

584 1943 668 1999 Ad
690 1944 900 2000 cineres
925 1945 1139 2011 iterum,
1169 1954 1295 2001 tunc
1317 1959 1412 2000 ero
1436 1944 1633 2000 Paulus
1657 1960 1777 2018 ego.
2248 1944 2556 2016 Tranquilla
2589 1945 2815 2001 multum
2849 1948 2901 2001 in
2938 1962 3071 2017 pace
3107 1949 3311 2017 quievit
3340 1963 3529 2003 ovans.

512 2029 664 2087 Nunc
690 2030 887 2088 fratres
918 2035 1152 2089 animam
1178 2034 1427 2102 precibus
1456 2034 1811 2089 commendite
1839 2032 2078 2100 Christo,
2180 2035 2415 2105 Spiritus
2444 2038 2724 2092 mtberiam
2757 2039 2911 2094 lmtus
2938 2040 3187 2109 migravit
3216 2040 3281 2094 ad
3306 2039 3507 2107 aulam,

585 2122 801 2194 Vosque
824 2123 997 2180 valete
1022 2124 1126 2180 mei
1155 2138 1368 2195 semper
1396 2126 1593 2196 ubique
1617 2125 1746 2181 Deo.
1958 2130 1961 2137 ‘
2241 2124 2446 2181 Gaudia
2471 2140 2594 2180 cum
2622 2129 2825 2183 sanctis
2840 2128 2952 2197 jam
2978 2130 3094 2183 sine
3116 2128 3222 2185 line
3249 2112 3461 2185 tenens.

1054 2309 1086 2321 ._
1157 2215 1429 2321 φίλως
1504 2309 1516 2321 ,
2181 2231 2739 2309 EPIGRAMMi

2181 2231 2912 2311 EPIGRAMMATA
2974 2234 3100 2310 ΕΤ
3156 2234 3734 2313 IENIGMATA.

966 2307 1301 2417 Epitaphium
1329 2308 1627 2417 cujusdam.
1671 2398 1687 2417 ι
2316 2307 2327 2308 ί
2371 2307 2390 2309 v
2732 2307 3181 2417 ἑέξαοῄἶίχιί

514 2392 627 2452 Hoc
654 2410 783 2467 rogo
804 2396 1097 2485 pauxillum
1120 2396 1340 2452 veniens
1362 2398 1612 2462 subsiste,
1639 2398 1811 2453 viator

582 2485 651 2541 Et
678 2487 796 2542 mea
826 2495 1068 2542 scrutare
1102 2495 1318 2557 pectore
1338 2488 1483 2543 dicta
1506 2496 1616 2575 tuo.

514 2575 586 2634 Ut
613 2585 706 2633 tua
728 2578 904 2649 deque
932 2580 1068 2633 meis
1096 2592 1389 2648 cognoscas
1417 2578 1525 2634 fata
1554 2579 1771 2651 ﬁguris;

2594 2433 2746 2489 Vales
2775 2436 2941 2490 vivens
2967 2446 3080 2505 post
3109 2449 3345 2491 mortem.

2178 2523 2365 2579 Vivere
2393 2535 2513 2596 post
2542 2536 2767 2580 mortem
2794 2534 2942 2582 vates
2964 2526 3045 2579 vis
3073 2541 3231 2581 nosse
3260 2527 3466 2580 viator?

2246 2613 2399 2679 Quod
2428 2614 2561 2685 legis
2586 2629 2714 2669 ecce
2740 2614 2953 2684 loquor,
2979 2631 3081 2671 vox
3114 2625 3199 2670 tua
3231 2631 3420 2687 nempe
3450 2631 3567 2672 mea
3596 2626 3697 2672 est.

585 2664 825 2724 Vertitur
847 2670 911 2725 o!
937 2670 1147 2740 species
1172 2678 1233 2725 ut
1259 2685 1377 2725 mea
1402 2670 1585 2740 sicque
1613 2679 1723 2725 tua.
2257 2664 2355 2679 ’⁵η
2373 2664 2399 2667 ⁷
2430 2664 2558 2685 ⁷“⁰”
2592 2664 2711 2669 ’⁷⁷⁷
2741 2664 3199 2758 ’Ἷέὸῐχὶᾖξ“
3231 2664 3257 2735 ’Ῐ

517 2755 668 2813 Nunc
691 2759 835 2828 quod
858 2775 939 2826 es,
965 2759 1194 2826 fueram,
1223 2759 1458 2815 famosus
1483 2760 1537 2814 in
1568 2760 1699 2817 orbe
1726 2760 1918 2827 viator,
2314 2836 2317 2841 η
2410 2816 2413 2817 ν
2621 2740 3294 2843 Βαιηενῖἴῖἶιὶιῖἲαιίάω.

586 2846 655 2900 Et
680 2849 823 2933 quod
853 2865 994 2904 nunc
1018 2865 1117 2919 ego
1138 2864 1283 2921 sum,
1306 2858 1471 2918 tuque
1494 2848 1709 2905 futurus
1735 2850 1863 2906 eris.
2178 2861 2271 2918 Nu.

2178 2861 2361 2919 Nudus
2383 2872 2503 2917 erat
2528 2863 2747 2933 hospes,
2768 2862 2977 2931 placeat
3001 2860 3292 2917 cui'ludere
3321 2876 3529 2918 mecum
3556 2867 3604 2928 ε,

426 2996 433 3001 η
518 2937 745 2993 Delicias
764 2936 948 2994 mundi
974 2952 1130 3009 casso
1149 2939 1415 3008 sequebar
1437 2953 1642 3002 amore,

2247 2955 2421 3024 Atque
2451 2954 2631 3011 fovere
2658 2971 2777 3013 meo
2811 2935 3036 3025 corpora
3070 2954 3215 3010 fonte
3240 2970 3356 3009 sua.

585 3025 737 3082 Nunc
761 3026 898 3083 cinis
920 3038 976 3083 et
1002 3027 1198 3098 pulvis,
1237 3028 1505 3084 vermibus
1529 3036 1690 3098 atque
1714 3029 1884 3084 cibus.
2105 3100 2145 3115 Α
2178 3040 2270 3109 Qui

2105 3100 2145 3115 Α
2178 3040 2277 3109 Qui
2308 3043 2476 3112 piscis
2499 3046 2769 3112 quondam
2798 3044 2988 3115 gelidis
3014 3046 3291 3115 generavit
3316 3048 3367 3099 in
3394 3046 3570 3109 undis,

513 3116 848 3189 Quapropter
867 3120 1047 3189 potius
1073 3120 1303 3174 animam
1330 3134 1521 3174 curare
1543 3128 1809 3175 memento
2099 3100 2147 3164 (ἶ
2188 3100 2198 3106 ’

1756 3128 1809 3175 ιο
2099 3100 2147 3164 c
2244 3100 2396 3187 Nunc
2424 3100 2629 3188 calidus
2654 3100 2856 3188 homini
2882 3100 3291 3189 fortevminister
3310 3136 3438 3188 erit.

580 3206 751 3275 Quam
778 3224 1017 3275 carnem,
1048 3209 1301 3280 quoniam
1324 3208 1440 3265 bare
1465 3219 1662 3275 manet,
1691 3210 1779 3265 illa
1815 3212 1972 3280 perit.
2176 3226 2265 3281 Nu,

1960 3251 1972 3263 -
2140 3298 2146 3301 ι
2176 3226 2327 3281 Nunc
2364 3226 2511 3295 ligno
2538 3226 2771 3289 vehitur,
2802 3226 3069 3294 quondam
3097 3226 3187 3295 qui
3215 3225 3356 3296 ligna
3388 3226 3638 3292 vehebat,

511 3296 621 3352 Cur
641 3297 735 3354 tibi
758 3314 883 3353 rura
910 3313 1091 3367 paras,
1126 3314 1286 3368 quem
1322 3313 1489 3369 parvo
1517 3299 1695 3354 cernis
1722 3299 1776 3353 in
1812 3308 1969 3354 antro
2140 3298 2146 3301 ’

1770 3318 1776 3353 I
1812 3308 1969 3354 ειιιιτο
2140 3298 2146 3301 ’
2243 3316 2299 3369 In
2332 3316 2497 3384 pratis
2525 3329 2769 3377 currens,
2801 3321 2908 3368 stat
2933 3315 3085 3383 piger
3112 3316 3163 3369 in
3190 3314 3455 3369 domibus.

584 3385 667 3441 Ile
687 3388 943 3457 sopitum,
974 3389 1188 3456 requies
1214 3388 1293 3442 sic
1320 3396 1421 3475 tua
1448 3403 1613 3456 parva
1649 3386 1759 3443 fiet.
2176 3407 2269 3461 Du.

2176 3407 2310 3461 Dum
2339 3406 2510 3462 nudus
2538 3406 2719 3459 veniat
2744 3404 2973 3458 calidam
2999 3407 3118 3473 pius
3148 3406 3343 3475 hospes
3370 3407 3423 3458 in
3454 3405 3654 3466 aulam.

496 3477 622 3545 Cur
645 3478 808 3549 Tyrio
832 3494 1029 3548 corpus
1064 3477 1200 3532 linas
1226 3478 1255 3517 ιι
1277 3468 1525 3532 vestirier
1550 3484 1718 3542 ostro,

2246 3495 2507 3549 Fontibus
2534 3504 2593 3547 ut
2622 3492 2767 3547 lavet
2802 3493 2891 3547 bic
2919 3508 3015 3547 sua
3045 3494 3284 3547 membra
3313 3494 3476 3560 meis;

582 3566 736 3634 Quod
766 3582 893 3623 mox
917 3567 1161 3623 esuriens
1184 3566 1402 3637 pulvere
1428 3566 1627 3621 vermis
1656 3565 1779 3623 alet.
2174 3585 2267 3639 οιη

2174 3585 2425 3647 Obsecro,
2451 3600 2519 3639 ne
2548 3583 2750 3648 videat,
2777 3584 3023 3652 proprios
3049 3592 3265 3640 avertat.
3280 3583 3497 3646 ocellos,

512 3658 723 3728 Aspice,
748 3660 841 3729 qui
868 3660 1137 3730 quondam
1154 3658 1388 3737 gemmis
1425 3656 1660 3730 fulgebat
1686 3667 1741 3714 et
1778 3675 1933 3722 auro,

1698 3667 1741 3714 θῑ
1778 3675 1933 3722 ἔδυνον
2241 3678 2490 3732 Contexit
2517 3676 2673 3746 primi
2702 3676 2845 3743 quod
2876 3689 2966 3729 rea
2995 3675 3183 3729 dextra
3214 3674 3383 3743 patris

490 3762 495 3767 '
582 3748 683 3803 llic
696 3747 840 3817 jacet
868 3750 923 3803 in
949 3748 1152 3803 tumqu
1174 3756 1412 3803 stercore
1438 3747 1726 3804 sordidior.

2176 3770 2286 3825 Hoc
2310 3780 2501 3825 natura
2528 3767 2707 3833 docet,
2729 3767 2829 3821 hoc
2853 3774 2908 3821 et
2936 3766 3199 3835 persuasit
3227 3766 3507 3828 honestas,

515 3839 587 3898 Ut
608 3838 769 3897 ﬂores
793 3849 1038 3911 pereunt,
1062 3848 1223 3895 vento
1252 3839 1498 3903 veniente
1524 3840 1742 3902 minaci,

1706 3841 1742 3902 iv
2237 3859 2437 3920 .littibi
2456 3858 2532 3919 sit
2558 3856 2723 3911 facies
2743 3870 2953 3924 semper
2977 3856 3201 3910 honesta
3233 3869 3387 3923 puer.

582 3928 674 3985 Sic
705 3938 797 3985 tua
822 3945 1056 4001 namque
1078 3944 1206 3985 caro
1228 3928 1395 4000 gloria
1423 3936 1533 3983 tota
1563 3927 1668 3983 fuit
1693 3938 1740 3982 ε.
2795 3944 3112 4002 CCLXXI".

513 4019 594 4075 Tu
619 4021 748 4074 mihi
768 4021 931 4075 redde
954 4021 1124 4075 vicem
1154 4020 1341 4082 lector,
1368 4033 1519 4089 rogo,
1544 4019 1800 4075 carminis
1826 4019 2000 4087 hujus,
2788 4038 3120 4108 Αςηδφηαια,

582 4109 651 4165 Et
674 4111 761 4166 dic
786 4128 800 4164 :
830 4112 897 4166 da
922 4110 1155 4191 veniam,
1186 4108 1427 4164 Christe!
1462 4117 1552 4165 tuo
1580 4108 1799 4166 misero.
2174 4138 2267 4193 αι

2174 4138 2343 4193 Clusa
2372 4137 2519 4189 necis
2542 4134 2773 4195 fueram,
2797 4140 2975 4186 tamen
3000 4139 3055 4184 et
3084 4130 3157 4183 nil
3184 4142 3459 4197 nuneupor
3479 4130 3670 4192 esseh,

1175 4220 1422 4277 CCLXX.
2171 4224 2372 4280 Ordine
2395 4224 2622 4294 quisque
2652 4224 2792 4293 legat
2817 4230 2963 4277 recto
2992 4235 3100 4283 me,
3130 4219 3374 4274 comedet
3398 4228 3454 4273 et
3480 4234 3567 4274 me
3596 4223 3639 4282 ί.

741 4309 767 4351 ει
801 4310 875 4366 De
900 4311 1073 4382 magni
1100 4308 1361 4380 quondam
1388 4309 1560 4365 meriti
1584 4309 1841 4385 episcopo.
2175 4314 2256 4370 Me
2277 4328 2438 4384 super
2462 4312 2549 4368 ille
2572 4311 2776 4381 equitet
2798 4310 2812 4361 i
2840 4351 2867 4385 ,Δ
2888 4319 3194 4365 transverso
3221 4308 3312 4379 qui
3340 4308 3479 4380 legat
3504 4324 3619 4363 ore.

513 4398 719 4487 Nobilis
746 4400 847 4455 iste
868 4398 970 4455 fuit
987 4378 1185 4470 magna
1210 4398 1276 4454 de
1303 4406 1458 4471 gente
1479 4378 1765 4463 sacerdos,
2102 4430 2151 4488 υ
2175 4402 2282 4459 Sex
2311 4378 2439 4457 mihi
2465 4378 2714 4457 litterulaa
2740 4378 2885 4465 suni,
2908 4407 2963 4455 et
2983 4378 3253 4469 praeclara
3268 4378 3505 4467 potestas
3528 4397 3580 4462 ιι,

585 4484 692 4545 Sed
718 4490 926 4560 magnis
951 4490 1120 4547 multo
1148 4489 1376 4545 nobilior
1402 4488 1629 4545 meritis.
2104 4484 2135 4488 ⁷
2179 4492 2478 4562 Disrumpis
2503 4506 2699 4547 nomen
2723 4490 2899 4547 medio
2927 4490 2993 4545 de
3028 4489 3239 4544 tramite
3274 4496 3463 4551 totum,

515 4582 611 4637 Vir
633 4578 734 4634 fuit
758 4580 812 4633 in
838 4579 1031 4648 populo
1054 4580 1228 4634 dictus
1250 4580 1657 4648 cognomine...
1687 4591 1711 4620 ο
2178 4584 2308 4640 Pars
2329 4583 2469 4641 colet
2490 4600 2597 4641 una
2620 4583 2786 4639 Deum
2807 4581 2848 4646 ι,
2875 4582 3146 4639 hominem
3170 4596 3296 4652 pars
3314 4582 3483 4635 altera
3510 4579 3681 4652 signa!
3702 4591 3740 4618 ι·

516 4672 753 4727 lloribus
778 4670 1085 4741 egregius...
1116 4668 1135 4707 ί
1160 4670 1501 4738 peramabilis
1530 4673 1695 4726 omni.
1740 4710 1745 4715 ι
2176 4676 2378 4731 Littera
2405 4676 2621 4731 tollatur
2647 4674 2808 4729 faciet
2836 4688 2958 4728 mox
2984 4683 3175 4743 quarta
3198 4687 3461 4726 venenum
3482 4660 3571 4724 ’.θ

520 4764 615 4819 Vir
639 4762 741 4819 fuit
766 4764 868 4819 iste
890 4762 982 4817 Dei
1006 4762 1230 4834 patiens,
1260 4754 1587 4827 moderatus,
1617 4763 1895 4828 honestus.
2180 4768 2275 4822 Est
2301 4768 2385 4822 vir
2410 4768 2523 4837 jam
2551 4773 2696 4819 totus
2722 4773 2917 4819 canuto
2943 4764 3142 4817 vertice
3169 4776 3331 4817 satius
3354 4770 3403 4826 υ,

519 4851 755 4907 Moribus
778 4852 1022 4924 egregius
1046 4861 1101 4921 et
1118 4850 1173 4906 in
1192 4849 1337 4905 omni
1367 4856 1618 4904 strenuus
1638 4859 1788 4917 actu;
2180 4856 2416 4911 Materna
2447 4842 2667 4911 eﬂ'cctus
2691 4853 2861 4923 prima
2885 4860 3145 4923 pereunte
3167 4862 3195 4900 ι»
3220 4850 3408 4921 figura.

519 4940 691 4998 Corde
717 4942 855 5010 pius.
885 4942 1121 5005 humilis.
1152 4942 1313 5004 mitis»
1345 4938 1650 5011 rigidusque
1672 4942 1923 5010 superbo,
2179 4948 2304 5003 Post
2332 4948 2559 5020 primam
2585 4944 2724 4998 bina:
2746 4952 2994 5012 pereunt,
3018 4944 3121 4997 erit
3146 4944 3361 4997 horrida
3389 4939 3563 4997 scrofa
3584 4952 3636 4999 ς.

590 5050 813 5121 sedis,
836 5051 1127 5121 [τδρηιήοω.
1500 5039 1503 5043 ’
1940 5118 1943 5119 ν
2256 5060 2273 5099 ί
2319 5055 2545 5118 Malum,
2574 5052 2800 5108 fructus.

591 5120 622 5161 ι
652 5120 843 5185 Forte,
873 5121 1038 5174 sinas.
2254 5125 2267 5177 i
2319 5124 2537 5187 Malam,
2567 5121 2785 5177 animal.

591 5201 614 5260 ¹ῗ
644 5190 825 5255 “me:
857 5190 1010 5260 Ῑυθίτ·
1914 5259 1917 5260 ν
2255 5196 2280 5235 ll
2327 5194 2525 5248 Virtus.

592 5258 938 5332 {Compara
967 5260 1069 5313 hoc
1111 5274 1502 5332 carmen___cum
1543 5276 1697 5332 capp.
1741 5260 1811 5316 ει
1841 5302 1855 5323 ,
1892 5259 1979 5332 55
2028 5269 2085 5315 et
2261 5264 2277 5303 ι
2321 5263 2431 5315 Tus
2455 5277 2548 5315 seu
2579 5261 2745 5317 'i'hus.

522 5328 751 5400 “fita:
783 5326 1025 5386 metrica:
1054 5329 1224 5384 sancti
1252 5326 1585 5400 Willibrordi
1611 5326 1787 5400 supra
1823 5330 1925 5385 col.
1975 5332 2079 5383 720
2256 5346 2295 5372 In
2334 5332 2447 5385 Vir.

524 5406 579 5451 et
596 5397 719 5469 722,
742 5414 809 5454 es
835 5401 1029 5469 quibus
1056 5398 1678 5469 hoceegconsarcinatum
1697 5397 1802 5457 est.
2257 5414 2283 5441 ιι
2322 5401 2498 5454 Virus.

597 5478 623 5539 ξ
646 5468 774 5539 ρει,
794 5466 1095 5539 cognomine
1116 5466 1399 5539 Wilbrord.
2260 5479 2284 5506 °
2304 5470 2517 5524 *Sanus.

596 5528 617 5577 ἲ
646 5528 772 5607 Hs,
800 5528 1033 5607 egregius
1058 5536 1266 5607 populo.
2260 5551 2287 5590 r
2323 5540 2491 5593 Anus.

598 5607 627 5649 ⁸
663 5606 841 5670 Εὐίιά
863 5606 1018 5661 ludus
1047 5616 1312 5661 remotum.
2261 5621 2289 5660 (ι
2328 5607 2449 5662 Sus.

594 5672 627 5719 δ
667 5675 887 5741 Malum,
918 5679 1217 5745 peccatum.
