4268 6192
571 226 680 287 803

1196 333 1515 401 CCLXXW.

1133 433 1382 506 .Enignta
1410 433 1577 488 aliud.

569 528 857 600 Presbyter
878 530 1090 599 integro
1115 527 1406 582 celebravit
1433 527 1650 581 nomine
1670 537 1695 565 ι
1724 525 1963 579 missam.

569 620 771 676 Littera
802 620 1043 685 tollatur,
1070 628 1293 690 praestat
1315 618 1557 673 convivia
1582 617 1802 671 Pascha:
1823 617 1872 666 ιι.

554 712 744 783 Atque
769 714 1013 768 minister
1036 712 1171 776 erit,
1190 712 1414 766 tollatur
1437 710 1618 773 tertia,
1648 722 1846 764 mensa:
1870 720 1917 760 π.

570 804 877 873 Quartaquc
906 803 1142 866 tollatur,
1172 803 1362 857 miscet
1386 801 1522 855 mala
1553 796 1713 855 verba
1744 799 1972 853 venenis
1990 796 2038 850 ε’,

570 895 683 950 Fur
706 897 838 955 erit.
868 896 1097 950 addatur
1122 895 1380 949 extremis
1407 894 1576 964 prima
1604 893 1812 947 duabus
1838 903 1881 943 ε.

571 985 752 1040 Tertia
784 1002 903 1039 eum
924 986 1105 1055 prima
1130 984 1345 1038 tollatur
1368 984 1572 1048 littera,
1598 983 1824 1037 mimm‘.

571 1074 850 1144 Decrepita
879 1074 898 1113 ί
928 1075 1165 1131 accurrit
1194 1074 1317 1128 nixa
1348 1074 1564 1127 dolrada
1591 1074 1617 1112 ⁸
1640 1088 1736 1143 per
1759 1071 1926 1146 aedes,

966 1176 971 1181 ’
1200 1186 1497 1243 CCLXX‘V.

1019 1328 1021 1330 η
1110 1257 1269 1312 Aliud
1296 1259 1516 1328 a'nignta
1538 1258 1589 1314 ιι.

570 1348 672 1414 Tu,
697 1350 786 1419 qui
818 1349 997 1419 pergis
1024 1348 1129 1402 iter
1152 1363 1251 1425 per
1282 1363 1435 1402 sacra
1460 1347 1684 1417 palatia,
1712 1346 1903 1409 lector,

570 1441 690 1504 Dic,
720 1441 832 1492 duo
847 1454 966 1509 quae
986 1446 1241 1492 moveant
1269 1438 1794 1509 totas’monosyllaba
1825 1437 1977 1510 lites?

573 1533 688 1596 Dic,
716 1533 820 1587 duo
845 1547 961 1600 qua:
984 1539 1220 1585 sanctam
1254 1538 1501 1598 rumpant
1522 1530 1833 1600 pronomina
1857 1528 2079 1597 pacem?
2147 1526 2154 1533 ”

568 1626 686 1688 Dic,
714 1626 818 1678 duo
841 1640 959 1695 qua:
986 1622 1183 1679 faciant
1206 1624 1522 1692 pronomina
1549 1623 1762 1677 nomina
1788 1621 2028 1675 cunctis?

570 1714 758 1769 Omnia
781 1714 869 1769 die
889 1729 1007 1783 qua:
1030 1720 1155 1767 sunt
1182 1714 1354 1777 verbi,
1384 1728 1501 1782 qua:
1532 1712 1734 1783 syllaba
1760 1711 1957 1782 ﬁnget?

536 1856 537 1859 η
571 1803 811 1870 Qualiter
833 1814 886 1856 et
914 1806 929 1844 ί
962 1812 1136 1858 tecum
1166 1804 1424 1872 loquitur,
1450 1805 1540 1873 qui
1572 1818 1675 1856 non
1704 1801 1803 1855 fuit
1828 1802 2096 1870 unquam?

571 1883 699 1949 Hac
722 1893 858 1964 lege,
880 1893 1024 1948 solve
1040 1896 1171 1958 cito,
1196 1902 1289 1948 aut
1314 1902 1525 1948 taurum
1549 1892 1793 1961 persolve
1818 1902 1987 1962 poetae
2012 1889 2055 1944 i.

1190 2004 1508 2075 CCLXX“.

1173 2095 1252 2151 De
1280 2094 1524 2150 luscinia.

569 2186 700 2256 Qua:
722 2196 781 2243 te
809 2188 1107 2244 detraxeris
1126 2188 1153 2228 ιι
1181 2176 1410 2242 luscinia
1436 2187 1653 2251 tuscis,

644 2274 735 2331 Illa
767 2292 898 2331 mea:
924 2276 1099 2331 fuerat
1120 2276 1300 2331 invida
1323 2275 1539 2329 lmtitim.

573 2366 653 2420 Tu
684 2382 798 2421 mea
815 2366 1105 2421 dulcisonis
1131 2366 1364 2435 implesti
1390 2373 1602 2435 pectora
1630 2364 1813 2425 musis,

638 2461 811 2527 Atque
838 2458 1076 2511 animum
1109 2465 1358 2511 mmstum
1381 2470 1621 2510 carmine
1646 2454 1917 2509 mellitluo.

566 2550 905 2619 Quapropter
940 2548 1155 2600 veniant
1181 2547 1456 2601 volucrum
1484 2546 1639 2600 simul
1671 2545 1906 2613 undique
1937 2552 2130 2605 cmtus,

640 2637 888 2692 Carmine
916 2644 965 2689 te
994 2651 1201 2690 mecum
1232 2636 1485 2706 plangere
1507 2634 1704 2691 Pierio.

570 2728 760 2798 Spreta
795 2727 991 2790 colore,
1025 2735 1201 2782 tamen
1233 2726 1410 2781 fueras
1442 2741 1547 2782 non
1582 2736 1761 2797 spreta
1791 2727 2054 2791 canendo,

642 2818 770 2872 Lata
795 2819 893 2872 sub
917 2828 1144 2887 angusto
1166 2826 1381 2888 pectore
1408 2817 1426 2856 ι
1457 2835 1559 2872 vox
1584 2821 1782 2875 sonuit.

572 2908 735 2963 Dulce
764 2908 930 2963 melos
957 2908 1159 2963 iterans
1179 2909 1326 2962 vario
1352 2909 1705 2964 modulamine
1729 2924 1913 2974 musa,

643 2998 814 3068 Atque
836 2997 1139 3053 Creatorem
1168 3013 1378 3069 semper
1398 2999 1449 3052 in
1480 3007 1574 3054 ore
1601 3014 1820 3053 canens.

573 3089 828 3145 Noctibus
855 3090 908 3143 in
938 3088 1106 3143 furvis
1127 3106 1388 3159 nusquam
1416 3091 1646 3144 cessavit
1672 3092 1741 3144 ab
1772 3090 1891 3144 edis

644 3183 756 3236 Vox
785 3182 1089 3237 veneranda
1114 3180 1303 3245 sacris,
1334 3197 1366 3236 o
1394 3183 1557 3237 decus
1579 3192 1740 3252 atque
1768 3179 1957 3238 decor!
2026 3172 2033 3173 ί
2116 3250 2121 3255 θ

538 3333 542 3337 1
576 3272 715 3339 Quid
741 3272 960 3335 mirum,
988 3270 1289 3336 cherubim,
1313 3273 1582 3341 seraphfm
1612 3272 1656 3327 si
1684 3288 1813 3327 voce
1836 3271 2133 3327 Tonantem

646 3361 907 3431 Perpetua
936 3360 1171 3425 laudent,
1196 3363 1319 3417 dum
1349 3370 1436 3429 tua
1472 3363 1549 3419 sic
1578 3364 1783 3433 potuit?
2116 3378 2121 3384 ·

576 3451 724 3506 Felix
751 3466 784 3507 ο
817 3452 1061 3515 nimium,
1088 3452 1369 3508 Dominum
1395 3463 1659 3523 nocteque
1681 3456 1872 3525 dieque

646 3540 745 3607 Qui
772 3542 948 3596 studio
976 3541 1065 3611 tali
1098 3556 1309 3612 semper
1332 3540 1391 3596 in
1412 3558 1507 3598 ore
1530 3545 1704 3598 cauit!

575 3632 691 3687 Non
711 3633 861 3689 cibus
883 3642 1043 3704 atque
1070 3644 1227 3705 potus
1252 3635 1495 3707 (somnus
1518 3636 1581 3706 ω)
1604 3635 1779 3692 fuerat
1806 3638 1902 3693 tibi
1932 3638 2138 3694 dulcior

644 3812 879 3867 Alterius
904 3815 1180 3869 volucrum
1206 3828 1307 3867 nec
1341 3814 1537 3868 sociale
1558 3815 1766 3885 iugum.

578 3903 694 3960 Hoc
716 3911 903 3958 natura
930 3905 1106 3968 dedit,
1138 3914 1343 3958 natum
1367 3912 1421 3957 et
1448 3904 1706 3959 Conditor
1735 3906 1929 3961 almus.

649 3994 817 4063 Quem
846 4004 900 4049 tu
920 3994 1163 4051 laudasti
1180 3995 1401 4050 vocibus
1427 3995 1659 4050 assiduis
1683 4014 1695 4048 :
1821 3989 1826 3993 ’

580 4082 653 4141 Ut
676 4099 773 4139 nos
795 4085 1088 4140 instrueres
1109 4094 1137 4122 ιι
1162 4084 1286 4139 vino
1312 4098 1604 4153 somnoque
1633 4084 1890 4154 sepultos,

649 4171 1017 4244 Somnigeram
1047 4174 1241 4227 mentis
1267 4188 1513 4241 rumpere
1540 4174 1850 4244 segnitiem;

581 4264 732 4332 Quod
758 4275 812 4320 tu
835 4266 1027 4331 fecisti,
1053 4265 1278 4320 rationis
1299 4274 1355 4323 et
1379 4266 1547 4319 inscia
1575 4280 1785 4330 sensus,

648 4353 823 4409 Indice
850 4361 1038 4407 natura
1065 4354 1326 4408 nobiliore
1355 4353 1487 4407 satis
1510 4370 1523 4405 :

582 4442 840 4506 Sensibus
858 4442 961 4496 hoc
982 4456 1187 4504 omnes,
1214 4456 1404 4510 magna
1427 4450 1477 4493 et
1502 4441 1707 4495 ratione
1740 4442 1979 4513 vigentes

650 4532 953 4588 Cessissent
980 4530 1191 4599 aliquod
1220 4540 1428 4601 tempus
1458 4532 1510 4584 in
1534 4546 1630 4585 ore
1661 4535 1785 4586 suo!

652 4723 677 4751 ιι
717 4710 955 4781 Magnus.

655 4781 684 4818 δ
721 4781 921 4849 Agnus.

657 4859 679 4886 ο
723 4848 928 4901 Matius.

638 4916 681 4961 ιδ
721 4916 923 4986 Magna.
1532 4919 1581 4949 ο

658 4999 682 5027 ε
722 4986 858 5040 Mus.

660 5057 679 5094 ί
725 5057 882 5115 Edit.,
912 5054 1161 5125 Darepita
1188 5070 1341 5107 anus.

660 5129 684 5165 ε
722 5125 809 5187 F.,
836 5125 1073 5178 dolabra.

654 5196 680 5234 h
722 5193 872 5259 Quod
894 5193 1203 5262 solvendum
1232 5193 1352 5248 aliis
1388 5193 1752 5262 relinquimus.

663 5266 675 5303 λ
725 5263 891 5326 Εόίι.,
922 5260 1161 5325 Qualitas
1186 5272 1263 5315 ut.

658 5345 673 5383 t
723 5332 889 5394 Edit.,
923 5330 1114 5383 Porta.

658 5404 684 5472 ξι
723 5402 845 5464 Ms,
872 5416 986 5472 qua:
1014 5408 1061 5451 te
1082 5398 1265 5451 dextra
1290 5400 1415 5452 mihi
1441 5404 1629 5471 rapuit.

662 5471 679 5509 ι
723 5472 844 5535 Ms.,
872 5477 1091 5539 angusto
1116 5478 1343 5539 gutture.

657 5552 698 5580 ι
736 5542 847 5595 Vox
875 5538 1083 5595 somnus
1114 5538 1394 5592 redundat.

661 5620 687 5648 ¹⁵
726 5610 884 5668 Edit..
911 5609 1300 5662 inlustrat'eras.

1391 229 1451 285 Β.
1492 227 1550 283 r.
1591 225 1814 281 ALBINI
1846 223 1985 279 seu
2024 215 2615 302 ALCUlNlOPERUM
2652 174 2831 277 rans
2872 217 2946 275 vx.
3118 280 3124 285 θ

2160 342 2205 392 Α
2234 329 2464 386 Maxima
2498 333 2733 388 laudanti
2765 347 2973 388 merces
3001 332 3057 386 in
3084 329 3240 387 satela
3269 329 3509 384 manebit

1972 3729 2134 3802 [οάίε.

3694 213 3797 270 801

2303 422 2590 478 Αἰιειιηιιιιι
2622 438 2802 494 regem
2827 432 3021 492 perpes
3053 423 3108 475 in
3136 434 3261 477 arce
3288 419 3422 491 poli.

2851 534 3188 591 CCLXXV-il.

2819 634 2844 661 ⁸
2867 624 2947 681 De
2973 623 3192 679 Cuculo.

2226 716 2555 787 Plangamus
2574 716 2855 782 cuculum,
2881 716 3126 787 Daphnin
3174 714 3504 780 dulcissime,
3527 724 3799 777 nostrum,

2302 812 2470 880 Quem
2502 814 2679 868 subito
2702 812 2880 882 rapuit
2908 827 3049 868 saeva
3074 826 3303 868 noverca
3327 811 3460 865 suis.

2228 904 2554 976 lPlangamus
2582 905 2787 974 pariter
2805 905 3100 975 querelosis
3123 905 3349 959 vocibus
3376 903 3521 957 illum
3537 928 3556 966 ,

2302 998 2480 1066 Incipe
2505 1005 2563 1051 tu
2584 998 2786 1063 senior,
2814 1013 3013 1067 quaso,
3042 996 3275 1052 Menalca
3299 996 3465 1066 prior.

2230 1087 2374 1143 Heu!
2408 1072 2629 1143 cuculus
2658 1088 2813 1143 nobis
2843 1086 3021 1142 fuerat
3040 1094 3260 1142 cantare
3288 1095 3493 1149 suetus,

2301 1178 2431 1245 Quae
2457 1186 2508 1232 te
2536 1193 2679 1232 nunc
2706 1178 2883 1249 rapuit
2913 1179 3047 1233 hora
3077 1160 3303 1234 nefanda
3333 1177 3473 1230 tuis?

2230 1268 2375 1325 Heu!
2402 1270 2643 1335 cuculus,
2673 1272 2916 1341 cuculus,
2946 1287 3050 1340 qua
3082 1279 3135 1348 te
3159 1271 3376 1341 regione
3407 1269 3621 1339 reliqui,

2298 1360 2493 1415 Infelix
2520 1361 2676 1416 nobis
2697 1362 2784 1415 illa
2814 1358 3128 1427 dies.fuerat
3156 1379 3169 1415 :

2232 1451 2401 1508 Omne
2425 1445 2594 1523 genus
2612 1454 2887 1508 hominum
2911 1453 3157 1507 cuculum
3190 1468 3311 1508 cum
3339 1452 3553 1521 plangat
3578 1452 3800 1522 ubique,

2303 1546 2553 1601 Perditus
2577 1555 2692 1611 est;
2716 1546 2956 1610 cuculus,
2982 1546 3116 1601 b’eu!
3150 1545 3295 1614 perit
3317 1559 3443 1600 ecce
3476 1546 3658 1598 meus!

2236 1638 2361 1693 Nou-
2378 1649 2565 1709 pereat
2589 1638 2829 1705 cuculus,
2861 1639 3043 1693 veniet
3069 1638 3167 1691 sub
3195 1646 3435 1707 tempore
3462 1635 3627 1699 veris,

2303 1730 2370 1785 Et
2395 1732 2550 1787 nobis
2576 1732 2797 1786 veniens
2818 1730 3054 1786 carmina
3082 1728 3202 1784 lmta
3232 1730 3373 1784 ciet.‘

2232 1821 2364 1889 Quis
2392 1823 2515 1888 scit,
2545 1824 2590 1876 si
2616 1823 2826 1877 veniat?
2855 1819 3042 1877 Timeo
3062 1832 3145 1900 est
3168 1822 3480 1877 submersus
3505 1822 3561 1876 in
3588 1822 3766 1883 undis,

2304 1915 2607 1970 Vorticibus
2632 1925 2837 1985 raptus,
2867 1923 3028 1985 atque
3057 1922 3279 1970 necatus
3300 1915 3473 1985 aquis.

2233 2005 2345 2059 lleu
2373 2005 2534 2058 mihi!
2560 2005 2603 2060 si
2631 2006 2880 2060 cuculum
2906 2007 3147 2061 Bacchus
3173 2006 3432 2061 demersit
3458 2006 3509 2060 in
3538 2006 3696 2059 unelis

2250 2158 2255 2177 ι
2302 2095 2403 2164 Qui
2433 2096 2605 2164 rapiet
2622 2094 2848 2163 juvenes
2872 2099 3076 2152 vertice
3104 2095 3378 2167 pestifero.

2229 2188 2397 2257 238
2420 2187 2479 2241 Si
2509 2187 2667 2250 vivat,
2700 2189 2919 2254 redeat,
2957 2189 3215 2257 nidosque
3243 2196 3489 2242 recurrat
3515 2188 3583 2242 ad
3612 2187 3800 2249 almus,

2302 2277 2412 2331 Nec
2439 2292 2632 2332 corvus
2654 2277 2901 2333 cuculum
2925 2278 3156 2333 dissecet
3181 2293 3355 2348 ungue
3386 2276 3517 2332 fero.

2235 2366 2376 2422 Heu!
2404 2368 2526 2437 quis
2550 2376 2627 2431 te,
2655 2369 2895 2434 cuculus,
2924 2369 3049 2425 nido
3078 2368 3217 2438 rapit
3241 2382 3366 2422 ecce
3399 2370 3660 2436 paterno?

2303 2459 2449 2514 Heu!
2481 2460 2680 2530 rapuit,
2717 2461 2913 2531 rapuit,
2946 2461 3127 2515 nescio
3150 2461 3193 2515 si
3223 2459 3421 2513 veniat.

2231 2550 2487 2606 Carmina
2514 2550 2561 2605 si
2588 2566 2771 2617 curas,
2795 2551 3036 2615 cuculus,
3060 2550 3186 2604 dum
3215 2564 3436 2605 currere
3461 2550 3658 2619 possis.

2306 2646 2381 2700 Te
2406 2645 2648 2714 Daphnin
2671 2641 2887 2711 juvenis
2911 2652 3061 2714 optat
3086 2644 3285 2699 habere
3315 2652 3457 2697 tuus.
3690 2684 3691 2687 η
3720 2630 3725 2633 ’

2237 2722 2471 2807 Tempus
2491 2736 2642 2791 adest
2671 2735 2832 2802 veris,
2865 2735 3103 2800 cuculus,
3135 2735 3292 2790 melo
3317 2752 3504 2806 rumpe
3531 2749 3799 2803 soporem,

2305 2824 2381 2880 Te
2406 2826 2553 2895 cupit
2578 2834 2635 2880 et
2660 2826 2840 2881 senior
2866 2835 3025 2896 atque
3056 2825 3290 2881 Menalca
3320 2833 3487 2896 pater.

2236 2916 2313 2969 En
2348 2916 2562 2971 tandem
2585 2926 2613 2966 Ρ
2640 2916 2808 2971 nostri
2834 2916 3094 2971 librorum
3126 2922 3277 2986 prata
3302 2913 3541 2986 iuvenci,

2152 3018 2204 3084 α
2307 3003 2463 3059 Solus
2491 3006 2645 3060 abest
2666 3006 2905 3069 cuculus,
2939 3006 3077 3076 quis,
3108 3021 3258 3076 rogo,
3289 3008 3462 3075 pascit
3490 3004 3648 3060 eum?

2236 3092 2379 3148 Heu!
2413 3094 2553 3149 male
2576 3096 2751 3165 pascit
2775 3110 2898 3151 eum
2926 3096 3187 3161 Bacchus,
3228 3111 3371 3161 reor,
3398 3096 3596 3165 impius
3623 3090 3730 3158 ille,

2304 3183 2406 3250 Qui
2446 3185 2545 3239 sub
2570 3193 2763 3239 cuncta
2796 3186 2943 3254 cupit
2965 3194 3174 3240 vertere
3203 3185 3363 3241 corda
3394 3187 3549 3239 male.

2236 3273 2477 3344 Plangite
2529 3290 2671 3331 nunc
2726 3276 3012 3341 cuculum,
3068 3276 3316 3333 cuculum
3368 3264 3511 3333 nunc
3564 3277 3803 3349 plangite

2730 3409 2740 3415 .
3489 3366 3688 3441 [cuncti
3710 3409 3724 3433 ,

2305 3452 2397 3507 llle
2430 3454 2654 3509 recessit
2678 3470 2868 3519 ovans,
2900 3451 3033 3527 licus
3057 3457 3197 3508 redit
3225 3455 3315 3511 ille
3339 3465 3490 3526 puto.

2238 3542 2373 3611 Opto
2400 3552 2576 3599 tamen
2603 3543 2815 3599 ﬂentem
2844 3544 3090 3599 cuculum
3123 3545 3413 3601 habeamus
3441 3556 3499 3601 ut
3526 3547 3696 3611 illum,
3759 3607 3777 3612 δν

2306 3633 2372 3687 Et
2399 3649 2497 3689 nos
2523 3634 2837 3707 plangamus
2860 3651 2980 3689 cum
3008 3635 3205 3690 cucule
3224 3637 3447 3705 pariter.

2238 3722 2435 3793 Plange
2466 3732 2586 3779 tuos
2613 3739 2770 3779 casus
2799 3725 3073 3797 lacrymis,
3100 3742 3236 3796 puer
3254 3727 3471 3798 inclyte,
3499 3728 3728 3801 plange:

2309 3812 2375 3866 Et
2399 3828 2556 3868 casus
2584 3814 2843 3885 plangunt
2862 3817 3069 3869 viscera
3097 3822 3209 3869 tota
3237 3824 3377 3870 tuos.

2240 3896 2296 3958 Si
2324 3896 2428 3958 non
2459 3904 2592 3959 dura
2618 3904 2752 3959 silex
2787 3904 2970 3974 genuit
3002 3914 3074 3969 te,
3100 3905 3308 3976 plange,
3340 3920 3645 3977 precamur.

2308 3993 2385 4049 Te
2412 4010 2717 4050 memorans
2749 3995 2919 4065 ipsum
2952 3996 3203 4066 plangere
3226 3994 3363 4051 forte
3389 4005 3563 4066 potes.

2239 4084 2421 4159 Dulcis
2440 4099 2593 4139 amor
2618 4086 2731 4138 nati
2754 4085 2895 4155 cogit
2922 4084 3117 4139 deﬂere
3140 4095 3417 4154 parentem
3432 4127 3449 4151 ,

2309 4174 2478 4230 Natus
2500 4175 2567 4230 ab
2588 4175 2834 4249 amplexu
2861 4176 2984 4231 dum
3015 4176 3223 4249 rapitur
3247 4178 3443 4231 subito.

2241 4268 2376 4323 Dum
2402 4267 2568 4323 frater
2595 4266 2815 4321 fratrem
2842 4282 3154 4338 germanum
3185 4265 3363 4336 perdit
3384 4276 3640 4331 amatum,

2162 4357 2216 4418 Ι)
2306 4361 2445 4429 Quid
2476 4360 2577 4413 nisi
2598 4358 2709 4427 jam
2736 4357 2897 4413 faciat
2920 4373 3135 4429 semper
3156 4366 3209 4411 et
3236 4357 3349 4425 ipse
3374 4356 3531 4410 ﬂeat?

2238 4451 2371 4506 Tres
2394 4451 2522 4506 olim
2550 4449 2769 4511 fuimus,
2797 4448 2969 4519 iunxit
2998 4464 3135 4519 quos
3155 4448 3376 4517 spiritus
3400 4463 3555 4514 unus,
3626 4491 3634 4497 .

2306 4542 2406 4596 Vix
2431 4540 2536 4595 duo
2562 4554 2704 4593 nunc
2732 4538 2955 4608 pariter.
2982 4538 3173 4593 tertius
3199 4538 3284 4592 ille
3312 4538 3459 4612 fugit.

2309 4719 2334 4747 ο
2368 4711 2479 4767 Bos
2505 4726 2692 4767 versus
2738 4710 3077 4767 Mabillonius
3101 4713 3243 4767 eruit
3268 4727 3331 4765 ex
3362 4712 3547 4766 codice
3574 4726 3677 4766 ms.
3710 4710 3795 4765 El-

2239 4782 2460 4837 nonensi
2488 4782 2541 4836 in
2570 4782 2769 4852 Belgio,
2793 4792 2951 4847 atque
2979 4782 3147 4852 edidit
3165 4783 3217 4835 in
3246 4781 3515 4852 Analectis
3539 4797 3659 4852 pag.
3690 4779 3795 4852 £09

2238 4865 2389 4906 novae
2433 4849 2702 4913 editionis,
2742 4852 2831 4905 ubi
2874 4852 2986 4904 haec
3012 4851 3322 4904 adnotavit:
3362 4870 3379 4900 ι
3407 4849 3656 4915 Παεαίυέ,
3684 4849 3797 4904 Με-

2239 4920 2410 4984 nalca,
2439 4920 2683 5002 Daphnin
2720 4935 2811 4975 seu
2850 4918 3083 4989 Daphnis
3112 4922 3323 4974 nomina
3370 4927 3493 5001 sunt
3518 4922 3795 5044 supgosita

2240 5005 2335 5044 nro
2356 4992 2519 5044 veris.
2542 4990 2719 5044 unalta
2744 4991 2808 5044 de
2829 5001 2977 5043 more
2998 4998 3219 5044 usurpat
3235 4990 3524 5044 Alcutnns:
3548 5000 3606 5044 et
3670 4992 3795 5044 beo-

2239 5005 2335 5060 pro
2356 4990 2525 5053 veris,
2542 4990 2719 5057 qualia
2744 4991 2808 5044 de
2829 5001 2977 5043 more
2998 4998 3219 5057 usurpat
3235 4990 3524 5051 Alcuinns;
3548 5000 3606 5047 et
3624 4990 3797 5046 Theo-

2238 5059 2765 5134 dulpbusepiseopus
2787 5057 3202 5134 Aurelianensis,
3220 5060 3308 5127 qui
3335 5060 3386 5134 in
3410 5060 3599 5134 lib._ttt,
3621 5075 3792 5117 carm.

2237 5129 2290 5193 3,
2311 5128 2605 5200 Menalcam
2630 5140 2838 5200 poetam
2854 5128 3059 5200 laudat;
3085 5139 3141 5182 et
3163 5144 3329 5200 carm.
3354 5129 3383 5200 il
3418 5129 3575 5200 regia:
3598 5144 3796 5200 mensa:

2239 5199 2516 5267 praefuisse
2544 5198 2734 5251 innuit.
2765 5197 2994 5267 Daphnis
3028 5198 3317 5267 discipulus
3345 5199 3443 5252 fuit
3480 5197 3689 5267 Aicttini
3708 5238 3721 5254 .
3751 5198 3796 5251 is
3848 5222 3851 5225 ·

2237 5266 2323 5321 eui
2352 5270 2465 5337 ipse
2487 5266 2871 5337 expositionem
2902 5268 2953 5320 in
2980 5280 3123 5337 vers.
3144 5266 3297 5321 Cant.
3322 5268 3473 5323 Cant.
3513 5266 3793 5337 Sexaginta

2240 5335 2448 5405 reginae,
2479 5345 2604 5397 etc.,
2633 5336 2915 5390 dedicavit.
2942 5355 2961 5385 ι
2996 5335 3073 5389 De
3098 5336 3296 5391 Cuculo
3334 5337 3466 5390 nihil
3504 5336 3647 5389 aliud
3674 5352 3796 5389 suc-

2238 5407 2423 5476 currit,
2454 5406 2555 5460 nisi
2581 5406 2721 5474 quod
2743 5406 2992 5476 existimo
3014 5418 3134 5459 eum
3161 5421 3280 5461 esse
3300 5406 3469 5460 filium
3490 5406 3790 5476 prodigum,

2238 5475 2390 5543 cujus
2415 5474 2874 5545 intemperantiam
2900 5484 2953 5527 et
2981 5488 3163 5529 casum
3186 5477 3347 5529 etiam
3376 5475 3578 5545 plangit
3602 5474 3766 5544 "n‘epi

2239 5542 2391 5597 titulis
2416 5544 2501 5603 75,
2528 5544 2629 5595 207
2655 5550 2705 5594 et
2733 5542 2856 5597 208.
3379 5542 3390 5545 ⁷
3467 5578 3470 5581 λ

2312 5624 2337 5657 ⁸⁵
2374 5612 2555 5674 Forte,
2576 5612 2811 5665 tondent.
