4268 6230
488 308 594 364 805

488 424 636 478 Heu!
660 420 853 494 fugiet,
881 422 1065 495 fugiet,
1092 424 1341 493 planctus
1362 412 1690 496 quapropter
1710 441 1927 481 amarus

558 511 713 570 Nunc
737 514 893 570 nobis
918 523 1105 579 restat,
1135 516 1333 570 charus
1360 515 1473 570 abit
1499 515 1741 571 cuculus.
1791 576 1797 584 ,

487 602 740 661 Carmina
763 604 887 676 pust
910 605 1063 661 illum
1093 607 1391 673 mittamus,
1417 606 1662 663 carmina
1688 605 1886 670 luctus,

477 761 489 768 _
546 678 809 752 Carmina
834 696 1107 752 deducunt
1134 692 1296 761 forte,
1319 696 1465 764 rear,
1491 697 1762 753 cuculum.

489 785 581 844 Sis
603 802 819 858 semper
844 784 972 844 felix
995 789 1225 856 utinam,
1247 805 1572 861 quocunque
1596 791 1840 855 recedas,

467 865 473 877 ’
559 877 647 933 Sis
674 892 883 935 memor
908 889 963 934 et
992 881 1185 945 nostri,
1208 896 1421 951 semper
1446 883 1645 954 ubique
1664 881 1810 937 vale!

1050 957 1063 965 ‘
1103 971 1467 1030 CCLxxvm.
1582 1032 1583 1035 χ

1007 1075 1035 1103 ι
1073 1056 1148 1117 De
1184 1062 1325 1134 gallo
1352 1062 1557 1135 fabula.

489 1147 641 1205 Dicta
669 1160 896 1207 vocatur
915 1150 1032 1208 avis
1062 1156 1283 1225 proprio
1311 1158 1632 1228 cognomine
1655 1150 1847 1229 gallus,

488 1238 714 1296 Nuntiat
740 1243 854 1297 haec
882 1241 1075 1307 lucem,
1107 1251 1378 1299 terrarum
1408 1247 1613 1321 decutit
1640 1248 1891 1311 umbras;

489 1330 754 1403 Tempora
781 1335 1058 1396 discernit.
1088 1336 1283 1409 lumbis
1306 1341 1660 1412 succingitur,
1692 1341 1857 1410 hujus

490 1423 748 1482 Subditus
774 1429 1002 1497 imperio
1029 1429 1344 1501 gallinarum
1371 1434 1573 1503 regitur
1593 1449 1754 1504 grex;

491 1514 647 1571 lluuc
673 1516 898 1573 laudans
928 1520 1068 1576 Deus
1098 1521 1427 1578 intellectum
1460 1524 1589 1580 dicit
1612 1523 1832 1588 habere,

489 1605 696 1677 Quippe
722 1610 822 1664 sub
844 1608 1076 1665 obscuro
1100 1611 1316 1667 dirimat
1345 1615 1435 1683 qui
1466 1622 1703 1687 tempora
1730 1615 1906 1685 peplo.

487 1696 631 1753 Proh
662 1698 841 1753 dolor!
866 1700 1015 1755 hunc
1044 1700 1199 1772 longe
1232 1714 1607 1784 properantem
1638 1713 1786 1773 septa
1812 1703 2023 1761 viarum

486 1786 779 1844 Arctarant
806 1790 1099 1858 quondam,
1128 1788 1254 1845 dum
1285 1799 1455 1846 tentat
1484 1794 1680 1863 pabula
1714 1802 1889 1849 rostro
1916 1810 1930 1848 :

489 1876 634 1949 Ergo
660 1878 810 1933 cibos
835 1878 982 1934 solus
1003 1879 1128 1934 dum
1158 1896 1406 1949 qtuerens
1434 1893 1675 1954 competa
1705 1883 1921 1951 lustrat,

490 1966 607 2023 ileu
642 1967 881 2037 iactans,
909 1971 1189 2040 audaxque
1218 1972 1398 2034 nimis.
1431 1970 1763 2046 multumque
1800 1977 2063 2045 superbus

489 2059 778 2117 insidiante
804 2060 930 2132 lupo
956 2063 1390 2134 excipitur;,quo
1414 2060 1652 2134 pondere
1677 2054 1899 2137 pressus

458 2163 465 2171 ‘
490 2150 743 2208 Protinus
767 2154 907 2209 hanc
931 2156 1191 2213 evadendi
1215 2154 1319 2213 sibi
1344 2160 1582 2229 repperit
1606 2168 1779 2214 artem
1807 2179 1820 2215 :

491 2241 646 2316 Szpe
670 2262 819 2303 meas
844 2256 933 2303 tua
972 2247 1134 2315 fama,
1171 2250 1293 2322 lupe
1321 2250 1614 2322 pnefortis,
1638 2251 1709 2322 ad
1730 2268 1890 2311 aures
1956 2265 1964 2269 '

491 2335 669 2401 Venit,
698 2345 753 2393 et
780 2339 962 2409 ignoto
988 2341 1195 2396 monuit
1219 2358 1461 2409 rumore,
1486 2345 1629 2414 quod
1657 2344 1824 2400 altum

420 2418 423 2421 ’
490 2425 607 2481 Vox
636 2425 730 2480 tibi
761 2443 951 2496 magna
978 2445 1167 2484 sonum
1196 2428 1357 2485 claris
1383 2430 1734 2488 concentibus
1763 2435 1918 2497 edat;

490 2515 600 2570 Nec
629 2523 836 2571 tantum
862 2518 1016 2572 doleo
1040 2515 1214 2577 inviso
1242 2522 1385 2591 quod
1412 2520 1645 2579 devoror
1663 2540 1780 2591 ore,

490 2601 760 2669 Quantum
788 2606 929 2674 quod
956 2605 1354 2680 frandor‘liccat
1380 2627 1443 2668 ne
1468 2613 1675 2670 discere
1703 2614 1768 2671 de
1796 2624 1847 2671 te

489 2698 724 2757 Credere
748 2704 889 2773 quod
918 2705 1087 2761 licuit.
1110 2706 1274 2781 Cujus
1300 2708 1411 2779 fera
1439 2711 1655 2769 credula
1684 2712 1850 2776 vocis.

489 2787 802 2862 Oblataaque
829 2794 984 2865 lupus
1016 2796 1190 2854 laudis
1222 2794 1546 2859 tumefactus
1571 2820 1777 2872 amore,

472 2868 765 2935 ‘lnfern‘ale.
783 2885 956 2953 aperit
981 2880 1183 2956 guttur,
1211 2888 1502 2963 faucesque
1538 2910 1763 2952 voraces

488 2968 703 3026 Pandit.
727 2982 781 3027 et
809 2971 1082 3032 immenszi:
1115 2993 1316 3036 reserat
1342 2984 1618 3052 penetrale
1647 3000 1892 3044 caverna!
1918 3006 1933 3046 :

491 3059 598 3114 Sed
625 3064 768 3117 celer
795 3063 1022 3134 eripitur
1045 3067 1180 3124 lucis
1208 3073 1541 3140 praenuntius
1566 3075 1697 3139 ales,

494 3151 569 3207 Ac
591 3153 730 3208 saltu
753 3155 896 3210 volat
911 3166 963 3213 et
992 3174 1142 3215 ramo
1166 3162 1304 3219 citus
1325 3165 1540 3221 arboris
1564 3167 1753 3224 hteret.

492 3240 611 3296 Mox
646 3243 810 3313 igitur
835 3245 1011 3303 subita
1034 3247 1148 3318 iam
1171 3249 1421 3307 libertate
1448 3255 1675 3323 potitus,

491 3329 856 3404 Excelsusque
882 3336 1073 3392 sedens
1101 3334 1185 3395 his
1212 3350 1404 3397 cantus
1432 3345 1653 3403 vocibus
1682 3348 1795 3404 edit
1819 3369 1833 3405 :

495 3420 767 3493 Decipitur
789 3427 1002 3493 merito,
1032 3428 1231 3485 frustra
1259 3433 1563 3503 quicunque
1590 3441 1855 3507 superbit,

490 3512 558 3567 Et
583 3515 796 3583 capitur
816 3515 964 3572 falsis
985 3521 1253 3575 cariturus
1282 3522 1527 3581 laudibus
1552 3527 1710 3592 escis,

488 3601 629 3657 Ante
654 3604 804 3661 cibos
828 3621 989 3663 voces
1012 3609 1138 3664 dum
1167 3626 1419 3684 spargere
1442 3626 1614 3673 tentat
1640 3620 1846 3679 inanes.

492 3694 734 3765 Respicit
760 3697 874 3753 haec
904 3698 1044 3766 illos,
1074 3703 1164 3771 qui
1194 3707 1449 3763 cumsint
1477 3709 1672 3780 fabula,
1702 3716 1845 3771 nacti
1886 3731 1889 3736 ‘

489 3782 619 3840 iure
646 3785 834 3843 salutis
859 3803 1013 3859 opus,
1042 3792 1324 3861 privantur
1349 3795 1629 3857 fraudibus
1648 3804 1786 3859 atris

490 3876 831 3937 Attendendo
853 3885 1002 3939 cavis
1025 3882 1190 3941 falsas
1220 3888 1526 3948 rumoribus
1553 3906 1732 3952 auras.

517 3997 521 4001 ’
1122 3978 1445 4043 CCLXXIX.
1566 3970 1567 3973 η

789 4061 1226 4122 Commendatitia
1256 4070 1534 4139 cujusdam
1558 4074 1761 4143 fratris.

491 4148 591 4216 Qui
623 4150 786 4217 legat,
810 4152 1124 4220 Alcuinum,
1151 4149 1314 4224 dicat,
1348 4173 1498 4233 rogo,
1525 4162 1759 4231 Christe,
1796 4175 1967 4226 tuere.

492 4242 602 4298 Vos
629 4243 820 4299 dilecta
850 4246 1043 4301 cohors
1068 4248 1234 4317 patris
1259 4265 1517 4321 generosa
1546 4269 1807 4328 propago,

489 4333 731 4405 Accipite
755 4336 895 4393 hunc
925 4336 1167 4405 fratrem,
1197 4342 1318 4396 misi
1344 4344 1502 4413 quem
1530 4352 1710 4402 mente
1737 4350 1987 4422 benigna.

1130 4430 1426 4488 CCLXXX.

494 4502 529 4555 δ’
648 4535 821 4575 rerum
846 4521 1195 4578 humanarum
1236 4527 1588 4585 vicissitudine
1614 4542 1662 4586 et
1688 4533 1835 4589 clade
1862 4533 2064 4591 Lindis-

976 4592 1236 4660 farnensis
1260 4601 1583 4655 monasterii.

491 4673 786 4749 Postquam
807 4679 1014 4749 primus
1044 4682 1205 4737 homo
1228 4687 1465 4753 paradisi
1497 4689 1729 4761 liquerat
1754 4694 1958 4761 hortos,

534 4778 535 4781 ‘
565 4768 630 4824 Et
656 4769 883 4825 miseras
917 4779 1074 4826 terrae
1108 4772 1273 4827 miser
1305 4775 1489 4843 adibat
1513 4795 1677 4849 opes;

491 4862 801 4934 Exsilioque
826 4862 975 4933 gravi
1003 4879 1190 4934 prunas
1213 4874 1335 4920 cum
1362 4867 1512 4935 prole
1539 4868 1741 4935 luebat,

564 4956 805 5012 Perfidia:
832 4958 1087 5027 quoniam
1116 4957 1257 5012 furta
1282 4957 1400 5031 [F.,
1426 4958 1557 5033 fata]
1587 4962 1819 5034 maligna
1850 4969 1987 5036 gerit
2013 4987 2024 5020 :

560 5080 587 5107 ι
626 5065 740 5121 Hoc
773 5082 991 5124 carmen
1028 5084 1095 5124 ex
1142 5072 1261 5126 cod.
1298 5087 1397 5127 ms.
1444 5072 1501 5128 S.
1532 5073 1858 5131 Emmerami
1898 5078 2068 5135 edi-lit

490 5135 828 5216 Habilionius
852 5138 973 5216 Yet.
998 5138 1242 5216 Analect.
1268 5158 1420 5199 nova:
1440 5144 1568 5198 edit.
1594 5160 1716 5216 pag.
1741 5144 1865 5202 409.

540 5206 594 5285 ηδί
628 5205 857 5285 Scripsit
884 5208 1160 5285 ⁸Διοιιῇηῃξι
1195 5214 1311 5285 hoc
1347 5205 1778 5285 comem-prout
1821 5232 1887 5272 ex
1932 5236 2062 5277 con-

489 5283 640 5331 textu
667 5276 942 5343 elucescit,
984 5279 1051 5332 ad
1091 5279 1410 5403 Hiihaldum
1450 5276 1759 5356 episcopum
1785 5296 1839 5341 et
1868 5276 2065 5349 fratres

489 5346 728 5402 ecclesia
747 5364 811 5402 ac
836 5350 1143 5403 monasterii
1214 5351 1617 5403 indisfarnensis
1632 5358 1915 5403 nncasinnp
1936 5363 2065 5403 nam

488 5346 728 5419 ecclesia;
747 5364 811 5419 ac
836 5350 1143 5404 monasterii
1163 5346 1617 5411 Lindisfarnensis
1632 5346 1916 5414 occasione
1936 5346 2067 5419 dirae

490 5416 659 5501 eladis
682 5433 711 5471 a
742 5418 907 5501 Danis
940 5419 1486 5501 p_ag.anis,'anno_'_79§
1507 5441 1537 5479 e
1558 5426 1871 5501 germania;
1894 5416 2063 5501 Aqui;

491 5486 692 5562 lunaris
712 5488 867 5562 plaga
892 5486 1297 5545 in'Bi-itanniam
1324 5492 1531 5560 effusis,
1557 5496 1747 5562 illata);
1780 5516 1798 5547 ι
1820 5500 1895 5555 Illi
1919 5486 2063 5557 enim
2102 5496 2112 5508 ’

490 5558 594 5637 hac
627 5557 749 5637 illac
794 5557 1162 5637 discurrentes
1202 5570 1397 5637 cuncta
1431 5557 1674 5637 vastant,
1706 5557 1942 5637 rapiunt,
1972 5584 2067 5627 aut

493 5628 804 5694 incendunt,
837 5638 1000 5698 atque
1025 5629 1140 5684 loca
1152 5646 1320 5685 sacra
1351 5633 1635 5696 violantes.
1664 5628 1983 5695 'sacerdOIes
2010 5652 2064 5697 et

493 5698 739 5761 clericos.
760 5699 1061 5770 chorosque
1080 5700 1464 5757 monachorum
1491 5720 1553 5760 ac
1577 5708 2063 5767 sanctimoniatium

1512 306 1844 365 CARMINA.
1882 338 1954 349 -~
1986 306 2512 381 EPICBAMMATA,
2553 305 2705 364 ETC.

3628 301 3738 359 δυο

2098 430 2143 485 Α
2173 413 2277 481 Per
2302 426 2481 480 varios
2509 441 2667 480 casus
2695 425 2939 480 mortalis
2964 423 3069 480 vita
3100 427 3370 488 cucurrit.

2235 514 2591 585 Diversosque
2615 516 2730 570 dies
2757 517 2932 571 omnis
2957 517 3191 571 babe‘nat
3216 526 3397 574 homo.

2163 602 2335 657 Fatali
2363 618 2522 659 cursu
2552 604 2849 659 miscentur
2878 602 3053 659 tristia
3082 606 3250 671 lzetis;

2236 692 2379 749 Nulli
2412 690 2566 748 ﬁrma
2599 692 2701 748 fuit
2727 695 2908 765 regula
2932 692 3154 751 hetitize.

2165 782 2334 838 Nemo
2364 784 2481 840 dies
2507 794 2728 839 cunctos
2758 782 2943 840 felices
2964 800 3177 855 semper
3202 786 3457 854 habebit,

2237 873 2406 929 Nemo
2429 875 2531 930 sibi
2560 888 2775 944 semper
2802 876 2996 946 gaudia
3025 887 3171 931 certa
3199 884 3365 934 tenet.

2164 965 2247 1019 Nil
2278 977 2461 1022 manet
2482 973 2741 1023 :cternnm
2773 969 2919 1025 celso
2947 971 3046 1025 sub
3066 972 3285 1027 cardine
3311 976 3457 1038 celi,

2201 1095 2204 1098 .
2236 1057 2427 1113 Omnia
2455 1068 2741 1114 vertuntur
2766 1061 3097 1130 temporibus
3121 1062 3305 1117 variis.

2167 1145 2284 1202 Una
2312 1148 2427 1202 dies
2455 1148 2615 1214 ridet,
2643 1164 2801 1204 casus
2826 1165 2953 1205 cras
2979 1146 3145 1207 altera
3172 1152 3420 1223 planget,

2234 1234 2318 1290 Nil
2346 1237 2509 1292 fixum
2536 1237 2697 1295 faciet
2721 1247 2923 1295 tessera
2955 1240 3076 1297 lzeta
3100 1243 3218 1299 tibi.

2162 1325 2426 1396 Prospera
2450 1338 2611 1385 contu
2636 1331 2737 1385 'bat
2758 1348 2875 1387 sors
2902 1333 3148 1390 tristibus
3172 1335 3330 1413 impia
3357 1350 3590 1409 semper,

2234 1420 2472 1476 Alternis
2497 1423 2796 1479 vicibus‘ut
2822 1426 2961 1480 redit
2991 1427 3133 1482 unda
3167 1427 3350 1484 maris.

2165 1511 2316 1567 Nunc
2341 1514 2504 1569 micat
2526 1515 2667 1571 alma
2692 1517 2827 1582 dies,
2860 1519 3036 1574 veniet
3066 1536 3169 1575 nox
3192 1528 3307 1575 atra
3335 1522 3595 1589 tenebris,

2237 1606 2342 1660 Ver
2370 1605 2527 1677 ﬂoret
2552 1609 2779 1679 gemmis
2802 1607 2975 1664 hiems
3006 1609 3129 1666 ferit
3160 1612 3371 1684 hocque
3392 1615 3577 1671 decus.

2165 1694 2444 1751 Sidereum
2472 1698 2641 1756 stellis
2660 1699 2872 1754 culmen
2904 1697 3213 1772 depingitur
3237 1702 3415 1766 almis,
3572 1700 3575 1703 ⁷

2233 1783 2380 1853 Quas
2405 1787 2575 1843 nubes
2602 1789 2816 1858 rapiunt
2838 1789 3127 1845 imbrifer.c
3149 1791 3349 1846 subito.

2165 1872 2232 1930 Et
2260 1875 2339 1931 sol
2370 1876 2483 1947 ipse
2506 1878 2594 1933 die
2624 1879 2799 1934 media
2823 1880 3140 1936 subducitur
3165 1882 3384 1947 ardens,

2232 1964 2368 2021 Cum
2394 1974 2545 2021 tonat
2564 1966 2756 2024 undosi
2787 1977 2968 2025 auster
2992 1971 3057 2025 de
3084 1973 3291 2033 vertice
3321 1973 3450 2044 poli.

2165 2055 2374 2125 Smpius
2402 2046 2647 2114 excelsos
2677 2058 2875 2136 feriunt
2897 2069 2958 2117 ut
2979 2061 3188 2136 fulgura
3218 2082 3268 2119 m
3292 2074 3453 2129 intes.

2235 2146 2565 2218 Summaque
2588 2134 2845 2205 silvarum
2873 2134 3085 2207 flamma
3112 2155 3273 2209 ferire
3295 2156 3459 2220 solet;

2154 2235 2256 2292 Sic
2292 2237 2465 2306 major
2489 2241 2697 2311 magnis
2719 2243 2898 2298 subito
2925 2245 3218 2316 saepissime
3246 2247 3408 2301 rebus

2234 2325 2459 2383 Eveniet
2487 2343 2615 2384 casu
2645 2327 2784 2385 forte
2814 2332 2969 2386 ruina
3001 2334 3162 2388 malo.

2165 2415 2293 2473 lia’c
2320 2419 2568 2490 exempla
2598 2419 2746 2476 dedit
2770 2423 3045 2492 periturus
3070 2433 3123 2478 et
3153 2425 3389 2496 undique
3420 2429 3676 2499 mundus,

2237 2509 2450 2568 Divitiis
2472 2510 2687 2576 ﬂorens,
2714 2515 2805 2584 qui
2831 2517 2971 2586 perit
2998 2517 3050 2570 in
3078 2518 3286 2589 pelago.

2168 2602 2312 2658 Voce
2339 2605 2721 2675 prophetarum
2746 2608 2949 2677 pariter
2975 2624 3071 2679 per
3092 2619 3325 2680 quatuor
3344 2609 3527 2680 orbes,

2236 2694 2354 2749 Jam
2383 2696 2638 2765 prtedicta
2661 2698 2813 2753 vides
2834 2701 3057 2755 subruta
3089 2704 3251 2770 regna
3281 2703 3459 2757 modo.

2168 2782 2373 2839 Nobilis
2399 2787 2529 2840 urbs
2560 2787 2710 2857 regni
2738 2796 2792 2842 et
2821 2789 2993 2857 prima
3023 2791 3263 2857 potentia
3291 2806 3477 2863 regum

2236 2873 2497 2951 Perdidit,
2523 2890 2557 2929 o
2586 2874 2855 2946 Babylon!
2885 2876 3119 2933 Chaldea
3150 2895 3311 2951 regna
3343 2889 3557 2953 potens.

2166 2965 2451 3038 Egregium
2481 2966 2622 3022 bello
2649 2976 2703 3021 et
2734 2970 2942 3040 magnis
2966 2975 3039 3034 te,
3068 2967 3261 3036 Persa,
3293 2974 3587 3044 triumphis

2085 3089 2133 3153 ο
2235 3047 2448 3125 Obruit,
2476 3059 2611 3114 heu!
2636 3056 2834 3127 jaculis
2863 3059 3060 3117 femina
3084 3062 3196 3118 sola
3218 3062 3334 3119 suis

2172 3149 2444 3205 Victorem
2472 3148 2655 3205 mundi
2689 3151 2863 3208 medio
2893 3169 3030 3216 sors,
3058 3169 3185 3209 ecce
3212 3156 3463 3211 secundis

2209 3302 2213 3306 _
2243 3243 2421 3299 Rebus
2440 3226 2801 3301 Alexandrum
2830 3244 2975 3298 ludia
3001 3255 3022 3282 ε
3054 3242 3185 3299 ﬂore
3213 3244 3354 3299 tulit.

2171 3335 2340 3389 Roma
2367 3343 2531 3404 caput
2554 3335 2771 3398 mundi,
2803 3335 2982 3388 mundi
3011 3336 3190 3399 decus,
3218 3352 3381 3392 aurea
3413 3337 3604 3405 Roma,

2240 3425 2393 3481 Nune
2420 3436 2665 3481 remanet
2692 3414 2896 3484 tantum
2923 3425 3073 3482 smva'
3092 3430 3247 3484 ruina
3274 3430 3391 3485 tibi.

2167 3514 2348 3569 Gloria
2375 3514 2681 3572 Castrensis
2705 3516 2899 3585 gladiis
2917 3526 3128 3589 aequata
3160 3520 3438 3585 remansit,

2240 3606 2407 3662 Lutea
2438 3622 2563 3678 pars
2591 3606 2817 3679 digitum
2847 3608 2958 3662 sola
2986 3610 3199 3664 videtur
3223 3610 3388 3664 iners.
3467 3607 3474 3615 '

2170 3698 2311 3765 Quid
2342 3708 2393 3753 te
2422 3706 2608 3753 sancta
2639 3713 2827 3752 canam
2864 3697 3031 3751 David
3060 3696 3234 3769 (urbs)
3266 3698 3466 3769 inclyta
3496 3699 3640 3770 regis

2239 3790 2295 3844 In
2326 3788 2522 3844 mundo
2546 3787 2707 3841 nullis
2727 3788 3106 3857 :cquiparanda
3138 3787 3305 3863 locis?

2169 3882 2223 3936 In
2256 3892 2308 3936 te
2338 3881 2530 3950 templa
2561 3879 2679 3943 Dei,
2702 3880 2900 3945 cultus,
2926 3878 3062 3945 laus,
3091 3872 3281 3952 gloria,
3308 3880 3501 3949 virtus,
3588 3924 3591 3929 ‹

2238 3971 2292 4025 ln
2322 3978 2373 4026 te
2402 3972 2600 4026 mansit
2622 3986 2788 4026 ovans
2815 3981 3003 4027 sancta
3030 3988 3268 4045 propago
3296 3973 3539 4057 Patrum.

2166 4063 2329 4135 239
2350 4062 2483 4118 Dum
2510 4073 2619 4131 tua,
2654 4066 2777 4134 quis
2805 4072 2982 4120 teneat
3011 4065 3272 4135 lacrym‘as
3298 4105 3321 4131 ,
3361 4062 3503 4122 nunc
3553 4065 3739 4124 ultime

3428 4154 3623 4228 [cernit
3645 4174 3662 4220 ;
3719 4199 3721 4203 ς

2224 4247 2380 4320 Ceus
2412 4248 2626 4302 inimica
2658 4246 2766 4301 Deo
2783 4243 2896 4313 jam
2923 4251 3007 4299 tua
3040 4253 3176 4299 tecta
3201 4245 3365 4331 tenet.
3434 4308 3442 4317 _

2169 4337 2282 4393 Heu
2308 4341 2319 4392 !
2359 4337 2540 4393 Judzra
2572 4340 2678 4394 tuis
2706 4339 2978 4393 habitator
3009 4340 3059 4393 in
3101 4340 3325 4395 urbibus
3350 4352 3499 4396 errat

2094 4440 2144 4503 υ
2236 4426 2434 4492 Rarus,
2459 4428 2512 4482 in
2534 4428 2772 4498 antiquis
2802 4428 2918 4484 laus
2942 4437 3032 4484 tua
3072 4438 3181 4485 tota
3206 4426 3364 4501 peril.

2169 4518 2355 4573 Nobile
2374 4518 2486 4589 jam
2514 4521 2768 4590 templum
2790 4562 2805 4585 ,
2836 4530 2946 4577 toto
2976 4531 3029 4577 et
3054 4523 3361 4580 venerabile
3403 4525 3453 4580 in
3481 4525 3635 4591 orbe,
3688 4568 3697 4583 π

2238 4611 2391 4679 Quod
2416 4612 2667 4668 Salomon
2698 4612 2847 4679 fecit,
2874 4614 3105 4670 Chaldea
3131 4616 3340 4671 ﬂamma
3368 4625 3538 4672 vorat.

2169 4703 2359 4773 Delicit
2385 4704 2485 4776 hoc
2508 4704 2703 4760 iterum
2734 4705 2971 4759 Ronnana
3000 4707 3238 4776 potentia
3270 4707 3446 4772 hellis,

2236 4794 2293 4852 lu
2320 4771 2531 4850 cineres
2553 4796 2765 4852 solvens
2794 4796 2991 4851 moenia
3014 4806 3154 4853 tecta
3188 4798 3300 4853 ditt.

2170 4883 2307 4939 Ecce
2334 4885 2520 4939 relicta
2545 4885 2734 4940 domus
2765 4886 2910 4941 Siloe
2936 4901 3032 4956 per
3053 4886 3206 4944 ωειλ
3232 4887 3514 4955 remansit,

2240 4972 2296 5027 In
2324 4989 2427 5043 qua
2450 4984 2634 5030 sancta
2666 4976 2759 5031 Dei
2797 4992 2922 5032 arca
2948 4979 3181 5048 potentis
3210 4985 3348 5031 erat.
3494 4976 3499 4981 ’

2170 5084 2387 5140 immani
2425 5087 2641 5143 feritate
2667 5088 2996 5155 calficiunt;
3026 5096 3137 5142 tum
3170 5088 3222 5142 in
3250 5088 3741 5151 Lindisfarnensem

2170 5156 2396 5210 insulam
2448 5157 2674 5222 invecti,
2714 5159 3002 5217 ecclesiam
3050 5158 3338 5224 invadunt,
3367 5177 3523 5218 sacra
3560 5167 3739 5220 omnia

2167 5226 2384 5296 pollutis
2410 5226 2620 5301 calcant
2652 5227 2915 5301 vesrigljs,
2939 5226 3126 5301 altaria
3150 5228 3477 5301 suffodiuut,
3508 5235 3742 5301 pretiosa

2168 5310 2391 5365 qmeque
2434 5296 2730 5366 rapiuntret
2760 5296 3028 5350 auferunt.
3059 5298 3389 5365 Quinetiam
3422 5316 3451 5353 e
3483 5296 3743 5357 fratribus

2168 5364 2270 5439 alii
2300 5364 2582 5439 int_erfei:ti,
2616 5365 2707 5439 alii
2736 5367 2799 5439 in
2820 5368 2983 5421 altum
3015 5364 3267 5434 demersi,
3298 5372 3513 5439 quidam
3543 5372 3741 5439 captivi

2169 5436 2505 5506 adducti_aut
2534 5437 2660 5506 nudi
2688 5436 2935 5506 projecti.
2961 5458 2978 5490 ›
3019 5439 3094 5494 lta
3125 5436 3459 5499 Mabillonius
3488 5438 3581 5493 lib.
3614 5436 3739 5495 xxvi

2167 5506 2365 5577 Annal.
2383 5503 2604 5577 Benedqt,
2630 5503 2750 5576 pag.
2769 5508 2894 5572 308,
2921 5526 3068 5563 num.
3092 5510 3161 5564 26
3181 5527 3245 5565 ex
3267 5510 3501 5577 Turgoto
3526 5509 3579 5562 in
3606 5509 3745 5563 libro

2169 5574 2406 5630 secundo
2442 5575 2508 5628 de
2552 5574 2784 5630 Historia
2825 5579 3187 5633 Dunelmensi.
3230 5580 3361 5633 Vide
3386 5574 3550 5630 etiam
3590 5588 3747 5634 notas

2165 5645 2324 5714 epist.
2352 5645 2386 5699 9
2407 5644 2471 5698 ad
2504 5643 2989 5703 Lindisfarnenses.

2241 5726 2261 5753 ε
2308 5714 2489 5782 Forte,
2519 5714 2717 5780 invida,
2740 5732 2860 5769 sors
2885 5730 3091 5785 nempe.
