4268 6192
640 374 746 432 807
1018 370 1019 373 “
1163 427 1166 430 ,
1449 366 1509 420 Β.
1551 364 1610 417 F.
1656 359 1876 414 ALBlNl
1916 356 2045 410 SlZU
2079 348 2358 407 .ALCUINI
2399 345 2683 403 OPERUM
2720 340 2899 398 PARS
2935 338 3021 394 Vl.
3616 376 3621 381 .
3743 320 3855 379 808
3923 331 3926 334 ’

640 493 733 549 Sic
756 491 890 561 fugit
915 504 1073 545 omne
1096 472 1277 551 decus,
1303 482 1534 540 hominis
1561 482 1702 551 quod
1730 481 1944 532 dextera
1974 474 2117 536 fecit,

716 582 898 639 Gloria
922 584 1201 636 saeclorum
1226 578 1307 631 sic
1329 575 1467 629 velut
1488 573 1674 625 umbra
1695 566 1856 622 volat.

645 672 719 728 Ut
742 673 928 727 sitiens
957 653 1181 737 liquidas
1207 666 1408 718 frustra
1434 662 1535 716 sibi
1573 657 1805 723 somniat
1838 653 2029 713 undas,

713 754 805 817 Sic
826 775 988 830 gazas
1020 756 1203 811 mundi
1228 754 1375 808 dives
1404 747 1583 822 [dites]
1606 745 1821 800 habebit
1848 743 2019 809 inops.

643 851 905 919 Tempora
925 863 1022 902 cur
1054 853 1260 898 tantum
1296 840 1434 893 lucta
1455 838 1738 907 longinqua
1774 840 2008 885 retexam
2028 868 2041 889 ,

715 941 782 993 Et
810 947 1048 992 veterum
1073 934 1297 987 miseros
1322 930 1559 984 carmine
1585 926 1773 995 plango
1800 920 1947 974 dies?

594 1032 600 1037 ”
644 1029 780 1082 Dum
809 1039 1043 1095 prmsens
1067 1022 1181 1076 dies
1206 1020 1407 1089 patitur
1435 1018 1614 1086 pejora
1642 1028 1739 1083 per
1761 1008 1972 1069 orbem,

712 1117 783 1169 Et
814 1116 1005 1169 misera
1040 1096 1271 1167 mundus~
1288 1124 1428 1163 nunc
1444 1106 1644 1163 ditione
1662 1103 1823 1160 dolet.

646 1207 773 1261 Asia
793 1207 896 1259 lata
920 1206 1082 1275 gemit
1105 1203 1327 1272 paganis
1354 1215 1537 1270 pressa
1555 1198 1780 1259 catenis,

717 1295 885 1361 Quam
906 1293 1099 1359 premit
1128 1300 1184 1346 et
1204 1290 1401 1360 spoliat
1421 1304 1550 1358 gens
1583 1286 1801 1341 inimica
1823 1284 1951 1338 Deo.

646 1381 824 1436 Africa
844 1379 955 1449 jam
980 1376 1145 1433 smn
1166 1393 1292 1445 pars
1320 1375 1493 1445 magni
1522 1374 1678 1428 tertia
1704 1372 1883 1426 mundi

729 1471 870 1524 Proh
891 1469 1069 1525 dolor!
1106 1468 1238 1521 heu!
1276 1477 1385 1519 tota
1408 1462 1678 1534 pestiferis
1698 1460 1945 1515 dominis.

643 1558 918 1628 Hesperia:
940 1556 1187 1627 populus,
1208 1555 1473 1624 quondam
1500 1568 1627 1622 gens
1647 1551 1838 1621 inclyta
1863 1548 2038 1611 bellis,

721 1647 910 1701 lnvisis
940 1648 1166 1715 sceptris
1189 1644 1352 1697 servit
1386 1650 1434 1696 et
1467 1642 1576 1709 ipsa
1602 1639 1776 1693 modo.

2220 485 2266 539 Α
2294 467 2429 535 Quid
2448 468 2557 536 jam
2586 466 2738 536 plura
2758 460 2986 518 canam?
3024 454 3305 510 Marcescit
3330 461 3438 507 tota
3457 450 3730 519 juventus,

2364 555 2481 610 iam
2501 556 2641 623 perit
2663 561 2821 622 atque
2849 549 2990 604 cadit
3017 544 3261 613 corporis
3284 556 3442 596 omne
3465 539 3626 594 decus
3655 554 3670 589 :
3738 616 3739 619 η

2296 645 2363 698 Et
2392 643 2543 712 pellis
2568 650 2773 696 tantum
2798 653 2963 693 vacua
2991 637 3078 689 vix
3098 634 3310 689 ossibus
3333 631 3520 699 haeret,

2364 732 2473 787 Nec
2491 732 2762 801 cognoscit
2778 731 2940 785 homo
2958 724 3171 797 propria
3192 723 3429 778 membra
3458 735 3641 775 senex.

2295 822 2446 889 Quod
2473 821 2595 887 fuit,
2630 821 2768 875 alter
2793 821 2925 878 erit;
2971 832 3069 871 nec
3098 815 3201 871 erit
3231 815 3363 883 ipse,
3391 813 3532 884 quod
3562 813 3674 879 ipse
3698 829 3715 863 :

2362 894 2476 965 Flor
2494 912 2595 965 erit
2616 912 2727 979 ipse
2749 924 2876 964 suns
2900 905 3228 975 temporibus
3254 902 3436 956 variis.

2296 1004 2389 1057 Sic
2414 1011 2635 1056 ventura
2656 1001 2770 1055 dies
2802 1007 3006 1053 mentes
3036 994 3264 1049 mutabit
3281 1000 3347 1047 et
3369 1001 3541 1055 artus,

2365 1094 2537 1161 Atque
2564 1091 2765 1145 utinam
2796 1088 2984 1143 melior
3006 1084 3254 1157 proficiat
3281 1082 3525 1136 meritis!

2296 1140 2633 1251 Quapi'opter
2653 1180 2836 1250 potius
2862 1140 3099 1232 coelestia
3128 1188 3340 1242 semper
3364 1186 3628 1229 amemus.

2368 1271 2433 1325 Et
2460 1268 2709 1324 mansura
2735 1268 2883 1338 polo,
2906 1280 3067 1336 quam
3092 1263 3327 1335 peritura
3354 1260 3489 1317 solo.

2300 1364 2398 1419 ilic
2428 1364 2601 1419 variat
2628 1372 2858 1434 tempus,
2883 1361 2960 1425 nil
2981 1376 3087 1415 non
3116 1358 3371 1414 mutabile
3393 1358 3570 1412 cernis
3596 1374 3610 1418 ;

2370 1454 2482 1509 illic
2508 1470 2612 1508 una
2638 1454 2752 1508 dies
2780 1442 2992 1522 semper
3012 1451 3145 1512 erit,
3174 1449 3314 1519 quod
3347 1449 3471 1504 erit.

2291 1545 2416 1611 Quo
2440 1553 2512 1606 tu,
2542 1558 2744 1614 quaeso,
2767 1557 2917 1597 tuens
2942 1549 3194 1604 mentem,
3219 1554 3365 1609 rogo,
3396 1538 3567 1609 dirige
3590 1536 3790 1599 lector;

2368 1635 2482 1709 Illic
2507 1635 2749 1690 invenies
2773 1633 2913 1702 quod
2950 1632 3128 1699 cupiet
3146 1632 3374 1686 tibicor.

550 1700 558 1705 ε
648 1737 916 1806 Quidquid
941 1700 1139 1790 habent
1154 1734 1378 1808 pulchri,
1412 1700 1617 1788 Domini
1647 1730 1730 1785 vel
1758 1727 1951 1798 templa
1972 1726 2200 1793 decoris,
2240 1792 2278 1808 ﬁ
2304 1700 2416 1795 Qua
2437 1700 2535 1783 tua
2558 1736 2608 1783 te
2627 1700 2899 1796 nunquam
2919 1724 3064 1779 fallit
3091 1740 3234 1795 spes,
3254 1725 3462 1779 advena
3483 1723 3687 1783 utnudi.

725 1828 986 1889 Vastavit,
1010 1825 1185 1894 rapuit
1203 1824 1415 1878 ethnica
1452 1823 1637 1877 dextra
1661 1819 1783 1874 sibi.

645 1920 765 1975 Hoc
786 1918 1032 1990 generale
1054 1916 1249 1971 malum
1279 1916 1475 1970 relevet
1496 1914 1724 1999 speciale
1749 1928 1842 1983 per
1856 1914 2075 1979 orbem,

724 2006 873 2073 Quod
895 2006 1097 2074 patitur
1115 2004 1257 2059 solus
1276 2004 1522 2072 quisque,
1545 2001 1682 2056 ferat
1704 2001 1890 2055 levius.

2232 1792 2281 1851 θ
2328 1792 2344 1795 ν
2372 1816 2613 1887 Aspicies
2635 1792 2888 1885 patriam,
2908 1830 3069 1884 quam
3094 1792 3219 1869 tuus
3242 1822 3580 1884 optatamor.

2301 1908 2544 1962 lrvenies
2567 1906 2786 1960 veniens
2800 1904 2919 1959 illic
2949 1905 3087 1958 bona
3113 1904 3313 1975 gaudia
3341 1903 3463 1957 vita:

2372 1996 2665 2065 Perpetuze,
2694 2010 2813 2063 qua:
2836 2004 2891 2048 tu
2928 2008 3140 2063 semper
3163 1993 3360 2047 habere
3380 2001 3548 2062 potes.

653 2095 772 2151 lam
802 2094 991 2149 domus
1016 2094 1154 2147 alma
1193 2091 1312 2157 Dei,
1352 2093 1600 2161 princeps
1635 2105 1739 2159 qua
1768 2106 1994 2160 corpore
2013 2098 2203 2160 pausat
2283 2085 2481 2155 ,Laztns
2514 2085 2567 2137 in
2593 2091 2851 2137 :cternum
2884 2082 3098 2138 Christo
3121 2083 3396 2138 sociabere
3421 2082 3610 2146 civicis,

722 2184 936 2249 Petrus,
965 2183 1253 2253 apostolica
1281 2185 1487 2252 primus
1510 2182 1564 2235 in
1589 2196 1713 2236 arce
1731 2182 1929 2244 Pater;

651 2272 897 2327 Perlidiae
930 2273 1173 2327 manibus
1199 2271 1370 2327 fertur
1388 2277 1595 2325 vastata
1622 2269 1805 2331 fuisse,

726 2362 857 2416 Dum
880 2362 1112 2432 pretiosa
1136 2362 1324 2416 domus
1348 2360 1510 2431 impia
1530 2361 1719 2415 dextra
1751 2358 1889 2412 tulit.

650 2451 940 2505 Planxerat
963 2452 1108 2505 Italia
1139 2449 1433 2504 Gothorum
1456 2459 1697 2519 tempore
1725 2456 1841 2502 tuto
1864 2446 1981 2518 [F.,
2007 2448 2138 2518 tota]

730 2539 971 2593 Vastavit
994 2539 1187 2607 templa
1216 2539 1385 2592 hostis
1417 2539 1615 2606 ubique
1640 2538 1734 2592 Dei
1759 2556 1770 2589 :

651 2629 725 2683 Et
746 2636 891 2682 natat
911 2627 1106 2682 effusus
1125 2636 1428 2698 sanctorum
1462 2628 1680 2697 sanguis
1706 2630 1757 2681 in
1789 2630 1925 2691 aula,

727 2718 839 2783 Qua
869 2718 1016 2785 prius
1043 2716 1214 2770 almus
1240 2716 1411 2770 honor
1435 2717 1811 2786 omnipotentis
1831 2726 1961 2771 erat.

652 2804 931 2860 Hunorum
954 2804 1156 2875 gladios
1177 2812 1261 2857 ter
1288 2804 1454 2858 ternis
1481 2812 1728 2858 senserat
1755 2805 1937 2869 annis,

738 2892 906 2947 Gallia
938 2900 1070 2956 tota,
1100 2893 1212 2947 suis
1236 2892 1528 2960 exspoliata
1564 2893 1733 2947 bonis.

656 2982 951 3046 Ecclesiae,
982 2986 1161 3045 urbes,
1198 2982 1363 3043 vicos,
1401 2982 1638 3045 castella,
1660 2992 1901 3037 sacratus

725 3074 860 3153 Cum
882 3074 1088 3142 populis
1118 3073 1321 3142 pariter
1340 3114 1356 3137 ,
1389 3073 1526 3144 ignis
1552 3074 1684 3126 edax
1712 3074 1905 3142 rapuit.

660 3164 809 3219 Talia
831 3178 948 3227 cur,
977 3160 1153 3225 Jcsns,
1177 3161 1290 3217 ﬁeri
1319 3163 1579 3232 permittis
1608 3162 1659 3215 in
1686 3163 1833 3227 urbe,

728 3252 935 3308 Iudicio
953 3252 1179 3318 occulto,
1200 3269 1309 3308 non
1333 3268 1433 3324 ego
1453 3256 1590 3308 scire
1608 3270 1764 3322 queo.

662 3344 775 3396 Alia
804 3340 1027 3412 [Altera]
1063 3342 1165 3394 vita
1194 3345 1299 3396 tuis
1324 3353 1569 3397 servatur
1589 3344 1643 3397 in
1665 3359 1789 3398 arce
1806 3344 2075 3412 polorum,

732 3435 845 3502 Qua
868 3451 969 3503 pax
1001 3435 1137 3489 alma
1163 3438 1327 3505 viget,
1361 3438 1538 3506 pra-lia
1577 3439 1717 3492 nulla
1751 3439 1882 3493 lium

660 3524 864 3577 Aurum
894 3523 1102 3578 ﬂamma
1128 3526 1336 3592 probat,
1357 3524 1524 3590 iustos
1553 3527 1774 3580 tentatio
1796 3528 2039 3595 mundat,

730 3611 924 3665 Purior
949 3622 1112 3681 utque
1138 3616 1312 3667 anima
1352 3615 1526 3667 siJcra
1557 3615 1696 3669 celsa
1727 3624 1890 3683 petat.

662 3698 791 3754 llaec
819 3710 901 3754 est
931 3702 1035 3754 vita
1067 3701 1182 3755 viro
1201 3701 1365 3769 justo,
1391 3704 1612 3757 tentatio
1637 3711 1767 3766 tota,

738 3789 971 3844 Auribus
996 3792 1189 3846 cecinit
1218 3794 1409 3862 pagina
1434 3809 1585 3847 sacra
1610 3780 1735 3847 tuis.

663 3876 943 3945 Quemque
967 3878 1125 3933 Pater
1161 3890 1341 3934 natum
1369 3896 1501 3948 puro
1528 3882 1831 3950 complectit
1849 3897 2049 3949 amore,
2124 3862 2133 3866 θ

740 3964 946 4034 Samius
974 3965 1097 4020 huic
1125 3966 1263 4020 tristi
1292 3967 1423 4021 dura
1462 3965 1662 4037 ﬂagella
1693 3969 1868 4024 dabit:

672 4054 764 4109 Sic
788 4054 928 4107 Dens
950 4054 1285 4122 omnipotens
1320 4063 1532 4109 sanctos
1552 4070 1647 4124 per
1673 4071 1809 4110 saeva
1842 4058 2085 4126 probavit

743 4144 997 4208 Verbera,
1035 4153 1155 4214 post
1183 4146 1406 4199 reddens
1435 4147 1650 4215 pratmia
1680 4147 1798 4201 laeta
1826 4147 1969 4216 polo.

675 4232 789 4285 Non
820 4248 911 4288 vos
933 4234 1233 4299 conturbet,
1257 4235 1450 4299 sancti,
1472 4236 1846 4312 inconstantia,
1861 4235 2090 4302 fratres,

745 4319 868 4375 Hac
894 4323 1157 4379 mundana
1179 4323 1389 4390 quidem
1420 4324 1715 4393 gurgitibus
1742 4327 1922 4382 variis.
1948 4335 1953 4341 '

676 4408 769 4466 Sic
795 4410 893 4464 fuit
912 4420 1073 4479 atque
1096 4411 1183 4464 fiet
1212 4413 1353 4466 saecli
1373 4415 1633 4470 versatilis
1653 4417 1805 4480 ordo,

748 4498 968 4552 Laetitia:
994 4514 1260 4567 nunquam
1292 4500 1361 4553 sit
1388 4500 1471 4555 cui
1514 4511 1659 4567 certa
1690 4503 1836 4557 fides.

680 4581 782 4652 Qui
802 4586 947 4653 jacet
975 4586 1026 4638 in
1058 4588 1194 4641 lecto
1216 4627 1232 4649 ,
1254 4589 1519 4655 quondam
1546 4590 1782 4644 certabat
1807 4590 1859 4643 in
1888 4594 2032 4661 agris

748 4679 880 4747 Cum
902 4679 1097 4740 cervis,
1122 4680 1370 4747 quoniam
1402 4678 1537 4733 fessa
1569 4687 1823 4734 senectus
1839 4683 2009 4737 adest.

678 4770 779 4835 Qui
807 4770 933 4823 olim
962 4768 1168 4838 Syrano
1201 4770 1352 4831 laetus
1380 4771 1664 4825 rccnbabnt
1692 4773 1742 4825 in
1772 4780 1941 4826 ostro’

755 4861 852 4916 Vix
884 4875 1060 4928 panno
1086 4859 1253 4914 veleri
1277 4859 1463 4929 frigida
1486 4865 1719 4916 membra
1750 4873 1896 4932 tegit.

686 4948 863 5018 ωηιξη
886 4952 998 5006 dies
1033 4951 1215 5006 oculos
1243 4960 1356 5005 atra
1380 4952 1603 5020 caligine
1625 4950 1850 5017 claudit,

756 5036 1034 5108 Solivagos
1058 5049 1263 5094 atomos
1280 5054 1399 5109 quae
1427 5055 1710 5100 numerare
1732 5043 1885 5097 solet.

692 5129 923 5185 Dextera
950 5143 1067 5198 qua:
1094 5128 1313 5198 gladios,
1343 5144 1460 5198 quae
1484 5128 1644 5184 fortia
1674 5124 1775 5185 tela
1800 5131 2059 5197 vibrabat,

758 5217 911 5273 Nunc
942 5217 1141 5281 tremit,
1172 5225 1327 5287 atque
1353 5219 1435 5272 ori
1473 5219 1699 5287 porrigit
1715 5234 1854 5288 τετε
1878 5222 2073 5275 cibum.

688 5307 898 5363 Clarior
914 5320 1038 5361 ecce
1064 5304 1186 5359 tuba
1208 5306 1378 5359 subito
1404 5322 1503 5359 vox
1528 5305 1770 5360 faucibus
1798 5308 1969 5370 haesit,

762 5397 992 5452 Auribus
1015 5394 1269 5466 appositis
1294 5410 1560 5449 murmura
1592 5398 1735 5451 lausa
1764 5408 1791 5437 ι
1817 5397 1938 5452 eiet.

765 5608 801 5665 fg
830 5594 941 5665 Eo;
980 5595 1246 5665 theodisca
1264 5612 1285 5665 ς(
1312 5592 1474 5663 Leife,
1503 5608 1771 5649 murmura
1798 5597 1994 5665 tenuia,

771 5660 801 5700 ἕ
836 5660 999 5726 Εςίἱιη
1023 5660 1345 5737 lucrifacere.

2375 2172 2464 2226 Ille
2494 2180 2673 2228 manet
2698 2184 2931 2242 semper,
2970 2179 3027 2226 tu
3054 2186 3265 2243 quoque
3296 2186 3508 2242 semper
3528 2171 3659 2227 eris.

2234 2294 2235 2297 η
2300 2264 2443 2329 Quid
2464 2272 2521 2317 tu
2543 2262 2811 2333 pel-tristis
2834 2278 3024 2317 aurum
3045 2271 3097 2317 te
3136 2263 3362 2332 perdere
3382 2262 3625 2332 plangis?

2377 2355 2471 2409 Est
2492 2368 2622 2408 auro
2645 2354 2834 2409 melius
2872 2353 3171 2410 lucrificare
3195 2354 3223 2395 δ
3255 2354 3443 2409 Deum.

2304 2445 2445 2513 Quid
2470 2444 2676 2513 species
2716 2459 2878 2519 vanas
2898 2443 3233 2515 lacrymosis,
3260 2451 3406 2507 nate,
3434 2442 3666 2514 querelis

2370 2536 2753 2604 Perseqneris;
2782 2536 2897 2591 hzec
2936 2545 2990 2590 tu
3014 2551 3112 2591 cur
3141 2538 3374 2606 peritura
3387 2535 3589 2604 cupis?

2309 2631 2456 2685 Talia
2476 2631 2586 2699 jam
2614 2630 2815 2694 mundi,
2847 2646 2951 2685 non
2977 2629 3174 2693 Christi
3196 2616 3357 2699 luget
3376 2639 3613 2692 amator,

2381 2718 2484 2782 Sit,
2516 2732 2663 2789 rogo,
2694 2734 2795 2773 non
2830 2733 3043 2783 aurum,
3073 2718 3143 2772 sit
3165 2716 3260 2771 tibi
3286 2716 3536 2771 Christus
3560 2730 3728 2768 amur.

2304 2808 2391 2865 Ad
2426 2825 2539 2875 vos,
2568 2826 2601 2863 ο
2626 2809 2841 2874 fratres,
2866 2817 3093 2873 vertam,
3119 2821 3409 2873 meaeura,
3434 2820 3706 2868 camenas,

2380 2904 2634 2973 Alloqmr
2653 2912 2709 2958 et
2732 2898 2916 2973 paucis
2944 2918 3038 2956 vos
3060 2903 3219 2956 modo
3258 2899 3555 2968 versiculis.

2310 2997 2421 3051 \‘os
2444 2977 2619 3066 regale
2640 3009 2829 3066 genus,
2857 2988 3065 3049 soboles
3090 2992 3393 3047 veneranda
3419 2999 3699 3060 parentum

2231 3125 2286 3183 ο
2384 3086 2725 3149 Sanctorum,
2753 3085 2845 3154 qui
2866 3099 2959 3138 vos
2979 3084 3092 3153 jam
3114 3097 3347 3152 genuere
3374 3083 3501 3136 Deo.

2310 3176 2529 3229 illorum
2555 3174 2764 3239 bibulas
2789 3174 2993 3227 meritis
3028 3181 3050 3211 ο
3081 3172 3389 3228 caelestibus
3417 3184 3576 3224 aures

2386 3265 2537 3318 Nunc
2564 3265 2810 3319 adhibete
2839 3264 2925 3332 pio
2948 3271 3187 3333 pectore,
3211 3269 3410 3324 mente,
3445 3274 3623 3312 manu.

2319 3354 2361 3410 ι]
2370 3362 2387 3408 ι
2416 3365 2661 3409 sanctum
2684 3353 2932 3423 precibus
2957 3359 3237 3406 conservet
3257 3365 3465 3419 seraper
3488 3345 3625 3403 ovile
3641 3384 3659 3412 ,

2388 3445 2611 3499 Pectore
2634 3441 2887 3497 concordi
2921 3441 3062 3510 quod
3081 3449 3322 3496 statuere
3343 3441 3469 3493 Deo.

2317 3536 2542 3589 Horrida
2574 3548 2675 3589 non
2700 3530 2909 3602 frangat
2931 3540 3136 3586 vestras
3154 3531 3377 3584 tentatio
3401 3539 3627 3592 mentes,

2390 3623 2551 3691 impia
2582 3637 2743 3689 quam
2764 3621 2915 3675 vobis
2941 3620 3107 3690 gessit
3134 3620 3315 3685 iniqua
3340 3634 3548 3673 manus.

2313 3712 2614 3783 Sedmagis
2633 3713 2699 3767 ad
2721 3712 2954 3766 studium
2981 3711 3099 3764 vitm
3127 3698 3364 3765 melioris
3391 3709 3647 3775 abundet,

2388 3801 2571 3855 lncilet
2598 3809 2654 3854 et
2684 3808 2889 3855 mentes
2914 3812 3124 3868 semper
3149 3800 3336 3854 adesse
3366 3800 3498 3864 Deo,

2290 3930 2291 3933 η
2317 3889 2491 3959 Erigit
2511 3889 2709 3954 allisos,
2738 3889 2831 3957 qui
2859 3887 3101 3943 vulnerat
3124 3896 3286 3957 atque
3310 3889 3555 3942 medetur
3583 3907 3596 3941 ε

2387 3979 2489 4045 Qui
2522 3980 2645 4033 ferit
2669 3986 2829 4047 atque
2858 3986 3030 4043 sanat,
3063 3978 3297 4032 conterit
3318 3986 3479 4046 atque
3508 3977 3663 4031 levat.

2321 4066 2489 4122 Nocte
2508 4068 2699 4136 dieque
2714 4066 2876 4121 simul
2897 4067 3143 4134 precibus
3169 4067 3402 4121 insistite
3430 4066 3653 4130 sanctis,

2358 4184 2361 4189 λ
2393 4154 2465 4209 Ut
2484 4170 2578 4208 vos
2595 4163 2879 4209 conservet
2897 4151 3051 4208 Iesus
3068 4154 3265 4223 ubique
3286 4156 3424 4223 pius:

2323 4243 2390 4296 Et
2416 4242 2462 4295 si
2482 4235 2868 4311 quaa'placeant
2894 4242 3147 4299 concordi
3174 4244 3432 4300 addiscite
3458 4246 3640 4310 corde,

2391 4333 2565 4402 Atque
2594 4333 2806 4402 implete
2834 4348 3017 4399 manu,
3041 4335 3183 4405 quod
3223 4337 3309 4403 pia
3332 4351 3485 4390 mens
3511 4337 3711 4404 cupiat.

2255 4449 2302 4507 ο
2326 4420 2417 4476 Sic
2441 4422 2650 4475 tandem
2674 4422 2825 4477 vobis
2841 4422 3060 4492 clypeus
3086 4422 3363 4476 descendit
3385 4423 3452 4476 ab
3473 4423 3605 4485 alto,

2396 4513 2462 4567 Et
2481 4512 2689 4566 Domini
2718 4513 2900 4567 dextra
2922 4520 3160 4583 proteget
3177 4520 3335 4582 atque
3361 4523 3526 4582 reget.

2328 4601 2435 4657 Vos
2461 4609 2631 4655 estote
2652 4600 2872 4655 Patrum
2890 4616 3173 4667 memores,
3195 4603 3348 4671 queis
3374 4618 3587 4673 semper
3614 4602 3683 4659 ab
3704 4602 3814 4660 alto

2405 4690 2634 4745 Venerat
2654 4692 2930 4757 auxilium,
2953 4693 3111 4747 dante
3130 4693 3389 4757 Tonante,
3418 4695 3584 4763 pium.

2327 4780 2445 4834 Jam
2471 4780 2676 4851 Moyses
2702 4781 2891 4836 melius
2910 4782 3160 4851 precibus
3180 4797 3338 4849 quam
3363 4774 3634 4837 exercitus
3663 4784 3848 4856 armis,

2406 4869 2708 4924 Extendcns
2740 4870 2941 4938 pabnas
2965 4870 3146 4938 przelia
3174 4884 3329 4924 sacra
3350 4872 3499 4939 regit.

2335 4959 2569 5013 Plurima
2593 4976 2691 5028 pro
2714 4960 2960 5031 lacrymis
2982 4970 3295 5015 sternuntur
3320 4962 3481 5015 millia
3507 4970 3677 5022 morte

2406 5049 2644 5104 Ezechiae
2664 5050 2800 5118 regis
2834 5049 3067 5118 pestiferi
3091 5050 3288 5119 populi,
3384 5064 3387 5065 '
3510 5116 3511 5119 η

2336 5135 2470 5192 lluic
2494 5152 2701 5207 quoque
2723 5146 2802 5191 ter
2820 5136 3009 5205 quinos
3028 5137 3262 5191 clemens
3299 5138 3434 5192 Deus
3458 5138 3663 5191 addidit
3689 5146 3881 5200 annos,

2404 5225 2506 5279 Pro
2530 5240 2705 5294 prece,
2742 5240 2900 5292 quam
2924 5225 3152 5279 moriens
3184 5224 3353 5280 fundit
3375 5226 3442 5280 ab
3467 5213 3560 5277 ore
3587 5225 3724 5289 Deo;

2338 5310 2499 5381 240
2521 5312 2675 5365 Vobis
2704 5320 2826 5364 nota
2850 5326 3057 5373 canam.
3080 5312 3293 5375 fratres,
3323 5328 3440 5381 quze
3470 5311 3668 5367 fecerat
3688 5311 3818 5368 olim

2412 5399 2659 5459 Ecclesia
2692 5408 2886 5452 nostrze
2908 5392 3223 5469 pontiﬁcalis
3244 5415 3375 5467 apex
3399 5418 3413 5453 :
3832 5394 3838 5399 ’

2415 5607 2435 5634 τ
2478 5596 2654 5675 forte,
2684 5594 2907 5647 monilia.
