4268 6250
632 325 734 380 815

630 438 783 492 Esset
800 433 868 489 ab
883 441 1122 488 extremo
1143 428 1478 485 venientibus
1501 428 1712 496 hospita
1736 435 1921 495 portus

631 527 864 583 Navibus
884 539 1105 587 oceano,
1134 521 1294 591 longo
1318 535 1411 574 sua
1437 533 1596 588 prora
1616 517 1854 571 remulco

630 622 818 676 Navita
843 633 947 689 qua
970 629 1280 686 preperans,
1303 621 1364 666 ut
1390 613 1546 666 sistat
1569 611 1638 664 ab
1662 621 1875 678 aequore
1900 606 2094 660 fessus.

634 712 783 766 Ilanc
809 711 1014 777 piscosa
1033 708 1145 760 suis
1167 704 1324 758 undis
1349 699 1593 756 interluit
1619 698 1728 754 Usa
1757 695 1959 766 [Angl.,
1986 692 2189 764 Ovvse],

635 799 932 868 Florigeros
955 796 1087 864 ripis
1105 793 1443 864 praetendens
1465 788 1702 856 undique
1729 799 1964 854 campos.

634 889 868 946 Collibus
894 895 949 942 et
975 886 1125 940 silvis
1147 883 1299 938 tellus
1325 882 1451 936 hinc
1474 879 1598 933 inde
1623 879 1840 939 decora,

631 978 1011 1044 Nobilibusque
1035 974 1164 1028 locis
1191 971 1451 1026 habitatio
1479 967 1717 1038 pulchra,
1746 962 1994 1025 salubris,

631 1066 929 1123 Fertilitate
958 1065 1039 1118 sui
1065 1062 1259 1117 multos
1275 1059 1530 1127 habitura
1553 1056 1789 1110 colonos.

633 1158 751 1224 Quo
777 1157 939 1210 variis
957 1153 1164 1223 populis
1182 1160 1236 1205 et
1265 1150 1444 1218 regnis
1464 1145 1697 1213 undique
1719 1143 1841 1196 lecti

634 1247 742 1317 Spe
770 1246 902 1302 lucri
925 1244 1120 1317 [Mab.,
1146 1237 1415 1309 certatim]
1435 1237 1675 1299 veniunt,
1699 1241 1998 1302 quaerentes
2028 1227 2191 1281 divite

1957 1325 2122 1396 [terra

635 1430 878 1492 Divitias,
906 1429 1084 1485 sedem
1109 1426 1344 1486 sibimet,
1374 1422 1707 1488 lucrumque,
1730 1419 2024 1485 laremque.

634 1519 770 1573 Ilinc
793 1518 1025 1572 Romana
1043 1529 1250 1576 manus,
1282 1511 1515 1566 turbatis
1535 1509 1768 1576 undique
1789 1505 2037 1573 sceptris,

632 1609 920 1675 Postquam
950 1605 1194 1667 secessit,
1223 1602 1442 1671 cupiens
1467 1598 1729 1667 depellere
1756 1610 1924 1650 stevos

636 1698 849 1761 Hostes,
877 1695 1144 1766 Hesperia:
1171 1708 1390 1762 regnum
1419 1691 1703 1758 sedemque
1728 1686 1895 1750 tueri;

637 1789 795 1843 Urbis
823 1795 951 1841 tunc
976 1786 1146 1839 tenuit
1165 1791 1435 1851 sceptrum
1457 1795 1586 1851 gens
1608 1780 1754 1849 pigra
1783 1777 2079 1830 Britonum.

637 1878 765 1944 Quae
789 1875 902 1931 fere
917 1876 1186 1930 continuis
1213 1873 1487 1926 Pictorum
1513 1885 1699 1938 pressa
1727 1867 1933 1932 duellis,

635 1965 852 2020 Servilii
878 1964 1084 2035 pondus
1115 1961 1327 2016 tandem
1354 1969 1560 2015 vastata
1592 1960 1813 2019 subivit;

636 2058 743 2111 Nec
772 2056 937 2111 valuit
960 2053 1192 2124 propriis
1219 2052 1447 2121 patriam
1472 2049 1755 2104 defendere
1791 2048 1974 2111 scutis,

634 2150 730 2204 Vel
759 2149 1054 2203 libertatem
1077 2145 1266 2217 gladiis
1297 2156 1549 2198 revocare
1576 2149 1878 2211 paternam.

637 2238 733 2290 Est
757 2238 992 2306 antiqua,
1021 2245 1232 2305 potens,
1253 2233 1404 2287 bellis
1426 2240 1482 2286 et
1505 2245 1726 2300 corpore
1745 2236 2023 2298 praestans,

636 2325 934 2380 Germaniae
961 2324 1332 2392 populos‘gens
1359 2322 1498 2374 inter
1520 2327 1574 2373 et
1591 2326 1775 2373 extera
1800 2332 1984 2387 regna,

635 2414 895 2470 Dnritiam
922 2420 1137 2484 pr0pter
1164 2410 1290 2464 dicti
1316 2407 1628 2478 cognomine
1650 2407 1796 2461 Saxi.

634 2504 784 2558 Hanc
801 2503 1001 2573 placuit
1026 2501 1246 2555 ducibus
1275 2499 1424 2573 regni
1451 2498 1747 2552 conducere
1767 2497 1945 2558 donis,

639 2591 711 2645 Ut
735 2571 872 2644 foret
889 2589 1086 2643 auxilio
1111 2587 1319 2656 patriae,
1341 2571 1506 2654 pavor
1527 2585 1768 2639 hostibus
1793 2593 1973 2653 atque.

639 2679 745 2736 Ore
765 2681 906 2734 favet
933 2679 1119 2748 vulgus
1143 2677 1376 2732 clamoso
1393 2675 1586 2729 mobile
1609 2675 1813 2739 statim,

643 2771 710 2823 Et
735 2770 869 2822 bona
895 2767 1158 2821 collaudat
1176 2776 1388 2835 patrum
1413 2763 1655 2819 consulta
1681 2778 1924 2828 suorum,

637 2859 785 2912 Atria
807 2872 1057 2926 gazarum
1077 2863 1329 2925 rumpunt
1347 2853 1565 2924 regalia,
1595 2854 1739 2924 genti

644 2943 852 2997 Mittere
877 2942 1011 2995 dona
1030 2947 1220 3010 parant
1244 2940 1453 3009 ignotas,
1485 2955 1589 3008 quo
1618 2940 1791 3008 magis
1813 2938 1901 2993 illa
1997 2981 2000 2984 ι

636 3039 870 3100 Aunuat,
899 3043 958 3088 ut
981 3033 1186 3101 placita:
1207 3031 1398 3085 feriant
1421 3030 1522 3084 sibi
1550 3028 1749 3082 fmdera
1777 3029 1942 3097 pacis.

637 3129 734 3181 Ast
757 3127 973 3196 indigna
992 3125 1170 3178 vident
1189 3122 1351 3175 tantis
1371 3120 1560 3176 exenia
1585 3119 1744 3173 votis.

639 3217 794 3288 243
818 3216 1039 3285 Legatos
1064 3213 1210 3267 exire
1227 3210 1432 3278 iubent,
1454 3209 1587 3262 vada
1615 3208 1753 3262 salsa
1781 3207 1979 3262 carinis

638 3306 753 3360 Jam
783 3307 987 3360 sulcare
1008 3305 1147 3368 citis,
1180 3301 1319 3358 dulci
1348 3301 1631 3356 formidine
1661 3308 1784 3354 vota

637 3396 968 3464 Ingeminant
998 3385 1248 3462 lacrymis
1275 3411 1288 3444 :
1313 3391 1562 3459 quoniam
1591 3390 1671 3443 sic
1697 3390 1808 3457 ipse
1832 3387 2084 3442 monebat

640 3465 923 3542 Libertatis
947 3499 1114 3548 amor,
1142 3483 1328 3551 patria:
1352 3496 1472 3551 spes
1499 3496 1562 3534 ac
1586 3479 1927 3533 redimendae.

639 3578 775 3644 Quid
796 3576 906 3644 jam
935 3572 1084 3645 [ϐοά.
1111 3571 1290 3626 Rhem.
1321 3572 1448 3640 quid
1477 3569 1594 3640 tibi]
1621 3569 1771 3638 plura
1797 3569 2015 3622 canam?
2058 3567 2190 3622 Pro-

1440 3659 1652 3730 [perans
1680 3659 1968 3721 exercitus,
1995 3672 2120 3711 ecce

639 3756 871 3812 Venerat
892 3757 1080 3811 undosi
1107 3764 1289 3809 vectus
1317 3761 1463 3806 trans
1493 3766 1703 3820 :equora
1731 3752 1906 3820 ponti,

643 3847 944 3900 Subsidium
972 3845 1128 3898 sociis
1156 3841 1395 3897 referens
1413 3882 1427 3904 ,
1451 3841 1766 3907 hostemque
1794 3837 2083 3893 nefandum

642 3937 855 4005 Expulit
871 3976 884 3996 ,
914 3943 968 3987 et
993 3922 1332 3986 vicitmultis
1357 3945 1451 3997 per
1474 3928 1612 3982 bella
1640 3929 1941 3995 triumphis,

643 4027 818 4082 Donec
849 4024 995 4078 Picto
1020 4022 1168 4075 ferox
1195 4019 1381 4073 timido
1402 4018 1559 4071 simul
1588 4016 1796 4084 agmine
1825 4016 1998 4086 fugit,

643 4119 934 4172 Contentus
956 4111 1185 4180 propriis
1213 4123 1332 4163 sese
1357 4105 1639 4161 defendere
1665 4107 1718 4160 in
1740 4107 1875 4171 oris;

645 4205 768 4258 Haec
794 4205 931 4256 inter
961 4200 1158 4267 majora
1185 4199 1300 4253 dari
1330 4197 1585 4264 stipendia
1609 4197 1785 4264 poscit

647 4293 907 4347 Externus
941 4291 1152 4343 sibimet
1176 4288 1326 4343 miles
1349 4302 1361 4338 :
1388 4286 1501 4340 haec
1529 4300 1688 4339 causa
1717 4283 1873 4339 duelli

646 4383 702 4436 In
725 4382 923 4434 sociam
951 4378 1121 4429 fuerat
1149 4389 1359 4444 gentem
1383 4383 1693 4430 convertere
1721 4374 1950 4437 ferrum,

649 4472 711 4522 lit
745 4480 956 4537 segnem
985 4465 1226 4534 populum
1253 4465 1426 4532 patrio
1451 4462 1712 4532 depellere
1741 4478 1924 4532 regno.

651 4561 757 4614 Hoc
783 4561 972 4627 pietate
1003 4557 1094 4609 hci
1122 4557 1313 4621 visum,
1342 4554 1481 4623 quod
1507 4569 1637 4624 gens
1658 4552 1912 4608 scelerata

651 4647 728 4699 Ol»
757 4661 852 4700 sua
875 4645 941 4699 de
965 4645 1121 4696 terris
1143 4652 1350 4711 patrum
1379 4651 1595 4712 peccata
1618 4643 1840 4712 periret,

652 4735 980 4801 lntraretque
1005 4747 1134 4786 suas
1156 4732 1379 4800 p0pulus
1405 4732 1606 4786 felicior
1625 4733 1816 4796 urbes;

653 4823 753 4888 Qui
781 4833 1084 4881 servaturus
1110 4821 1318 4875 Domini
1343 4815 1607 4889 precepts
1631 4820 1837 4876 fuisset.

652 4913 802 4978 Quod
831 4911 928 4966 fuit
954 4915 1153 4968 affatim
1180 4915 1399 4976 factum,
1428 4911 1656 4966 donante
1688 4912 1955 4966 Tonante.

652 4999 770 5054 Iam
799 5013 931 5053 nova
958 5002 1081 5053 dum
1112 5003 1314 5054 crebris
1340 5001 1621 5069 viguerunt
1650 5007 1858 5069 sceptra
1887 5000 2191 5070 triumphis,

655 5089 720 5142 Et
745 5105 892 5159 reges
915 5105 981 5145 ex
1011 5104 1069 5160 se
1088 5090 1198 5156 jam
1223 5093 1383 5158 coepit
1413 5091 1609 5146 habere
1636 5100 1878 5159 potentes

654 5176 797 5232 Gens
824 5189 1042 5232 ventura
1070 5179 1182 5232 Dei.
1216 5177 1372 5232 Rexit
1401 5187 1525 5233 tunc
1556 5181 1808 5249 temporis
1833 5181 2004 5234 almus

725 5284 876 5340 Vers.
916 5286 1000 5339 78.

725 5427 753 5495 ξ
787 5417 977 5495 Eduin,
1002 5419 1133 5495 alias
1159 5421 1425 5495 Eminus,
1453 5423 1584 5495 Alia;
1605 5422 1763 5486 filius,
1781 5437 1879 5476 rex
1907 5422 2194 5478 Northum-

657 5485 1041 5558 brizn._A_llord.
1080 5502 1217 5543 anno
1244 5492 1365 5554 6l7,
1395 5485 1540 5546 num.
1573 5493 1602 5545 7
1628 5499 1680 5544 et
1707 5485 1818 5558 seq.

730 5553 765 5627 δ-
794 5552 986 5627 {uisus
1031 5559 1084 5609 in
1128 5552 1385 5622 exsiliunt,
1429 5563 1494 5614 ab
1533 5552 1825 5615 Ethelfrid-0
1871 5574 2012 5627 rege.
2062 5561 2192 5614 Ven.

661 5620 800 5676 Beda
828 5624 960 5679 Hist.
991 5628 1132 5682 Eccl.
1162 5627 1349 5682 Gentis
1375 5620 1538 5698 VAngl.
1572 5631 1660 5683 lib.
1695 5646 1752 5692 tl,
1784 5646 1897 5702 cap.
1931 5620 2024 5680 '12.

1433 319 1494 372 Β.
1531 318 1594 372 F.
1637 311 1858 371 ALBINI
1894 313 2022 369 SEU
2063 305 2658 367 ALCUINIOI’EBUM
2696 308 2872 364 PARS
2910 298 2994 362 Vl.

2211 423 2261 481 A
2287 420 2576 491 Gregorius
2599 422 2813 491 praesul,
2846 429 2959 477 toto
2986 416 3303 474 venerabilis
3328 408 3465 480 orbi,

3729 291 3840 352 sis

2289 511 2538 576 Ecclesiae
2559 514 2742 568 sedem
2755 512 3037 576 Romanas,
3066 510 3329 564 maximus
3346 516 3506 578 atque

2287 603 2551 672 Agrorum
2577 603 2776 657 Christi
2803 603 2994 666 cultor,
3029 603 3252 657 devotus
3273 601 3490 669 ubique,

2288 690 2523 744 Plurima
2549 699 2816 759 perpetuae
2848 689 3100 760 dispersit
3127 690 3330 744 semina
3357 689 3502 743 vitaz.

2287 778 2516 834 Vomere
2544 796 2643 835 nec
2667 781 2837 835 solum
2862 782 3043 834 Latios
3067 781 3404 850 confregerat
3427 793 3605 850 agros,

2291 867 2396 924 Sed
2422 870 2591 925 bonus
2617 879 2775 940 atque
2803 872 2923 940 pius
2954 872 3220 940 peregrini
3241 871 3414 926 cultor
3433 869 3612 942 agelli,

2289 959 2485 1014 Oceani
2512 962 2741 1015 tumidos
2767 961 2905 1014 ultra
2937 961 3164 1015 suleavit
3189 969 3391 1027 aratro,

2287 1052 2511 1107 Pectora
2537 1053 2700 1117 divini
2723 1053 2883 1106 fluctu
2911 1054 3127 1123 gentilia
3153 1055 3301 1108 verbi

2288 1138 2453 1197 Arida
2485 1143 2749 1198 melliﬂuis
2774 1143 3099 1214 perfundens
3127 1161 3253 1197 arva
3283 1143 3496 1198 ﬂuentis
3521 1161 3532 1195 :

2288 1236 2365 1290 De
2391 1237 2584 1303 quibus
2608 1238 2841 1304 aequorei
2867 1245 3023 1304 potus
3051 1237 3279 1290 hausere
3307 1233 3549 1289 Britanni

2288 1323 2406 1379 Jam
2430 1326 2528 1380 sibi
2559 1336 2845 1395 perpetuzn,
2866 1327 3081 1382 Christo
3110 1327 3361 1400 donante,
3393 1325 3599 1380 salutis.

2288 1414 2458 1468 Eduin
2486 1428 2510 1453 ιι
2545 1415 2747 1468 interea
2778 1415 3017 1468 veterum
3045 1414 3110 1466 de
3132 1415 3369 1483 germine
3398 1407 3601 1481 regum,

2289 1504 2550 1558 Euborica
2581 1506 2816 1575 genitus,
2849 1505 3094 1559 dominus
3120 1520 3218 1574 per
3245 1511 3435 1558 cuncta
3470 1503 3703 1569 futurus,

2289 1595 2558 1650 Pulsus-in
2587 1597 2831 1651 exsilium
2862 1598 2891 1637 ι)
2923 1595 3057 1667 fugit
3084 1613 3216 1666 puer
3241 1596 3420 1650 invida
3447 1610 3628 1665 regna.

2291 1687 2484 1742 Orama
2516 1700 2537 1726 ο
2564 1689 2778 1758 gentilis
2801 1705 2905 1757 qua
2941 1689 3148 1743 viderat
3176 1688 3287 1756 ipse
3317 1701 3624 1756 supernum,

2215 1746 2262 1805 Β
2292 1779 2457 1832 Nocte
2485 1746 2750 1847 soporata,
2781 1746 2927 1832 solus
2954 1777 3077 1832 dum
3104 1746 3346 1846 tempore
3369 1746 3601 1846 quodam

2288 1868 2459 1922 Anxia
2489 1868 2648 1922 corda
2677 1883 2868 1936 gerens
2895 1868 3054 1932 curis,
3081 1866 3197 1922 loca
3218 1880 3454 1938 congrua
3479 1866 3668 1930 adivit,

2290 1960 2358 2014 Et
2386 1959 2583 2019 tacitus
2608 1950 2746 2020 sedit
2771 1959 3029 2012 sublustri
3054 1957 3254 2011 lumine
3280 1956 3453 2010 lunas:

2289 2049 2384 2105 Vir
2410 2049 2558 2104 stetit
2579 2049 2792 2119 ignotus
2819 2048 3025 2113 habitu,
3050 2048 3304 2117 vultuque
3326 2051 3542 2116 repente

2289 2136 2426 2192 Ante
2453 2137 2638 2191 oculos
2658 2135 2890 2204 juvenis,
2913 2137 3206 2209 verbisque
3230 2134 3424 2189 affatur
3447 2134 3635 2190 amicis
3658 2149 3673 2187 :

2222 2229 2224 2232 ’
2296 2248 2314 2281 ι
2345 2227 2474 2294 Quae
2503 2236 2554 2282 te
2583 2228 2712 2282 dura
2741 2228 2939 2296 coquit,
2964 2225 3218 2294 iuvenum
3244 2225 3554 2289 fortissime,
3581 2220 3754 2280 cura?

2289 2318 2403 2373 Rex
2427 2319 2567 2372 Deus
2591 2325 2825 2372 teternus
2851 2316 2972 2371 cteli
2997 2317 3087 2386 qui
3115 2317 3290 2370 sidera
3314 2315 3460 2379 fecit,

2292 2407 2419 2475 Quae
2444 2417 2500 2461 tu
2527 2406 2748 2475 pulchra
2774 2405 2924 2460 vides
2948 2404 3135 2459 solatia
3157 2404 3250 2459 dat
3275 2404 3371 2459 tibi
3401 2411 3569 2458 certa.

2290 2496 2428 2551 Ecce
2453 2503 2600 2549 tuam
2625 2495 2794 2548 vitam
2824 2494 3084 2562 quaerenti
3113 2502 3290 2548 servat
3313 2494 3381 2548 ab
3415 2494 3600 2557 hoste;

2290 2587 2511 2654 Insuper
2534 2585 2816 2654 imperium
2838 2584 3004 2639 latum
3033 2585 3130 2639 tibi
3155 2585 3408 2638 terminat
3431 2573 3609 2639 undis.

2291 2670 2404 2733 Rex
2430 2678 2572 2733 Deus
2609 2676 2699 2731 ille
2727 2678 2822 2732 tibi
2849 2684 3017 2732 totum
3043 2676 3115 2731 sit
3143 2690 3353 2744 semper
3381 2676 3434 2729 in
3459 2690 3667 2729 aevum:

2289 2769 2676 2838 Imponensque
2701 2775 2791 2822 tuo
2813 2767 2974 2835 capiti
3003 2781 3100 2834 pro
3128 2764 3330 2820 ﬁndere
3356 2765 3635 2819 dextram:

2291 2855 2415 2912 Hau:
2437 2857 2552 2921 tibi,
2585 2856 2738 2921 dixit,
2762 2864 2920 2911 erunt
2945 2856 3114 2910 nostri
3143 2844 3414 2923 signacula
3441 2854 3604 2924 pacti.
3626 2873 3648 2907 υ

2292 2949 2517 3003 Nuntius
2544 2949 2629 3003 his
2655 2948 2811 3002 dictis
2830 2946 3008 3001 subito
3041 2947 3285 3001 discessit
3306 2947 3383 3000 ah'
3407 2946 3519 3011 illo,

2292 3035 2389 3089 Cui
2418 3036 2570 3104 vigor
2599 3034 2797 3089 affatim
2826 3049 2991 3088 venas
3021 3035 3257 3088 decurrit
3284 3035 3336 3086 in
3363 3049 3572 3100 omnes,

2292 3125 2449 3179 Pulsa
2479 3125 2664 3194 procul
2698 3124 2904 3195 fugiens
2930 3131 2984 3184 et
3009 3123 3311 3192 desperatio
3339 3124 3500 3178 ﬁbras

2289 3213 2561 3281 Liquerat.
2588 3213 2823 3268 Eventus
2854 3213 3116 3268 venientis
3139 3214 3284 3268 dicta
3308 3215 3554 3281 probavit

2287 3299 2524 3369 Hospitis
2545 3302 2827 3356 :occubuit
2851 3302 3032 3355 statim
3063 3316 3159 3355 rex
3185 3317 3312 3356 ense
3335 3301 3565 3357 nefando

2285 3391 2502 3463 Invidus
2525 3392 2735 3462 imperii
2762 3394 2882 3447 vitae
2908 3392 3066 3446 simul
3091 3393 3233 3447 illius
3256 3401 3439 3462 atque.

2290 3479 2440 3534 Tunc
2457 3480 2668 3549 juvenis
2692 3482 2904 3535 rediens
2931 3482 3152 3538 intravit
3177 3483 3422 3538 amabilis
3450 3485 3610 3539 urbes

2290 3570 2407 3624 Jam
2436 3572 2658 3640 patrias,
2682 3572 2860 3641 populi
2883 3588 3272 3642 procerumque
3295 3574 3477 3629 favore
3499 3585 3771 3644 receptus.

2290 3660 2390 3726 Qui
2421 3676 2542 3714 mox
2569 3662 2838 3730 accipiens
2862 3665 3057 3732 sceptri
3085 3665 3280 3734 regalis
3305 3665 3580 3731 honorem,

2290 3746 2542 3815 Quaasivit
2569 3752 2797 3819 propriae
2826 3753 2970 3820 genti
2993 3755 3150 3817 bona,
3179 3754 3357 3825 largus
3382 3756 3434 3810 in
3464 3771 3653 3812 omnes

2291 3839 2402 3893 Nec
2430 3855 2528 3908 per
2547 3849 2756 3909 sceptra
2783 3841 2954 3906 ferox,
2983 3844 3077 3897 sed
3103 3844 3171 3898 de
3203 3846 3400 3913 pietate
3424 3847 3704 3915 benignus,

2291 3927 2484 3982 Factus
2505 3943 2655 3982 amor
2677 3930 2879 3997 populi,
2905 3931 3092 4000 patria:
3112 3940 3284 3999 pater,
3315 3941 3370 3987 et
3398 3934 3559 3988 decus
3585 3935 3738 3990 aulae.

2289 4013 2532 4071 Assiduis
2557 4010 2812 4087 superans
2839 4019 3051 4073 hostilia
3079 4030 3254 4075 castra
3294 4023 3600 4092 triumphis,

2288 4105 2619 4175 Imperioque
2646 4123 2742 4161 suo
2772 4117 2957 4177 gentes
2981 4111 3348 4178 superaddidit
3373 4127 3580 4176 omnes,

2288 4195 2513 4249 Finibus
2541 4204 2698 4273 atque
2727 4197 2917 4267 plagis,
2947 4212 3052 4267 qua
3081 4199 3318 4270 tenditur
3346 4200 3516 4254 insula
3543 4201 3714 4272 longe.

2290 4285 2515 4355 Jamque
2538 4288 2722 4357 jugum
2752 4290 2894 4358 regis
2915 4303 3086 4358 prona
3117 4291 3327 4345 cervice
3356 4292 3609 4348 subibant

2215 4397 2269 4457 ι)
2292 4375 2560 4431 Saxonum
2587 4379 2830 4448 pepulus,
2855 4379 3055 4444 Pictus,
3084 4379 3402 4448 Scotusque,
3429 4380 3740 4457 Britannus.

2293 4467 2498 4522 Interea
2521 4468 2728 4538 placida
2754 4470 2900 4538 regni
2927 4469 3049 4523 dum
3073 4484 3202 4537 pace
3231 4455 3471 4524 tribunal.

2292 4554 2526 4611 Rexerat
2548 4557 2895 4627 armipotens,
2925 4559 3110 4626 sopitis
3139 4559 3370 4629 undique
3394 4561 3568 4627 bellis,
3666 4605 3668 4607 μ

2291 4646 2522 4703 Iustitiae
2545 4648 2733 4702 validis
2756 4649 2979 4717 populos
3003 4649 3250 4704 frenabat
3277 4651 3524 4715 habenis,

2295 4736 2405 4792 Nec
2432 4737 2569 4806 rapit
2590 4753 2738 4791 arma
2767 4737 2935 4805 furor,
2955 4739 3132 4808 legum
3155 4741 3254 4796 sub
3277 4743 3510 4810 pondere
3535 4758 3772 4812 pressus,

2297 4828 2527 4883 Ultrices
2555 4828 2731 4882 timuit
2759 4829 2948 4897 capitis
2974 4831 3098 4897 quia
3123 4831 3348 4901 quisque
3374 4847 3610 4897 secures,

2296 4915 2522 4969 Provida
2556 4915 2610 4967 ni
2626 4923 2746 4969 toto
2771 4926 3007 4970 servaret
3028 4926 3243 4986 pectore
3270 4920 3426 4986 scita,

2299 5005 2426 5071 Quae
2450 5004 2628 5071 posuit
2649 5004 2858 5073 p0pulis
2882 5014 3061 5060 rector
3089 4995 3350 5061 servanda
3376 5008 3629 5064 subactis.

2299 5091 2506 5160 Accipit
2538 5107 2757 5147 uxorem
2785 5093 3005 5147 australi
3032 5094 3098 5148 de
3123 5103 3276 5164 parte
3305 5092 3516 5153 fidelem
3541 5099 3592 5165 tl,

2303 5182 2534 5239 Moribus
2560 5174 2857 5254 egregi-am,
2884 5193 3200 5255 patrumque
3229 5188 3296 5241 ab
3320 5189 3525 5259 origine
3552 5191 3775 5254 claram,

3474 5299 3625 5352 Vers.
3651 5297 3772 5352 152.

2371 5437 2391 5464 c
2429 5426 2649 5508 ’ρραμω
2671 5428 2740 5508 ἑά
2767 5437 2867 5492 est,
2905 5451 3090 5498 unum,
3121 5440 3187 5486 ut'
3225 5432 3278 5486 in
3322 5430 3441 5488 Vita
3475 5433 3645 5490 sancti
3671 5433 3843 5492 Willi-

2298 5495 2502 5564 brordi,
2524 5495 2642 5564 cap.
2671 5495 2724 5548 2.

2370 5562 2414 5638 ά-
2437 5562 2782 5638 Edelliurgqm
2812 5566 3103 5622 Ethelberti
3147 5570 3289 5638 regis
3327 5570 3502 5626 Cantii
3541 5572 3725 5627 ﬁliam.
3755 5572 3843 5626 Al-

2300 5632 2435 5686 ford.
2469 5648 2609 5687 anno
2629 5633 2751 5711 616,
2777 5648 2923 5688 nutu.
2953 5640 2986 5689 9
3010 5645 3064 5689 et
3089 5632 3237 5691 alibi:
3262 5639 3403 5696 Beda
3433 5641 3523 5694 lib.
3560 5659 3619 5707 n,
3649 5658 3695 5697 c.
3723 5641 3777 5698 9.
