4268 6198
603 320 708 384 sta
748 281 755 295 ’

604 442 711 501 Sed
740 441 862 509 pius
888 436 1168 494 Oswaldus
1198 446 1424 489 numero
1452 446 1560 487 non
1598 431 1818 486 territus
1841 429 1971 495 ullo,

602 531 907 600 Alloquitur
948 528 1217 601 propriam
1247 524 1520 581 constanti
1548 532 1769 594 pectore
1799 530 2030 577 turmam
2057 536 2070 572 :

611 641 630 674 ‹
664 623 708 678 0
732 623 926 693 quibus
948 629 1033 677 est
1060 628 1273 688 semper
1291 616 1554 677 bellorum
1579 613 1755 670 vivida
1776 614 1969 677 virtus,

604 713 780 792 Nunc,
802 727 1019 788 precor.
1044 710 1270 767 invictas
1292 707 1487 764 animis
1514 706 1775 764 assumite
1804 705 1968 770 vires,

604 804 984 873 Auxiliumque
1012 800 1106 861 Dei
1133 799 1346 860 Cunctis
1367 797 1715 867 praestantius
1741 794 1907 851 armis

604 902 819 965 Pascite
843 896 1004 956 corde
1040 894 1150 967 pio,
1175 890 1447 962 precibus,
1475 887 1805 951 substernite
1830 891 2041 940 vestros

605 995 798 1050 Vultus
829 1000 954 1048 ante
985 1002 1220 1052 crucem,
1249 999 1413 1055 quam
1438 983 1642 1038 vertice
1662 980 1862 1035 montis
1891 978 1946 1033 in
1974 978 2077 1032 isto

605 1081 994 1149 Erexi,rutilat
1013 1076 1216 1136 Christi
1237 1089 1359 1146 quae
1385 1074 1534 1128 clara
1565 1080 1787 1142 tropzeo,
2090 1068 2095 1073 “

1416 315 1478 367 D.
1520 311 1583 366 Ε.
1626 308 1851 366 ALDlNl
1888 308 2019 364 SEU
2060 302 2338 361 ALCUINI
2377 300 2664 359 OPERUM
2704 303 2884 358 PARS
2921 303 3008 356 Vl.

2209 424 2258 481 Α
2287 418 2424 472 Cum
2450 433 2577 489 rege
2598 427 2653 473 ct
2678 419 2874 490 populo
2898 417 3179 473 Paschalia
3205 417 3339 473 festa
3367 418 3590 490 peregit,

3684 298 3867 354 ’820

2284 504 2438 578 (Ejus
2484 522 2580 561 rex
2626 508 2847 562 monitis
2881 524 3006 562 nam
3035 508 3182 562 omni
3211 509 3435 563 servivit
3460 509 3515 563 in
3545 506 3693 577 actu)

2283 596 2522 655 Plurima
2549 611 2647 666 per
2672 598 2877 667 plateas
2902 599 3119 668 inopum
3148 605 3280 651 tunc
3308 599 3465 651 turba
3485 597 3720 667 jacebat,

2281 688 2327 741 A
2351 700 2479 759 rege
2494 687 2689 758 stipem
2714 689 2958 759 rogitans
2982 688 3219 745 clamore
3249 688 3544 757 frequenti.

2281 776 2592 849 Ingrediens
2617 778 2840 833 recubat
2869 778 2980 848 jam
3003 786 3060 834 et
3088 793 3183 833 rex
3211 778 3369 832 simul
3398 786 3564 848 atque
3592 776 3871 843 sacerdos,

2281 867 2615 938 Argentique
2649 869 2804 939 prius
2827 876 3148 939 pensantem
3177 870 3411 947 plurima
3441 870 3653 925 discum

2281 957 2551 1026 Pondere,
2578 973 2704 1015 cum
2730 959 2957 1029 dapibus
2980 960 3165 1014 statim
3193 959 3393 1015 direxit
3418 961 3603 1031 egenis
3627 976 3644 1025 ;

2283 1047 2433 1103 Vidit
2458 1056 2520 1104 ut
2539 1050 2647 1104 hoc
2663 1048 2881 1133 prtesql,
2908 1049 3155 1105 dextram
3170 1051 3600 1125 comprehcndit,
3623 1060 3679 1106 et
3707 1050 3829 1105 infit
3853 1065 3870 1105 :

605 1133 990 1246 aliIn—bee
1013 1133 1159 1226 nunc
1192 1133 1347 1223 nobis
1380 1133 1669 1243 praestabit-
1697 1133 1782 1217 ab
1800 1162 1956 1216 hoste
1998 1133 2185 1213 trium;-

2117 1133 2185 1212 m;
2280 1136 2616 1210 Incorrupta,
2647 1154 2860 1211 precor,
2885 1148 3103 1195 maneat
3132 1144 3325 1214 manus
3354 1140 3458 1194 ista
3474 1156 3573 1211 per
3591 1155 3765 1195 aevum
3796 1207 3802 1218 η

1852 1252 2061 1324 [phum.
2084 1269 2104 1303 ι

606 1358 763 1413 Tunc
787 1355 989 1413 clamor
1012 1351 1193 1423 populi
1220 1350 1392 1405 fertur
1425 1362 1588 1417 super
1609 1354 1755 1401 astra
1782 1342 2073 1414 precantis.

608 1446 679 1503 Et
711 1461 871 1502 cruce
908 1445 990 1500 sic
1031 1457 1234 1521 coram,
1262 1439 1657 1508 Dominumque
1686 1436 1961 1503 Deumque
1996 1440 2183 1502 poten-

1950 1522 2108 1594 {16111.

606 1626 905 1699 Poplitibus
926 1624 1100 1690 ﬂexis,
1130 1622 1400 1680 exercitus
1419 1618 1597 1676 omnis
1620 1618 1829 1674 adorat.

607 1717 706 1789 His
727 1719 892 1773 etiam
918 1716 1084 1788 gestis
1121 1722 1399 1786 promptus
1424 1711 1692 1783 processit
1720 1710 1776 1763 in
1803 1709 2036 1773 hostem,

606 1809 854 1866 Czedibus
882 1808 1186 1885 irrumpens
1217 1800 1435 1863 hostilia
1462 1810 1643 1857 castra
1672 1800 1932 1854 cruentis.

609 1900 682 1958 Ut
709 1900 795 1956 leo
816 1913 937 1954 cum
966 1898 1159 1955 catulis
1182 1896 1417 1952 crudelis
1444 1893 1605 1949 ovilia
1629 1900 1830 1959 vastat,

608 1992 678 2048 Et
704 2005 869 2063 pecus
897 2004 1056 2045 omne
1095 1988 1241 2044 ferus
1267 1995 1487 2052 mactat,
1532 1985 1846 2054 manditque
1876 1983 2176 2053 trahitque;

607 2083 761 2139 Haud
797 2098 953 2140 secus
991 2082 1272 2138 Oswaldus
1310 2094 1405 2135 rex
1434 2080 1631 2135 stravit
1661 2078 1863 2148 ubique
1888 2077 2181 2147 phalanges

607 2174 924 2229 Barbaricas
946 2172 1121 2226 victor
1144 2171 1397 2241 gradiens
1425 2186 1520 2240 per
1555 2169 1682 2234 tela,
1709 2182 1807 2238 per
1835 2168 2039 2231 hostes,

607 2264 777 2321 Caedit
808 2274 864 2321 et
893 2263 1147 2329 inculcat,
1179 2262 1448 2333 fugientes
1477 2261 1663 2317 atterit
1695 2261 1829 2315 alas.

610 2361 877 2417 Praevenit
900 2359 1132 2417 Oswaldi
1162 2357 1451 2429 sternendo
1476 2355 1751 2421 exercitus
1780 2356 1984 2419 hostes,

610 2450 943 2521 Sanguineos
970 2450 1174 2519 campis
1212 2449 1358 2502 rivos
1388 2455 1513 2515 post
1536 2455 1686 2515 terga
1709 2445 2037 2513 relinquens,

608 2544 789 2597 Donec
816 2542 931 2612 ipse
951 2540 1107 2595 luens
1133 2539 1328 2595 cecidit
1350 2536 1599 2597 Cadwala
1638 2535 1900 2593 nefandus

609 2632 855 2699 l’erfidia:
880 2647 1087 2703 pinnas,
1115 2630 1352 2686 moriens
1376 2630 1428 2684 in
1459 2638 1641 2699 strage
1669 2643 1912 2693 suorum,

608 2709 876 2793 Claraqne
899 2721 1185 2793 magnifico
1213 2722 1380 2776 cessit
1400 2722 1627 2776 victoria
1654 2721 1787 2791 regi.

608 2815 868 2872 Hostibus
893 2806 1335 2883 occisisregnum
1358 2813 1737 2874 sanctissimus
1764 2809 1978 2865 Oswald
2082 2824 2088 2830 ·

609 2907 932 2978 Ingreditur,
959 2906 1121 2961 heros
1149 2914 1387 2960 veterum
1412 2905 1709 2976 condignus
1736 2918 1977 2959 avorum.

610 3004 707 3060 Vir
739 3002 939 3060 virtute
965 3008 1159 3073 potens
1185 2999 1374 3070 patrize
1402 3008 1638 3063 tutator,
1665 3008 1876 3062 amator

610 3097 849 3156 Moribus
875 3095 1123 3169 egregius
1151 3093 1350 3165 Christi
1383 3093 1633 3147 mandata
1660 3100 1899 3155 secutus,

611 3188 947 3259 Pauperibus
974 3187 1174 3258 largus,
1198 3200 1394 3257 parcus
1423 3184 1548 3250 sibi,
1573 3184 1723 3240 dives
1746 3186 1800 3238 in
1836 3198 2042 3245 onmcs,

610 3277 838 3333 Iudiciis
859 3290 1043 3341 verax,
1074 3276 1238 3330 animi
1265 3275 1468 3343 pietate
1490 3275 1778 3343 benignus,

612 3367 773 3441 245
813 3365 1068 3442 Excelsae
1110 3364 1341 3430 meritis,
1382 3364 1682 3420 submissus
1717 3375 1896 3419 mente
1930 3365 2023 3421 sed
2048 3366 2184 3435 ipsa,

612 3458 868 3514 Hostibus
903 3455 1179 3514 horribilis
1207 3455 1418 3511 cunctis
1445 3454 1718 3523 jucundus
1761 3455 1972 3517 amicis,

612 3551 684 3606 Ut
728 3550 869 3607 bello
894 3550 1203 3614 indomitus,
1234 3550 1314 3605 sic
1348 3557 1505 3620 pacta
1534 3550 1589 3604 in
1626 3563 1761 3619 pace
1784 3548 1980 3603 ﬁdelis.

610 3640 838 3695 invaluit
865 3649 1150 3711 postquam
1177 3642 1406 3711 sceptris
1430 3649 1485 3695 et
1506 3641 1742 3696 culmine
1772 3640 1943 3710 regni,

612 3729 855 3785 Exstruit
874 3732 1126 3785 ecclesias
1153 3732 1414 3801 donisque
1438 3740 1665 3789 exornat
1689 3732 1903 3803 epimis,

612 3820 754 3874 Vasa
783 3820 1094 3874 ministeriis
1124 3830 1383 3889 praestans
1407 3823 1649 3890 pretiosa
1676 3824 1903 3877 sacratis

609 3912 868 3989 Argento,
897 3913 1123 3984 gemmis
1150 3927 1273 3967 aras
1301 3913 1517 3985 vestivit
1540 3920 1595 3967 et
1622 3927 1774 3977 auro,

612 4005 798 4061 Serica
824 4004 1117 4075 parietibus
1142 4004 1365 4058 tendens
1386 4003 1652 4068 velamina
1682 4003 1873 4065 sacris,

608 4096 743 4149 Auri
778 4095 1023 4151 blateolis
1052 4095 1273 4165 pulchre
1302 4095 1554 4151 distincta
1585 4094 1823 4158 coronis,

611 4188 917 4257 Sanctaque
954 4188 1228 4257 suspendit
1258 4186 1435 4241 varias
1462 4202 1558 4257 per
1584 4195 1724 4243 tecta
1752 4186 2018 4251 lucernas,

609 4274 765 4330 Esset
789 4284 848 4329 ut
875 4279 928 4330 in
953 4276 1164 4347 templis
1190 4278 1311 4331 caeli
1341 4277 1603 4332 stellantis
1627 4279 1823 4350 imago,

609 4369 1060 4441 Christicolasque
1084 4384 1272 4439 greges
1298 4370 1451 4424 duxit
1472 4369 1695 4424 devotus
1721 4372 1777 4424 in
1804 4371 1942 4435 illas,

610 4460 681 4516 Ut
703 4459 892 4515 fierent
918 4458 1146 4513 Domino
1168 4457 1351 4513 laudes
1378 4457 1495 4512 sine
1522 4457 1626 4512 fine
1656 4467 1963 4513 canentum.

608 4555 653 4610 0
680 4554 872 4624 pictas,
902 4567 935 4606 ο
961 4550 1102 4607 celsa
1129 4550 1261 4605 fides
1285 4552 1296 4603 ε
1329 4549 1464 4605 Nam
1491 4550 1751 4620 quidquid
1784 4549 2034 4611 habebat,

608 4647 869 4716 Prodigus
898 4647 950 4701 in
977 4644 1185 4700 Domini
1212 4659 1467 4715 gazarum
1496 4644 1694 4713 sparsit
1720 4636 1978 4697 honorem
2007 4657 2018 4691 :

527 4734 530 4738 ’
607 4737 944 4808 Quapropter
970 4736 1137 4791 titulis
1171 4737 1432 4791 virtutum
1456 4736 1669 4800 claruit,
1704 4743 1863 4803 atque

609 4828 895 4897 Signornm
916 4827 1115 4885 celebri
1144 4828 1283 4885 fama
1315 4836 1399 4883 est
1435 4828 1683 4897 vulgatus
1711 4827 1930 4895 ubique,

607 4920 736 4990 Quae
761 4918 920 4975 modo
944 4935 1041 4989 per
1060 4920 1316 4976 mundum
1351 4918 1555 4976 chartis
1582 4919 1838 4988 inscripta
1865 4918 2114 4987 leguntur
2148 4936 2151 4937 ν

605 5010 843 5080 Quarum
867 5024 1039 5082 pauca
1066 5010 1195 5065 libet
1216 5010 1384 5080 lyrieo
1408 5025 1547 5069 nunc
1569 5017 1787 5081 tangere
1808 5011 2033 5079 plectro,

610 5106 675 5161 Et
702 5112 883 5176 partes
909 5112 1101 5161 cantus
1123 5102 1331 5160 calamo
1359 5110 1611 5162 currente
1633 5105 1853 5158 referre.

606 5195 870 5276 Tempore
900 5212 1023 5251 nam
1045 5195 1282 5265 quodam
1295 5188 1487 5262 praeéul
1510 5193 2093 5265 sanctissimus[./Edan
2125 5192 2174 5263 ⁸]

678 5308 831 5370 Vers.
872 5312 997 5369 9.91.

680 5506 703 5534 ι
739 5494 953 5577 Elanuns
986 5508 1080 5577 seu
1116 5492 1377 5558 Aidanus,
1426 5492 1491 5548 de
1516 5506 1621 5561 quo
1650 5488 1802 5559 plura
1832 5486 1971 5540 Beda
2002 5486 2038 5539 l.
2079 5484 2170 5539 cit.

607 5579 725 5674 mg.
752 5563 1031 5688 gsfvtisseu
1071 5631 1329 5695 Oswinus,
1386 5648 1663 5689 successor
1715 5629 1966 5686 Oswaldi.
2042 5624 2175 5695 Vide

610 5719 823 5765 carmen
856 5704 1173 5759 antecedens
1202 5706 1267 5759 ad
1297 5694 1942 5759 Lindisfamenses.'Beda
1980 5711 2096 5763 cap.
2116 5694 2170 5746 4.

2282 1226 2435 1293 Quod
2472 1225 2573 1282 fuit
2606 1236 2663 1283 et
2691 1227 2892 1283 factum
2920 1245 2935 1293 ;
2970 1237 3160 1283 sancto
3184 1242 3309 1283 nam
3345 1244 3471 1300 rege
3500 1236 3809 1299 perempto,

2281 1314 2481 1372 Gentili
2509 1317 2689 1387 gladio
2723 1316 3007 1387 praecisam
3036 1333 3067 1371 a
3094 1310 3323 1387 corpore
3351 1318 3601 1373 dextram
3778 1301 3805 1312 ”

2284 1408 2478 1479 Stipite
2506 1408 2842 1477 suspendunt
2866 1426 2879 1462 :
2911 1409 3136 1464 veniens
3164 1424 3263 1464 rex
3297 1409 3443 1463 illius
3471 1409 3649 1463 hzeres

2282 1488 2438 1556 Oswi'
2456 1500 2485 1539 ι)
2511 1514 2800 1571 germanus
2822 1499 3064 1570 germani
3094 1506 3149 1552 et
3186 1498 3465 1569 sanguinis
3486 1498 3649 1563 ultor,

2282 1581 2530 1662 Arripuit
2555 1591 2823 1655 dextram,
2862 1589 3204 1658 Bebbamque
3231 1588 3438 1644 ferebat
3466 1590 3520 1645 in
3552 1590 3760 1654 urbem,

2285 1681 2507 1752 Argenti
2532 1681 2773 1736 condens
2792 1680 2966 1736 loculo
2995 1681 3096 1736 sub
3125 1680 3360 1736 culmine
3384 1681 3589 1750 templi,

2210 1759 2262 1821 Β
2285 1772 2438 1840 Quod
2464 1774 2616 1844 prius
2637 1773 2753 1843 ipse
2784 1773 2894 1828 Deo
2916 1773 3109 1828 statuit
3133 1774 3234 1828 sub
3261 1774 3479 1827 nomine
3499 1773 3664 1827 Petri.

2280 1861 2556 1921 Hactenus
2581 1863 2847 1932 integram
2868 1860 2983 1917 fore
3008 1863 3163 1933 signo
3187 1871 3273 1917 est
3295 1862 3791 1933 ungulacrescens,

2280 1954 2504 2010 Flexilis
2530 1961 2586 2008 et
2611 1969 2830 2021 nervus,
2868 1954 3059 2010 viridis
3089 1969 3240 2020 caro,
3275 1953 3446 2034 forma
3471 1965 3719 2011 venusta.

2280 2044 2446 2115 Cujus
2472 2052 2673 2115 quanta
2702 2044 2835 2100 fides
2867 2043 3045 2100 fuerat
3079 2045 3165 2099 vel
3197 2045 3281 2100 vis
3306 2046 3652 2112 meritorum,

2279 2134 2411 2191 Post
2434 2135 2852 2195 mortem‘nituit
2879 2136 3053 2206 magis
3078 2151 3143 2192 ac
3162 2128 3333 2206 magis
3360 2136 3598 2205 undique
3628 2136 3797 2206 signis

2283 2224 2523 2297 Namque
2549 2227 2641 2281 ubi
2661 2241 2760 2296 pro
2787 2226 2960 2296 patria
2988 2242 3235 2298 pugnans
3262 2241 3293 2280 a
3314 2234 3477 2297 gente
3490 2234 3799 2297 peremptus

2222 2322 2225 2323 '
2281 2316 2494 2387 Pagana
2524 2308 2733 2381 cecidit,
2761 2316 2897 2371 fiunt
2922 2316 2989 2371 de
3012 2313 3233 2387 pulvere
3261 2314 3429 2369 multa

2280 2409 2445 2478 Signa
2465 2407 2743 2463 salutifero
2766 2419 2814 2461 ο.
2844 2407 3072 2473 Quidam
3094 2406 3220 2461 dum
3248 2404 3387 2462 forte
3413 2406 3589 2463 viator

2281 2501 2405 2570 Egit
2430 2499 2533 2554 iter
2554 2500 2709 2570 juxta
2738 2499 2914 2553 fuerat
2938 2514 3045 2568 qua
3074 2513 3311 2554 seamma
3335 2497 3359 2537 τ’
3386 2500 3570 2561 duelli.

2289 2590 2456 2662 Cujus
2483 2606 2654 2661 equus
2683 2591 2862 2648 subito
2894 2592 3022 2647 totis
3052 2592 3348 2645 lassescere
3378 2592 3636 2647 membris

2283 2678 2534 2750 Coeperat
2564 2687 2617 2734 et
2639 2678 2890 2734 frendens
2912 2694 3007 2733 ore
3035 2693 3287 2748 spumare
3307 2685 3556 2743 cruento,

2286 2769 2467 2841 Atque
2493 2786 2656 2826 ruens
2681 2785 2873 2841 campo
2899 2770 3039 2825 volvi
3065 2770 3362 2825 moriturus
3390 2770 3443 2824 in
3472 2770 3584 2834 illo,

2282 2860 2450 2931 Inque
2477 2862 2653 2917 locum
2675 2876 2897 2919 versans
2919 2863 3086 2926 venit,
3112 2878 3217 2931 qua
3242 2878 3338 2917 rex
3376 2862 3497 2932 pius
3525 2861 3737 2917 Oswald

2286 2952 2551 3008 Occubuit
2574 2953 2865 3022 quondam,
2900 2963 3027 3006 tunc
3053 2953 3233 3007 statim
3259 2948 3485 3022 corpore
3520 2967 3651 3008 sano

2286 3041 2593 3111 Exsurgens
2616 3041 2772 3095 avide
2800 3042 3054 3110 carpebat
3076 3049 3290 3095 amoena
3328 3044 3523 3096 vireta.

2294 3118 2571 3187 lntellexit'
2588 3146 2755 3201 eques
2776 3127 3065 3200 quidquam
3104 3132 3448 3201 praestantius
3479 3128 3596 3184 illo‘

2288 3224 2422 3279 Esse
2442 3223 2582 3289 loco,
2612 3222 2828 3277 titulum
2857 3236 3061 3292 ponens
3087 3221 3368 3291 equitabat
3396 3222 3464 3276 ab
3490 3222 3613 3275 inde

2290 3315 2593 3386 Hospitium
2619 3314 2844 3369 veniens
2880 3330 2987 3383 quo
3020 3314 3305 3378 tenderat;
3337 3329 3463 3369 ecce
3484 3314 3665 3385 puella

2290 3404 2492 3459 Tabida
2529 3404 2798 3475 paralysis
2836 3404 3012 3475 gelido
3044 3404 3300 3474 languore
3324 3405 3561 3475 jacebat,

2288 3490 2488 3545 Ultima
2512 3493 2896 3562 congeminans
2923 3495 3133 3547 misera:
3155 3495 3387 3564 suspiria
3418 3496 3542 3549 vita:
3565 3512 3580 3559 ;

2288 3580 2530 3650 Cumque
2549 3581 2739 3636 domus
2765 3584 2968 3651 neptim
2992 3584 3165 3652 patris
3196 3585 3411 3637 turbata
3442 3584 3712 3652 gemebat,

2290 3668 2538 3741 Suggerit
2559 3670 2755 3740 hospes
2777 3684 2896 3724 eam
2922 3671 3044 3725 duci
3070 3685 3176 3738 quo
3207 3670 3346 3725 forte
3369 3670 3610 3725 caballus

2252 3743 2255 3746 i
2288 3760 2523 3815 Sanatus
2551 3759 2761 3825 fuerat;
2791 3774 3054 3829 carroque
3077 3760 3306 3830 imposta
3323 3760 3511 3831 puella

2286 3850 2527 3915 Ducitur,
2552 3858 2610 3903 ut
2640 3850 2821 3919 jussit,
2856 3858 3165 3904 monstrans
3186 3848 3302 3904 loca
3327 3857 3514 3905 sancta
3536 3850 3730 3915 viator,

2285 3941 2354 3994 Et
2383 3942 2487 3996 sita
2521 3956 2715 4010 corpus
2746 3942 2893 3997 humi
2925 3942 3144 4012 paulum
3181 3942 3438 3998 dormivit
3466 3943 3686 4008 ibidem,

2286 4036 2662 4104 Evigilansque
2688 4050 2841 4089 suam
2862 4037 3132 4103 persensit
3160 4037 3352 4091 adesse
3379 4036 3629 4091 salutem.

2286 4127 2411 4181 Inde
2444 4126 2634 4196 petivit
2664 4140 2882 4194 aquam,
2913 4124 3104 4180 faciem
3140 4124 3242 4181 sibi
3279 4125 3427 4194 lavit,
3456 4137 3511 4182 et
3541 4128 3687 4199 ipsos

2284 4217 2599 4289 Composuit
2624 4219 2821 4282 crines,
2852 4226 3013 4289 caput
3039 4225 3095 4273 et
3122 4218 3387 4273 velamine
3423 4220 3575 4287 texit,

2283 4312 2650 4379 Ductoresque
2675 4325 2801 4364 suos
2838 4309 3035 4364 alacris
3062 4299 3261 4373 deinde,
3281 4318 3466 4365 secuta
3493 4316 3597 4363 est.

2288 4415 2311 4441 θ
2338 4402 2490 4455 Alter
2528 4401 2633 4454 iter
2662 4400 2867 4453 faciens
2893 4398 3133 4468 praefata:
3153 4412 3250 4466 per
3271 4397 3388 4451 loca
3410 4410 3622 4467 pugnae,

2280 4493 2418 4546 Ecce
2444 4490 2545 4544 loci
2568 4488 2798 4556 spatium
2822 4502 3009 4556 campo
3041 4485 3331 4554 jucundius
3358 4485 3505 4539 omni

2281 4582 2453 4639 Unius
2486 4579 2740 4648 inspexit,
2772 4578 3035 4646 viridique
3074 4576 3570 4632 venustius‘herba.

2280 4672 2406 4726 llam
2421 4677 2631 4740 reputat
2657 4684 2841 4725 secum
2866 4687 2877 4721 :
2903 4668 3099 4724 cecidit
3123 4669 3209 4723 vir
3233 4668 3473 4724 sanctior
3497 4667 3642 4732 istic,

2279 4764 2525 4819 Arbitror
2551 4765 2753 4820 idcirco
2776 4761 2997 4835 prodest
3024 4762 3139 4818 haec
3169 4771 3312 4818 terra
3353 4762 3534 4818 saluti.

2277 4856 2451 4926 Atque
2472 4855 2643 4926 ligans
2668 4866 2856 4927 panno
2877 4851 3081 4907 tulerat
3110 4854 3175 4909 de
3203 4853 3423 4922 pulvere
3450 4868 3658 4919 secum,

2278 4949 2437 5003 Venit
2453 4957 2509 5003 et
2529 4948 2595 5002 ad
2632 4946 2919 5017 quamdam
2958 4944 3255 4999 lassescens
3281 4959 3504 5014 vespere
3519 4944 3716 5007 villam?

2276 5036 2433 5091 Plebs
2452 5036 2667 5107 epulare
2692 5052 2704 5100 ;
2730 5048 2913 5089 casam
2952 5033 3089 5104 villae
3135 5041 3265 5088 tunc
3302 5034 3451 5088 venit
3479 5035 3533 5088 in
3557 5048 3744 5096 unam,
3834 5050 3835 5053 ‘

2277 5128 2391 5195 Qua
2412 5143 2622 5199 quoque
2652 5132 2931 5195 susceptus
2951 5125 3173 5180 veniens
3198 5126 3495 5179 intraverat
3519 5124 3737 5193 hospes,

2275 5220 2516 5275 Pulveris
2553 5235 2617 5275 ac
2648 5231 2884 5287 pannum
2914 5223 3068 5284 posta
3098 5216 3378 5285 suspendit
3409 5215 3463 5268 in
3489 5214 3616 5267 alta.

3456 5342 3611 5401 Vers.
3650 5345 3778 5404 545.
3799 5398 3807 5406 .

2346 5500 2369 5527 ε
2411 5488 2552 5543 Beda
2600 5500 2718 5553 cap.
2768 5485 2819 5538 9.
3578 5506 3581 5507 ν

2344 5558 2368 5596 δ
2402 5550 2681 5625 Samium.—
2707 5553 2892 5625 Graxee
2914 5554 3148 5625 ᾳκοζᾳμα,
3194 5567 3361 5625 arena
3383 5553 3472 5609 ubi
3527 5552 3744 5625 athleta
3769 5550 3844 5607 lu-

2276 5636 2506 5681 ctantur.
2537 5616 2793 5679 isltoavs.
2834 5623 2952 5679 Vid.
2986 5616 3158 5680 Gloss.
3182 5622 3388 5694 Cangii,
3414 5625 3514 5680 sub
3534 5624 3637 5678 hac
3658 5635 3809 5679 voce.
3846 5696 3849 5699 _

2350 5709 2371 5735 ι’
2402 5697 2542 5750 Beda
2564 5712 2680 5765 cap.
2712 5695 2793 5748 l0.
2843 5709 2853 5716 '
3541 5760 3549 5765 I
