4268 6232
474 284 572 341 821
1219 286 1548 343 CARMINA.
1688 285 1779 341 DE
1815 284 2087 342 PONTIF.
2129 286 2219 340 ET
2266 285 2367 341 SS.
2408 285 2603 343 ECCL.
2646 282 2942 341 EBORAC.
2980 352 2983 355 ν
3279 350 3283 353 τ
3621 283 3690 342 82

2069 406 2116 461 Α
2149 399 2345 453 Vexari
2371 396 2599 463 solitus:
2629 397 2979 462 clamoribus,
3005 411 3134 452 ecce
3168 407 3390 468 repente

471 399 708 471 Contigit
733 404 796 454 ut
816 399 1001 462 subito
1025 398 1256 457 flammis
1280 398 1819 460 volitantibusaltum

468 491 612 562 lgnis
638 490 774 546 edax
800 489 1011 546 culmen
1051 498 1281 560 raperet,
1309 505 1409 546 nec
1436 490 1644 545 viribus
1667 489 1791 543 ullis

469 581 758 653 Exstingui
783 581 978 648 valuit,
1003 581 1175 637 donec
1209 582 1459 659 incendia
1494 589 1665 637 totam

3690 285 3728 341 2

2156 488 2408 559 Coeperat
2434 478 2719 544 horrendis
2746 488 3000 557 frendens
3036 488 3154 543 luca
3184 489 3294 543 lata
3326 490 3556 559 replere,

2156 580 2420 647 Mor-sibus
2446 588 2499 635 et
2528 579 2714 634 furens
2743 587 2916 635 semet
2943 579 3183 635 lacerare
3211 577 3480 637 nefandis.

469 670 867 741 Consumpsere
899 673 1140 739 domum,
1174 673 1403 729 nimium
1427 686 1519 729 res
1542 672 1683 729 mira
1712 670 1804 728 sed
1833 678 1952 727 acta
1967 679 2052 727 est
2152 670 2221 725 Et
2239 686 2364 726 cum
2388 669 2564 726 nullus
2590 682 2715 725 eum
2735 671 2914 741 potuit
2948 672 3325 743 constringere
3349 672 3559 738 vinclis,

469 760 697 817 Pulvere
715 769 986 825 sacratam
1006 771 1217 832 postam
1243 764 1402 820 timet
1418 764 1618 833 igneus
1647 763 1809 818 ardor

471 850 740 923 Tangere,
776 850 872 911 sed
897 851 1114 921 penitus
1139 849 1372 908 ﬂammis
1397 838 1600 907 intacta
1627 854 1905 908 remansit.

472 940 590 1008 Qua
631 940 830 997 virtute
852 941 1070 1011 quidem
1094 941 1210 998 visa
1235 949 1425 1012 stupor
1452 942 1702 998 omnibus
1732 942 1919 1014 ingens

468 1034 719 1090 Incubuit
750 1037 1118 1109 statim,tunc
1144 1051 1467 1108 cognovere,
1504 1034 1649 1108 quod
1675 1036 1766 1091 ille

469 1122 653 1179 Pulvis
677 1132 797 1180 erat
823 1140 982 1182 sacro
1009 1126 1154 1198 regis
1184 1142 1308 1183 cum
1339 1128 1606 1199 sanguine
1632 1127 1836 1182 mixtus
1913 1127 1916 1129 λ

469 1212 728 1279 Oswaldi,
759 1206 1150 1272 multis‘fuerat
1177 1217 1271 1287 qui
1292 1233 1457 1274 causa
1478 1217 1690 1274 salutis.

470 1314 497 1344 ι
528 1302 736 1358 Claruit
760 1303 848 1359 his
873 1304 1041 1375 signis
1063 1298 1351 1376 postrme
1376 1305 1528 1361 locus
1550 1306 1653 1367 iste
1672 1305 1932 1375 peractis,

469 1393 730 1451 Eeelesiis
757 1394 958 1452 Christi
979 1388 1217 1465 jucunda
1251 1405 1308 1452 et
1334 1397 1545 1453 reddita
1570 1412 1725 1470 pace,

469 1484 636 1557 Regis
650 1485 897 1543 Edelredi
924 1486 1110 1559 regina
1130 1484 1408 1546 Osthfrida
1428 1487 1623 1555 fidelis,

468 1578 599 1648 Quae
625 1579 725 1635 fuit
744 1580 981 1638 Oswaldi
1013 1583 1188 1639 sancti
1209 1580 1326 1652 jam
1350 1581 1459 1639 filia
1480 1582 1693 1650 fratris,

372 1694 381 1702 -
466 1655 892 1728 Curavitsancti
915 1670 1089 1727 sacris
1118 1671 1377 1729 inducere
1411 1673 1569 1729 tectis

465 1760 761 1832 Relliquias
782 1761 983 1833 patrui,
1007 1762 1274 1835 dignoque
1296 1765 1592 1821 recondere
1608 1755 1833 1823 honore.

465 1851 692 1909 Ossibus
721 1852 923 1920 allatis,
951 1854 1158 1925 stupuit
1184 1855 1443 1912 miracula
1456 1855 1565 1912 late
1844 1851 1849 1857 ’

464 1941 660 1999 Accola
686 1943 972 2012 Lindissae,
1004 1959 1236 2002 cernens
1263 1962 1428 2018 super
1454 1947 1546 2004 illa
1578 1949 1885 2005 columnam

465 2033 604 2092 Ossa
627 2030 732 2090 viri
762 2036 938 2091 sancti
976 2035 1168 2091 lumini
1193 2037 1262 2094 ad
1290 2036 1508 2111 fastigia
1532 2038 1668 2095 eoali

465 2126 711 2187 Luminis
731 2127 951 2183 aetherei
974 2134 1087 2184 tota
1103 2126 1404 2200 fulgescere
1424 2138 1601 2187 nocte.

464 2216 638 2288 Major
666 2218 939 2289 relliquias
964 2233 1100 2290 quas
1126 2226 1258 2297 tunc
1276 2219 1446 2275 aulaea
1473 2222 1691 2292 tegebat
1712 2238 1729 2284 ς

469 2307 605 2364 Nam
632 2308 831 2380 priscis
860 2310 1000 2366 odiis
1022 2324 1303 2367 assumere
1330 2310 1583 2382 primitus
1616 2326 1740 2368 ossa

464 2403 631 2477 Inque
657 2405 1048 2461 monasterium
1070 2405 1200 2462 saevi
1229 2405 1442 2462 deferre
1467 2414 1751 2479 negantes,

397 2553 400 2556 ,
467 2495 637 2554 Nocte
663 2511 884 2553 manere
915 2495 1064 2553 foras
1090 2497 1182 2552 illa
1205 2497 1382 2554 fecere
1403 2498 1590 2559 coloni
1610 2515 1626 2565 ;

466 2588 576 2644 Sed
602 2588 730 2645 dum
756 2588 926 2645 divini
947 2587 1202 2645 viderunt
1227 2586 1446 2643 luminis
1476 2587 1677 2660 ignem;

463 2676 595 2748 Quae
617 2680 769 2751 prius
795 2681 1121 2747 abnuerant,
1156 2694 1343 2736 secum
1371 2680 1611 2736 retinere
1642 2678 1918 2753 rogabant
1943 2694 1960 2746 ;

464 2770 731 2841 Maneque
754 2771 1099 2843 sarcophago
1126 2770 1423 2826 condentes
1451 2769 1564 2825 lota
1592 2778 1804 2839 parato,

464 2862 722 2919 Ecclesiae
750 2860 989 2918 tulerant
1009 2876 1207 2934 magno
1234 2860 1335 2917 sub
1369 2859 1586 2916 culmen
1610 2861 1840 2926 honore,

465 2955 631 3038 248
645 2957 870 3014 Divitias
897 2956 1058 3013 terris
1070 2965 1325 3013 curantes
1346 2955 1773 3037 condereqvivas.

464 3047 525 3103 ln
550 3063 658 3119 quo
679 3050 849 3105 multa
875 3050 999 3106 loco
1024 3050 1163 3105 fiunt
1191 3065 1338 3105 nunc
1366 3063 1538 3118 usque
1562 3049 1781 3119 patroni

468 3137 549 3195 0b
571 3141 826 3196 meritum
852 3142 989 3197 tanti
1011 3140 1067 3196 in
1090 3140 1411 3213 languentes
1446 3139 1587 3195 dona
1612 3137 1826 3204 salutis,

470 3229 686 3290 Sanctae
718 3235 765 3290 si
794 3232 920 3290 fidei
949 3233 1121 3290 virtus
1143 3234 1435 3289 comitatur
1464 3233 1706 3290 eosdem.

470 3323 518 3382 E
550 3323 745 3393 quibus
768 3324 874 3380 hoc
911 3340 1080 3380 unum
1113 3324 1426 3396 properanti
1459 3321 1909 3394 tangere‘plectro

468 3417 698 3483 Sufﬁcit,
725 3424 788 3471 ut
812 3413 1006 3470 credas
1032 3400 1259 3469 devotus
1288 3410 1510 3476 caetera,
1542 3411 1747 3476 lector;

469 3509 498 3549 ιι
521 3508 695 3564 Febre
720 3519 856 3578 puer
879 3504 1100 3576 quidam
1116 3503 1288 3573 jacuit
1314 3518 1409 3574 per
1439 3512 1679 3573 tempora
1696 3503 1876 3575 longa,

469 3598 729 3656 Coanobio
758 3597 1021 3667 languens
1049 3596 1211 3650 citius
1248 3594 1547 3659 moriturus
1574 3594 1628 3649 in
1654 3593 1766 3649 illo.

470 3690 612 3746 Ecce
634 3686 723 3742 die
748 3685 986 3756 quadam
1020 3684 1188 3740 miser
1220 3684 1287 3740 ad
1316 3685 1434 3739 loca
1473 3692 1661 3739 sancta
1690 3683 1922 3754 sepulcri

471 3779 720 3844 Ducitur,
753 3774 990 3833 Oswaldi
1028 3774 1241 3831 meritis
1269 3790 1336 3830 ne
1365 3784 1612 3847 tangeret
1648 3775 1796 3855 illum

468 3864 659 3921 Febris
680 3864 900 3927 acerba,
926 3861 1061 3917 fides
1076 3876 1202 3916 nam
1214 3862 1460 3931 prtecipit
1481 3874 1641 3915 omne
1664 3860 1808 3927 quod
1830 3867 1980 3914 orat:

469 3953 712 4010 Credidit
734 3960 794 4005 ut
821 3950 1078 4020 languens
1102 3950 1170 4004 ad
1198 3964 1294 4004 sua
1330 3957 1472 4005 tecta
1497 3948 1738 4004 cucurrit

469 4043 708 4112 Corpore
744 4046 935 4096 sanato
968 4054 1271 4110 properans
1299 4046 1602 4110 ct'pectore
1627 4039 1773 4107 laeto,

362 4200 371 4209 κ
468 4132 713 4188 Morbida
741 4146 845 4188 nec
869 4131 1035 4188 audet
1057 4129 1179 4201 plus
1203 4130 1354 4186 illum
1386 4138 1608 4203 tangere
1636 4130 1823 4188 febris.

468 4224 666 4282 Postea
702 4237 801 4278 rex
828 4221 960 4277 felix
992 4229 1287 4276 ornaverat
1315 4220 1431 4277 Oll'a
1471 4221 1778 4291 sepulcrum
1833 4293 1839 4299 _

470 4319 734 4391 Argento,
763 4312 1014 4387 gemmis,
1044 4325 1201 4376 auro,
1229 4309 1507 4381 multoque
1528 4309 1750 4373 decore,

473 4404 549 4462 Ut
575 4404 744 4459 decus
768 4409 825 4458 ct
852 4397 1128 4470 specimen
1157 4394 1356 4450 tumbae
1383 4410 1482 4465 per
1507 4393 1666 4450 saecla
1694 4402 1959 4457 maneret,

468 4493 702 4550 Praemia
724 4505 828 4563 pro
854 4490 1070 4546 modico
1096 4494 1410 4559 sumpturus
1431 4501 1626 4558 magna
1650 4484 1855 4542 labore.

467 4585 580 4642 Nec
608 4596 717 4638 non
737 4589 887 4636 terra
912 4578 1083 4634 micat
1105 4576 1419 4634 coelestibus
1440 4572 1640 4647 inclyta
1669 4576 1860 4648 signis,

470 4674 747 4748 Corporis,
776 4679 839 4727 ut
883 4670 1019 4737 dixi,
1049 4660 1171 4748 quae
1190 4668 1367 4725 sancti
1392 4668 1503 4727 lota
1535 4668 1757 4724 lavacro
1782 4677 1885 4735 est,

470 4765 719 4839 Sumpsit
736 4770 793 4821 et
814 4759 1070 4819 elfectum
1084 4755 1338 4828 lvincendi
1357 4753 1465 4812 tela
1487 4755 1710 4827 maligni

465 4856 744 4915 Damonis
769 4862 827 4912 et
846 4868 1011 4911 sanos
1034 4850 1246 4908 vexatis
1273 4847 1498 4913 reddere
1518 4861 1732 4903 sensus.

406 4952 411 4957 ‘
471 4961 493 4990 ι
525 4948 811 5004 Abbatissa
839 4945 1059 5017 quidem
1077 4942 1326 5014 quaedam
1351 4939 1470 4996 loca
1494 4945 1683 4995 sancta
1710 4936 1893 4994 videre

470 5038 724 5104 Advenit,
749 5050 872 5092 sese
894 5041 953 5091 et
978 5034 1192 5091 meritis
1215 5031 1560 5101 committere
1585 5028 1783 5085 sancti.
1937 5086 1941 5090 ,

469 5132 697 5205 Jamque
719 5129 939 5186 domum
965 5127 1182 5183 rediens
1209 5126 1408 5183 tulerat
1433 5125 1500 5181 de
1526 5123 1746 5197 pulvere
1777 5130 1935 5178 terra

469 5223 682 5283 Ablutis
704 5235 920 5289 sacram
945 5234 1065 5290 quae
1091 5232 1161 5273 ex
1184 5218 1401 5273 ossibus
1429 5216 1687 5271 hauserat
1721 5214 1919 5270 undam
1947 5232 1960 5281 ;

471 5320 740 5393 Tempore
761 5323 1040 5374 transacto
1069 5311 1323 5369 veniebat
1346 5312 1545 5385 hospes
1573 5312 1642 5367 ad
1670 5310 1837 5379 illam,

473 5409 729 5467 Dzemone
751 5409 844 5481 qui
873 5406 1052 5463 fuerat
1070 5402 1353 5460 nocturnis
1384 5403 1581 5483 saepius
1604 5400 1752 5466 horis

422 5533 440 5545 -
540 5499 697 5557 Vers.
735 5498 862 5556 401.

542 5624 569 5653 ει
594 5613 882 5679 Bedacap.
926 5611 1011 5665 ll.

546 5682 574 5723 ιο
602 5683 743 5740 Beda
769 5694 889 5750 cap.
921 5681 1007 5733 12.

550 5764 572 5793 ⁶
602 5753 745 5810 Beda
769 5766 886 5822 cap.
912 5750 998 5805 ll.

2154 762 2249 818 Vel
2272 761 2456 817 miseri
2486 775 2661 817 szevos
2686 758 2875 832 flagris
2901 776 3249 833 compescere
3278 772 3479 829 motus,

2154 852 2279 909 llaec
2306 851 2590 908 abbatissae
2618 853 2835 923 quidam
2866 850 3094 908 narrare
3119 855 3381 909 cucurrit.

2152 942 2245 996 illa
2277 942 2468 999 videns
2494 943 2726 1001 miseros
2748 950 2947 1009 metus,
2973 958 3244 1015 vocesque
3269 943 3519 1010 furentis,

2152 1032 2395 1090 Iusserat
2420 1033 2602 1090 afferri
2630 1049 2789 1091 sacro
2812 1049 2934 1091 cum
2963 1033 3183 1106 pulvere
3210 1049 3450 1107 capsum.
3562 1100 3574 1113 _

2153 1125 2220 1179 Et
2247 1141 2371 1180 cum
2397 1126 2551 1198 virgo
2577 1125 2758 1182 ferens
2783 1126 3053 1192 veniebat,
3083 1135 3139 1182 et
3162 1128 3302 1199 atria
3335 1129 3464 1183 tecti
3520 1160 3523 1161 ν
3550 1165 3560 1173 ι

2093 1228 2101 1233 ·
2152 1215 2400 1281 intraret,
2432 1215 2612 1271 subito
2640 1216 2811 1270 tacuit
2831 1215 3090 1283 furiosus,
3111 1225 3167 1272 et
3195 1232 3384 1293 omnes

2151 1306 2463 1376 Composuit
2482 1313 2679 1373 motus,
2704 1321 2898 1373 somno
2924 1307 3080 1377 quasi
3107 1309 3350 1363 membra
3379 1308 3631 1365 dedisset.
3692 1346 3698 1351 .

2153 1395 2393 1468 Quisque
2426 1397 2505 1452 rei
2538 1404 2782 1452 astantes
2806 1398 3127 1469 spectabant
3151 1398 3328 1455 exitus
3355 1408 3520 1454 esset.

2120 1534 2129 1545 .
2153 1485 2284 1542 Post
2305 1486 2453 1557 horae
2491 1487 2728 1558 spatium
2758 1495 3005 1554 vexatus,
3031 1497 3087 1544 et
3112 1488 3228 1558 ipse
3250 1488 3468 1553 resedit,

2155 1575 2447 1654 Suspirans
2473 1578 2737 1649 graviter,
2766 1592 2933 1634 sanus
2957 1586 3072 1635 tum
3098 1580 3368 1643 sensibus,
3395 1580 3590 1649 inquit,

2155 1668 2440 1735 Redditus,
2467 1675 2524 1724 et
2545 1683 2750 1741 vaguas
2778 1668 2915 1745 fugit
2932 1686 3102 1744 vagus
3136 1671 3309 1727 hostis
3334 1670 3389 1726 in
3416 1662 3593 1727 aurds.

2076 1776 2126 1836 Β
2154 1746 2421 1815 Mirantur
2437 1761 2620 1818 cuncti
2642 1760 2875 1839 stnpidis
2904 1761 3032 1817 hinc
3057 1762 3183 1818 inde
3213 1762 3462 1833 loquelis,

2157 1847 2486 1906 Incolumem
2497 1850 2676 1907 subito
2693 1859 2981 1908 cernentes
3004 1868 3233 1923 corpore
3260 1861 3394 1919 toto,

2158 1940 2386 1999 Ossibus
2403 1949 2462 1999 et
2487 1943 2693 2019 nervis,
2720 1958 2824 2001 nec
2844 1959 2952 2001 non
2973 1952 3029 2002 et
3052 1955 3235 2002 mente
3258 1946 3529 2019 vigentem
3555 1963 3570 2011 ;

2158 2031 2446 2103 lnquirunt
2468 2015 2663 2091 subita;
2691 2049 2914 2101 causam
2944 2037 3193 2093 mirando
3226 2015 3439 2103 salutis,

2158 2120 2263 2189 Qui
2292 2124 2573 2194 respondit
2602 2139 2807 2182 ovans:
2838 2143 2857 2177 σ
2886 2124 2959 2182 Ut
2986 2127 3135 2182 venit
3162 2127 3316 2198 virgo
3353 2126 3602 2182 locellum

2158 2213 2409 2282 Portans,
2440 2224 2496 2272 et
2520 2217 2749 2287 pedibus
2787 2217 2964 2290 tetigit
2989 2218 3107 2274 haec
3129 2221 3288 2285 atria,
3317 2220 3502 2275 statim

2161 2305 2472 2369 Discessere
2501 2308 2706 2377 procul,
2744 2310 2838 2381 qui
2871 2324 2961 2365 me
2995 2316 3250 2385 torquere
3284 2310 3531 2366 solebant

2160 2389 2462 2463 Dmmohes,
2490 2406 2550 2453 ut
2571 2398 2786 2469 fugiunt
2812 2400 3063 2455 veniente
3094 2398 3224 2464 luce,
3250 2400 3507 2455 tenebrae.
3543 2419 3561 2450 ι

2159 2485 2259 2541 Cui
2284 2490 2551 2558 portanda
2575 2489 2702 2546 data
2730 2498 2814 2546 est
2840 2505 3027 2547 secum
3050 2504 3180 2561 pars
3200 2488 3439 2561 pulveris
3464 2489 3591 2544 almi
3617 2508 3630 2556 ;

2160 2575 2239 2631 Ac
2260 2586 2382 2648 post
2413 2580 2536 2635 talis
2559 2581 2610 2636 ei
2635 2580 2815 2637 fuerat
2843 2581 3064 2637 vexatio
3095 2596 3392 2651 nunquam.

2160 2669 2187 2710 ιι
2213 2671 2290 2727 Te
2317 2687 2533 2744 quoque
2549 2682 2757 2741 sancta,
2783 2681 2975 2746 potens
2999 2672 3309 2738 virtutibus,
3339 2673 3538 2743 inclyta
3563 2674 3746 2730 multis

2160 2764 2306 2820 Crux
2335 2765 2639 2823 veneranda
2661 2782 2877 2833 canam,
2909 2778 3178 2836 nequeam
3205 2765 3251 2821 si
3270 2779 3528 2837 promere
3555 2765 3746 2836 dignus

2160 2854 2342 2910 Laude
2379 2865 2470 2912 tua
2498 2854 2708 2932 versus.
2742 2857 3028 2927 Reparasti
3057 2856 3268 2928 perdita
3297 2856 3531 2927 pridem,

2160 2943 2314 3000 Nunc
2330 2945 2528 3007 iterum
2557 2955 2738 3019 perte
2764 2947 2909 3004 cedit
2936 2948 3163 3004 victoria
3187 2948 3302 3019 regi

2160 3035 2432 3101 Oswaldo,
2467 3042 2543 3100 ut
2558 3039 2832 3110 quondam
2859 3047 3047 3113 paucae
3074 3039 3328 3096 cecinere
3363 3052 3620 3094 camenae.

2066 3134 2116 3197 ο
2148 3127 2283 3184 Exin
2301 3127 2545 3186 mirificis
2561 3130 2712 3187 fulsit
2734 3140 2825 3187 tua
2847 3131 3015 3203 gloria
3043 3132 3247 3205 signis;

2159 3221 2243 3276 Ad
2272 3229 2326 3277 te
2350 3229 2464 3277 tota
2488 3222 2594 3277 fide
2614 3222 2823 3303 famosa
2851 3222 3135 3280 Britannia
3155 3226 3350 3292 currit,

2159 3311 2536 3388 Quaererepro
2557 3313 2726 3369 variis
2750 3314 2968 3370 sibimet
3002 3317 3361 3383 medicamina
3392 3318 3618 3373 morbis.

2162 3403 2226 3457 Et
2258 3418 2355 3474 spe
2382 3403 2450 3459 ad
2476 3411 2531 3459 te
2551 3404 2715 3460 etiam
2738 3405 3047 3461 venientem
3068 3405 3262 3463 fallere
3286 3408 3467 3463 nescis
3491 3425 3505 3473 ;

2160 3492 2404 3565 Namque
2431 3495 2621 3551 salutis
2638 3511 2771 3565 opes
2804 3490 3097 3552 redeuntes
3124 3513 3265 3568 saepe
3293 3488 3590 3567 reportant.

2086 3589 2092 3596 “
2160 3584 2278 3647 Non
2311 3600 2412 3657 ego
2431 3582 2666 3640 ruricula
2693 3600 2912 3655 possum
2933 3599 3254 3655 percurrere
3290 3585 3495 3656 plectro

2160 3676 2372 3742 Omnia,
2404 3674 2681 3735 multoties
2707 3691 2827 3746 qua:
2855 3691 2953 3746 per
2988 3686 3044 3731 te
3071 3678 3222 3749 signa
3245 3686 3524 3749 geruntur,

2066 3756 2069 3759 ’
2158 3768 2227 3824 Et
2249 3782 2445 3839 pecora
2469 3777 2633 3839 atque
2662 3768 2931 3836 homines,
2984 3769 3148 3824 etiam
3171 3769 3518 3842 iuvenesque
3561 3785 3744 3825 senes-

3500 3860 3660 3933 [quc;

2126 3958 2131 3964 '
2159 3952 2403 4023 Denique
2428 3953 2666 4024 praeisse
2696 3920 2765 4026 de
2794 3962 2845 4008 te
2872 3953 3142 4008 ducuntur
3171 3953 3370 4023 ubique

2070 4112 2071 4115 η
2159 4044 2464 4111 Particulre,
2490 4060 2590 4115 per
2616 4058 2753 4114 quas
2773 4044 2908 4099 fiunt
2934 4045 3023 4114 pia
3051 4046 3189 4100 dona
3226 4044 3435 4100 salutis.

2160 4133 2371 4190 Sufficit
2396 4148 2427 4189 e
2453 4133 2666 4189 cunctis
2694 4135 2798 4189 hoc
2821 4132 2995 4188 solum
3021 4133 3204 4189 dicere
3230 4133 3485 4205 signum:

2156 4224 2352 4281 Frater
2379 4231 2499 4281 erat
2529 4226 2749 4296 quidam
2779 4239 2908 4280 casu
2938 4224 3247 4301 confractus
3269 4225 3485 4289 acerbo,
3558 4264 3591 4291 με

2157 4314 2486 4386 lnfractique
2505 4315 2695 4371 dolens
2717 4315 2935 4386 penitus
2970 4316 3138 4386 gemit
3162 4331 3288 4373 ossa
3308 4314 3532 4372 lacerti.

2160 4404 2404 4477 Cumque
2431 4405 2585 4463 dolor
2610 4407 2812 4464 nimius
2832 4416 3178 4464 succreverat
3202 4417 3258 4466 et
3277 4415 3457 4464 tumor
3479 4407 3676 4463 ardens

2084 4494 2134 4554 D
2158 4498 2402 4555 Pectoris
2426 4499 2720 4568 ingeminat
2748 4498 3051 4569 lacrymans
3088 4498 3321 4569 suspiria
3349 4497 3496 4563 fessi,

2159 4587 2237 4645 De
2248 4603 2408 4646 cruce
2432 4591 2519 4645 cui
2542 4589 2761 4660 quidam
2783 4597 2995 4644 veteres
3016 4587 3132 4656 jam
3158 4601 3384 4657 vespere
3407 4602 3622 4642 muscus

2159 4679 2371 4743 Attulit,
2413 4680 2469 4734 in
2496 4678 2763 4750 gremium
2787 4677 3005 4733 sibimet
3037 4691 3174 4746 quos
3199 4673 3418 4747 proiicit
3440 4692 3585 4746 aeger
3611 4696 3622 4730 :

2159 4773 2403 4844 Cumque
2426 4771 2531 4826 iret
2564 4769 2804 4825 cubitum
2825 4767 3028 4825 oblitus
3053 4767 3327 4839 deponere
3365 4782 3630 4833 muscum,
3722 4816 3729 4827 ,

2161 4863 2386 4920 Nescius
2420 4862 2476 4917 in
2505 4861 2714 4933 gremio
2737 4874 2932 4917 somno
2951 4870 3259 4932 praeventus
3286 4859 3560 4927 habebat;

2165 4956 2436 5028 Evigilans
2460 4953 2638 5009 medio
2665 4954 2954 5011 morbosus
2977 4960 3219 5021 tempore
3245 4953 3447 5017 noctis,

2164 5048 2306 5103 Ecce
2326 5044 2528 5115 aliquid
2556 5044 2721 5117 gelidi
2739 5043 2899 5101 lateri
2921 5043 3025 5099 sibi
3048 5042 3220 5098 sensit
3241 5042 3456 5108 adesse,

2162 5135 2500 5204 Admotaque
2521 5149 2684 5190 manu
2706 5148 2897 5190 sanum
2917 5147 2979 5187 se
3005 5129 3148 5187 forte
3171 5130 3342 5188 fuisse

2164 5222 2442 5294 Repperit,
2479 5230 2644 5295 atque
2667 5222 2803 5278 nihil
2826 5220 3063 5278 fractura
3092 5221 3265 5277 sensit
3301 5223 3371 5276 ab
3396 5222 3512 5276 illa.

2168 5327 2191 5354 ο
2220 5313 2422 5385 Inclyta
2446 5313 2590 5370 fama
2617 5314 2739 5379 viri,
2771 5328 2873 5369 nec
2900 5312 3084 5391 solum
3092 5312 3217 5383 jure
3250 5314 3541 5367 Britannos

2162 5406 2403 5462 illustrat
2418 5408 2663 5477 populos,
2699 5415 2851 5463 trans
2880 5406 3103 5478 insuper
3128 5418 3345 5475 aequora
3369 5402 3545 5473 ponti,

3343 5492 3498 5549 Vers.
3541 5493 3666 5550 456.

2237 5608 2429 5666 ἀΒθᾱε
2464 5622 2581 5675 cap.
2626 5606 2682 5672 9.,
2711 5607 2835 5664 libr.
2885 5623 2968 5662 ιιι.

2239 5692 2261 5720 ε
2287 5676 2432 5735 Beda
2460 5691 2577 5747 cap.
2614 5675 2696 5733 15.
