4268 6226
632 157 734 216 823

622 271 870 341 Aspersit
893 275 1092 342 radios,
1123 278 1318 347 quibus
1342 288 1395 334 et
1417 278 1707 336 Germania
1730 281 1879 337 fulsit
1905 302 1918 337 :

624 359 669 417 Ε
691 364 885 438 quibus
910 374 968 427 et
990 367 1233 443 quaedam
1264 371 1808 441 populosaliibernia
1835 374 2029 431 sensit.

579 480 582 484 -
624 452 734 509 Sed
760 455 917 511 nobis
940 457 1154 537 signum
1181 475 1310 515 vero
1335 462 1484 517 inter
1499 464 1665 518 multa
1699 466 1871 522 relatu

624 541 737 598 Hoc
767 561 991 602 narrare
1019 548 1230 617 placet;
1265 551 1397 605 dirae
1427 552 1553 606 dum
1580 556 1821 625 tempore
1849 559 2038 625 pestis,

592 660 595 661 ν
622 636 927 710 ,ιιίηιιοι-οοε
952 644 1177 712 populos
1204 645 1307 699 lata
1336 662 1461 717 quae
1486 647 1639 705 clade
1663 654 1918 719 peremit.

623 727 910 787 Scotorum
937 747 1135 802 genere
1158 736 1514 793 scholasticus
1535 754 1660 795 acer
1687 741 1741 796 in
1772 752 1910 809 arte,

622 815 735 872 Hoc
761 818 936 875 fuerat
958 825 1148 879 morbo
1173 827 1349 894 patria
1379 843 1669 897 percussus
1700 832 1756 887 in
1795 833 1908 901 illa,

620 906 905 981 Librorum
927 912 1107 969 studio
1133 914 1341 980 doctus,
1366 918 1459 973 sed
1485 920 1627 979 nulla
1654 919 1848 979 futurae

619 1000 760 1054 Cura
786 1000 886 1055 fuit
900 996 1098 1060 misero
1120 1007 1267 1071 vitaz,
1288 1008 1390 1063 sibi
1412 1024 1642 1081 cumque
1666 1014 1874 1070 videret

620 1082 807 1150 Mortis
835 1096 1023 1153 adesse
1047 1099 1209 1167 diem,
1237 1118 1433 1173 magno
1463 1106 1735 1175 trepidare
1766 1110 1960 1165 timore

619 1181 890 1253 (fu-perat,
921 1187 990 1242 ob
1022 1190 1215 1245 merita
1247 1193 1532 1259 scelerum,
1566 1212 1632 1253 ne
1661 1198 1730 1252 ad
1762 1206 1965 1256 tartara
1998 1204 2114 1259 dira
2188 1215 2199 1225 ‘

617 1270 861 1329 Mortuus
886 1274 1079 1331 inferni
1112 1290 1414 1349 raperetur,
1439 1300 1571 1340 voce
1596 1290 1833 1357 gementi

611 1363 920 1446 Alloquitur
945 1369 1149 1424 socium
1175 1390 1187 1425 :
1223 1390 1242 1423 ι
1270 1373 1481 1441 Frater,
1510 1377 1643 1432 mihi
1668 1381 1859 1435 mortis
1880 1396 2080 1457 amara:

612 1443 891 1513 Articulus
915 1471 1191 1530 properat,
1223 1464 1493 1535 citiusque
1524 1468 1591 1523 ad
1620 1478 1824 1527 tartara
1852 1450 2041 1540 ducar,

614 1547 891 1618 Perpetua:
919 1554 1127 1618 mortis,
1160 1555 1284 1624 quia
1307 1556 1419 1624 jam
1450 1573 1555 1613 non
1584 1568 1825 1632 tempore
1851 1579 2017 1633 parvo

613 1637 940 1698 Criminibus
966 1651 1176 1698 tantum
1201 1647 1412 1715 penitus
1446 1650 1649 1706 servire
1677 1654 1938 1709 solebam.

612 1729 756 1786 Proh
781 1733 967 1792 dolor!
992 1737 1106 1797 haec
1131 1748 1349 1810 propter
1372 1742 1499 1797 novi
1528 1743 1715 1821 feralia
1743 1745 1975 1821 flaminis

615 1823 843 1879 Tartara
865 1836 1016 1895 parta
1049 1829 1199 1883 mihi.
1230 1830 1382 1887 Totis
1417 1820 1560 1889 mihi
1578 1839 1828 1893 sensibus
1856 1849 1938 1893 est
1957 1839 2112 1906 hinc,

615 1912 672 1966 Si
708 1913 834 1967 velit
862 1913 1213 1990 Omnipotens
1241 1921 1438 1977 misero
1464 1925 1761 1982 concedere
1784 1929 1969 1993 vitam,

613 2001 833 2057 Viribus
859 2006 1065 2061 annisis
1095 2022 1273 2065 mores
1307 2020 1517 2069 mutare
1548 2018 1829 2087 malignos.

613 2090 723 2145 Nec
751 2103 927 2148 tamen
957 2110 1076 2151 esse
1110 2101 1216 2154 mei
1242 2103 1418 2157 meriti
1442 2108 1554 2161 scio
1582 2111 1763 2164 vivere
1789 2121 2016 2177 tantum,

613 2182 675 2237 Ni
700 2187 830 2241 mihi
860 2191 1121 2245 concedat
1144 2193 1268 2248 vitas
1300 2195 1460 2251 modo
1490 2212 1685 2253 munus
1708 2210 1900 2255 amatae

613 2276 937 2333 Sanctorum
960 2283 1170 2338 meritis
1202 2286 1513 2342 miserantis
1541 2291 1715 2357 gratia
1745 2291 1965 2347 Christi.

608 2368 799 2422 Audivi
825 2375 1093 2444 quondam
1118 2376 1313 2432 celebri
1346 2394 1562 2435 rumore
1595 2382 1787 2439 referri

609 2458 842 2515 Osualdi
868 2464 1011 2535 regis
1040 2464 1225 2524 laudes
1253 2468 1544 2526 virtutibus
1580 2474 1807 2542 amplas.

609 2549 686 2603 Tu
714 2553 839 2619 quia
869 2554 935 2609 de
960 2571 1153 2625 genere
1177 2575 1235 2614 es
1260 2559 1534 2618 Saxonum
1565 2565 1769 2637 collega
1798 2576 1977 2633 natus,

606 2639 811 2695 Forsan
846 2643 1012 2700 habes
1039 2644 1156 2713 ejus
1179 2648 1472 2719 quidquam
1490 2654 1660 2707 modo
1682 2654 2089 2724 relliquiarum?
2113 2676 2132 2710 ι

608 2732 705 2787 Cui
730 2735 908 2791 socius
929 2739 1113 2793 statim
1138 2739 1297 2796 fidam
1319 2742 1564 2812 profatur
1589 2747 1642 2801 in
1669 2762 1856 2803 aurem
1884 2766 1896 2801 :

608 2825 768 2897 247
796 2846 813 2878 ι
841 2826 974 2885 Pars
996 2828 1211 2885 inventa
1237 2834 1375 2887 sacri
1397 2844 1479 2890 est
1501 2846 1712 2909 mecum
1734 2839 1799 2915 de
1820 2840 2000 2910 stipite
2022 2841 2171 2913 ligni,

604 2917 831 2975 lnfisum
856 2919 1032 2977 fuerat
1059 2930 1218 2993 caput
1238 2924 1402 2980 occisi
1428 2926 1568 2980 illius
1596 2928 1649 2981 in
1678 2945 1815 2997 quo;
1897 2933 1899 2935 ’

603 3008 670 3062 Et
692 3012 735 3064 si
769 3011 920 3067 firma
949 3022 1101 3087 tenes
1126 3013 1247 3072 fidei
1279 3026 1333 3072 tu
1361 3027 1600 3090 pectora,
1633 3021 1859 3075 credens

599 3100 703 3179 Per
734 3104 865 3156 tanti
886 3105 1061 3173 pietas
1089 3107 1339 3165 meritum
1364 3110 1541 3166 divina
1571 3113 1779 3181 patroni

599 3178 769 3260 ilujns
792 3192 969 3248 adhuc
996 3195 1120 3250 vita:
1141 3197 1299 3252 donat
1325 3199 1421 3253 tibi
1450 3178 1693 3271 tempora
1727 3202 1881 3273 longa
1905 3222 1918 3271 ;

600 3282 824 3359 lusupcr
845 3295 1061 3342 :cternae
1088 3290 1363 3366 praestabit
1386 3293 1579 3362 gaudia
1609 3293 1811 3350 forsan.
1844 3318 1863 3348 ι

669 3375 775 3431 Nec
804 3392 975 3444 mora,
1002 3380 1130 3449 quin
1155 3389 1266 3435 toto
1295 3382 1431 3437 dixit
1453 3398 1511 3438 sc
1542 3385 1766 3441 credere
1795 3388 1977 3443 corde.

599 3467 734 3522 'i'um
762 3470 1036 3527 benedixit
1064 3489 1258 3543 aquam
1285 3476 1486 3543 socius,
1522 3487 1839 3548 partemque
1864 3482 2061 3537 sacrati

598 3559 828 3618 Roboris
854 3564 1145 3621 immittens
1178 3583 1321 3638 agro
1342 3568 1491 3625 dedit
1518 3578 1675 3640 atque
1701 3572 2008 3628 bibendam.

597 3646 699 3716 Qui
724 3666 845 3705 mox
876 3655 1166 3719 convaluit,
1198 3658 1468 3727 mortique
1494 3671 1712 3733 ereptus
1739 3664 1807 3717 ab
1838 3662 1925 3718 illa
1951 3672 2051 3718 est.

598 3740 674 3796 lix
703 3741 827 3795 hinc
853 3742 1135 3798 incolumis
1165 3745 1330 3801 multo
1353 3746 1466 3816 jam
1502 3757 1743 3818 tempore
1758 3752 1923 3815 vixit,

590 3831 676 3886 Ad
702 3833 1091 3904 nummumque
1117 3850 1265 3890 suam
1290 3838 1455 3891 vitam
1481 3849 1819 3894 converterat
1846 3857 2059 3917 omnem

596 3919 1011 3993 Magnificasque
1040 3924 1149 3980 Deo
1179 3924 1362 3995 laudes
1391 3927 1659 3983 referebat
1691 3932 1908 4003 ubique,

596 4010 662 4063 Et
698 4012 905 4068 Domini
935 4015 1192 4071 {annulum
1225 4034 1419 4090 magno
1448 4021 1753 4076 celebrabat
1781 4024 2003 4080 honore.

667 4118 690 4142 ιι
724 4104 953 4162 Sanctus
983 4117 1065 4162 ter
1096 4111 1261 4165 ternis
1283 4110 1495 4168 Oswald
1523 4113 1753 4170 feliciter
1776 4119 1932 4173 annis

597 4192 825 4263 Imperio
852 4204 1131 4265 postquam
1166 4206 1465 4268 regnorum.
1479 4205 1615 4257 rexit
1642 4206 1898 4274 habenas,

596 4286 710 4355 Ipse
739 4284 854 4356 (sic)
886 4302 1019 4356 quas
1042 4289 1239 4344 retinet
1266 4290 1471 4347 famosa
1501 4293 1779 4351 Britannia
1799 4310 2013 4368 gentes,

596 4380 789 4433 Divisis
814 4380 1025 4450 linguis,
1055 4381 1263 4450 populis
1290 4398 1387 4452 per
1413 4386 1627 4439 nomina
1654 4397 1865 4457 patrum
1892 4408 1907 4454 ;

597 4476 767 4547 atque
794 4488 961 4526 annos
987 4482 1265 4542 postquam
1297 4483 1377 4529 ter
1404 4475 1570 4531 denos
1599 4478 1732 4532 vixit
1761 4487 1817 4534 et
1845 4488 1984 4546 octo,

595 4562 855 4633 Augustas
884 4578 1037 4618 sacra
1064 4563 1242 4620 Nonas
1262 4564 1374 4635 jam
1406 4573 1590 4623 morte‘
1607 4568 1805 4624 dicavit
1830 4587 1843 4635 ;

594 4650 844 4705 Ascendit
873 4654 1082 4709 meritis
1112 4656 1349 4712 coelestia
1380 4673 1545 4729 regna
1569 4663 1809 4718 coruscis
1830 4703 1843 4728 ,

592 4739 735 4791 Osvvi
759 4756 1011 4809 germano
1042 4748 1321 4803 terrestria
1350 4762 1512 4820 regna
1544 4754 1873 4825 relinquens.

593 4834 618 4871 ι)
648 4831 854 4895 interea
881 4836 1111 4894 obtinuit
1134 4841 1305 4898 multo
1325 4840 1437 4909 iam
1465 4853 1676 4915 sceptra
1698 4847 1881 4903 labore

594 4926 878 4997 Principio,
909 4931 1138 4998 propriae
1162 4941 1340 4989 rector
1367 4950 1534 4990 novus
1563 4936 1692 4992 Osui
1722 4941 1895 5010 gentis

595 5016 935 5086 lmpugnatus
960 5019 1102 5071 enim
1134 5020 1305 5075 fuerat
1330 5024 1456 5078 hinc
1479 5025 1601 5080 inde
1630 5028 1868 5082 vicissim

520 5131 533 5139 ν
594 5108 797 5179 Smpius
817 5112 1053 5165 externis
1083 5112 1443 5179 praedantibus
1464 5116 1698 5185 undique
1730 5118 1882 5173 fines.

592 5204 808 5275 insuper
830 5222 861 5260 a
887 5206 1121 5277 propriis
1144 5219 1429 5274 perpessus
1456 5208 1593 5263 bella
1615 5212 1951 5281 propinquis,

591 5293 689 5357 Qui
722 5298 933 5353 crudele
956 5312 1113 5351 manu
1140 5295 1445 5352 lacerabant
1474 5300 1676 5355 viscera
1703 5304 1873 5372 regni,

662 5404 808 5461 Vcrs.
848 5408 966 5460 512.

662 5531 680 5556 ⁸
711 5517 846 5569 Beda
878 5517 1105 5575 “hr.llL
1138 5520 1333 5585 cap.ll

664 5590 683 5625 θ
718 5586 854 5639 Beda
888 5586 918 5635 Μ
956 5591 1324 5645 rn.,tnp.li.

1437 169 1498 223 Β.
1532 168 1593 222 F.
1628 169 1855 225 ALb’lNi
1898 174 2025 228 SEL'
2062 175 2337 231 ΑΙᾸΣΗΧΙ
2377 179 2659 235 OI’EliL'll
2699 181 2877 235 PARS
2920 183 3000 237 Vl.

3759 186 3866 241 εει

2218 292 2269 347 Α
2296 288 2537 358 Cognato
2564 289 2845 359 implentes
2869 290 3158 347 sceleratas
3184 296 3444 365 sanguine
3473 293 3722 359 dextras;

2299 376 2409 433 Nec
2438 381 2909 448 metuunt‘patrias
2935 382 3152 450 gentilia
3180 394 3356 439 castra
3384 400 3481 456 per
3504 387 3687 451 urbes,

2297 469 2499 541 invidia
2530 479 2753 541 cogente
2779 470 2910 535 fera,
2941 473 3242 538 deducere;
3280 476 3361 529 vel
3398 477 3476 529 sic

2298 561 2514 615 Viribus
2542 564 2782 621 externis
2810 572 3067 620 conantes
3092 573 3335 621 sternere
3364 582 3567 637 regem.

2297 660 2318 687 ε
2350 648 2446 703 Cui
2478 650 2577 703 fuit
2605 660 2732 705 alite
2755 652 2891 707 alios
2912 655 3100 722 primis
3125 654 3350 710 infestus
3376 658 3444 711 ab
3469 658 3627 713 annis

2294 738 2476 795 llostis
2503 755 2595 793 rex
2627 738 2866 806 Pendan,
2898 742 3055 797 fortis
3080 744 3279 799 virtute
3306 745 3553 815 doloque,

2291 826 2514 883 Oecisor
2539 828 2741 893 fratris,
2772 831 2922 902 regni
2946 841 3000 887 et
3024 841 3264 887 vastator
3285 818 3514 889 acerbus
3535 852 3552 901 ;

2290 918 2391 985 Qui
2417 928 2497 974 ter
2523 920 2663 975 dena
2691 922 2793 977 sibi
2816 923 3072 977 conduxit
3100 925 3265 979 millia
3293 924 3453 992 bella,

2291 1008 2398 1063 'l‘cr
2421 1010 2695 1079 denosque
2725 1011 2889 1069 duces
2918 1014 3141 1071 totidem
3171 1016 3434 1071 deducere
3464 1028 3669 1083 turmas

2288 1099 2575 1169 Disposuit,
2609 1117 2838 1171 quorum
2868 1113 3050 1159 certus
3079 1104 3178 1159 fuit
3201 1121 3333 1161 usus
3360 1107 3413 1160 in
3440 1110 3628 1163 armis.

2286 1189 2400 1251 llac
2426 1200 2636 1251 vastare
2666 1208 2827 1255 manu
2853 1193 3179 1264 veniensque
3197 1206 3445 1257 evertere
3472 1214 3719 1269 regnum,

2288 1280 2480 1339 ania
2501 1284 2791 1346 destruxit,
2823 1284 3069 1351 homines
3093 1302 3353 1344 mucrone
3386 1291 3638 1360 peremit.

2283 1374 2549 1432 Imbribus
2570 1378 2849 1433 exundans
2881 1386 3091 1434 torrens
3116 1396 3215 1435 ceu
3240 1384 3511 1450 montibus
3539 1385 3664 1439 al‘Fs

2284 1464 2493 1521 Sternit
2514 1484 2689 1539 agros,
2717 1479 3032 1540 segetesque
3060 1474 3201 1541 rapit
3234 1474 3518 1546 sylvasque
3549 1480 3741 1534 recidit
3765 1497 3780 1543 ;

2285 1556 2375 1613 Sic
2404 1558 2510 1613 dux
2537 1560 2649 1629 ipse
2674 1558 2825 1614 ferox
2852 1560 3140 1621 devastans
3163 1567 3342 1621 omnia
3365 1570 3595 1637 pressit,

2212 1625 2253 1685 Β
2285 1647 2428 1704 Dans
2456 1650 2615 1704 simul
2646 1651 2699 1705 in
2725 1666 2942 1720 pessum
2971 1669 3184 1722 pueros,
3210 1655 3543 1728 iuvenesque
3570 1674 3853 1731 senesque.

2284 1736 2471 1792 Nullus
2503 1752 2624 1792 cum
2652 1754 2835 1808 sexus,
2865 1740 2946 1795 vel
2982 1742 3125 1798 nulla
3156 1742 3614 1803 retraxerat-mtas

2284 1827 2363 1882 Ad
2384 1829 2600 1897 pietatis
2622 1844 2795 1901 opus;
2835 1832 2978 1887 nullo
3006 1835 3129 1903 quia
3151 1832 3275 1904 jure
3300 1838 3557 1907 pepercit.

2284 1916 2391 1971 Sed
2420 1929 2618 1991 rector,
2647 1921 2733 1975 cui
2760 1936 2887 1976 cura
2918 1921 3015 1977 fuit
3046 1923 3333 1981 defendere
3366 1936 3600 1997 gentem,

2283 2006 2461 2078 Seque
2487 2025 2720 2084 suosque
2748 2013 2907 2068 simul
2928 2012 3128 2070 Christi
3158 2018 3380 2071 tutarier
3402 2021 3599 2085 armis,

2282 2098 2433 2170 Legit
2463 2108 2517 2157 et
2542 2101 2655 2170 ipse
2680 2102 2827 2182 viros
2856 2102 3043 2170 fortes,
3078 2117 3238 2177 atque
3261 2109 3472 2178 agmina
3502 2118 3678 2177 tanta,

2282 2191 2516 2245 Venerat
2541 2193 2688 2248 haud
2709 2194 2916 2265 trepido
2942 2205 3128 2251 contra
3160 2213 3254 2255 rex
3281 2206 3499 2267 pectore
3527 2212 3803 2274 promptus
3829 2245 3846 2282 ,

2281 2281 2446 2336 Milite
2467 2297 2591 2337 cum
2618 2298 2764 2357 raro,
2793 2286 2971 2355 primo
2997 2287 3090 2341 sed
3115 2303 3308 2344 nomen
3336 2289 3546 2361 Olympi

2281 2374 2515 2431 Fletibus
2538 2385 2594 2431 et
2620 2377 2758 2434 votis
2786 2379 3057 2434 constanti
3086 2380 3249 2436 corde
3269 2385 3533 2453 poposcit.

2278 2465 2373 2531 llis
2393 2467 2533 2521 actis
2557 2468 2720 2522 etiam
2750 2469 2973 2535 hostiles
2997 2477 3055 2523 ut
3083 2471 3215 2525 vidit
3243 2472 3441 2540 ubique

2276 2554 2589 2611 Innumeras
2616 2556 2759 2612 acies
2789 2556 2910 2612 latis
2938 2558 3241 2614 discurrere
3267 2562 3492 2631 campis,

2276 2643 2384 2699 llas
2406 2653 2594 2701 contra
2621 2648 2867 2717 opposuit
2888 2663 3110 2719 parvum
3141 2649 3265 2705 licet
3287 2651 3517 2723 impiger
3543 2670 3735 2729 agmen
3754 2696 3771 2725 ,

2254 2731 2437 2803 ‘Millia
2465 2735 2602 2788 trina
2632 2737 2780 2799 ciens
2802 2744 3032 2803 tantum,
3059 2740 3151 2793 sed
3176 2750 3424 2809 prompta
3449 2742 3627 2798 duello

2272 2825 2381 2879 Nec
2410 2841 2578 2888 mora,
2605 2827 2734 2895 quin
2761 2828 2955 2884 mediis
2974 2843 3034 2882 se
3059 2829 3358 2884 immiserat
3379 2832 3623 2890 hostibus
3641 2836 3841 2909 audax,

2274 2916 2604 2976 l’roturbans
2632 2917 2797 2988 acies,
2824 2918 3023 2973 Christi
3054 2921 3321 2987 testudine
3346 2921 3536 2979 fretus.

2278 3006 2396 3060 Mox
2428 3006 2590 3061 timor
2614 3008 2875 3077 impactas
2896 3009 3213 3080 populorum
3242 3013 3463 3083 dispulit
3490 3015 3625 3080 alas,

2273 3097 2374 3163 Qui
2398 3114 2589 3169 pugna:
2616 3100 2977 3163 immemores,
3008 3102 3175 3156 armis
3198 3090 3418 3171 telisque
3444 3104 3664 3170 relictis,

2274 3191 2409 3244 Tuta
2438 3189 2574 3260 fugae
2595 3190 2797 3258 petiere
2823 3188 2959 3259 loca,
3000 3196 3054 3244 et
3079 3206 3173 3244 sua
3205 3191 3356 3261 signa
3382 3193 3658 3249 revellunt.

2272 3282 2572 3341 Pallantum
2602 3296 2801 3337 cuneos
2828 3283 3001 3337 victor
3025 3297 3122 3338 rex
3151 3283 3307 3339 caedit
3335 3285 3562 3355 ubique,

2271 3374 2563 3428 llorrisona
2591 3372 2921 3443 increpitans
2951 3362 3218 3444 fugientes
3243 3388 3373 3429 voce
3398 3377 3712 3447 phalangas.

2268 3465 2432 3517 Arma
2457 3479 2649 3518 cruore
2672 3472 2877 3531 natant,
2906 3473 3184 3519 mutantur
3210 3467 3470 3537 sanguine
3497 3467 3673 3522 fontes
3696 3485 3712 3534 ;

2269 3556 2428 3624 Fugit
2456 3562 2510 3608 et
2536 3555 2647 3622 ipse
2675 3554 2853 3619 simul,
2886 3562 3034 3609 tanta
3060 3556 3151 3608 vix
3180 3556 3329 3610 clade
3351 3565 3569 3610 coactus
3662 3616 3663 3619 η

2268 3650 2386 3705 Dux
2412 3649 2648 3712 Pendan,
2674 3644 2903 3704 cernens
2928 3647 3101 3703 caedes
3130 3654 3445 3723 stragesque
3472 3662 3724 3702 suorum:

2267 3744 2375 3800 Nec
2398 3754 2577 3801 tamen
2604 3742 2805 3797 evaluit
2828 3739 3036 3812 fugiens
3062 3740 3291 3795 evadere
3316 3748 3543 3794 mortem
3562 3779 3577 3806 ,

2267 3836 2371 3889 Sed
2397 3836 2575 3905 gladio
2596 3835 2789 3889 cecidit
2817 3832 3023 3888 victrici
3046 3832 3257 3888 occisus
3286 3838 3341 3886 et
3369 3832 3477 3887 ille.

2264 3928 2516 3981 Cui-ritur
2538 3928 2605 3981 ad
2630 3928 2865 3995 prmdam
2894 3927 3117 3995 passim,
3146 3936 3201 3980 et
3231 3927 3347 3980 laus
3369 3925 3529 3995 digna
3558 3925 3787 3981 Tonanti

2267 4016 2528 4071 Redditur
2556 4023 2779 4079 :eterno,
2813 4029 3023 4085 semper
3043 4016 3136 4083 qui
3168 4014 3357 4070 liberat
3385 4030 3573 4069 omnes

2265 4107 2320 4162 lu
2346 4122 2403 4162 se
2430 4114 2707 4176 sperantes
2728 4105 2981 4171 clemens,
3016 4115 3070 4159 et
3095 4105 3265 4160 salvat
3294 4106 3513 4174 ubique.

2266 4200 2378 4254 Hoc
2404 4206 2520 4253 erat
2546 4199 2648 4252 hoc
2674 4198 2837 4252 etiam
2867 4196 3047 4251 multis
3076 4198 3207 4251 satis
3234 4196 3362 4248 utile
3390 4195 3588 4248 bellum
3616 4210 3628 4246 :

2184 4307 2233 4368 ι)
2269 4294 2508 4361 Namque
2533 4306 2682 4345 suam
2712 4297 2926 4358 gentem
2952 4305 3047 4342 rex
3075 4287 3318 4341 hostibus
3342 4288 3484 4341 eruit
3503 4288 3661 4355 acris,

2267 4384 2581 4439 Merciorum
2613 4379 2733 4433 fidei
2759 4368 2985 4447 sceptris
3014 4386 3067 4432 et
3092 4379 3328 4433 subdidit
3355 4378 3541 4445 almis,
3582 4404 3585 4405 ν

2264 4475 2491 4529 Sacrate
2520 4470 2725 4525 faciens
2751 4470 3088 4541 baptismatis
3116 4484 3273 4523 amne
3298 4470 3501 4537 lavari;

2262 4567 2471 4634 Perque
2497 4562 2664 4627 illum,
2693 4561 2925 4616 donante
2947 4561 3075 4627 Deo,
3106 4561 3309 4617 ditatur
3336 4571 3563 4631 uterque
3597 4572 3602 4577 ‘

2262 4656 2539 4728 Magnifice
2558 4655 2783 4725 populus
2811 4654 3044 4709 caelestis
3071 4668 3292 4707 munere
3319 4655 3443 4707 doni
3471 4669 3486 4717 ;

2262 4752 2353 4807 Ille
2373 4751 2543 4806 haeres
2568 4748 2757 4820 patria:
2788 4746 2979 4806 factus,
3012 4745 3099 4798 hic
3128 4746 3260 4798 civis
3286 4744 3512 4813 Olympi.

2263 4841 2431 4896 Ambo
2458 4840 2684 4913 gentiles
2714 4837 2927 4909 gemino
2956 4835 3190 4888 micuere
3220 4834 3510 4904 triumpho,

2262 4931 2527 4987 Dmmonis
2555 4929 2643 4984 iile
2664 4927 2815 4997 jugo,
2846 4933 3061 4978 terreno
3089 4924 3176 4978 hic
3207 4924 3360 4979 hoste
3383 4927 3606 4981 solutus.

2331 5020 2567 5075 Plurima
2591 5016 2859 5073 continuis
2884 5013 3089 5067 domuit
3112 5025 3231 5083 post
3257 5031 3418 5086 regna
3444 5017 3727 5088 triumphis

2259 5111 2421 5176 Oswi,
2453 5108 2706 5165 nobiliter
2728 5104 2934 5173 patrias
2960 5112 3013 5157 et
3042 5107 3179 5160 rexit
3206 5108 3462 5172 habenas,

2261 5200 2664 5271 Equoreasque
2694 5194 2795 5250 sibi
2824 5202 3008 5262 gentes
3036 5196 3161 5252 hinc
3185 5198 3304 5253 inde
3326 5199 3553 5270 subegit,

2261 5292 2367 5347 llas
2395 5303 2600 5345 terrore
2627 5300 2859 5357 premes,
2894 5285 3011 5341 illas
3041 5304 3297 5344 mucrone
3326 5302 3603 5355 coercens,

3432 5402 3583 5459 Vcrs.
3624 5403 3742 5459 568.

2330 5529 2346 5549 τ
2384 5516 2519 5568 Beda
2546 5512 2579 5565 ι.
2611 5512 2719 5573 cit.,
2756 5498 2873 5578 cap:
2900 5510 2986 5563 2i.
