4268 6220
423 245 528 303 835
1164 240 1487 297 CARMIXA.
1524 270 1593 281 —
1632 238 1721 293 DE
1755 232 2022 293 PONTIF.
2066 233 2152 289 ΕΤ
2193 231 2297 289 SS.
2332 233 2527 291 ECCL.
2568 237 2857 295 EBORAC.
3528 235 3629 292 826

422 358 684 416 Victrices
704 354 910 424 aquilas
934 369 1031 427 per
1057 368 1222 425 regna
1252 351 1456 408 ferebat
1478 350 1690 420 ubique.

421 448 654 519 Legibus
675 446 766 501 ille
792 446 955 499 etiam
979 438 1155 500 fuerat
1171 442 1502 512 iustissimus
1533 441 1729 512 aequis,

422 526 657 593 Invictus
682 536 858 601 bellis,
887 551 987 590 nec
1010 549 1117 589 non
1145 534 1200 588 in
1228 546 1359 603 pace
1382 531 1573 587 fidelis.

392 698 399 705 .
424 628 693 692 bonorum
718 627 898 698 largus
926 625 1155 687 miseris,
1190 625 1327 694 pius,
1353 622 1603 679 omnibus
1622 634 1837 691 aequus;

424 729 450 758 ι
479 719 766 787 Imperium
789 718 1025 772 retinens
1054 725 1303 785 septenos
1337 704 1461 769 nam
1484 723 1677 784 quater
1697 727 1884 775 annos,

424 806 747 877 Compositis
772 806 934 861 rebus
958 804 1084 860 felix
1109 805 1163 860 in
1194 819 1325 874 pace
1353 804 1587 873 quievit,

424 898 659 971 ngredo
685 900 900 955 tradens
921 899 1143 970 preprio
1166 897 1467 953 diademata
1493 904 1619 952 nato
1634 936 1650 960 ,

426 989 659 1061 ngredo
682 989 917 1044 moriens
944 988 1145 1059 regalia
1172 995 1383 1057 sceptra
1409 972 1735 1057 relinquens.

498 1081 759 1151 Tempore
781 1095 904 1134 nam
928 1079 1115 1135 micuit
1133 1078 1416 1133 Wilfridus
1446 1079 1728 1148 episcopus
1754 1076 1783 1116 δ
1809 1075 1901 1131 illo
1917 1116 1932 1141 ,

430 1169 600 1238 Quem
625 1170 765 1225 Deus
792 1171 1126 1244 omnipotens
1154 1166 1344 1241 infudit
1367 1168 1488 1223 luce
1510 1182 1740 1238 superna
1757 1206 1773 1231 ,
1850 1160 1857 1167 ’

429 1263 687 1318 Errorum
712 1263 933 1318 tetricas
962 1257 1203 1331 terris‘ut
1216 1250 1449 1331 pelleret
1474 1250 1724 1323 umbras,

428 1354 533 1409 Per
559 1354 675 1410 loca
702 1362 974 1424 perpetuae
996 1360 1321 1422 quapropter
1344 1353 1512 1406 multa
1533 1352 1724 1407 salutis

430 1438 691 1497 Gentibus
711 1448 767 1496 et
790 1442 1000 1511 populis
1029 1440 1284 1495 doctrina:
1307 1439 1509 1495 lumina
1538 1440 1752 1511 sparsit.

429 1529 577 1585 lllius
600 1530 850 1583 australis
878 1530 1055 1584 studio
1082 1527 1313 1583 Saxonia
1339 1528 1612 1584 Christum

432 1620 691 1685 Credidit,
722 1628 777 1675 et
800 1619 947 1675 claro
975 1620 1191 1692 perfusa
1221 1620 1572 1689 estlampade
1601 1620 1741 1674 vitae.

436 1709 546 1765 Nec
574 1710 744 1765 solum
772 1710 995 1781 populos
1025 1709 1216 1765 anima:
1245 1711 1315 1765 de
1336 1717 1505 1764 morte
1532 1708 1762 1779 maligna

433 1799 557 1856 Illos
582 1803 807 1857 antistes
833 1801 1091 1857 doctrinis
1115 1802 1257 1857 emit
1279 1802 1434 1856 almis
1452 1842 1466 1867 ,

438 1892 544 1948 Sed
567 1909 698 1949 nece
724 1895 789 1948 de
812 1904 1077 1964 praesente
1112 1893 1269 1949 simul
1300 1892 1524 1949 salvavit
1547 1892 1781 1949 eosdem.

439 1983 702 2055 Tempore
731 1984 995 2055 contiguis
1021 1984 1113 2041 illo
1138 2000 1261 2039 nam
1287 1986 1386 2040 sub
1414 1986 1584 2040 tribus
1610 1986 1767 2040 annis

439 2072 552 2127 Non
584 2089 691 2137 ros,
722 2089 828 2129 non
856 2073 1029 2129 imber
1053 2073 1298 2129 sitientes
1325 2074 1513 2143 irrigat
1539 2088 1714 2142 agros.

438 2163 601 2217 Arida
627 2162 970 2233 flammigeris
1000 2165 1225 2219 tabescit
1255 2172 1396 2220 terra
1427 2158 1526 2220 sub
1547 2164 1729 2228 astris,

442 2261 464 2290 ε
498 2252 563 2306 Et
593 2252 796 2307 victum
820 2255 1025 2324 pariter
1048 2254 1355 2322 hominique
1385 2253 1617 2324 feraeque
1646 2255 1894 2325 negabat.

438 2341 615 2412 Atque
645 2341 839 2398 famem
862 2344 1102 2413 sequitur
1126 2344 1447 2399 morientum
1475 2344 1642 2400 cladis
1667 2361 1891 2401 acervus
1909 2386 1924 2409 ,

442 2431 606 2504 248
628 2432 1042 2504 Prmcipitesque
1070 2442 1233 2490 ruunt
1260 2435 1411 2490 multi
1434 2435 1500 2491 de
1524 2437 1746 2506 rupibus
1770 2437 1912 2491 altis.

442 2519 542 2587 Ast
569 2522 659 2576 alii
687 2523 889 2592 rapidis
911 2538 1028 2579 sese
1055 2539 1294 2580 mersere
1322 2526 1422 2580 sub
1446 2527 1634 2591 undis,

451 2610 517 2667 Ct
546 2613 647 2668 sibi
671 2614 981 2683 praeriperet
1002 2614 1221 2687 longum
1249 2617 1355 2672 cita
1384 2632 1529 2673 mors
1554 2619 1873 2673 cruciatum.

443 2705 563 2776 ipsa
598 2720 826 2777 namque
852 2706 958 2771 die,
987 2722 1093 2777 quo
1119 2723 1248 2778 gens
1274 2718 1584 2779 susceperat
1608 2711 1715 2774 illa,

447 2798 712 2855 Doctrinis
739 2798 941 2855 imbuta
962 2800 1151 2863 sacris,
1173 2801 1513 2871 baptismatis
1542 2802 1763 2867 undam,

447 2887 730 2943 Descendit
755 2889 955 2959 pluvia,
983 2898 1038 2947 et
1064 2891 1345 2948 telluribus
1368 2908 1497 2948 aura
1527 2907 1713 2949 serena
1729 2934 1743 2957 ,

449 2980 515 3055 Et
542 2988 699 3035 teme
726 2980 885 3036 rediit
911 2984 1181 3053 specimen
1209 2985 1563 3040 viridantibus
1586 2984 1760 3049 arvis,

447 3069 720 3140 Florigero
746 3070 919 3142 campi
944 3080 1257 3142 montesque
1280 3083 1538 3129 ornantur
1562 3077 1760 3130 amictu
1787 3093 1801 3129 :

447 3158 695 3231 Frugifer
722 3160 967 3231 agricolis
991 3161 1295 3218 lzetantibus
1318 3162 1521 3218 inditur
1545 3178 1717 3218 annus
1738 3203 1753 3230 ,

449 3248 614 3319 lnque
637 3250 804 3319 Deum
828 3266 1019 3307 carnes
1045 3259 1364 3308 cunctorum
1390 3253 1659 3323 cordaque
1688 3255 1867 3310 vivum

452 3339 881 3406 Exsultaverunt,
914 3340 1130 3411 (cecinit
1156 3342 1295 3397 sicut
1322 3351 1478 3398 antea
1506 3342 1696 3413 David)

452 3428 661 3481 Certius
685 3429 900 3482 aeternis
922 3428 1185 3491 inhiantes
1203 3436 1420 3498 pectore
1447 3429 1601 3484 donis
1616 3470 1631 3494 ,

453 3517 569 3584 Quo
596 3532 871 3589 sumpsere
898 3518 1049 3591 prius
1077 3519 1291 3574 sibimet
1320 3527 1531 3575 terrena
1558 3535 1655 3591 per
1683 3518 1851 3576 illum.

523 3608 621 3662 llic
642 3621 851 3677 quoque
876 3608 1181 3678 compulsus
1206 3608 1432 3664 Romam
1459 3612 1785 3681 properabat
1806 3610 1955 3665 adire
1972 3646 1989 3675 ,

458 3696 561 3763 Sed
587 3698 737 3768 prius
759 3704 843 3752 est
865 3697 1041 3752 ventis
1066 3698 1361 3754 Fresonum
1386 3707 1573 3765 vectus
1600 3700 1654 3754 in
1678 3715 1833 3764 oras,

376 3797 380 3800 '
456 3789 479 3827 «³
506 3789 680 3858 Atque
707 3789 779 3843 ibi
802 3804 926 3844 mox
954 3789 1132 3860 populi
1157 3790 1424 3855 convertit
1448 3789 1613 3843 millia
1643 3788 1889 3853 Christo,

456 3878 691 3932 Plurima
719 3886 991 3946 perpetua:
1015 3878 1391 3933 demonstrans
1416 3877 1555 3933 dona
1586 3876 1794 3934 salutis.

458 3971 523 4024 Et
549 3985 865 4038 quocunque
888 3969 1079 4039 pedem
1108 3970 1293 4037 movit,
1321 3970 1409 4041 pia
1437 3969 1642 4025 semina
1670 3970 1837 4037 sevit,

460 4061 679 4114 Pectora
707 4058 1029 4127 perfundens
1057 4059 1261 4115 arentia
1292 4075 1415 4115 rore
1442 4074 1675 4131 superno
1695 4102 1709 4127 ,

458 4152 667 4223 Inclyta
683 4151 887 4206 caelesti
912 4152 1193 4219 complevit
1216 4161 1269 4206 et
1291 4153 1485 4207 horrea
1520 4151 1696 4206 fructu
1719 4190 1734 4217 ,

460 4247 528 4301 Et
552 4244 748 4300 celebri
774 4243 912 4298 fama
942 4242 1062 4296 ιωιο
1090 4242 1340 4296 laudatur
1371 4242 1423 4295 in
1448 4242 1600 4296 orbe.

460 4338 595 4390 Dum
624 4338 743 4405 pius
762 4335 895 4390 illud
924 4335 1023 4390 iter
1047 4334 1204 4405 gestit
1233 4333 1498 4403 complere
1528 4332 1778 4388 sacerdos
1800 4373 1816 4397 ,

461 4426 598 4486 Ecce
630 4432 845 4492 repente
878 4421 977 4477 fuit
998 4425 1184 4478 morbo
1213 4418 1487 4493 perculsus
1513 4422 1733 4487 acerbo,

463 4515 667 4583 Perque
694 4514 808 4567 dies
831 4512 1026 4567 multos
1051 4515 1227 4577 valido
1252 4522 1526 4570 crescente
1551 4515 1733 4570 dolore
1752 4555 1766 4579 ,

463 4606 623 4660 Venit
642 4604 706 4659 ad
734 4610 1029 4657 extremum
1057 4602 1300 4669 confecto
1327 4619 1549 4672 corpore
1572 4604 1730 4658 linem
1757 4646 1770 4669 ,

461 4696 553 4755 Bis
576 4696 833 4764 binosque
856 4694 970 4747 dies
994 4706 1151 4747 sensu
1175 4692 1289 4745 sine
1318 4692 1557 4759 corporis
1584 4694 1729 4759 omni

463 4788 737 4853 Exanimis
765 4787 932 4857 iacuit
961 4802 1114 4857 pene,
1154 4792 1208 4841 et
1236 4784 1545 4855 spiraminis
1567 4792 1772 4850 extors,

465 4878 606 4931 Voce
631 4891 841 4941 carens,
864 4877 1225 4945 membrisque
1248 4883 1486 4944 stupens,
1506 4874 1558 4927 in
1577 4880 1792 4943 pectore
1817 4881 2018 4929 tantum

465 4967 677 5037 Frigida
702 4966 791 5019 vix
821 4967 967 5021 tenui
991 4968 1141 5022 duxit
1168 4964 1398 5037 sus'piria
1427 4966 1570 5019 flatu.
1606 5008 1613 5013 .

465 5058 716 5129 Discipuli
747 5057 876 5113 socii
903 5056 1116 5112 stabant
1138 5058 1266 5113 hinc
1291 5059 1411 5112 inde
1441 5064 1737 5129 gementes,

535 5170 703 5248 \"ers.
726 5192 849 5247 621.

541 5340 565 5368 ι
589 5328 731 5382 Beda
756 5329 877 5391 libr.
907 5346 979 5391 Iv,
1010 5343 1039 5381 c

541 5340 565 5368 ι
589 5328 731 5408 Beda
756 5329 877 5409 libr.
907 5346 979 5391 Iv,
1010 5328 1204 5451 $18.5.
1308 5396 1316 5405 υ
1518 5395 1527 5404 .
1945 5397 1952 5405 _

540 5396 870 5465 bWilfndus
914 5398 1012 5465 Ep.
1105 5414 1222 5463 ujus
1269 5404 1429 5447 vitam
1480 5395 1602 5465 vide
1639 5396 1773 5465 apud
1822 5394 2014 5465 Malnll.

470 5466 583 5520 Act.
617 5464 714 5520 SS.
743 5466 938 5527 Bened.
964 5464 1097 5520 'sazc.
1142 5483 1231 5530 ιιι,
1270 5474 1407 5535 part.
1444 5482 1478 5518 ι.
1510 5464 1625 5517 Vid.
1655 5464 1793 5518 Beda
1825 5464 1857 5516 l.
1886 5466 1974 5517 cit.
2005 5507 2015 5523 ,

470 5550 584 5604 cap.
620 5538 670 5587 5.

541 5618 559 5643 ο
588 5605 723 5676 Βρίῗτι
760 5604 877 5658 libr.
916 5621 985 5665 Iv,
1016 5618 1127 5671 cap.
1170 5603 1245 5653 1‘2.

1994 349 2046 408 Δ
2072 345 2442 422 Lugentesque
2466 353 2550 406 sui
2571 350 2732 406 funus
2756 343 3103 421 lacrymabile
3128 351 3325 409 Patris.

2080 443 2247 499 Ecce!
2286 442 2372 499 die
2401 443 2586 513 quinta
2611 442 2787 499 subito
2813 440 2974 496 Pater
3001 444 3117 512 ipse
3142 443 3365 509 resedit,

2080 520 2255 604 Atque
2279 534 2465 589 levans
2490 533 2694 608 oculos.
2727 532 2901 590 socios
2927 536 3203 600 conspexit
3225 543 3282 590 et
3301 533 3455 589 inﬁt:

2088 646 2107 680 ι
2141 626 2278 695 Quid
2297 627 2448 697 juvat
2471 628 2643 683 atroci
2677 635 2884 681 tantum
2913 627 3188 695 indulgere
3212 627 3421 691 dolori;

2082 716 2181 772 Cui
2205 717 2319 771 vult
2338 717 2673 787 omnipotens
2698 718 2898 786 poterit
2926 718 3206 773 mitescere
3226 715 3387 784 iudex
3406 758 3423 781 ,

2084 806 2500 878 Extremamque
2528 823 2725 863 novum
2746 809 2912 863 vitam
2935 818 3246 864 convertere
3270 809 3326 862 in
3346 817 3545 865 ortum.

2084 897 2325 969 Namque
2353 914 2508 954 suum
2535 898 2773 955 clemens
2791 900 3025 969 legatum
3051 900 3197 955 misit
3220 900 3289 954 ab
3309 898 3498 965 astris,

2085 989 2189 1055 Qui
2218 998 2444 1046 steterat
2468 990 2625 1045 niveo
2648 990 2873 1044 nimium
2896 990 3185 1061 praeclarus
3209 992 3407 1047 amictu
3424 1030 3442 1056 ,

2085 1079 2153 1134 Et
2170 1075 2301 1134 mihi
2322 1078 2655 1149 ﬂammigero
2680 1080 2930 1149 prtedixit
2954 1078 3081 1134 talia
3110 1078 3287 1134 vultu:

2087 1168 2171 1223 Mc
2197 1169 2318 1237 pius
2343 1166 2677 1223 Altithronus
2708 1168 3016 1224 Michaelem
3041 1170 3185 1224 misit
3215 1168 3441 1239 Olympo
3461 1208 3477 1233 ,

2088 1260 2297 1325 Dicere,
2322 1258 2464 1329 quod
2491 1258 2679 1313 morbo
2702 1274 2845 1313 nunc
2873 1257 3261 1313 confortaberis
3287 1258 3422 1323 isto,

2088 1351 2195 1406 Pro
2220 1350 2428 1405 meritis
2447 1357 2646 1406 sanctze
2666 1350 2854 1406 Matris
2875 1351 3232 1422 precibusque
3257 1351 3439 1407 Maria:
3452 1393 3468 1417 ,

2089 1439 2219 1507 Qua:
2245 1440 2473 1511 gemitus
2490 1480 2505 1503 ,
2534 1439 2814 1511 lacrymas,
2843 1442 3107 1496 sociorum
3137 1449 3193 1497 et
3212 1451 3335 1497 vota
3364 1450 3575 1498 tuorum
3626 1456 3631 1463 '

2090 1530 2322 1586 Auribus
2355 1546 2386 1585 e
2416 1530 2550 1585 solio
2575 1531 2781 1587 cmlesti
2811 1532 3011 1587 audivit
3041 1533 3241 1603 apertis
3259 1575 3274 1599 ,

2092 1620 2395 1689 Deposeeus
2419 1618 2629 1699 tibimet
2657 1620 2821 1672 vitam
2851 1619 3008 1673 simul
3035 1628 3195 1691 atque
3221 1622 3467 1684 salutem.

2017 1685 2067 1749 Β
2094 1685 2222 1763 Esto
2246 1716 2425 1762 tamen
2448 1685 2645 1777 quarto
2671 1707 2921 1783 veniente
2940 1685 3160 1778 parattis
3182 1710 3236 1764 in
3265 1725 3406 1765 anno
3423 1753 3437 1774 ,

2089 1799 2208 1869 Ipse
2232 1813 2332 1867 ego
2359 1808 2487 1854 tunc
2506 1799 2703 1853 iterum
2728 1798 2940 1852 veniam
2969 1806 3023 1865 te
3045 1800 3240 1865 visere,
3270 1814 3393 1855 nam
3430 1808 3489 1856 tu

2056 1940 2065 1953 ,
2092 1894 2356 1963 Tempore
2378 1888 2667 1965 tranquillo
2694 1892 2883 1960 patriae
2906 1895 3153 1949 morieris
3176 1894 3231 1949 in
3252 1894 3386 1955 oris.
3402 1967 3407 1971 η
3423 1913 3445 1946 ι

2090 1985 2377 2057 Angelieos
2410 1986 2659 2055 sequitur
2681 1988 2913 2043 monitus
2938 2002 3061 2042 mox
3094 1988 3205 2042 vita
3233 1987 3517 2058 salusque,

2090 2076 2203 2132 Nec
2226 2070 2599 2146 non’explctos
2623 2085 2745 2151 post
2773 2076 3026 2147 quattuor
3049 2078 3226 2132 exitus
3254 2092 3443 2145 annos,

2093 2166 2342 2223 Praesulis
2366 2168 2565 2239 egregii
2589 2169 2844 2237 praedicto
2870 2178 2954 2222 est
2978 2167 3086 2223 ﬂne
3111 2174 3348 2231 secutus.

2098 2257 2189 2314 Sic
2210 2266 2264 2312 et
2295 2257 2348 2311 in
2374 2257 2622 2323 ecclesia,
2653 2273 2815 2327 quam
2844 2256 2991 2311 Petri
3018 2257 3189 2312 erexit
3213 2257 3457 2323 honore,

2097 2349 2346 2420 llripensi
2371 2358 2453 2406 est
2479 2351 2709 2421 positus,
2738 2348 2865 2405 felix
2895 2349 2947 2403 in
2975 2365 3108 2421 pace
3137 2350 3392 2420 sepultus.

2099 2442 2194 2496 Vir
2221 2455 2431 2511 quoque
2455 2440 2784 2510 temporibus
2804 2447 3025 2495 sanctus
3054 2438 3289 2510 fulgebat
3317 2439 3369 2493 in
3393 2439 3520 2505 illis,

2098 2532 2405 2603 Angelicam
2429 2531 2755 2587 Cutlihertus
2785 2544 2810 2572 ο
2840 2547 3005 2602 agens
3034 2531 3088 2586 in
3114 2544 3337 2603 corpore
3357 2533 3553 2595 vitam,

2101 2616 2203 2691 Qui
2232 2624 2332 2678 fuit
2360 2639 2389 2678 a
2414 2638 2582 2693 puero
2604 2622 2772 2694 signis
2805 2623 3030 2692 insignis
3052 2621 3250 2691 apertis
3272 2661 3286 2686 ,

2103 2713 2341 2771 Moribus
2368 2722 2422 2768 et
2451 2714 2657 2768 meritis
2679 2713 2860 2767 statim
2886 2710 3150 2766 succrevit
3175 2709 3449 2774 honestis;

2101 2806 2277 2874 Atque
2302 2819 2524 2859 manens
2552 2804 2844 2860 monachus
2870 2803 3127 2873 primrevo
3156 2809 3393 2870 tempore
3422 2800 3597 2855 clarus

2103 2894 2301 2949 Doctor
2331 2893 2656 2961 apostolicus
2686 2891 2805 2955 fuit,
2830 2892 2956 2945 hinc
2981 2898 3035 2945 et
3064 2887 3344 2958 presbyter
3367 2888 3556 2952 almus,

2030 3017 2080 3083 α
2106 2986 2174 3041 Et
2195 2986 2311 3041 loca
2342 2980 2634 3083 fructiferis
2658 2984 2871 3083 repiens
2898 2979 3336 3083 inculta.viretis,

2107 3073 2368 3130 Fontibus
2391 3071 2607 3128 atternis
2635 3070 2868 3126 sitientia
2895 3077 3050 3139 prata
3076 3067 3320 3137 rigabat;

2106 3164 2295 3219 Divina
2321 3172 2375 3219 et
2398 3170 2619 3218 cunctos
2640 3160 2881 3216 formans
2906 3159 3109 3212 virtute
3130 3168 3388 3226 sequaces
3404 3164 3427 3221 ,'

2106 3252 2380 3323 Dogmatis
2408 3251 2627 3306 aitherei
2653 3250 2832 3303 radios
2852 3248 3137 3317 spargebat
3157 3246 3354 3315 ubique
3371 3285 3388 3313 ,

2108 3339 2689 3401 Discutienstenebras
2716 3353 2979 3413 errorum,
3010 3337 3128 3393 luce
3153 3350 3365 3399 serena.

2106 3432 2203 3487 Est
2230 3431 2379 3487 locus
2403 3431 2615 3487 Oceano
2644 3416 2819 3485 dictus
2846 3429 3162 3499 cognomine
3187 3428 3392 3494 Farne,

2107 3524 2281 3580 lnsula
2306 3523 2468 3580 fontis
2491 3525 2662 3590 inops,
2696 3520 2865 3589 frugis
2888 3528 2942 3573 et
2969 3520 3179 3573 arboris
3203 3532 3425 3587 expers;

2109 3615 2259 3670 Hanc
2291 3614 2426 3682 petit
2453 3612 2745 3679 intrepidus
2763 3610 2961 3665 Christi
2995 3610 3220 3664 bellator
3246 3610 3455 3679 opimus
3474 3648 3490 3674 ,

2107 3702 2560 3772 Contemplativos
2582 3701 2802 3771 cupiens
2827 3708 2881 3754 et
2905 3715 3127 3770 carpere
3152 3699 3351 3762 ﬂores;

2110 3793 2227 3862 lpse
2250 3790 2361 3846 Deo
2386 3791 2485 3846 soli
2508 3791 2656 3847 solus
2681 3792 2884 3847 servire
2912 3791 3135 3861 sategit,

2112 3882 2189 3938 Ne
2216 3884 2521 3938 mundanus
2545 3884 2717 3939 honor
2738 3890 2970 3937 mentem
3002 3889 3235 3936 mutaret
3263 3880 3514 3940 alacrem.

2115 3973 2213 4029 llic
2241 3974 2474 4028 Eremita
2505 3989 2658 4029 sacer
2684 3988 2788 4028 non
2814 3987 2978 4041 parvo
3014 3979 3255 4040 tempore
3282 3971 3443 4032 vixit,

2117 4064 2322 4132 Stepius
2343 4063 2595 4132 angelicis
2629 4062 2755 4115 felix
2784 4060 3031 4113 affatibus
3058 4073 3221 4122 usus,
3375 4052 3394 4071 ⁸

2117 4153 2315 4207 Toxica
2346 4148 2607 4205 mortiferi
2637 4150 2883 4203 vincebat
2914 4148 3019 4202 tela
3055 4147 3320 4203 draconis.

2114 4240 2368 4295 Attamen
2395 4242 2696 4295 abstractus
2725 4239 2907 4311 multis
2941 4236 3295 4309 rogitantibus
3321 4236 3461 4301 inde,

2041 4355 2095 4417 Ι)
2119 4330 2355 4385 Tandem
2382 4331 2652 4385 consensit
2679 4338 2941 4385 secretam
2965 4329 3204 4399 linquere
3230 4328 3407 4384 sedem
3427 4369 3441 4392 ,

2116 4423 2498 4493 Pontificisque
2527 4425 2770 4495 gradum,
2801 4424 3008 4493 populis
3028 4432 3081 4479 et
3104 4439 3229 4495 rege
3255 4431 3471 4478 coactus
3488 4461 3503 4484 ,

2117 4516 2445 4585 Quandoque
2469 4516 2703 4585 suscepit
2727 4516 2938 4571 cunctis
2964 4515 3242 4569 orantibus
3268 4515 3414 4567 illum
3443 4528 3458 4577 ;

2118 4610 2381 4667 Nobiliter
2412 4610 2550 4663 binis
2576 4610 2732 4676 digne
2757 4622 2915 4674 quem
2945 4606 3082 4659 rexit
3104 4606 3154 4658 in
3183 4605 3335 4657 annis
3354 4643 3368 4667 ,

2118 4704 2355 4758 Plurima
2383 4698 2703 4768 conquirens
2738 4697 3037 4750 animarum
3059 4695 3207 4749 lucra
3236 4692 3499 4759 Tonanti,

2118 4796 2187 4849 Et
2208 4795 2345 4848 bene
2369 4789 2712 4859 commissum
2739 4786 2952 4842 sibimet
2982 4785 3215 4840 servavit
3237 4783 3376 4840 ovile
3393 4823 3409 4851 ,

2120 4884 2197 4937 Ne
2222 4883 2375 4950 lupus
2398 4877 2655 4933 insidians
2682 4876 2881 4931 Christi
2902 4875 3183 4929 derodcret
3210 4888 3394 4943 agnos.

2121 4973 2226 5027 Sed
2254 4987 2378 5025 mox
2404 4969 2655 5023 mundani
2686 4967 2894 5022 culmen
2924 4966 3110 5020 vitavit
3137 4965 3383 5027 honoris,

2118 5065 2232 5133 lpsc
2256 5058 2455 5132 petens'
2477 5062 2672 5117 iterum
2696 5059 2835 5114 soliti
2860 5064 3061 5111 secreta
3088 5054 3306 5119 cubilis;

3282 5187 3435 5245 Vers.
3476 5190 3542 5243 67
3556 5192 3597 5243 ι.

2187 5329 2211 5368 d
2245 5328 2380 5383 Beda
2412 5302 2532 5381 ubi.
2562 5344 2614 5385 v.
2646 5343 2761 5396 cap.
2793 5326 2879 5379 ao.

2195 5411 2213 5431 θ
2248 5398 2554 5451 Cur/ibertas
2596 5393 2844 5468 Epr’ita
2885 5394 3233 5468 ct_.m_iraeula
3267 5393 3421 5468 illius
3450 5404 3515 5468 ex
3542 5402 3665 5468 ven.

2120 5470 2275 5521 Beda.
2299 5476 2428 5519 tom.
2451 5468 2491 5519 γ
2508 5456 2757 5534 Ορρῐύῐη,
2780 5465 3092 5533 Ρςιῑῐοιοείαῖ
3114 5474 3239 5516 tom.
3267 5460 3441 5515 XCIV.
3472 5456 3667 5511 Mabill.

2120 5555 2241 5590 seu.
2274 5555 2307 5590 ιι
2337 5536 2531 5591 Betied.
2554 5544 2697 5601 part.
2732 5551 2765 5585 ι.
