4268 6220
543 335 645 392 827
1359 330 1418 383 B.
1462 330 1521 385 F.
1564 328 1789 385 ALBINI
1828 329 1959 386 SEU
2000 327 2278 384 ALCUINI
2317 327 2605 385 OPERUM
2642 328 2820 421 PARS
2860 330 2944 384 VI.
3599 355 3602 357 λ
3688 331 3785 387 8‘23

539 445 718 515 Atque
746 444 819 498 ibi
848 443 1130 512 praesentis
1151 451 1487 511 spectaverat
1510 441 1701 497 ultima
1730 444 1884 506 vitte,

542 535 779 604 Qua-que
803 534 900 589 Dei
925 534 1111 589 famuli
1137 541 1353 589 sacrata
1376 542 1461 588 est
1486 532 1659 587 insula
1692 543 1884 586 morte.

542 624 678 679 Nam
708 625 859 682 locus
885 626 975 680 ille
1004 626 1141 679 nitet
1166 625 1336 696 signis
1362 626 1640 694 hucusque
1667 621 1908 680 coruscis
1927 666 1940 690 ,

541 716 619 769 Ex
649 729 757 784 quo
780 714 1052 785 pontiﬁcis
1076 715 1327 784 linquens
1351 714 1625 785 ergastula
1652 714 1835 769 carnis

543 805 777 876 Spiritus
803 807 911 861 alta
932 816 1122 876 petens
1151 806 1362 861 scandit
1392 820 1552 877 super
1580 815 1725 864 astra
1752 807 1997 876 polorum

538 896 649 951 Nec
674 911 782 952 non
814 904 869 952 et
894 898 1059 953 claris
1084 897 1219 952 liunt
1247 897 1507 954 miracula
1532 899 1695 953 rebus
1714 938 1729 963 ,

454 1062 459 1063 γ
539 985 706 1042 Facta
736 986 854 1042 loco
885 1002 1100 1043 sacrum
1129 995 1322 1056 pausat
1347 1002 1455 1057 quo
1482 1002 1680 1057 corpus
1706 988 2015 1053 humatum,

539 1077 707 1149 Cujus
730 1086 843 1133 tota
870 1077 975 1134 fuit
998 1079 1311 1135 cmlestibus
1339 1080 1539 1151 inclyta
1565 1080 1736 1151 signis
1753 1122 1770 1147 ,

545 1168 728 1240 Usque
742 1171 893 1225 diem
923 1171 1132 1235 mortis,
1164 1171 1423 1241 primazvo
1449 1181 1697 1241 tempore
1713 1173 1843 1227 vita.

537 1259 732 1317 Omnia
755 1276 877 1332 quae
905 1261 1108 1317 dudum
1128 1262 1425 1332 praeclarus
1448 1262 1591 1318 Beda
1618 1260 1870 1320 sacerdos

538 1354 792 1412 Prosaice
814 1355 1051 1425 primum
1075 1358 1296 1428 scripsit
1320 1370 1571 1413 sermone
1594 1357 1851 1429 magister
1868 1398 1882 1423 ,

536 1443 611 1501 Et
632 1454 757 1517 post
779 1447 1228 1520 heroicmceeiuit
1258 1447 1524 1529 miracula
1546 1456 1706 1504 versu
1736 1461 1786 1501 ι.

543 1541 790 1608 Qualiter
814 1542 1089 1613 angelicos
1115 1542 1355 1599 monitus
1378 1542 1642 1598 medicina
1672 1549 1855 1598 secuta
1886 1549 1967 1598 est
1984 1584 2000 1609 ,

538 1633 678 1689 Dum
716 1643 897 1690 tumor
925 1618 980 1690 in
1003 1642 1192 1692 tenero
1217 1634 1488 1691 sucerevit
1512 1648 1739 1704 corpore
1766 1632 1999 1689 fervens.
2028 1630 2035 1635 ’

537 1724 647 1778 Aut
668 1725 938 1794 quomodo
960 1725 1075 1795 ipse
1092 1739 1232 1795 puer
1258 1724 1435 1781 ventis
1460 1738 1559 1795 per
1586 1724 1782 1779 caerula
1809 1739 2014 1795 puppes

537 1813 778 1883 Iactatus
796 1816 1050 1888 precibus
1073 1819 1363 1874 revocabat
1389 1816 1459 1872 ab
1479 1832 1699 1887 :equore
1722 1818 1937 1887 quinas.

539 1904 784 1972 Qualiter
808 1889 904 1962 aut
927 1908 1165 1963 animam
1185 1906 1318 1963 ferri
1342 1922 1503 1977 super
1525 1914 1672 1962 astra
1695 1906 1915 1962 videbat

538 1998 795 2054 Pratsulis
822 1997 1046 2066 Aidani,
1078 2009 1295 2056 teneros
1324 2000 1449 2069 dum
1478 2007 1730 2070 pasceret
1754 2016 1939 2072 agnos.

539 2090 854 2147 Ccelicolam
876 2091 1148 2162 quomodo
1176 2100 1394 2151 terreno
1420 2108 1560 2164 pane
1586 2092 1772 2149 fovere

542 2188 677 2244 Dum
712 2198 952 2261 cuperet,
984 2191 1185 2245 meruit
1208 2190 1459 2247 ccelestes
1486 2206 1702 2247 sumere
1725 2190 1794 2246 ab
1822 2190 1930 2246 illo.

546 2280 617 2337 Ut
641 2281 830 2337 bellua:
854 2281 1089 2354 gelidum
1110 2282 1239 2338 villo
1268 2280 1503 2352 ﬂatuque
1535 2281 1823 2349 fovebant,

539 2374 865 2430 Cernentem
888 2374 1112 2432 fratrem
1144 2376 1334 2433 morbo
1358 2376 1620 2447 culpaque
1643 2376 1872 2432 relaxat.

542 2463 721 2534 thue
746 2464 1019 2534 precando
1048 2464 1247 2519 famem
1275 2466 1548 2535 projectus
1575 2466 1643 2521 ab
1672 2480 1889 2534 aequore
1918 2464 2095 2519 nautis

540 2556 800 2623 Abstulit,
828 2566 883 2612 et
907 2564 1119 2613 certum
1143 2558 1397 2628 prmdixit
1420 2559 1611 2613 adesse
1636 2572 1907 2613 serenum.

541 2646 651 2701 Aut
677 2647 1043 2718 quomodoex
1076 2647 1255 2718 aquila
1285 2648 1461 2703 delato
1486 2649 1633 2719 pisce
1656 2648 1943 2703 cibandum

542 2740 615 2795 Se
644 2741 960 2812 sociumque
987 2757 1143 2797 suum
1172 2740 1443 2811 prtedixit,
1471 2749 1525 2797 et
1554 2750 1640 2797 est
1662 2741 1739 2796 ita
1768 2726 1988 2796 factum.

539 2831 704 2903 249
724 2830 832 2886 Aut
849 2833 1125 2902 quomodo
1145 2832 1396 2887 ardentes
1423 2833 1620 2887 avertit
1638 2833 1707 2885 ab
1726 2830 1930 2885 aedibus
1952 2829 2122 2900 ignes,

540 2923 861 2979 Incumbens
884 2924 1157 2994 precibus,
1181 2923 1438 2993 juvenum
1464 2937 1600 2993 quos
1630 2923 1821 2977 dextra
1845 2921 2119 2991 nequibat.

544 3011 881 3069 Daemoniaca
913 3013 1130 3084 quidem
1157 3012 1242 3067 vel
1265 3011 1497 3083 qualiter
1521 3026 1658 3065 uxor
1685 3011 1752 3066 ab
1783 3009 1873 3063 illo

542 3105 627 3161 Sit
651 3113 860 3172 sanata,
882 3106 1034 3175 prius
1058 3121 1218 3175 quam
1251 3112 1392 3159 tecta
1423 3104 1661 3175 rogantis
1688 3103 1892 3158 inisset.

533 3200 823 3257 Dzemones
848 3209 942 3256 aut
966 3200 1237 3269 quomodo
1266 3208 1484 3254 sanctus
1509 3198 1575 3253 de
1601 3199 1781 3253 Farne
1806 3198 2069 3268 malignos

542 3291 839 3362 EXpulerit,
865 3291 1021 3362 juxta
1049 3290 1256 3346 faciens
1280 3290 1382 3345 sibi
1405 3297 1544 3359 tecta
1565 3289 1838 3343 manendi.

543 3382 617 3437 Ex
645 3382 797 3437 sicco
825 3391 885 3437 ut
918 3381 1179 3452 liquidam
1201 3380 1428 3450 poduxit
1456 3378 1659 3449 cespite
1686 3377 1980 3449 lympham,

541 3474 672 3543 Qure
701 3475 770 3530 ad
796 3481 982 3529 votum
1005 3474 1181 3529 Patris
1210 3475 1504 3544 praestabat
1529 3475 1583 3527 in
1616 3489 1712 3529 ore
1735 3488 2003 3548 saporem.

542 3568 787 3637 Qualiter
810 3567 924 3637 ipse
951 3566 1053 3622 sibi
1078 3579 1305 3620 messem
1329 3566 1558 3621 sevisset
1586 3565 1638 3618 in
1673 3579 1824 3634 agro,

498 3676 505 3681 λ
545 3661 609 3715 Et
634 3660 881 3716 volucres
905 3659 1073 3714 verbo
1104 3666 1313 3712 tantum
1343 3655 1642 3726 pepulisset
1672 3657 1739 3708 ab
1770 3654 1889 3707 illa-

547 3753 619 3807 Ut
645 3768 796 3808 mare
827 3767 949 3809 cum
976 3750 1150 3807 belvis
1178 3758 1371 3807 sancto
1391 3750 1598 3805 servire
1623 3747 1849 3803 solebat.

551 3842 793 3897 Plurima
817 3844 1057 3898 veridico
1076 3843 1329 3914 prtedixit
1353 3852 1407 3898 et
1430 3857 1525 3897 ore
1555 3841 1755 3903 futura,

552 3934 628 3988 De
651 3946 728 3997 se,
754 3932 927 4001 deque
949 3931 1090 3995 aliis,
1123 3947 1243 3999 quae
1271 3932 1531 4005 praescius
1559 3938 1684 3985 ante
1718 3928 1958 3985 videbat.

546 4024 793 4091 Qualiter
816 4021 969 4076 uxori
998 4021 1237 4086 comitis,
1264 4020 1353 4076 cui
1381 4020 1607 4075 miserat
1633 4021 1833 4075 undam

549 4116 797 4180 Sacram,
832 4113 1072 4169 restituit
1098 4111 1320 4183 depulsa
1340 4118 1489 4182 peste
1510 4110 1756 4165 salutem.

546 4206 852 4261 Cbrismate
881 4204 960 4259 sic
980 4203 1269 4274 quamdam
1300 4208 1587 4275 sanaverat
1614 4200 1729 4270 ipse
1758 4203 2074 4267 perunctam

545 4294 586 4349 A
616 4294 802 4350 morbo
826 4278 1343 4364 lateris-capitisque
1369 4291 1553 4347 dolore
1577 4289 1831 4361 puellam.

458 4388 463 4395 ’
556 4387 630 4443 Ut
660 4386 981 4443 benedictus
1011 4387 1139 4442 item
1165 4385 1376 4441 delatus
1397 4384 1554 4455 panis
1581 4381 1649 4438 ab
1679 4382 1772 4438 illo

550 4476 815 4533 lmmissis
839 4476 1077 4546 lymphis
1104 4476 1393 4544 quemdam
1418 4480 1706 4529 sauaverat
1724 4488 1945 4545 aegrum.

549 4568 793 4638 Qualiter
820 4574 917 4621 aut
931 4565 1187 4635 juvenem
1215 4564 1537 4617 moriturum
1566 4562 1706 4617 forte
1732 4562 1909 4617 viator

550 4656 833 4730 Repperit,
858 4653 1064 4711 orando
1083 4651 1173 4709 cui
1198 4650 1435 4706 reddidit
1456 4650 1570 4720 ipse
1600 4649 1849 4729 salutem.
1927 4718 1931 4725 η

552 4750 624 4807 Ut
646 4752 768 4820 pius
790 4756 954 4820 atque
980 4746 1163 4812 Pater,
1181 4744 1388 4799 ‘morbo
1409 4749 1659 4798 vastante
1682 4741 1990 4806 Britannos,

550 4841 808 4896 l’raadixit
834 4839 997 4895 matri
1024 4837 1244 4907 natique
1274 4836 1575 4904 domusque
1598 4832 1849 4888 salutem.

553 4929 796 4997 Qualiter
818 4938 912 4984 aut
933 4928 1172 4983 animam
1192 4925 1427 5003 pastoris
1447 4926 1515 4980 ab
1544 4925 1738 4980 arbore
1761 4921 1894 4994 lapsi

559 5018 847 5091 Angelicos
870 5017 1006 5073 ccelo
1033 5026 1207 5072 cretus
1228 5014 1431 5069 inferre
1456 5015 1684 5071 videret.

555 5110 734 5181 Atque
760 5122 918 5166 suum
948 5113 1225 5177 :egrotans
1254 5112 1541 5158 curaverat
1562 5105 1678 5173 ipse
1700 5104 2031 5169 ministrum,

553 5199 811 5257 Profluvii
837 5197 1048 5254 ventris
1074 5193 1255 5249 fuerat
1284 5193 1377 5263 qui
1408 5192 1527 5247 tabe
1552 5202 1823 5263 gravatus.

556 5292 801 5358 Qualiter
826 5288 1113 5345 undecimo
1137 5293 1259 5357 post
1282 5291 1511 5340 mortem
1534 5299 1731 5355 wrpus
1760 5286 1813 5340 in
1838 5301 1979 5341 anno

555 5381 829 5454 [ntegrum
855 5379 1035 5436 fuerat
1059 5387 1170 5435 tota
1191 5392 1315 5437 cum
1343 5384 1493 5433 veste
1518 5386 1814 5446 repertum.

627 5492 778 5550 Veis.
822 5492 944 5548 729.

631 5618 655 5647 -
684 5608 814 5663 Ven.
837 5608 1003 5677 Beda,
1024 5608 1243 5666 ibidem.
1268 5607 1466 5665 καθίει.
1490 5620 1614 5677 διες.
1640 5623 1677 5677 ιι
1702 5588 1901 5663 Βοηεάζ
1924 5614 2062 5677 part.
2090 5626 2126 5663 ι.

634 5677 978 5751 1jrAdiltrutfa
1013 5682 1154 5751 apud
1184 5679 1380 5737 Bedam
1409 5676 1713 5743 Edildrida,
1741 5694 1859 5747 cap.
1892 5676 1975 5746 ll),
2007 5676 2123 5733 libr.

566 5765 615 5804 Iv
645 5748 781 5805 llist.
812 5749 1017 5806 Eccles.

2142 447 2192 504 Α
2219 440 2592 497 Βίιδηιοηίίιευε
2613 443 2797 509 homo,
2825 459 2985 513 supra
3019 459 3178 514 quem
3211 444 3452 500 funditur
3483 447 3646 509 unda,

2221 530 2474 597 Sanatur,
2505 548 2688 589 sacros
2713 534 2891 589 Patris
2916 551 3037 605 qua:
3065 537 3271 590 laverat
3296 546 3466 592 antas.

2218 621 2387 693 Egra
2413 624 2637 678 trahens
2657 624 2876 693 quidam
2900 626 3131 695 suspiria
3157 627 3391 695 qualiter
3416 642 3579 683 orans

2217 713 2363 769 Illius
2385 715 2450 768 ad
2472 715 2737 769 tumulum
2763 715 2959 770 morbo
2979 720 3199 771 sanaths
3229 717 3297 771 ab
3330 717 3421 772 illo
3449 725 3552 771 est.

2216 803 2526 878 Languidus
2550 814 2717 876 utque
2744 807 2916 861 oculis
2947 816 3173 877 tangens
3203 809 3383 862 oraria
3407 807 3572 871 vasis,

2216 897 2362 954 Illius
2388 917 2456 955 ex
2485 901 2604 955 visu
2625 901 2776 956 dolor
2801 913 2856 957 et
2878 902 3052 973 caligo
3075 905 3323 959 recessit.

2215 988 2589 1057 Calceamenta
2621 992 2797 1049 Patris
2826 994 3063 1049 resoluto
3087 1012 3309 1067 corpore
3336 997 3553 1065 quidam

2215 1081 2427 1155 Induitg
2439 1094 2493 1138 et
2519 1085 2665 1139 sanis
2686 1086 2926 1155 perrexit
2944 1088 3215 1156 gressibus
3241 1088 3382 1143 inde.

2136 1250 2144 1258 .
2219 1172 2462 1240 Qualiter
2490 1174 2688 1230 infirmi
2711 1187 2975 1252 curentur
3002 1182 3256 1250 tegmine,
3286 1182 3385 1237 sub
3406 1199 3513 1253 quo

2221 1263 2457 1333 Spiritus
2476 1275 2622 1321 astra
2650 1264 2785 1338 petit
2813 1272 2985 1327 sancti
3009 1279 3235 1327 .terrena
3262 1274 3592 1344 nelinquens.

2292 1374 2424 1431 Ilznc
2441 1378 2681 1433 breviter
2709 1382 2880 1452 tetigi,
2912 1397 2979 1437 ne
3007 1391 3117 1439 tota
3148 1392 3332 1441 tacere
3357 1386 3571 1442 viderer

2220 1463 2425 1537 Inclyta
2465 1467 2633 1523 rurali
2662 1472 3036 1542 perstringens
3061 1476 3301 1531 carmine
3324 1486 3493 1545 gesta.

2220 1552 2347 1611 Haec
2374 1557 2628 1625 quoniam
2655 1561 2854 1615 cecinit
2866 1562 3049 1631 plenis
3068 1579 3191 1618 cum
3217 1567 3462 1623 versibus
3482 1568 3611 1623 olim

2218 1645 2521 1704 Praeclarus
2554 1649 2727 1706 nitido
2754 1652 2896 1707 Beda
2927 1671 3175 1712 sermone
3196 1660 3485 1727 magister;

2224 1736 2287 1792 Ni
2318 1742 2670 1810 praevenisset
2690 1754 2907 1802 nostras
2930 1749 3083 1817 prius
3112 1750 3225 1818 ipse
3254 1765 3508 1807 camenas
3526 1792 3540 1816 ,

2225 1827 2522 1900 Inciperem
2544 1830 2742 1903 lyricus
2763 1850 2952 1891 omnes
2978 1838 3266 1895 extendere
3295 1840 3475 1894 fibras.

2223 1919 2341 1976 Non
2366 1920 2516 1977 Pana
2542 1924 2804 1994 rogitans,
2833 1925 3024 1983 Phtnbi
3053 1943 3153 1983 nec
3179 1944 3376 1983 numen
3402 1930 3581 1996 inane,

2225 2010 2333 2068 Sed
2358 2020 2450 2067 tua
2478 2028 2602 2068 cum
2628 2024 2742 2070 toto
2768 2014 3024 2090 sulfragia
3049 2010 3211 2076 corde
3230 2014 3503 2089 precarer,

2224 2104 2297 2162 Ut
2323 2106 2456 2161 mihi
2484 2106 2761 2164 rorilluam
2793 2110 3042 2177 donares,
3074 2111 3309 2177 Christe,
3333 2113 3624 2184 loquelam,
3672 2104 3675 2107 ’

2221 2196 2305 2251 Ad
2328 2198 2598 2263 narranda
2623 2201 2698 2270 pii
2735 2202 2892 2272 digne
2920 2203 3187 2272 praeconia
3210 2203 3409 2260 Patris.

2292 2286 2527 2359 Belliger
2554 2288 2807 2358 ngridus
2832 2298 3115 2361 postquam
3143 2293 3269 2348 hinc
3292 2294 3414 2348 inde
3436 2295 3737 2365 triumphus

2150 2438 2151 2441 η
2224 2376 2505 2444 Cesserat,
2534 2388 2591 2435 et
2615 2370 2801 2450 gentes
2830 2382 3037 2437 domuit
3063 2384 3162 2438 sub
3190 2392 3363 2438 marte
3384 2382 3617 2446 feroces,

2222 2466 2446 2538 Accepit
2466 2484 2716 2539 sponsam
2738 2471 3074 2527 Adiltrudam
3108 2474 3137 2513 ι)
3166 2476 3383 2530 nomine
3402 2476 3621 2537 dictam.

2224 2554 2494 2612 Nobilium
2519 2561 2756 2627 genitam
2786 2561 2953 2631 regali
2981 2562 3146 2631 stirpe
3173 2573 3478 2633 parentum,

2184 2697 2191 2701 .
2224 2646 2468 2704 NobiliOr
2488 2649 2645 2720 longe
2665 2658 2815 2706 casta
2843 2666 2963 2720 qua:
2985 2661 3163 2708 mente
3195 2655 3467 2709 manebat.
3566 2677 3571 2681 υ

2226 2735 2361 2791 Nam
2385 2738 2514 2793 licet
2537 2739 2627 2793 illa
2654 2739 2794 2795 foret
2815 2732 3052 2797 thalamo
3077 2742 3359 2813 conjuncta
3381 2747 3631 2815 superbo.

2228 2827 2397 2900 Regia
2423 2831 2670 2886 bissenos
2696 2832 3024 2904 pariterjam
3054 2850 3247 2904 sponsa
3279 2851 3375 2905 per
3398 2852 3586 2901 annos,

2226 2919 2551 2975 Intemerata
2582 2930 2760 2976 tamen
2783 2925 3081 2993 permansit
3108 2926 3258 2995 virgo
3281 2941 3376 2994 per
3400 2942 3591 2989 :evum,

2226 3012 2371 3067 Inter
2388 3012 2511 3080 jura
2540 3002 2680 3067 thori
2709 3014 2932 3069 vincens
2955 3015 3201 3070 incendia
3229 3016 3430 3071 carnis.

2228 3102 2463 3172 Virginis
2489 3102 2629 3156 alma
2656 3102 2807 3168 fides,
2838 3105 2980 3175 regis
3003 3107 3261 3178 patientia
3290 3109 3456 3162 mira!

2230 3192 2475 3247 Vincitur
2500 3193 2589 3247 hic
2616 3195 2885 3263 precibus,
2917 3196 3011 3252 sed
3032 3212 3215 3254 amore
3239 3198 3499 3255 Tonantis
3524 3210 3575 3253 et
3607 3198 3725 3260 illa;
3810 3186 3817 3193 ’

2227 3284 2398 3339 Ambo
2425 3284 2595 3340 sacris
2624 3284 2746 3341 ﬁdei
2777 3287 3042 3342 ferventes
3068 3289 3279 3360 ignibus
3304 3291 3471 3355 intus,

2227 3375 2578 3432 Permansere
2608 3377 2767 3431 simul
2795 3377 2992 3447 conjux
3020 3395 3144 3434 cum
3178 3379 3403 3450 conjuge
3427 3382 3582 3437 casti.

2228 3467 2508 3537 Quamque
2538 3468 2745 3539 integra
2771 3467 2908 3523 foret
2933 3472 3118 3525 vivens
3140 3470 3194 3525 in
3218 3487 3442 3541 corpore
3472 3473 3644 3543 virgo,

2228 3559 2359 3615 Post
2382 3567 2611 3614 mortem
2633 3559 2892 3616 Dominus
2919 3561 3088 3632 signis
3106 3563 3359 3633 patefecit
3384 3566 3621 3635 apertis;

2228 3648 2364 3704 Nam
2398 3665 2527 3705 caro
2551 3666 2646 3705 sex
2669 3651 2837 3707 denos
2858 3652 3023 3706 etiam
3053 3654 3314 3707 tumulata
3338 3670 3433 3723 per
3460 3669 3629 3708 annos
3646 3695 3660 3717 ,

2229 3736 2546 3805 lncorrupta
2575 3738 2790 3806 quidem
2818 3746 2931 3793 tota
2958 3755 3078 3794 cum
3106 3752 3253 3795 veste
3279 3751 3494 3811 reperta
3524 3752 3625 3796 est.

2230 3828 2437 3899 Corpus
2462 3836 2581 3883 erat
2612 3836 2857 3898 vegetum
2882 3831 3064 3884 nervis
3090 3838 3143 3882 et
3163 3830 3338 3886 ﬂexile
3363 3820 3553 3895 totum,

2228 3920 2297 3974 Et
2316 3918 2483 3975 facies
2510 3918 2672 3974 rutilo
2702 3920 2939 3991 fulgebat
2967 3929 3151 3976 sancta
3181 3922 3393 3977 decore.

2230 4014 2299 4068 Et
2326 4013 2470 4083 quod
2493 4013 2615 4083 jure
2646 4014 2821 4085 magis
2849 4014 3077 4068 multum
3108 4014 3357 4070 mirabile
3382 4010 3527 4071 dictu
3558 4023 3640 4070 est

2230 4105 2370 4170 Ante
2397 4105 2514 4160 dies
2538 4106 2729 4160 mortis
2754 4106 2912 4160 binos
2938 4107 2992 4159 in
3022 4121 3249 4175 corpore
3277 4106 3494 4171 vulnus,

2232 4194 2383 4263 Quod
2415 4195 2659 4250 medicus
2681 4194 2809 4250 fecit
2833 4196 3001 4249 nimio
3028 4205 3251 4266 cogente
3280 4194 3493 4262 timore,

2229 4286 2469 4358 Apparet
2492 4304 2703 4354 sanum,
2730 4289 3047 4344 tenuissima
3074 4291 3189 4346 visa
3222 4291 3467 4355 cicatrix,

2233 4378 2442 4436 Ulceris
2468 4381 2772 4437 obtendens
2802 4382 3000 4437 veteris
3022 4382 3250 4451 vestigia
3281 4389 3510 4434 tantum.

2154 4506 2209 4569 Β
2231 4471 2412 4527 Vestis
2438 4472 2591 4537 item,
2622 4487 2807 4527 sacros
2834 4487 2956 4540 qua:
2983 4471 3119 4525 texit
3142 4469 3366 4539 virginis
3403 4476 3574 4533 artus,

2232 4560 2454 4631 Expulit
2476 4568 2716 4615 atrocem
2742 4558 2809 4613 de
2833 4558 3071 4612 obsessis
3098 4572 3238 4628 smpe
3265 4557 3599 4629 chelydrum.

2232 4651 2344 4706 Nec
2367 4666 2475 4705 non
2501 4649 2685 4703 tumba
2706 4649 2875 4719 prior,
2909 4649 3079 4703 tenuit
3103 4666 3223 4720 qua:
3250 4650 3475 4722 virginis
3496 4650 3652 4706 alma:

2234 4742 2593 4799 Sacrosancta
2620 4730 2742 4796 sinu
2770 4741 2869 4796 sub
2897 4741 3059 4797 terris
3080 4742 3327 4797 membra
3350 4751 3596 4811 recepta,

2234 4834 2534 4889 Exstiterat
2564 4834 2746 4890 multis
2772 4842 2971 4905 Optatae
2997 4850 3161 4891 causa
3186 4835 3398 4897 salutis,

2237 4924 2415 4995 Atque
2434 4925 2595 4996 aegris
2622 4926 2793 4995 oculis
2818 4932 3170 4997 praestaverat
3197 4925 3311 4993 ipsa
3338 4921 3619 4976 medelam.

2235 5015 2396 5071 Istius
2421 5031 2552 5087 ergo
2578 5031 2747 5074 sacrae
2775 5015 3068 5087 praedictus
3094 5013 3238 5068 Beda
3266 5012 3454 5082 puella:

2233 5108 2291 5163 In
2322 5109 2535 5166 laudem
2563 5109 2691 5166 fecit
2718 5106 2991 5179 prazclaris
3012 5106 3257 5160 versibus
3284 5106 3542 5179 hymnum
3565 5117 3612 5173 ς,

2235 5199 2575 5271 Quapropter
2602 5200 2754 5271 tetigi
2774 5198 2955 5269 parcis
2980 5196 3096 5253 lizec
3126 5214 3297 5269 pauca
3327 5199 3543 5264 libellis,

2239 5291 2310 5346 Ut
2328 5301 2453 5361 pote
2475 5302 2904 5347 commemorans
2928 5290 3127 5344 veteris
3154 5290 3440 5359 proverbia
3472 5288 3622 5355 dicti,

2244 5383 2323 5439 Tu
2348 5400 2416 5440 ne
2443 5384 2580 5446 forte
2608 5382 2751 5438 feras
2780 5382 2833 5436 in
2857 5382 3051 5437 silvam
3076 5381 3220 5453 ligna
3250 5384 3443 5437 viator.

3421 5491 3575 5547 Vcrs.
3617 5490 3738 5568 784.

2314 5621 2335 5647 ε
2380 5606 2845 5679 ῌῃηιηωπηΒβάδ
2875 5620 2993 5679 cap.
3021 5605 3101 5679 Δ29
3134 5608 3287 5678 cujus
3334 5604 3593 5660 Alcuinus
3638 5602 3810 5658 etiam

2239 5675 2567 5735 mentionem
2596 5677 2722 5731 facit
2744 5677 2796 5730 in
2823 5676 2975 5745 epist.
3013 5675 3132 5732 153.
