4268 6208
404 303 508 361 829

1143 289 1467 360 CARMINA.
1506 331 1576 340 -
1616 301 1704 380 DE
1743 259 2009 355 Pomm.
2052 295 2143 352 ET.
2181 295 2279 352 ss.
2323 293 2514 350 scen.
2558 289 2881 347 EBORAC.‘

3531 287 3634 341 850

403 419 554 474 Tunc
583 430 796 486 quoque
816 415 956 470 forte
975 414 1077 471 fuit
1094 408 1346 486 quiddam
1371 413 1717 470 memorabile
1735 420 1965 484 gestum,
1997 415 2046 475 Α
2069 408 2395 480 Ρι-ωοῳὶθηε
2422 416 2610 480 gentes
2635 407 2924 476 Scotorum
2949 403 3093 461 caede
3121 415 3340 461 cruenta

403 503 639 565 Estimo
674 509 819 578 quod
844 506 1030 562 multis
1045 506 1302 576 prodesse
1326 504 1626 576 legentibus
1646 504 1773 565 ista.

348 595 352 599 ”
403 599 463 656 Si
500 606 683 654 tamen
701 598 816 654 haec
841 597 1126 675 quisquam
1146 595 1417 665 reputabit
1442 594 1602 664 digna
1631 591 1876 664 legendo.

402 689 718 745 Exstinctos
747 687 890 759 regis
925 685 1092 742 frater
1119 685 1220 740 fuit
1243 684 1496 752 Elfwine
1524 696 1551 725 α
1578 683 1738 747 bello,

403 783 462 838 In
488 797 598 853 quo
622 779 781 835 miles
807 779 939 834 item
960 778 1178 848 quidam
1204 771 1514 846 prostratus
1542 773 1598 830 in
1629 773 1797 828 armis

403 871 611 929 Nobilis
631 871 662 911 ιι
685 868 939 926 occubuit
961 866 1165 922 crudeli
1193 871 1722 937 strage‘peremptus,

403 963 790 1033 Exanimistpie
817 960 960 1018 diem
982 959 1137 1016 duxit
1153 973 1279 1014 cum
1298 963 1454 1029 nocte
1477 956 1753 1026 sequenti;

403 1055 508 1124 Qui
530 1061 736 1119 tamen,
760 1052 1056 1108 exstinctos
1085 1050 1265 1104 anima
1289 1049 1545 1104 redeunte
1564 1062 1662 1117 per
1689 1053 1863 1112 artus,

403 1146 669 1204 Redditus
689 1150 775 1199 est
792 1143 937 1208 vitae,
967 1148 1022 1196 et
1046 1147 1256 1210 sumpta
1284 1139 1483 1194 virtute
1511 1139 1814 1202 valescens,

403 1233 582 1306 Atque
603 1233 777 1305 ligans
803 1232 1019 1306 sibimet
1044 1226 1324 1286 renitentia
1350 1227 1589 1293 vulnera,
1625 1227 1764 1282 festo

407 1325 585 1397 Coepit
610 1325 762 1380 abire
782 1318 972 1394 gradu,
1002 1318 1097 1376 sed
1121 1330 1310 1391 captus
1333 1320 1400 1375 ab
1419 1319 1684 1382 hostibus,
1709 1324 1871 1385 atque

407 1417 491 1472 Ad
510 1416 766 1473 comitem
792 1412 1080 1484 quemdam
1101 1422 1123 1451 ε
1151 1410 1350 1466 reﬂexo
1375 1418 1460 1466 est
1475 1405 1626 1465 ‘ealle
1651 1409 1938 1472 reductus;

408 1511 508 1568 Cui
537 1523 718 1573 comes
736 1504 972 1562 instituit
996 1507 1062 1562 de
1088 1519 1148 1560 se
1174 1497 1398 1558 narrar'e
1423 1490 1544 1572 quis
1563 1511 1729 1565 esset,

407 1603 504 1659 Ille
535 1603 713 1656 tamen
741 1598 935 1654 metuit
961 1597 1106 1654 clara
1128 1611 1188 1652 se
1208 1596 1376 1667 stirpe
1400 1593 1558 1649 fateri

406 1693 780 1767 Progenitum,
803 1691 1022 1748 dicens:
1052 1688 1261 1757 Pauper
1293 1701 1412 1741 sum
1441 1692 1497 1739 et
1520 1683 1754 1739 rusticus
1778 1697 1940 1747 unus,

375 1851 377 1856 ,
412 1787 587 1858 Atque
614 1785 848 1842 maritali
873 1783 1118 1839 vivebam
1133 1781 1257 1852 jure
1288 1780 1502 1850 ligatus.

411 1877 583 1945 Quem
603 1890 786 1932 comes
819 1873 1091 1944 accipiens
1122 1871 1298 1944 primo
1323 1884 1513 1926 curare
1541 1867 1766 1940 sategit;

411 1967 692 2030 Netamen
719 1963 1019 2036 aufugeret,
1044 1960 1239 2016 vinciri
1259 1959 1453 2029 jussit;
1483 1967 1538 2013 at
1565 1958 1654 2014 ille

412 2053 615 2111 Vinciri
646 2068 921 2124 nunquam
957 2050 1152 2123 potuit,
1181 2036 1316 2103 nam
1337 2056 1530 2104 cuncta
1554 2048 1751 2103 resolvi

412 2143 639 2204 Vincula
667 2149 857 2214 sponte
882 2157 980 2196 sua
1001 2138 1246 2194 mirando
1266 2152 1417 2193 more
1435 2137 1696 2191 solebant.

413 2239 541 2294 [hee
560 2238 689 2293 dum
716 2235 1009 2293 cernebant
1033 2231 1349 2305 stupefactis
1369 2229 1639 2286 mentibus
1667 2229 1875 2294 hostes,

412 2330 638 2385 Artibus
661 2343 727 2383 ex
756 2326 984 2398 magicis
1007 2340 1101 2381 seu
1132 2324 1349 2394 scriptis
1370 2337 1490 2378 esse
1519 2330 1790 2394 putantes,

415 2419 625 2490 Saepius
640 2417 909 2474 addebant
921 2415 1123 2486 priscis
1149 2428 1288 2468 nova
1314 2413 1527 2468 vincula
1549 2411 1760 2467 vinclis:

417 2509 533 2565 lloc
554 2509 743 2565 coines
766 2505 1042 2563 admirans
1069 2511 1273 2560 secrete
1301 2509 1559 2559 convocat
1592 2502 1771 2566 illum,

415 2599 483 2655 Et
506 2605 611 2656 κιαι·
635 2615 742 2655 non
761 2604 948 2669 posset
972 2595 1189 2676 vinciri,
1219 2595 1444 2665 inquirit
1473 2595 1540 2650 ab
1566 2592 1676 2659 illo,

412 2694 495 2748 An
514 2692 669 2764 prius
689 2699 782 2747 aut
799 2690 1040 2760 magicas
1059 2688 1333 2744 didicisset
1360 2686 1585 2740 forsitan
1617 2685 1797 2740 artes?

413 2782 585 2839 Nosse
607 2781 746 2837 nihil
769 2779 962 2837 studiis
982 2793 1042 2834 se
1067 2794 1135 2833 ex
1160 2777 1354 2833 talibus
1382 2776 1468 2830 ille
1497 2774 1716 2830 fatetur.

416 2874 580 2946 250
600 2873 698 2929 Est
722 2871 856 2933 mihi
879 2871 971 2928 sed
998 2870 1166 2926 frater
1188 2867 1216 2908 ἀ
1240 2869 1418 2925 devoti
1443 2867 1700 2938 pectoris,
1732 2866 1924 2937 inquit,

417 2965 592 3032 Quem
618 2965 752 3032 scio,
773 2964 916 3036 quod
939 2962 1154 3020 Christo
1180 2976 1281 3032 pro
1317 2975 1404 3015 me
1435 2959 1690 3015 solemnia
1711 2961 1892 3014 c‘antat

414 3057 731 3122 Missarum,‘
747 3053 1005 3125 quoniam
1029 3067 1116 3106 me
1135 3056 1289 3121 putat
1306 3063 1427 3104 esse
1449 3056 1807 3118 peremptum.

417 3147 484 3202 Et
510 3148 555 3204 si
581 3145 721 3203 forte
746 3144 983 3200 animam
1003 3156 1145 3196 nunc
1172 3134 1342 3194 altera
1365 3138 1473 3193 vita
1502 3145 1742 3202 teneret,

415 3238 565 3298 Illius
592 3227 681 3295 illa
707 3250 899 3309 preces
920 3241 1140 3306 propter
1160 3230 1460 3302 missasque
1489 3227 1796 3298 frequentes

417 3333 632 3396 Libera,
666 3329 853 3395 credo,
882 3324 1044 3394 foret,
1065 3338 1357 3397 poenasque
1380 3321 1634 3375 evaderet
1651 3332 1856 3374 omnes.

418 3421 572 3476 Tunc
597 3418 850 3490 cognovit
869 3430 992 3471 eum
1022 3414 1295 3482 responsis
1319 3411 1408 3465 ille
1434 3409 1664 3478 receptis

418 3514 538 3568 Dux
563 3510 676 3566 fore
698 3507 958 3579 praeclara
985 3504 1221 3576 genitum
1251 3502 1316 3556 de
1340 3501 1506 3569 stirpe
1532 3504 1856 3570 parentum;

419 3605 489 3662 Et
506 3602 752 3676 quamvis
779 3599 996 3655 sibimet
1018 3586 1165 3652 visus
1187 3593 1257 3649 sit
1278 3591 1400 3662 jure
1425 3591 1722 3655 necandus,

420 3697 595 3780 Eripit
619 3696 765 3750 hunc
787 3690 970 3756 morti,
995 3688 1208 3746 cuidam
1235 3686 1328 3742 sed
1350 3683 1589 3768 vendidit
1609 3683 1778 3748 illum,

315 3797 328 3809 ‘
419 3789 524 3857 Qui
551 3776 766 3860 quoque
790 3791 962 3840 tentat
983 3796 1110 3838 eum
1135 3779 1270 3835 diris
1289 3778 1494 3835 vincire
1520 3776 1746 3840 catenis,

379 3876 382 3880 ’
421 3878 534 3934 Nec
558 3877 756 3948 potuit,
783 3872 1041 3944 quoniam
1062 3871 1319 3941 praedicto
1347 3867 1496 3922 mor'e
1518 3866 1742 3928 solutus,

422 3967 585 4022 Liber
609 3965 678 4019 ab
703 3951 968 4031 impositi's
988 3958 1299 4013 remanebat
1325 3967 1549 4024 corpore
1575 3952 1785 4008 vinclis.

426 4057 637 4128 Stepius
663 4055 781 4110 hmc
803 4050 1053 4122 equidem
1077 4048 1173 4104 sed
1195 4046 1440 4118 prastitit
1470 4045 1600 4100 hora
1631 4043 1737 4099 diei
1771 4118 1778 4124 ἱ

423 4147 630 4214 Tertia,
660 4161 768 4216 qua
794 4143 964 4200 frater
985 4141 1274 4196 missarum
1303 4138 1441 4194 dona
1464 4135 1670 4192 solebat
1778 4192 1784 4196 ,

421 4240 598 4297 Corde
617 4236 815 4294 offerre
839 4235 964 4307 pio;
989 4233 1248 4288 Dominus
1274 4229 1556 4299 dumtalia
1583 4226 1757 4282 cernit

424 4333 580 4398 Mira,
612 4329 922 4386 facultatem
946 4325 1038 4381 dat
1066 4322 1117 4379 ei
1147 4335 1262 4377 sese
1288 4318 1602 4375 redimendi.

423 4425 587 4480 Liber
612 4430 670 4477 et
697 4420 788 4476 ille
819 4416 962 4473 redit
992 4415 1149 4487 pretii
1180 4413 1278 4468 sub
1293 4409 1415 4480 jure
1439 4409 1776 4484 redemptus,

424 4517 602 4584 Atque
621 4513 843 4568 domum
864 4517 1112 4579 repetens
1136 4511 1453 4566 narraverat
1477 4504 1656 4558 omnia
1687 4500 1861 4565 fratri,

429 4604 538 4660 Sed
561 4599 832 4658 referente
854 4597 947 4653 illo
967 4585 1221 4748 cognorit
1249 4605 1489 4666 tempora
1513 4594 1680 4648 frater

429 4695 546 4748 Illa.
574 4691 770 4748 quibus
793 4687 988 4744 vinclis
1009 4686 1150 4741 resol
1192 4694 1303 4738 tum
1326 4699 1384 4738 se
1412 4683 1679 4738 referebat

426 4695 546 4762 Illa,
574 4691 770 4766 quibus
793 4687 988 4744 vinclis
1009 4683 1303 4748 resolutum
1326 4699 1384 4738 se
1412 4683 1700 4746 referebat,

429 4788 558 4846 l‘lzec
575 4785 764 4843 eadem
787 4782 926 4848 ﬁeri,
953 4780 1151 4852 quibus
1173 4785 1227 4833 et
1248 4774 1504 4832 solemnia
1535 4786 1747 4842 semper

433 4873 718 4934 Missarum
748 4873 1049 4931 celebrasse
1070 4870 1179 4925 Deo
1201 4881 1319 4923 sese
1344 4863 1632 4920 recolebat.

499 4963 724 5022 Praefuit
741 4962 997 5033 ngridus
1023 4972 1046 5001 ο
1071 4973 1234 5032 regno
1258 4956 1486 5012 feliciter
1515 4953 1670 5007 annis

432 5056 541 5112 Ter
565 5053 746 5126 quinis
771 5051 977 5109 faciens
1001 5050 1249 5106 victricia
1270 5047 1428 5113 bella,
1460 5059 1738 5117 quousque

403 5146 752 5220 'Agminibus
780 5144 961 5200 missis
988 5144 1168 5199 animo
1195 5151 1341 5198 trans
1367 5154 1580 5211 aequora
1604 5153 1766 5200 saevo,
1858 5180 1873 5197 .

506 5257 660 5317 Vers.
701 5255 825 5312 857.

509 5382 534 5412 α
574 5367 844 5440 lElfwine.
876 5363 1028 5434 Apud
1043 5359 1264 5440 pedatu
1283 5363 1479 5440 libmv,
1507 5376 1625 5432 cap.
1651 5359 1738 5415 22.

508 5443 538 5482 ιι
572 5431 799 5496 Nomine
819 5431 1004 5491 Imma.
1042 5432 1207 5499 Beda,
1231 5431 1446 5492 ibidem.

511 5522 547 5551 οι
581 5509 928 5575 Adcomitem
956 5503 1099 5575 regis
1118 5500 1552 5575 Edilredi.‘Apud
1580 5501 1797 5575 Bedam.

505 5580 533 5622 ιι
557 5579 656 5636 Cui
673 5571 874 5635 nomen
895 5568 1236 5636 eratTunna,
1257 5568 1538 5641 presbyter
1550 5581 1605 5628 et
1623 5570 1807 5641 abbas.
1829 5568 1996 5641 Beda.

483 5662 538 5692 -ε
575 5647 824 5721 ngridus
858 5639 1373 5721 rcxjorthumbritc
1413 5639 1542 5696 Obiit
1584 5657 1719 5714 anno
1751 5640 1872 5697 68:3.
1905 5639 2000 5694 Bc-

443 5723 510 5778 da
537 5716 658 5779 libi.
687 5735 763 5788 tv,
799 5731 914 5787 cap.
943 5716 1030 5771 26.

2073 501 2300 558 Vastare
2326 503 2607 565 innocuas,
2632 499 2819 570 Anglis
2839 506 2892 553 et
2921 495 3133 567 semper
3161 498 3362 552 amicas
3378 536 3394 561 ,

2071 596 2194 652 Mox
2219 596 2477 651 adversus
2504 608 2627 648 eum
2651 592 2818 647 Pictis
2835 589 3181 654 bellantibus,
3209 589 3323 658 ipse

2071 687 2335 744 Occubuit
2357 687 2534 741 victus
2557 684 2754 738 misera
2779 697 2898 736 cum
2930 679 3081 736 clade
3103 694 3319 734 suorum
3336 717 3355 747 ,

2070 777 2284 848 Imperii
2312 775 2558 843 linquens
2579 771 2808 826 Altfrido
2839 770 2857 809 τ
2891 770 3130 839 regmina
3160 767 3339 834 fratri,

2073 867 2177 935 Qui
2204 861 2374 921 Sacris
2398 864 2572 918 fuerat
2593 860 2784 918 studiis
2812 860 3046 914 imbutus
3079 860 3145 914 ab
3178 859 3342 912 annis-

2075 956 2275 1012 .IEtatis
2297 957 2503 1026 primae,
2540 953 2715 1008 valido
2741 965 2987 1008 sermone
3014 950 3251 1020 sophista
3274 990 3288 1014 ,

2074 1049 2216 1102 Acer
2242 1055 2298 1102 et
2321 1046 2555 1118 ingenio,
2584 1043 2723 1097 idem
2753 1058 2848 1096 rex
2870 1041 3028 1095 simul
3055 1049 3215 1108 atque
3243 1038 3518 1109 magister.

2075 1136 2298 1193 Praefuit
2323 1136 2576 1190 Ecclesia:
2595 1132 2931 1187 venerandus
2956 1131 3094 1185 Bosa
3128 1132 3152 1169 ε
3177 1130 3448 1191 sacerdos,

2073 1225 2382 1299 Condignis’
2403 1223 2590 1294 gradui
2615 1221 2825 1275 meritis
2854 1228 2981 1273 tunc
3003 1219 3262 1288 temporis
3282 1218 3408 1282 alto,

2074 1316 2174 1371 Vir
2195 1315 2509 1378 monachus,
2533 1311 2752 1382 prtesul,
2783 1311 2972 1366 doctor
2998 1311 3331 1374 moderatus,
3361 1309 3644 1372 honestus,

2077 1405 2248 1474 Quem
2269 1404 2448 1463 divina
2473 1403 2643 1458 sacris
2661 1399 2921 1455 virtutum
2956 1399 3128 1470 gratia
3151 1398 3311 1453 sertis

2077 1493 2413 1563 Compserat,
2444 1499 2499 1546 et
2523 1490 2704 1552 multis
2729 1489 2855 1543 fecit
2878 1488 3176 1558 fulgescere
3207 1489 3381 1542 donis.

2079 1580 2320 1638 Plurima
2344 1586 2673 1651 quapropter
2697 1578 2968 1648 congessit
2996 1577 3142 1631 lucra
3171 1576 3434 1640 Tonanti,

2081 1671 2239 1726 Retia
2261 1671 2564 1748 mundanas
2594 1668 2893 1721 immittens
2918 1681 3072 1720 sacra
3101 1679 3198 1735 per
3224 1665 3418 1731 undas,

2005 1751 2054 1814 B
2080 1761 2382 1832 [Equoreas
2405 1757 2618 1813 Christo
2641 1756 2850 1827 praedas
2874 1754 2940 1809 ad
2972 1756 3156 1809 littora
3179 1756 3365 1809 traxit.
3433 1799 3442 1810 .

2078 1850 2177 1906 Vir
2199 1852 2315 1906 sine
2347 1848 2534 1904 fraude
2559 1849 2752 1911 bonus,
2782 1846 2930 1900 dives
2942 1845 3144 1914 pietate
3172 1859 3402 1914 superna
3421 1885 3439 1911 ,

2078 1942 2243 2012 Inque
2267 1942 2426 1995 domo
2447 1918 2835 1992 Domini‘fulsit
2868 1949 2962 1989 ceu
2990 1932 3182 2006 lucifer
3207 1933 3422 1988 ardens.

2079 2031 2179 2086 llic
2207 2026 2648 2084 PaterIEcclesia:
2676 2024 2877 2080 cultum
2904 2023 3196 2086 decoravit,
3223 2031 3279 2077 et
3301 2022 3445 2078 illam

2081 2105 2319 2178 Moribus
2343 2136 2374 2175 a
2399 2118 2572 2188 plebis
2599 2115 2813 2186 penitus
2839 2114 3105 2179 secernit;
3139 2121 3194 2168 et
3220 2114 3313 2168 uni

2081 2196 2366 2266 Deservire
2388 2209 2497 2263 Deo
2518 2207 2728 2269 statuit,
2753 2203 2912 2260 simul
2946 2204 3195 2258 omnibus
3220 2202 3386 2256 horis.

2083 2300 2154 2354 Ut
2177 2301 2288 2370 lyra
2302 2298 2564 2356 continuo
2586 2301 2864 2351 resonaret
2885 2292 3112 2362 mystica
3136 2290 3361 2360 plectro,

2083 2387 2372 2442 Ethereas
2393 2384 2606 2438 Domini
2643 2381 2940 2438 decantans
2960 2378 3207 2434 laudibus
3226 2379 3377 2434 odas.

2084 2477 2200 2533 Vox
2221 2477 2454 2532 humana
2477 2474 2696 2546 quidem
2718 2487 2970 2542 superum
2997 2470 3238 2540 pulsaret
3263 2468 3564 2538 Olympum,

2083 2567 2274 2624 Omnia
2303 2568 2623 2635 dispensans
2647 2563 2869 2618 alternis
2895 2569 3132 2630 tempora
3163 2556 3363 2623 causis,

2084 2658 2266 2714 Lectio
2291 2671 2433 2712 nunc
2469 2655 2641 2719 fieret,
2672 2652 2767 2708 sed
2786 2667 2932 2707 nunc
2951 2650 3126 2707 oratio
3161 2665 3336 2715 sacra,

2085 2749 2320 2818 Quisque
2347 2747 2442 2802 Dei
2465 2747 2651 2802 laudes
2670 2744 2950 2816 praeferret
2969 2743 3210 2812 corporis
3233 2757 3351 2796 usu.

2086 2839 2332 2894 Iusserat
2361 2840 2506 2894 hunc
2527 2837 2722 2905 raptim
2751 2834 3017 2902 complere
3045 2831 3255 2902 negotia
3277 2830 3480 2904 carnis,

2087 2932 2348 2988 Omnibus
2368 2937 2426 2984 ut
2450 2928 2602 2996 ﬁeret
2627 2941 2827 2996 parvus
2861 2940 3040 2995 sopor,
3072 2938 3195 2980 esca
3225 2923 3325 2978 sub
3350 2930 3494 2978 actu.

2086 3019 2203 3074 Non
2227 3026 2422 3081 terras,
2448 3016 2730 3084 victusque
2745 3055 2761 3080 ,
2784 3015 3002 3080 domus,
3031 3014 3432 3076 nummismata,
3455 3018 3652 3074 vestes,

2015 3091 2062 3155 θ
2091 3108 2200 3164 Nec
2225 3107 2516 3179 quidquam
2545 3105 2824 3176 proprium
2852 3104 3066 3159 sibimet
3079 3103 3192 3172 jam
3226 3099 3460 3155 vindicet
3483 3099 3652 3163 ullus;

2087 3198 2282 3256 Omnia
2311 3197 2405 3252 sed
2431 3195 2639 3251 cunctis
2662 3183 2853 3262 fierent
2881 3189 3185 3246 communia
3211 3204 3441 3260 semper.

2087 3290 2188 3357 Qui
2220 3296 2432 3364 terrena
2455 3284 2579 3346 sibi,
2603 3283 2642 3352 -ι-
2676 3279 2938 3340 οωΙοι-υω
2963 3280 3046 3336 vel
3074 3281 3212 3350 petit
3235 3281 3430 3343 hazres,

2086 3379 2311 3441 Gaudia.
2340 3377 2380 3446 οἷο
2407 3376 2498 3445 qui
2520 3375 2727 3430 cunctis
2758 3375 2912 3430 fieret
2937 3373 3242 3428 communia
3268 3372 3475 3442 regni.'-

2088 3469 2186 3525 llic
2204 3471 2325 3540 pius
2352 3468 2580 3524 antistes
2606 3467 2816 3536 magnis
2838 3465 3128 3520 virtutibus
3157 3463 3318 3532 hujus

2086 3559 2333 3628 Impleth
2351 3566 2634 3630 postquam
2655 3556 2936 3626 praesentis
2960 3561 3201 3622 tempora
3220 3553 3363 3613 vitae,

2089 3648 2310 3703 Transit
2338 3649 2391 3700 in
2412 3649 2699 3701 aetheream
2727 3643 2881 3697 hctus
2911 3641 3138 3696 feliciter
3163 3640 3359 3695 aulam.

2160 3782 2308 3838 Visio
2332 3780 2660 3851 temporibus
2681 3776 3188 3834 memorabilis'acta
3217 3779 3315 3832 sub
3341 3776 3542 3843 isdem,

2091 3875 2162 3931 Ut
2191 3889 2315 3949 reor
2344 3872 2398 3928 in
2426 3880 2609 3928 nostro
2639 3873 2714 3927 sic
2735 3871 2839 3926 erit
2867 3870 2911 3926 si
2935 3870 3175 3925 carmine
3197 3870 3417 3940 scripta,

2090 3967 2339 4024 Proderit
2365 3974 2564 4021 aeterna
2594 3964 2775 4018 multis
2801 3963 2866 4017 de
2896 3959 3068 4016 morte
3097 3960 3368 4023 vocandis,

2093 4060 2283 4114 Posset
2307 4065 2368 4112 ut
2390 4071 2520 4125 ergo
2549 4055 2756 4108 animas
2785 4053 2930 4106 vitiis
2954 4063 3144 4105 sanare
3170 4056 3493 4119 pcrentptas.

2094 4149 2353 4210 Mortuus,
2378 4158 2503 4201 ecce
2524 4144 2613 4198 ditt
2643 4141 2875 4197 surrexit
2901 4155 3125 4210 corpore
3147 4139 3362 4210 quidam
3393 4139 3446 4202 ιι,

2072 4237 2365 4305 'Multaque
2386 4251 2504 4304 qua:
2530 4233 2664 4288 vidit
2692 4239 2990 4286 memoratu
3017 4230 3177 4305 digna
3203 4228 3430 4292 ferebat,

2093 4328 2137 4383 E
2160 4326 2351 4398 quibus
2380 4323 2470 4379 hic
2491 4323 2690 4378 nostris
2712 4319 2968 4378 addemus
2998 4334 3167 4390 pauca
3189 4317 3448 4374 camenis.

2018 4431 2072 4494 ι)
2097 4419 2237 4490 Ergo
2260 4419 2475 4480 domum
2499 4415 2770 4486 pmpriam
2796 4412 3066 4468 communi
3092 4413 3145 4465 in
3167 4410 3321 4482 plebe
3344 4409 3588 4474 maritus,

2097 4511 2273 4579 Atque
2293 4522 2443 4563 suam
2468 4504 2608 4560 rexit
2621 4503 2768 4573 justo
2793 4502 3159 4558 moderamine
3179 4503 3365 4567 vitam,
3410 4561 3416 4568 κ

2097 4599 2198 4666 Qui
2228 4605 2351 4667 post
2376 4604 2552 4650 tactus
2576 4602 2693 4647 erat
2717 4589 2902 4644 morbo
2915 4587 3026 4656 jam
3057 4589 3236 4642 carnis
3262 4587 3471 4650 acerbo,

2096 4689 2306 4758 Perque
2334 4686 2448 4740 dics
2483 4681 2698 4744 multos,
2736 4678 2911 4733 valido
2939 4684 3214 4733 crescente
3247 4676 3452 4745 dolore,

2095 4777 2342 4830 Inﬁrmus
2373 4772 2635 4828 recubans
2671 4779 2911 4825 extrema
2936 4769 3177 4839 pericula
3207 4770 3389 4836 duxit;

2099 4863 2338 4918 Mortuus
2365 4877 2427 4916 ac
2459 4861 2674 4916 tandem
2702 4859 2876 4931 primo
2900 4859 2998 4914 sub
3031 4870 3268 4927 tempore
3291 4859 3465 4916 noctis
3482 4901 3498 4926 ,

2098 4957 2228 5027 Ejus
2253 4957 2306 5012 in
2329 4966 2572 5025 extrema
2602 4955 2874 5025 rcspirans
2893 4961 3045 5022 parte
3068 4952 3281 5016 revixit,

2099 5048 2273 5119 Atque
2296 5049 2622 5117 resurgendo
2647 5054 2871 5100 cunctos
2896 5042 3052 5096 simul
3083 5041 3206 5096 inde
3234 5039 3438 5112 fugavit

2099 5138 2325 5194 Funeris
2349 5136 2636 5204 exsequias
2661 5140 2978 5204 peragentcs
3010 5140 3167 5190 nocte
3193 5133 3292 5188 sub
3320 5132 3456 5203 ipsa.

3268 5243 3422 5298 Vers.
3461 5244 3584 5300 890.
3642 5280 3646 5283 -

2178 5355 2196 5394 ί
2237 5345 2496 5409 Altfridus
2520 5355 2780 5411 successit
2806 5355 2960 5410 fratri
2999 5370 3096 5410 suo
3129 5356 3170 5410 E
3211 5355 3346 5408 frido
3374 5340 3510 5409 anno
3539 5351 3644 5406 685

2176 5428 2199 5464 Β
2238 5423 2396 5477 Bosa.
2432 5423 2715 5477 enisconus
2737 5425 3109 5477 Eboracensis.
3151 5372 3284 5477 Vgide
3314 5421 3496 5476 Flores
3526 5421 3644 5476 Hist

2176 5428 2199 5464 Β
2238 5423 2396 5486 Bosa,
2432 5423 2612 5492 episco
2653 5442 2715 5480 us
2737 5425 3109 5480 Eboracensis.
3151 5421 3284 5478 Vide
3314 5421 3496 5476 Flores
3526 5421 3664 5476 Hist.

2100 5492 2550 5576 permhlatthazum
2591 5443 2779 5576 \g’est-
2797 5494 3267 5576 Monasteriensem
3295 5490 3669 5576 .cnollectosde

2102 5561 2352 5619 Wilfrido
2379 5572 2434 5618 et
2460 5563 2594 5619 Bosa
2619 5566 2900 5635 episc0pis.
2945 5563 3071 5617 Ven.
3104 5561 3414 5625 Beda,,libr.
3455 5576 3505 5614 tv
3529 5561 3664 5617 Hist.

2103 5634 2256 5690 Anal.
2286 5648 2402 5690 can.
2438 5634 2506 5687 12
2524 5643 2581 5688 et
2601 5635 2690 5690 93.
2795 5681 2804 5688 .

2103 5648 2256 5703 Angl.
2286 5648 2402 5704 cap.
2438 5648 2581 5688 ‘l‘zet
2601 5648 2690 5690 2;).
2795 5681 2804 5688 ,

2174 5706 2198 5743 h
2239 5704 2556 5760 Brit/icimur
2583 5704 2814 5761 nomine.
2848 5703 3004 5769 Beda,
3038 5701 3158 5755 libr.
3192 5718 3220 5754 v
3251 5719 3366 5768 cap.
3415 5701 3497 5753 l5.
