4268 6196
791 173 825 192 ’.ιι

551 187 650 243 851

551 296 677 352 Plus
700 293 796 352 sed
821 305 1004 351 amOre
1032 295 1219 366 vigens
1238 295 1433 364 conqu
1459 295 1533 350 ibi
1561 295 1992 374 sola'remausit,

485 416 492 422 ν
553 387 725 454 Quam
753 387 979 442 nimium
1007 387 1258 456 pavidam
1280 386 1498 441 rediens
1521 401 1552 440 a
1574 395 1749 443 morte
1771 390 2002 446 maritus

553 477 805 548 Cmperat
821 479 1051 544 hortari,
1081 479 1306 546 reliquis
1329 476 1660 545 fugientibus
1683 479 1831 534 illinc
1855 496 1870 533 :

561 585 583 618 ι
614 567 743 633 Qua:
769 567 1030 620 mihiﬂda
1056 567 1189 620 satis
1214 580 1460 621 remanes
1485 581 1550 620 ex
1571 568 1836 630 omnibus,
1871 569 2066 638 inquit.
2091 575 2095 578 ‘

555 654 634 710 Te
659 671 807 726 rogo.
840 670 909 710 ne
935 663 1144 712 metuas
1167 670 1310 709 nunc
1332 670 1441 719 me,
1463 654 1772 711 dulcissima
1795 657 2014 728 coniux,

556 742 692 798 Viro
711 744 980 812 equidem,
1003 761 1132 800 vere
1155 745 1365 800 surrexi
1399 761 1430 799 a
1456 754 1630 800 morte
1656 746 1936 813 remissus,

557 831 813 888 Sed.mibi
843 833 997 905 longe
1019 834 1176 888 aliter
1209 849 1350 888 nunc
1389 822 1558 889 aliera
1587 835 1697 889 vita
1721 836 1993 906 sequenda
2011 843 2118 905 est,

555 921 758 978 Gaudia
787 923 870 979 vel
888 923 1044 978 luxus
1066 937 1242 996 meme
1268 923 1527 978 damnare
1552 937 1779 979 necesse
1799 933 1905 980 est.
1934 944 1954 979 ι

555 1007 666 1064 Nec
694 1023 864 1079 mora,
895 1007 1100 1062 divitiis
1126 1022 1252 1063 mox
1271 1007 1520 1062 omnibus
1546 1007 1635 1061 ille
1660 1008 1886 1076 relictis,

551 1095 683 1154 Jura
709 1090 1024 1158 manasterii
1049 1095 1242 1152 devoto
1264 1103 1349 1152 est
1372 1096 1534 1152 corde
1552 1089 1768 1153 sec‘utus
1784 1137 1800 1162 ,

551 1187 728 1257 Atque
753 1187 824 1241 ibi
855 1195 966 1241 tam
985 1187 1120 1241 duro
1147 1187 1353 1241 domuit
1374 1187 1474 1242 sub
1499 1185 1736 1256 pondere
1760 1203 1980 1258 corpus,
2028 1205 2030 1208 ·

555 1279 625 1334 Ut
651 1277 805 1334 facile
831 1293 901 1333 ex
925 1279 1036 1332 vita
1055 1285 1275 1347 possent
1298 1292 1622 1347 cognoscere
1639 1279 1841 1345 cuncti,

553 1367 686 1436 Quae
713 1367 796 1422 vel
823 1375 1021 1436 quanta
1043 1368 1194 1436 prius
1220 1368 1412 1422 ductus
1436 1367 1501 1422 de
1527 1382 1754 1438 corpore
1776 1369 1965 1425 crevit.

556 1458 665 1514 Isto
693 1453 927 1530 namque
946 1460 1106 1514 modo
1132 1473 1253 1528 quae
1287 1457 1421 1513 vidit
1454 1456 1598 1513 ferre
1626 1457 1850 1513 solebat.

563 1567 582 1600 ι
617 1547 941 1618 Splendidus
967 1587 986 1614 ,
1009 1539 1204 1617 inquit,
1229 1554 1368 1612 erat,
1391 1547 1483 1616 qui
1503 1561 1592 1602 me
1613 1548 1680 1603 de
1697 1541 1924 1618 corpore
1945 1548 2117 1616 duxit,
2159 1600 2167 1602 ,

554 1640 623 1694 Et
649 1648 838 1695 contra
863 1640 1108 1694 :estivum
1135 1636 1646 1708 solis‘processimus
1671 1646 1870 1704 ortum.

553 1729 671 1794 Quo
698 1729 766 1783 ad
789 1727 952 1782 latam
973 1727 1162 1783 vallem
1189 1726 1501 1782 devenimus
1523 1735 1688 1795 atque
1714 1725 2056 1798 profundam,

553 1815 718 1884 Cujus
747 1817 801 1871 in
829 1815 1118 1887 oblongum
1145 1822 1367 1870 extensa
1392 1822 1477 1870 est
1498 1815 1616 1871 sine
1635 1815 1740 1871 ﬁne
1765 1831 1988 1888 vorago,

554 1910 683 1978 Quze
702 1909 843 1963 latus
865 1905 1193 1962 horrcndum
1218 1904 1447 1961 ﬂammis
1467 1897 1799 1962 ferventibus
1817 1899 2011 1976 urunt,

555 1999 734 2066 Atque
760 1995 901 2050 aliud
921 1995 1106 2051 habuit
1127 1994 1334 2066 glaciali
1360 1995 1621 2066 grandine
1646 1995 1894 2066 plenum;

556 2087 682 2144 Hinc
703 2084 986 2142 animabus
1007 2092 1125 2140 erat
1151 2083 1425 2140 hominum
1445 2085 1571 2141 hinc
1597 2084 1721 2141 inde
1742 2087 1963 2157 repleta,
2053 2095 2064 2107 ‘

555 2184 685 2252 Quae
706 2184 867 2239 nimis
890 2192 1096 2239 exusta:
1122 2183 1249 2238 dum
1284 2181 1530 2240 ﬂammas
1555 2183 1698 2239 ferre
1722 2185 2034 2255 nequibant,

553 2268 794 2345 Frigoris
818 2275 872 2330 in
897 2275 1134 2336 medium
1162 2274 1362 2330 misere
1385 2291 1508 2330 mox
1537 2276 1906 2345 prosiliebant,
1958 2343 1963 2348 ι

513 2411 519 2415 .
622 2367 779 2438 351
809 2365 1052 2435 Cumque
1080 2365 1155 2419 ibi
1181 2379 1282 2421 nec
1304 2372 1556 2436 poterant
1580 2367 1821 2436 requiem
1861 2368 2119 2437 reperire,

1188 2513 1192 2517 .
1767 2457 2027 2530 [vicissim

553 2549 1001 2606 Flammivomum
1025 2547 1216 2604 ﬂentes
1244 2549 1441 2605 iterum
1465 2549 1776 2606 ferebantur
1805 2555 1858 2608 in
1885 2554 2083 2623 ignem.

555 2639 682 2694 Haec
705 2654 934 2694 cernens
956 2651 1168 2694 meeum
1189 2635 1510 2706 m‘edltabar,
1541 2639 1682 2695 forte
1707 2644 1848 2710 quod
1867 2652 2011 2700 esset
2102 2677 2105 2680 -

553 2729 720 2802 Pinna
747 2727 1047 2794 infernalis,
1081 2744 1241 2800 quam
1270 2744 1414 2802 saepe
1439 2731 1627 2785 audire
1654 2731 1909 2787 solebam.

554 2798 758 2875 Ductor
784 2824 840 2872 et
862 2815 952 2872 ille
974 2798 1111 2872 mihi
1131 2798 1412 2874 meditanti
1443 2819 1569 2874 talia
1594 2820 1765 2879 dixit:

554 2909 693 2976 Non,
717 2917 777 2964 ut
803 2899 917 2982 ipse
939 2916 1114 2979 putas,
1139 2909 1298 2964 isthic
1326 2909 1573 2977 infernus
1595 2912 1848 2966 habetur.-

1355 185 1414 239 B.
1455 185 1517 240 ιη’.
1555 184 1780 242 ALBINI
1815 186 1946 245 SEU
1984 189 2259 246 ALCUINI
2291 189 2576 248 OPERUM
2609 189 2789 244 PARS
2822 186 2909 244 Vl.

2129 304 2180 362 Α
2205 299 2470 354 Prendere
2497 295 2821 382 forcipibus;
2850 311 2953 353 nee
2985 309 3071 351 me
3084 295 3400 366 contingere
3421 304 3629 352 tantum

3668 186 3774 242 85!
3789 197 3796 203 '

2213 388 2331 444 .lam
2359 396 2626 458 poterant,
2655 385 2901 457 quamvis
2925 386 3154 440 multum
3174 393 3377 442 terrere
3398 387 3662 444 valerent.

2215 480 2364 537 Tune
2387 496 2488 552 ego
2513 479 2795 538 conclusus
2823 478 3056 554 tenebris
3082 487 3140 533 et
3163 476 3232 533 ab
3267 480 3424 535 hoste
3448 487 3688 548 coaetus,

2211 568 2586 640 Circumspexi
2610 568 2802 633 oculis,
2827 567 3028 638 aliquid
3054 567 3100 623 si
3128 567 3266 623 forte
3288 569 3507 624 veniret

2214 659 2436 726 Auxilii,
2465 673 2573 728 quo
2589 654 2703 726 jam
2731 656 2972 712 salvarer
2993 657 3061 710 ab
3089 656 3514 727 hostelcruento.

2217 748 2367 803 Tunc
2387 747 2516 802 mihi
2535 753 2657 818 post
2681 753 2888 817 tergum
2911 743 3057 802 fulsit
3077 747 3229 816 quasi
3250 747 3402 802 stella
3422 763 3519 820 per
3538 749 3780 816 umbras,

2215 837 2344 905 Qua:
2362 837 2534 908 magis
2545 851 2859 893 accrescens
2874 850 3273 906 properansqne
3290 835 3781 909 fugaverathostes,

2216 928 2335 983 Dux
2358 935 2477 982 erat
2501 926 2590 982 ille
2613 941 2770 984 meus
2783 927 3016 998 veniens
3039 942 3162 983 cum
3190 927 3308 982 luce
3335 936 3575 998 repente,
3795 930 3802 938 '

2216 1015 2379 1085 Cujus
2401 1015 2457 1071 in
2489 1015 2718 1072 adventu
2740 994 2990 1088 {tigerunt
3021 1016 3288 1072 daemones
3310 994 3435 1072 atri.

2218 1103 2355 1158 Hine
2375 1104 2640 1160 convertit
2665 1103 2770 1159 iter
2789 1105 3089 1161 brumalem
3115 1105 3244 1161 solis
3266 1105 3335 1160 ad
3357 1112 3562 1174 ortum,

2219 1192 2482 1264 Noetique
2503 1201 2748 1264 ereptum
2764 1193 2974 1250 'nitidas
2998 1209 3086 1249 me
3111 1193 3263 1261 duxit
3283 1195 3338 1249 in
3364 1209 3546 1251 auras.

2216 1285 2355 1342 Ante
2387 1285 2478 1342 ubi
2501 1300 2600 1342 nos
2622 1301 2810 1342 murus
2837 1287 3013 1343 subito
3039 1287 3337 1358 comparuit
3363 1287 3574 1360 ingens,

2219 1374 2320 1442 Qui
2349 1375 2464 1430 sine
2485 1374 2590 1430 line
2607 1375 2692 1431 sui
2728 1376 2807 1432 sic
2832 1375 2980 1431 visus
3002 1375 3193 1448 longus
3215 1383 3271 1430 et
3294 1375 3454 1445 altus,

2218 1459 2405 1517 Nullus
2431 1470 2493 1517 ut
2511 1469 2737 1517 extenso
2763 1463 3037 1518 videretur
3064 1465 3325 1521 terminus
3350 1466 3448 1521 illi.

2221 1551 2326 1606 Sed
2351 1565 2515 1622 prope
2540 1551 2667 1606 dum
2693 1551 2958 1618 venimus,
2977 1567 3107 1623 quo,
3129 1555 3272 1624 quali
3293 1556 3474 1612 nescio
3499 1565 3646 1616 certe

2148 1642 2196 1704 Β
2221 1641 2444 1709 Ordine,
2469 1643 2789 1731 nos‘fuim‘us
2814 1653 3018 1701 stantes
3042 1645 3098 1700 in
3123 1647 3353 1704 culmine
3375 1650 3538 1706 muri.

2221 1733 2360 1790 Ecce
2392 1732 2465 1788 ibi
2488 1721 2850 1804 campus‘erat
2873 1750 3097 1805 magnus
3119 1736 3514 1805 pulcherrimus
3533 1747 3714 1810 atque,

2218 1822 2382 1894 Cujus
2411 1831 2592 1880 tantus
2615 1831 2734 1880 erat
2757 1822 3045 1896 fragrantis
3069 1827 3210 1882 nitor
3236 1827 3437 1893 odoris,

2217 1909 2261 1963 Α
2291 1924 2378 1964 me
2413 1907 2638 1964 fetorem
2663 1925 2788 1965 mox
2811 1919 2874 1966 ut
2904 1909 3195 1982 depelleret
3214 1928 3429 1970 omnem
3456 1932 3470 1968 :

2169 2051 2172 2054 ,
2218 2000 2287 2054 Et
2310 1999 2396 2054 lux
2429 2007 2579 2055 tanta
2607 2015 2817 2056 sacrum
2840 2001 3150 2073 perfuderat
3182 2005 3416 2076 undique
3443 2019 3713 2077 campum.

2217 2086 2472 2145 Vincerct
2498 2100 2559 2145 ut
2581 2090 2756 2148 lucem
2792 2092 2919 2148 solis
2940 2091 3097 2147 simul
3127 2101 3287 2163 atque
3312 2095 3436 2151 diei.

2166 2236 2171 2241 .
2219 2182 2276 2237 ln
2302 2183 2387 2237 his
2413 2198 2543 2253 ergo
2569 2181 2704 2238 locis
2727 2169 2875 2238 [ictas
2904 2184 3144 2240 habitare
3164 2175 3409 2240 videbam

2223 2271 2546 2326 Sanctorum
2567 2278 2797 2336 turmas,
2829 2271 3088 2343 sedesque
3118 2280 3302 2329 tenere
3325 2275 3530 2331 beatas.

2221 2361 2346 2417 llaec
2365 2377 2465 2432 ego
2489 2364 2826 2434 conspiciens
2852 2379 3061 2419 mecum
3089 2364 3404 2432 meditabar,
3434 2382 3504 2422 an
3529 2377 3706 2425 essent

2221 2452 2407 2522 Regna
2432 2454 2663 2522 'superna
2688 2452 2796 2522 poli
2821 2453 3031 2508 eunetis
3059 2455 3321 2522 promissa
3346 2456 3537 2513 beatis.

2222 2541 2350 2598 llaec
2375 2542 2508 2596 mihi
2535 2541 2768 2597 volventi
2795 2543 3073 2613 respondit
3099 2545 3307 2610 ductor,
3335 2555 3389 2602 et
3415 2547 3570 2602 inﬁt:

2222 2629 2360 2697 Non,
2391 2631 2528 2687 sicut
2555 2633 2668 2702 ipse
2699 2640 2878 2702 putas,
2903 2632 3063 2696 isthic
3087 2641 3212 2689 sunt
3234 2651 3398 2706 regna
3421 2637 3686 2706 polorum.

2223 2721 2412 2792 Fulget
2435 2722 2490 2778 in
2513 2730 2637 2777 ante
2662 2737 2814 2778 nova:
2837 2722 3012 2792 major
3034 2726 3166 2779 mihi
3197 2727 3368 2796 gratia
3385 2725 3550 2800 lucis,

2224 2809 2354 2876 Quae
2378 2810 2546 2864 nimio
2572 2818 2790 2880 superat
2816 2811 2989 2866 lucem
3015 2811 3216 2884 fulgore
3237 2815 3494 2884 priorem,

2223 2901 2361 2956 Nam
2389 2901 2630 2976 tunc.il_ls
2657 2901 2808 2972 prior
2829 2917 2956 2957 vere
2987 2905 3296 2960 tenuissima
3325 2907 3440 2963 visa
3462 2915 3565 2964 est.

554 3005 796 3073 Cumque
822 3003 940 3059 haec
959 3003 1272 3073 aspicerem,
1312 3002 1564 3073 pavidum
1593 3017 1680 3058 me
1709 3003 1862 3058 duxit
1886 3003 1942 3058 in
1977 3014 2118 3060 ante.
2149 2992 2195 3056 C
2226 2991 2239 3026 ‘

2074 3020 2118 3059 ε,
2149 2992 2195 3056 C
2226 2991 2341 3048 Vox
2369 3008 2581 3064 quoque
2618 3002 2931 3050 cantantum
2951 3003 3172 3051 resonat
3197 2995 3507 3053 dulcissima
3541 2998 3759 3064 ibidem,

555 3095 707 3150 Tunc
733 3095 912 3150 subito
937 3095 1048 3149 vidi
1077 3094 1316 3150 tenebris
1335 3093 1451 3150 loca
1476 3104 1666 3150 cuncta
1695 3095 1914 3166 repleri,

553 3185 928 3253 lntrantesque
956 3184 1074 3238 illas
1100 3186 1335 3240 densatis
1360 3185 1536 3242 noctis
1559 3186 1738 3258 imago

555 3273 664 3330 Nos
692 3273 835 3329 circa
862 3273 1122 3353 incubuit,
1154 3289 1254 3328 nec
1281 3273 1571 3343 quidquam
1595 3291 1820 3333 eernere
1846 3279 2043 3348 praeter

555 3365 803 3420 Ductoris
822 3364 1056 3436 speciem
1085 3362 1234 3433 potui
1260 3371 1544 3433 vestesque
1569 3364 1821 3420 nitentes.

557 3457 625 3511 Et
657 3457 733 3511 sic
757 3446 984 3524 ingressi
1010 3454 1122 3511 sola
1152 3454 1251 3509 sub
1279 3462 1434 3509 nocte
1457 3469 1554 3524 per
1580 3455 1821 3522 umbras,

557 3544 696 3598 Ecce
724 3554 942 3614 repente
964 3545 1104 3616 globi
1130 3542 1462 3599 ﬂammarum
1481 3545 1635 3600 valde
1657 3552 1916 3603 tetrarum
2008 3604 2015 3612 _

559 3635 729 3690 Sicuti
759 3635 824 3687 de
845 3644 1005 3702 puteo
1031 3642 1257 3706 surgunt
1284 3636 1587 3704 iterumque
1613 3636 1853 3692 residunt
1877 3655 1892 3703 ;

557 3723 708 3777 Tunc
741 3723 931 3778 aberat
959 3724 1136 3776 subito
1170 3725 1360 3789 ductor
1388 3724 1638 3793 solusque
1666 3729 1922 3792 remansi,

557 3813 612 3867 In
645 3811 835 3871 mediis
861 3811 1067 3881 positus
1093 3812 1329 3880 trepidus
1353 3813 1700 3882 stupidusque
1730 3817 1984 3871 tenebris.

556 3903 796 3971 (Eumque
820 3901 960 3973 globi
994 3900 1220 3955 ﬂammas
1250 3909 1492 3971 peterent
1515 3902 1644 3967 alta,
1670 3910 1831 3972 atque
1857 3904 2090 3962 vicissim

559 3991 787 4045 Motibus
817 3992 1034 4047 alternis
1069 3991 1378 4061 repetebant
1402 3992 1506 4046 ima
1536 3993 1796 4059 barathri,

558 4080 748 4134 Omnia
777 4079 1108 4134 ﬂammarum
1136 4080 1344 4152 fastigia
1372 4097 1530 4136 cerno
1559 4083 1751 4153 repleri

559 4171 851 4242 Spiritibus
878 4173 1152 4226 hominum
1182 4173 1412 4237 miseris,
1440 4176 1530 4240 qui
1554 4189 1702 4229 more
1723 4175 1914 4232 favilla:

562 4263 694 4318 Cum
731 4263 960 4316 ﬂammis
987 4262 1188 4330 pariter
1215 4261 1562 4326 scandebant,
1591 4273 1750 4331 atque
1777 4267 2056 4333 cadebant,

557 4356 659 4410 Sed
690 4355 886 4408 nimius
916 4351 1054 4406 fetor
1081 4351 1188 4405 late
1210 4351 1326 4405 loca
1355 4361 1544 4406 cuncta
1576 4354 1831 4421 replebat.

560 4449 793 4518 Longius
823 4447 935 4501 hrec
967 4460 1194 4500 cernens
1218 4443 1568 4498 circumstetit
1596 4444 1829 4515 undique
1867 4454 2076 4512 terror;

558 4539 625 4593 Ut
652 4546 772 4607 pote
801 4537 928 4606 quid
961 4535 1216 4598 facerem,
1245 4547 1454 4604 possem
1485 4550 1591 4603 quo
1616 4543 1824 4589 vertere
1848 4551 2088 4606 gressum

555 4626 779 4690 Inscius,
808 4633 900 4679 aut
928 4625 1125 4677 misero
1150 4625 1239 4692 qui
1268 4625 1386 4679 ﬂuis
1412 4627 1549 4680 forte
1583 4633 1841 4681 maneret.

554 4718 728 4773 Audio
768 4698 877 4770 tum
907 4716 1084 4770 subito
1120 4715 1356 4768 sonitum
1379 4726 1500 4795 post
1525 4725 1673 4784 terga
1698 4726 2022 4794 gementum,

561 4812 670 4867 Nec
697 4829 800 4867 non
837 4828 930 4866 ceu
959 4811 1101 4880 vulgi
1133 4817 1287 4879 capto
1319 4824 1478 4886 super
1503 4809 1654 4862 hoste
1680 4811 1997 4864 cachinnum
2022 4827 2035 4874 ;

556 4905 665 4974 Qui
681 4919 845 4974 prope
867 4903 990 4957 dum
1015 4899 1237 4954 veniunt
1260 4899 1442 4952 hostes
1466 4911 1699 4967 agnosco
1725 4896 2005 4965 malignos,

553 4996 633 5049 Ad
663 5010 850 5065 poenas
873 4994 1078 5046 animas
1104 4990 1370 5044 ululantes
1394 4989 1629 5059 quinque
1672 4989 1968 5052 trahentes,

555 5079 686 5135 Cum
709 5081 902 5150 quibus
940 5081 992 5133 in
1025 5079 1182 5133 medii
1208 5079 1537 5132 descendunt
1571 5079 1676 5131 ima
1708 5077 1966 5132 barathri.

553 5173 940 5227 Flammivomo
966 5185 998 5224 e
1022 5178 1182 5238 puteo
1209 5169 1424 5237 quidam
1444 5170 1634 5223 deinde
1661 5169 1876 5240 maligni
1990 5164 1998 5170 ’

556 5267 832 5320 Daemones
857 5263 1166 5325 ascendunt,
1202 5260 1370 5315 oculis
1398 5260 1814 5325 ﬂammantibus,
1844 5269 2003 5331 atque

558 5356 638 5410 Me
663 5359 1146 5421 circumsteterant,
1177 5353 1418 5425 putidum
1442 5353 1507 5407 de
1533 5355 1750 5409 naribus
1778 5357 1955 5425 ignem

558 5445 765 5514 Oreque
793 5448 1058 5516 spirantes
1087 5443 1286 5518 ignitis,
1317 5457 1506 5512 meque
1538 5443 1808 5499 minantur

638 5556 784 5612 Veis.
828 5561 946 5612 947.

2226 3084 2296 3138 Et
2321 3100 2442 3140 cum
2465 3085 2584 3141 luce
2614 3084 2717 3141 fuit
2745 3087 2870 3140 miri
2904 3086 3198 3159 fragrantia
3221 3089 3423 3156 odoris,

2229 3175 2300 3230 Ut
2323 3174 2453 3229 mihi
2485 3183 2704 3246 propter
2722 3190 2842 3230 eam
2866 3177 3186 3247 parvissima
3205 3179 3380 3248 prima
3409 3189 3592 3252 putata
3620 3190 3742 3240 est.’

2226 3263 2347 3332 Quo
2371 3279 2468 3319 nos
2491 3265 2616 3320 dum
2641 3263 2796 3319 laetus
2821 3280 3095 3336 sperarem
3123 3267 3342 3334 intrare,
3368 3282 3587 3342 repente

2229 3353 2477 3409 Substitit
2499 3353 2612 3424 ipse
2636 3369 2788 3410 meus
2813 3355 3003 3410 ductor
3021 3373 3371 3429 gressumque
3397 3368 3689 3432 retorquet,

2229 3445 2416 3514 Meque
2440 3447 2546 3510 via,
2575 3461 2671 3517 per
2694 3460 2866 3517 quam
2896 3466 2994 3505 nos
3017 3451 3282 3514 venimus,
3307 3453 3432 3507 inde
3455 3454 3684 3517 reduxit,

2229 3534 2595 3603 lntrantesque
2621 3533 2816 3592 iterum
2841 3539 3015 3608 campi
3041 3539 3156 3596 loca
3184 3542 3405 3611 pulchra
3430 3543 3650 3613 prioris,

2228 3626 2418 3681 Omnia
2451 3641 2570 3695 qua:
2593 3627 2722 3693 vidi,
2753 3628 2800 3683 si
2820 3628 3013 3683 scirem
3034 3629 3192 3698 forte,
3219 3633 3482 3702 requirit:

2229 3717 2420 3774 Nescio
2441 3718 2528 3773 cui
2549 3716 2688 3786 dixi,
2712 3721 3001 3791 statimque
3023 3722 3136 3778 haec
3165 3709 3366 3779 addidit
3389 3725 3476 3782 ille
3498 3744 3513 3781 :

2230 3811 2419 3865 Vidisti
2442 3810 2636 3868 vallem
2654 3811 2883 3870 ﬂammis
2907 3823 2962 3870 et
2986 3815 3198 3887 frigore-
3212 3817 3443 3885 plenam,

2227 3900 2285 3954 ln
2315 3917 2418 3970 qua
2443 3918 2584 3957 nunc
2607 3905 2800 3958 animae
2825 3906 2999 3974 penis
3024 3916 3322 3980 purgantur
3344 3909 3573 3976 acerbis,

2229 3991 2308 4048 Ae
2329 3992 2550 4048 redeunt
2575 3994 2770 4066 iterum
2791 4003 3030 4065 purgata;
3059 3997 3126 4050 ad
3147 3999 3365 4065 praemia
3392 4000 3535 4056 vitae.

2228 4083 2297 4138 At
2319 4100 2444 4141 vero
2468 4092 2660 4155 puteus
2685 4086 2930 4156 putidum
2953 4087 3045 4156 qui
3075 4097 3322 4144 eructuat
3348 4092 3552 4159 ignem,

2228 4176 2324 4230 Est
2345 4191 2406 4231 os
2431 4175 2646 4241 inferni,
2670 4177 2839 4231 ruerit
2863 4193 2986 4231 nam
3015 4180 3257 4247 quisquis
3285 4181 3337 4232 in
3367 4181 3516 4232 illum

2229 4264 2389 4318 Forte
2417 4274 2605 4330 semet,
2631 4281 2900 4334 nunquam
2930 4275 3050 4334 post
3082 4269 3196 4321 hcc
3220 4268 3512 4321 salvabitur
3540 4268 3680 4325 inde.

2152 4332 2205 4390 Ῐ)
2232 4358 2470 4429 Florlger
2491 4359 2590 4412 iste
2613 4332 2780 4421 locus,
2806 4332 2964 4427 quem
2979 4360 3208 4428 possidet
3236 4361 3352 4416 alba
3376 4361 3650 4430 juventus,

2231 4447 2325 4502 Est
2358 4446 2570 4515 requies
2591 4447 2644 4501 in
2668 4463 2772 4517 qua
2797 4456 3040 4518 spectant
3061 4448 3295 4504 cielestia
3325 4466 3507 4520 regna,
3643 4476 3648 4508 1

2227 4538 2327 4605 Qui
2340 4539 2474 4593 bona
2489 4548 2786 4609 gesserunt.
2807 4542 3050 4608 quamvis
3065 4557 3127 4596 ex
3145 4550 3295 4611 parte
3311 4542 3508 4606 minus,
3522 4557 3683 4610 quam

2225 4627 2461 4683 Postulat.
2486 4630 2623 4684 alma
2651 4630 2781 4686 fides
2801 4649 2812 4684 :
2839 4648 2961 4685 nam
2975 4633 3066 4700 qui
3091 4632 3358 4700 perfectus
3373 4631 3566 4699 ubique
3578 4639 3677 4694 est,

2225 4718 2295 4776 Ut
2320 4720 2563 4784 moritur,
2593 4722 2771 4775 statim
2796 4721 2916 4775 coeli
2941 4721 3242 4788 penetrabit
3267 4719 3320 4770 in
3345 4718 3542 4773 aulam.

2230 4801 2462 4861 Pertinet
2487 4810 2556 4865 ad
2577 4811 2729 4879 cujus
2754 4810 2944 4863 vicinia
2973 4808 3200 4876 fulgidus
3222 4808 3307 4863 ille

2231 4896 2371 4950 Luce
2390 4897 2536 4952 locus
2563 4899 2748 4963 nimia,
2776 4898 2893 4951 miri
2923 4911 3133 4965 quoque
3161 4897 3348 4966 plenus
3373 4899 3573 4969 odoris,

2230 4986 2304 5038 De
2327 5001 2432 5054 quo
2453 4995 2759 5041 cantantum
2785 4988 3100 5042 suavissima
3120 5004 3222 5042 vox
3246 4992 3547 5048 resonabat.

2231 5076 2309 5131 Tu
2325 5077 2462 5146 quia
2485 5092 2626 5130 nunc
2648 5079 2836 5131 iterum
2861 5079 3022 5132 debes
3042 5095 3315 5137 assumere
3335 5099 3548 5153 corpus,

2230 5165 2672 5235 Atque’homines
2703 5165 2861 5231 inter,
2890 5170 3344 5236 morituravivcre
3367 5175 3493 5236 vita,

2230 5258 2482 5330 Corrige,
2499 5274 2696 5329 quaiso,
2721 5267 2840 5313 tuos
2871 5277 3047 5317 mores
3073 5272 3129 5317 et
3153 5265 3315 5318 verba
3335 5262 3416 5315 vel
3437 5268 3608 5325 actus,

2235 5349 2301 5402 Ut
2326 5357 2412 5404 tua
2439 5352 2491 5404 in
2513 5351 2597 5405 his
2618 5359 2798 5404 sancta
2825 5360 3099 5420 reputetur
3125 5354 3330 5407 mansio
3353 5352 3562 5405 turmis.

2233 5436 2352 5493 Haec
2383 5441 2472 5494 ubi
2500 5440 2730 5501 dicebat,
2759 5445 3022 5507 quomodo
3049 5445 3139 5498 sed
3166 5443 3302 5495 scire
3326 5442 3555 5508 nequivi,

3375 5552 3520 5606 Vers.
3561 5553 3710 5607 1005.
