4268 6204
442 350 547 409 ass
866 384 869 387 η
1170 345 1493 407 canum.
1529 379 1599 390 -
1625 350 1715 405 ns
1752 347 2022 407 rosus.
2060 348 2149 403 ετ
2188 318 2289 405 Ss.
2329 347 2528 404 eccs.
2569 336 2862 410 saeuae.
3574 350 3681 407 εει

441 460 689 518 ιιιιιιιιιιω
717 460 935 538 proprio
953 462 1134 516 statim
1155 477 1243 518 me
1260 478 1486 532 corpore
1506 462 1679 517 vidi.)
2022 468 2071 524 Α
2089 460 2331 531 Corpora
2358 460 2666 530 projiciunt,
2693 475 2814 530 quae
2839 459 2933 515 sed
2958 474 3077 513 mox
3109 459 3299 513 ordine
3323 460 3461 514 miro

509 552 619 608 Nec
649 567 784 622 gens
806 551 1074 606 clarorum
1117 553 1349 622 genitrix
1377 552 1499 607 haec
1533 559 1716 619 nostra
1743 552 2005 617 virorum,
2106 547 2306 603 Contra
2338 548 2653 619 praivalidos
2674 547 2984 603 ferebantur
3010 546 3246 602 ﬂuminis
3270 548 3429 610 ictus,

442 640 588 707 Quos
608 641 815 710 genuit,
843 640 942 695 soli
962 639 1177 694 sibimet
1196 648 1334 695 tunc
1357 640 1473 710 ipsa
1501 638 1721 695 tenebat
2106 636 2268 691 llillia
2292 646 2347 691 et
2372 652 2545 706 usque
2570 652 2700 704 suos
2723 637 2899 692 socios
2923 636 3137 692 undana
3160 637 3436 692 natabant.

398 776 401 779 .
439 733 585 788 Intra
612 732 753 787 forte
781 732 865 786 sui
892 732 1216 801 concludens
1244 731 1450 795 viscera
1473 730 1647 801 regni,
1712 752 1718 759 ·
2103 724 2205 778 Ast
2235 740 2555 794 quocunque
2576 727 2695 780 loco
2718 728 3005 781 veniebant
3029 741 3259 796 corpora
3285 734 3466 791 nocte,

412 882 415 889 ,
443 822 549 887 Sed
571 822 756 892 procul
785 838 853 877 ex
886 821 993 877 illis
1020 821 1218 877 multos
1250 828 1394 875 trans
1419 805 1637 891 aequora
1669 820 1834 884 misit,
2095 814 2371 870 Maximus
2399 815 2526 869 hinc
2552 815 2684 869 lueis
2713 814 2896 868 radius
2925 830 3087 883 super
3122 823 3269 869 astra
3297 810 3527 869 refulsit.

440 911 703 967 Gentibus
724 920 785 965 ut
804 911 1026 980 reliquis
1050 910 1367 980 prmferrent
1395 910 1600 966 semina
1630 909 1772 966 vitai.
1962 978 1967 985 '
2106 902 2312 960 Lumen
2332 911 2387 958 et
2424 905 2525 958 hoc
2545 904 2641 969 illi,
2670 905 2764 972 qui
2790 914 3007 960 sanctos
3029 913 3156 959 ante
3185 905 3469 969 necabam,

443 1001 485 1058 Ε
509 1002 703 1070 quibus
730 1001 818 1056 ille
845 1000 949 1056 fuit
968 1002 1155 1056 dictus-
1171 1002 1486 1072 mgnumine
1510 999 1742 1056 Sanctus
2103 997 2387 1066 Aspiciunt
2407 998 2556 1051 omni
2582 1014 2797 1067 semper
2824 997 3124 1069 fulgescere
3150 1007 3326 1054 nocte.

444 1090 606 1160 253
644 1090 878 1161 Egbepet
897 1102 924 1130 ι
952 1091 1199 1155 antistes,
1226 1092 1413 1161 primis
1431 1091 1606 1147 ωιιηίε
1634 1092 1687 1144 in
1712 1091 1871 1146 armis
2104 1086 2255 1140 Alter
2280 1088 2348 1141 ab
2372 1087 2457 1141 his
2486 1096 2649 1142 noctu
2670 1088 2940 1141 sociorum
2964 1089 3113 1142 visus
3137 1096 3195 1141 at
3218 1088 3309 1142 uni
3338 1095 3442 1154 est,

440 1180 542 1247 Qui
568 1180 799 1248 liquerat
815 1180 1047 1250 patriam
1068 1181 1255 1248 patria:
1283 1181 1519 1236 coalestis
1542 1195 1748 1249 amore,
2104 1178 2361 1249 Corpora,
2390 1180 2477 1233 cui
2512 1178 2670 1243 dixit,
2700 1180 2882 1233 statim
2916 1181 3157 1249 reperire
3182 1181 3410 1249 potestis

442 1271 509 1324 Et
535 1271 813 1340 peregrina
835 1279 1023 1341 petens
1052 1269 1227 1325 Scotis
1244 1269 1357 1338 jam
1389 1273 1620 1325 maxima
1641 1272 1767 1325 vitm
2103 1266 2320 1333 Nostra,
2346 1270 2436 1323 ubi
2459 1270 2526 1324 de
2551 1270 2704 1323 cretis
2727 1269 2899 1323 lucem
2930 1270 3142 1324 radiare
3173 1269 3396 1324 videtis.

444 1356 594 1413 Tunc
624 1360 869 1429 exempla
897 1359 1057 1414 dabat
1079 1358 1339 1414 doctrina:
1357 1359 1600 1428 lampade
1627 1357 1850 1429 fulgens,
2000 1366 2009 1375 ‘
2105 1358 2256 1414 Visio
2275 1370 2403 1414 tunc
2427 1362 2603 1415 socios
2628 1360 2751 1415 talis
2775 1376 2875 1416 nec
2900 1360 2987 1414 illa
3018 1359 3222 1425 fefellit,

439 1448 660 1503 Actibus
679 1449 983 1511 instituens,
1006 1449 1187 1504 verbis
1212 1461 1557 1519 quoscunque
1580 1449 1826 1515 docebat,
2103 1448 2341 1519 Corpora
2369 1465 2600 1519 namque
2623 1450 2756 1503 locis
2787 1450 2867 1503 sic
2893 1458 3020 1503 sunt
3048 1451 3265 1505 inventa
3291 1451 3392 1504 sub
3419 1450 3609 1514 isdem,

386 1616 387 1619 η
440 1539 770 1609 Pauperibus
794 1540 996 1610 largus.
1032 1541 1248 1595 sibimet
1266 1543 1359 1595 sed
1386 1556 1599 1610 semper
1623 1555 1841 1612 egenus.
2002 1538 2005 1541 λ
2106 1542 2530 1614 Martyribusque
2547 1543 2650 1611 piis
2669 1542 2831 1611 digno
2854 1541 3155 1596 conduntur
3179 1541 3400 1595 honore.

444 1627 535 1683 Sic
558 1629 729 1683 bonus
751 1629 980 1700 egregiae
1004 1628 1157 1682 duxit
1183 1629 1546 1685 moderamina
1584 1629 1723 1693 vitaz,
2173 1631 2273 1686 Ast
2296 1632 2386 1685 alii
2416 1642 2582 1700 atque
2610 1631 2702 1685 alii
2724 1629 2946 1701 praefata
2975 1646 3039 1685 ex
3069 1640 3225 1701 gente
3251 1630 3484 1686 ministri

446 1720 626 1790 Usque
647 1719 789 1775 diem
814 1722 1005 1777 mortis
1023 1722 1167 1777 clara
1192 1724 1389 1792 pietate
1415 1738 1720 1778 coruscans.
2106 1724 2382 1780 Sermonis
2400 1722 2613 1777 fuerant
2637 1723 2748 1779 illis
2783 1722 2839 1776 in
2856 1722 3101 1791 partibus
3125 1721 3295 1775 odiis.

441 1808 539 1864 Cui
564 1809 741 1865 fuerat
766 1810 946 1882 socius
972 1812 1182 1865 meritis
1207 1819 1263 1864 et
1290 1811 1527 1865 moribus
1554 1820 1725 1881 aptus,
2031 1796 2083 1858 Β
2108 1815 2151 1870 Ε
2176 1814 2374 1884 quibus
2396 1814 2597 1884 egregii
2626 1812 2885 1867 Suinert
2914 1812 3147 1882 Viraque
3169 1811 3423 1867 sacerdos

374 1894 381 1899 ’
441 1899 510 1954 Et
538 1915 716 1955 comes
736 1902 910 1956 exsilii
938 1901 1147 1956 Wibert
1177 1901 1206 1941 ι
1229 1901 1517 1971 pmclarus
1546 1900 1600 1955 in
1624 1899 1771 1955 omni
2108 1904 2461 1974 Temporibus
2487 1902 2685 1958 fulsere
2711 1903 2847 1966 suis,
2878 1902 2970 1971 qui
2992 1900 3223 1957 culmine
3257 1900 3391 1955 clari

441 1991 736 2061 Reliigione
759 1995 913 2060 satis,
941 1994 1035 2049 sed
1062 2000 1183 2064 post
1204 1994 1405 2047 divisus
1431 1993 1499 2046 ab
1532 1992 1627 2047 illo
2107 1999 2379 2055 Virtutum
2410 1996 2640 2061 fuerant,
2673 2003 2859 2050 nostro
2882 1990 3022 2064 quos
3039 1994 3279 2049 carmine
3304 2001 3527 2049 cunctos

442 2077 758 2133 Theoricam
783 2072 929 2135 solus
955 2082 1120 2135 vitam
1140 2081 1414 2135 districtus
1433 2079 1641 2150 agebat
2109 2087 2350 2157 Tangere
2375 2100 2483 2139 non
2516 2083 2693 2139 libuit.
2720 2081 2874 2137 Nunc
2897 2096 3128 2151 namque
3152 2091 3421 2136 revertere
3444 2081 3650 2137 Musam
3746 2112 3749 2115 ι

438 2170 566 2226 Inde
589 2186 700 2225 suae
726 2172 901 2240 gentis
928 2172 1208 2227 monachis
1231 2172 1533 2227 construxit
1556 2170 1696 2226 ovile
2108 2177 2268 2235 Urbis
2300 2175 2367 2230 ad
2395 2174 2673 2229 Euborica:
2697 2171 2780 2227 fas
2802 2179 2906 2237 est,
2932 2171 3121 2241 procul
3148 2172 3289 2225 unde
3317 2171 3581 2236 recessit,

440 2261 746 2332 εἰει-θείω,
780 2263 904 2317 Vim?
927 2262 1133 2317 ωεῒίῑίθ
1156 2268 1213 2316 ει
1247 2262 1486 2315 moribus
1517 2260 1645 2315 illud
1746 2332 1749 2335 _
2105 2270 2393 2328 Pontifices
2421 2281 2661 2323 summos
2685 2283 2701 2333 ;
2730 2266 3034 2333 seriemque
3060 2263 3363 2332 relinquere
3388 2276 3601 2332 regum,

442 2352 725 2406 Exornans
753 2344 943 2406 ovibus
970 2349 1171 2407 Christi
1201 2349 1469 2404 studiosus
1491 2346 1714 2413 alendis,
1769 2411 1771 2413 ι
2105 2362 2207 2431 Qui
2233 2369 2354 2431 post
2381 2356 2681 2413 Aufﬁdum
2714 2356 2737 2395 r
2766 2355 3043 2410 variarum
3070 2356 3311 2420 ιεωροη
3339 2352 3513 2422 regni,

440 2443 557 2512 Ipse
577 2458 675 2512 per
695 2449 978 2513 angustam
1004 2454 1138 2509 quas
1164 2447 1314 2494 recto
1332 2438 1548 2492 tramite
1565 2435 1753 2491 callem
2102 2450 2125 2506 ι

1717 2449 1753 2490 η
2102 2450 2333 2521 Imperio
2354 2447 2594 2503 functum
2621 2445 2779 2501 denis
2805 2442 2965 2499 simul
2993 2449 3155 2511 atque
3178 2439 3402 2495 novenis

441 2533 619 2588 Duxit'
636 2534 702 2587 ad
723 2533 943 2587 aetherei
967 2532 1188 2586 devotus
1212 2544 1408 2600 pascua
1432 2525 1601 2597 regni.
2104 2540 2126 2597 (

2104 2540 2338 2597 Orbibus
2364 2552 2648 2600 annorum,
2675 2536 2770 2605 qui
2793 2540 2918 2604 post
2944 2533 3046 2587 sub
3072 2539 3314 2601 tempore
3339 2529 3494 2609 pacis

440 2621 647 2678 Clam"
673 2622 875 2677 ίάοίτοο
899 2621 1086 2691 Signis:
1108 2627 1162 2675 ει
1184 2634 1332 2675 more
1354 2618 1647 2688 ΡΓοΡδθιων
2102 2630 2393 2701 Appositus
2418 2624 2664 2698 patribus
2697 2637 2947 2693 suprema
2975 2631 3123 2677 sorte
3150 2620 3373 2690 quievit.

441 2712 605 2767 Inita
628 2712 805 2767 futura
824 2713 1011 2768 videns
1034 2712 1231 2768 mansit
1261 2710 1551 2781 praeclarus
1586 2709 1807 2779 ubique.
2170 2720 2378 2774 Interea
2403 2716 2540 2769 Bosa
2567 2712 2742 2768 felicia
2769 2727 2937 2782 regna
2970 2719 3188 2780 petente

440 2799 633 2855 Postea
661 2800 896 2854 ccelestis
922 2801 1221 2869 penetravit
1246 2800 1439 2870 gaudia
1464 2799 1607 2853 vitae.
2103 2809 2311 2877 Accipit
2333 2805 2589 2861 Ecclesia
2614 2798 2853 2874 regimen
2882 2801 3214 2855 clarissimus
3236 2798 3329 2854 ille
3525 2858 3531 2863 ,

384 2886 389 2887 ⁷
503 2887 605 2941 Ast
636 2888 727 2942 alii
764 2888 969 2945 ratibus
992 2892 1133 2945 vecti
1155 2896 1304 2944 trans
1326 2903 1509 2957 aequor
1532 2886 1701 2941 Eoum

2104 2901 2201 2956 Vir
2226 2901 2442 2971 pietate,
2472 2897 2599 2964 fide,
2625 2895 2833 2951 meritis
2858 2902 2913 2951 et
2936 2902 3115 2949 mente
3142 2891 3429 2960 Joannes.
3510 2948 3512 2951 .

441 2976 712 3048 paganum
734 2979 937 3048 Ρεῑίθτθ
963 2978 1158 3044 δοίυῐηι
1187 2993 1292 3048 qua
1316 2978 1481 3033 Verba
1507 2975 1695 3032 ³²¹¹¹ῑί³
2102 2989 2429 3046 Pontificalis
2454 3003 2611 3058 apex,
2641 2987 2941 3056 priscorum
2972 2982 3199 3039 formula
3228 2982 3472 3039 Patrum.

444 3066 712 3145 Spargere
732 3069 1009 3123 tentabant
1028 3070 1092 3127 in
1118 3068 1347 3139 agrestia
1369 3068 1532 3123 corda
1559 3067 1803 3122 serendo.
2034 3127 2075 3145 Α
2106 3079 2129 3135 ι

1707 3067 1803 3121 udo.
2034 3127 2075 3145 η
2106 3079 2354 3135 Flumina
2390 3078 2649 3133 doctrinas
2676 3076 2906 3131 fundens
2932 3088 2965 3130 e
2992 3083 3212 3144 pectore
3233 3089 3392 3145 puro,

443 3127 515 3213 υἱ
540 3127 640 3211 fuit
663 3138 908 3228 ésresius
934 3127 1270 3213 Wilbrord“
1293 3158 1576 3232 episcopus
1599 3167 1629 3195 ο
1660 3146 1772 3221 ille,
2031 3127 2077 3192 C
2107 3127 2366 3240 ὲᾞᾷἰίξῶ
2390 3127 2831 3221 animum;
2846 3127 3254 3234 prata-rigavit;

442 3244 680 3302 Plurima
711 3248 803 3317 qui
828 3247 1007 3317 populi
1036 3246 1330 3302 Fresonum
1356 3246 1524 3300 millia
1550 3244 1769 3300 Christo
2026 3256 2031 3261 ‘
2107 3262 2127 3328 ς

2026 3256 2031 3261 ’
2107 3262 2273 3330 Quem
2304 3259 2521 3314 virtutis
2546 3259 2720 3313 honor
2755 3256 2921 3326 signis
2958 3254 3249 3323 comitatur
3276 3244 3499 3322 apertis,

443 3340 468 3379 ά
496 3340 759 3396 Lucr‘atus
783 3340 1002 3397 monitis
1022 3338 1197 3396 fuerat
1218 3338 1540 3403 coelestibus,
1567 3343 1730 3407 atque
2106 3354 2345 3422 Quorum
2372 3363 2542 3419 pauca
2568 3347 2703 3401 libet
2727 3344 2927 3399 nostris
2955 3355 3255 3396 memorare
3292 3338 3552 3395 camenis.
3634 3336 3635 3339 “

442 3428 751 3485 Pontificale
775 3432 939 3485 decus
965 3430 1149 3485 multis
1182 3430 1393 3493 ornavit
1418 3431 1475 3501 in
1501 3430 1679 3494 annis,
2109 3440 2127 3479 ε

2109 3440 2136 3479 Β
2164 3437 2299 3490 Dum
2327 3433 2488 3487 Pater
2522 3433 2636 3500 ipse
2655 3432 2777 3499 pius
2803 3428 3004 3496 jejunia
3028 3435 3213 3482 sancta
3236 3428 3479 3497 gerebat,

377 3578 384 3586 _
445 3519 815 3589 Ecelesiasque
843 3519 954 3574 Deo
974 3518 1158 3588 plures
1187 3514 1487 3573 construxit
1512 3516 1732 3582 ibidem.
2106 3524 2333 3579 Parvula
2355 3534 2504 3594 septa
2529 3524 2663 3577 viris
2690 3523 2883 3592 repetit
2914 3523 3202 3578 comitatus
3221 3522 3493 3587 honestis;

442 3609 790 3683 Presbyteros
816 3610 869 3663 in
896 3610 977 3663 eis
999 3616 1260 3674 statuens,
1280 3607 1537 3675 verbique
1556 3606 1851 3670 ministros,
2106 3612 2293 3672 Posset
2314 3624 2372 3670 ut
2398 3615 2659 3669 :ntbcreos
2685 3614 2864 3668 animo
2893 3614 3183 3683 decerpere
3206 3611 3390 3677 flores,

444 3698 631 3754 Omnia
657 3690 937 3769 per-ficiens
983 3696 1111 3756 felix
1135 3699 1191 3753 in
1212 3712 1345 3768 pace
1370 3698 1591 3768 quievit.
2107 3706 2175 3762 Et
2203 3705 2427 3761 Domino
2452 3705 2682 3775 propriae
2707 3704 2947 3759 decimas
2972 3704 3276 3772 persolvere
3295 3701 3439 3766 vim,

443 3794 589 3849 illius
613 3808 738 3848 ecce
760 3792 865 3847 duo
892 3792 1105 3846 fuerant
1128 3790 1372 3860 exempla
1405 3789 1573 3845 secuti
2106 3798 2151 3853 E
2175 3796 2327 3865 queis
2351 3795 2565 3848 divitias
2590 3794 2726 3848 caelo
2753 3793 3017 3862 reperiret
3034 3792 3259 3861 opimas.
3314 3828 3317 3829 ν

445 3882 773 3955 Presbyteri,
800 3885 966 3939 nimio
996 3883 1206 3939 accensi
1233 3881 1444 3937 fervore
1465 3881 1589 3957 fidei
1614 3892 1633 3948 ς
2106 3886 2317 3941 latrans
2343 3897 2473 3953 ergo
2500 3882 2676 3937 locum
2703 3881 2965 3936 districtis
2995 3881 3181 3935 usibus
3211 3888 3415 3950 aptum,

445 3973 687 4028 Nominis
718 3975 877 4029 unius
900 3972 1213 4027 Herwaldus
1241 3982 1265 4011 ο
1286 3962 1512 4039 uterque
1535 3977 1782 4039 vocatus.
2108 3975 2259 4031 Tunc
2282 3974 2467 4043 inopes
2485 3974 2645 4045 jussit
2666 3988 2761 4044 per
2784 3972 3026 4043 proxima
3047 3971 3281 4039 compita
3308 3967 3501 4041 quaeri,

444 4064 551 4118 Par
569 4079 703 4133 opus
728 4062 989 4118 ambobus
1011 4061 1137 4115 vita:
1160 4060 1254 4115 sed
1272 4068 1328 4112 et
1350 4059 1539 4113 exitus
1554 4072 1713 4112 unus.
2106 4064 2211 4120 Per
2235 4079 2294 4119 se
2320 4063 2645 4133 pauperibus
2666 4064 2864 4117 victum
2888 4069 2949 4115 ut
2971 4058 3205 4115 deferret
3223 4059 3428 4131 egenis.

443 4152 611 4206 Albus
634 4151 742 4216 hic:
772 4151 859 4204 me
878 4150 1055 4220 ηῑεθτν
1079 4148 1328 4204 (ίίεωηῐίτί
1343 4146 1454 4203 801³
1478 4145 1723 4217 capillis;
2104 4156 2256 4212 Tunc
2276 4170 2420 4225 aeger
2441 4152 2651 4221 juvenis
2680 4160 2967 4221 mutusque
3006 4149 3293 4205 adducitur
3317 4150 3417 4215 illi,

444 4240 516 4294 At
548 4240 700 4310 niger
721 4240 778 4293 in
815 4239 966 4293 libris
990 4238 1165 4293 fuerat
1196 4237 1486 4293 studiosior
1511 4236 1651 4293 albo.
2104 4244 2357 4301 promere
2381 4243 2473 4312 qui
2501 4241 2661 4297 nullis
2680 4248 2895 4311 poterat
2911 4239 3023 4309 jam
3041 4239 3206 4294 verba
3230 4238 3475 4310 loquelis,

444 4331 586 4400 Ergo
606 4330 662 4384 hi
689 4328 957 4384 Saxonum
983 4343 1205 4398 pagana:
1230 4330 1461 4397 compita
1488 4328 1658 4398 plebis
2105 4332 2205 4390 Cui
2225 4341 2387 4404 caput
2412 4330 2656 4387 horribili
2678 4331 2854 4385 fuerat
2873 4330 3176 4401 scabrigiue
3197 4337 3423 4397 tectum,

445 4420 741 4484 lntrabant,
770 4419 979 4488 aliquos
1006 4419 1051 4473 si
1078 4416 1292 4473 Christo
1318 4418 1597 4489 acquirere
1621 4426 1879 4487 possent;
2029 4456 2081 4519 Β
2104 4424 2173 4480 Et
2197 4439 2297 4494 pro
2323 4424 2473 4477 crine
2493 4422 2633 4478 cutis
2653 4420 2881 4497 maculis
2904 4419 3097 4475 vestita
3126 4421 3403 4486 remansit,

448 4510 556 4565 Sed
580 4511 708 4564 dum
730 4508 868 4564 forte
894 4523 1063 4564 novos
1083 4523 1260 4565 mores
1284 4508 1601 4579 habitusque
1629 4509 1751 4565 fidei
2033 4508 2072 4519 '
2107 4513 2242 4568 Huic
2264 4512 2385 4582 pius
2408 4512 2629 4566 antistes
2651 4511 2891 4566 casulam
2918 4510 3181 4579 congessit
3209 4523 3395 4580 egeno.

396 4620 397 4623 η
445 4599 757 4671 Agnoscunt
780 4600 982 4664 miseri,
1006 4608 1250 4655 metuunt
1267 4616 1337 4656 ne
1364 4600 1601 4657 funditus
1624 4604 1799 4657 omnis
1989 4629 1995 4635 -
2104 4603 2163 4659 In
2185 4617 2290 4672 qua
2311 4588 2607 4671 susciperet
2635 4600 2827 4669 stipem
2852 4601 3019 4653 miser
3042 4600 3132 4653 ille
3153 4607 3383 4654 suetam.

447 4689 567 4745 1am
591 4690 806 4745 caderet
825 4686 986 4744 citius
1012 4693 1255 4743 veterum
1278 4689 1484 4745 cultura
1516 4680 1760 4745 deorum.
2107 4694 2340 4762 Postque
2366 4692 2480 4746 dies
2502 4699 2708 4762 septem
2732 4690 2990 4745 transacti
3014 4688 3268 4758 temporis
3289 4688 3440 4742 illum

450 4780 754 4838 Hossubito
776 4789 957 4853 raptos
980 4780 1181 4836 crudeli
1200 4789 1372 4836 morte
1394 4789 1690 4837 necarunt:
2100 4782 2130 4837 Ι
2136 4790 2347 4839 usserat
2366 4783 2580 4847 adduci,
2604 4789 2912 4850 motamque
2935 4780 3217 4834 ostendere
3239 4776 3504 4850 linguam;

446 4870 643 4927 Album
669 4871 765 4926 sed
784 4870 1053 4927 trucidant
1069 4870 1251 4925 statim
1274 4883 1527 4924 mucrone
1549 4877 1794 4935 cruento,
2105 4876 2204 4931 Cui
2229 4876 2405 4931 crucis
2432 4874 2701 4946 impressit
2722 4882 2920 4929 sancta:
2946 4872 3202 4943 signando
3223 4873 3471 4944 figuram,

450 4959 631 5030 Longa
656 4950 751 5017 sed
767 4964 1059 5032 exquirunt
1083 4962 1218 5017 dum
1238 4966 1502 5016 tormenta
1528 4958 1741 5027 nigella,
2108 4966 2285 5041 Atque
2307 4968 2400 5022 diu
2421 4968 2637 5023 tacitam
2660 4964 2820 5033 jussit
2842 4964 3087 5037 proferre
3112 4965 3426 5037 loquelam]

452 5048 627 5118 Atque
648 5058 1042 5120 peremptorum
1067 5050 1240 5107 Rheni
1274 5052 1374 5106 sub
1397 5049 1629 5105 ﬂuminis
1647 5050 1816 5104 undas
1920 5080 1925 5084 -
2109 5055 2211 5124 Qui
2244 5056 2390 5113 dicto
2414 5056 2574 5111 citius
2597 5054 2777 5111 Patris
2797 5064 3066 5127 prmoepta
3096 5065 3336 5122 secutus,

492 5184 497 5191 ·
522 5161 678 5217 Vers.
716 5160 879 5216 4057.

2606 5180 2607 5183 ‘
3238 5163 3394 5223 Ven.
3436 5163 3593 5223 1109.

526 5286 553 5315 ι
581 5273 640 5350 ἓ.
662 5272 1246 5350 _Egbg:rtus__ep.___Beda,
1278 5278 1395 5350 libr.
1436 5288 1651 5350 v_,_cap.
1684 5272 1751 5327 10
1797 5281 1853 5329 et
1887 5282 2004 5341 cap.
2108 5282 2456 5350 part.__i_,__pag.
2484 5274 2612 5350 _67l.
2633 5275 2922 5350 observat.
2950 5289 3286 5350 num.
3317 5273 3374 5330 1.

454 5288 553 5397 ,δ’
581 5288 1399 5399 ξξαίξῗξέξιῗ³κθξιςειιῗξῗείιι¹ἳὲί
1436 5288 1853 5399 ξε,ωείέέ
1887 5288 2004 5341 ων·
2108 5289 2139 5344 ¹³

530 5382 546 5397 .
684 5388 695 5415 ς
1058 5413 1079 5415 Α
1161 5410 1326 5415 ~_7
1405 5383 1419 5396 .
1819 5350 2005 5411 ,βω-ι.

1701 5288 1751 5327 lu
1797 5288 1853 5329 et
1887 5288 2004 5341 cap.
2108 5288 2247 5344 part.
2270 5290 2311 5337 ι,
2490 5288 2612 5328 un.
2633 5288 2922 5331 'Ubservat.
2950 5290 3115 5346 pm.
3138 5289 3286 5331 num.
3317 5288 3374 5330 ι.

1701 5366 1723 5396 ν.
1750 5358 1834 5408 ιιι,
1865 5350 2005 5411 part.
2180 5355 2204 5415 ξ
2234 5344 2340 5415 ψει
2375 5344 2566 5415 rordus
2587 5358 2673 5415 ep.
2704 5344 2961 5400 Alcuinus
2984 5346 3040 5401 in
3064 5344 3186 5399 Vita
3207 5358 3386 5415 supra.

457 5427 497 5491 ξε
523 5427 644 5483 pag.
668 5414 773 5470 487
798 5422 854 5470 et
876 5428 1032 5491 seqq.
1156 5410 1217 5491 8Ζ
1238 5413 1546 5491 Egbertgft
1865 5410 2011 5491 men:
2177 5412 2205 5451 δ
2234 5412 2396 5491 βράε,
2571 5410 2768 5491 v,'ca_p.
2795 5415 2911 5491 ll._
2932 5484 2965 5491 __
3026 5480 3045 5491 ε

678 5498 893 5553 quoque
913 5478 1041 5539 facit
1070 5478 1324 5537 Alcuiiius
1350 5481 1405 5534 in
1434 5478 1556 5534 Vita
1594 5478 1652 5535 S.
1679 5479 2009 5535 Willibrordi
2184 5493 2208 5521 ο
2236 5480 2528 5564 βαι-πηῷ.
2552 5496 2647 5564 seu
2673 5478 2968 5564 _ile_u_waldi
3387 5489 3442 5537 ct
3489 5479 3668 5564 niger,

400 5696 403 5697 ,
458 5548 798 5702 Was.
826 5620 1254 5702 ist'sﬂisben-
1284 5574 1762 5702 ug-.Bega._iair.
1789 5634 1843 5683 ν.
1870 5615 2008 5672 nisi.

1890 5615 2008 5672 aa...
2111 5548 3317 5702 “ﬁliiﬁlﬂaﬁ’aﬁhﬁo‘iﬁgﬂ‘é
3344 5564 3464 5620 αι’·
3488 5549 3575 5604 ¹¹·

462 5700 577 5755 cap.
610 5685 696 5755 10,
724 5696 779 5743 et
822 5688 1015 5744 Mabill.
1046 5691 1167 5745 Vita
1196 5690 1252 5747 S.
1300 5688 1559 5760 Wigberti
1601 5688 1719 5743 Act.
1761 5702 1884 5742 saec.
1926 5702 2008 5755 in,
2187 5690 2211 5729 ⁸
2236 5685 2539 5752 Beda,libr.
2570 5704 2603 5743 v
2631 5688 2768 5744 Hist.
2798 5686 2951 5755 Angl.
2983 5701 3099 5757 cap.
3120 5686 3173 5740 2.
