4268 6234
593 263 696 320 835
1403 253 1461 305 B.
1504 251 1562 304 F.
1600 247 1823 304 ALBINI
1866 245 1995 323 SEl‘
2035 241 2278 297 ALCULV

2166 230 2637 297 .UiNi'OPERL‘iI
2676 235 2850 290 mus
2890 234 2974 289 γι.
3370 210 3377 219 ’
3740 224 3851 279 sas

581 379 699 436 .Ore
725 366 949 446 loquens
973 378 1223 444 prompto
1260 367 1523 422 taciturna
1552 363 1761 419 silentia
1789 359 1949 427 rupit,

594 469 660 523 Et
680 467 838 537 pleno
866 472 951 519 est
984 460 1201 531 penitus
1224 464 1408 521 mutus
1428 467 1675 509 sermone
1700 451 1933 505 locutus.

592 558 773 626 Atque
798 555 884 610 die
912 560 1040 615 tota,
1068 550 1274 620 pariter
1298 561 1419 601 cum
1444 549 1602 598 nocte
1622 538 1885 609 sequenti,

594 648 713 702 Non
736 645 968 701 cessavit
992 656 1159 696 ovans
1186 637 1365 693 varias
1388 635 1630 707 proferre
1650 631 1908 702 loquelas,

594 738 769 803 Atque
796 747 904 788 sua:
929 730 1124 785 mentis
1146 733 1381 782 secretas
1405 723 1639 792 pandere
1667 733 1887 782 causas;

596 823 663 878 Et
686 838 809 877 eum
826 835 959 875 voce
978 819 1117 873 cutis
1145 814 1348 885 pariter
1371 813 1488 882 jam
1513 825 1641 865 sana
1667 821 1883 862 reversa
1907 812 1991 859 est
2014 819 2029 867 ;

596 912 1026 977 Reddunturque
1050 905 1173 960 novi
1202 905 1438 971 crispato
1462 901 1611 955 crine
1638 896 1813 971 capilli
1839 912 1853 961 ;

598 1001 937 1069 Puicberque
964 1004 1048 1052 est
1074 994 1288 1063 juvenis
1312 992 1500 1055 factus,
1526 995 1911 1059 promptusque
1937 978 2169 1049 loquela.

601 1094 797 1161 Sicque
831 1090 1049 1145 domum
1069 1084 1342 1156 propriam
1379 1080 1618 1153 gaudens
1646 1084 1865 1132 sanatus
1891 1073 2090 1127 adibat.

2192 362 2240 416 Α
2269 352 2442 419 Atque
2469 363 2655 420 preces
2681 346 2908 400 Domino
2934 358 3030 412 pro
3044 340 3214 410 .linjus
3241 336 3465 392 fundere
3496 334 3620 389 vita.

2407 416 2550 510 quod
2581 438 2736 507 plena
2770 435 2890 489 fidei
2922 431 3206 503 rogitabat,
3230 426 3353 496 jure
3382 416 3657 497 negabat,’

2270 532 2369 587 Vir
2396 532 2518 602 pius
2544 538 2598 584 et
2626 529 2879 592 clemens,
2908 525 3089 580 statim
3119 521 3212 577 sed
3237 517 3418 576 visitat
3442 530 3667 589 aegrum,

2271 624 2339 677 Et
2365 621 2642 682 benedixit
2667 635 2815 685 eum,
2846 617 3057 672 rediens
3086 628 3152 671 ex
3172 624 3332 668 ‘more
3362 611 3560 668 salutat
3588 627 3603 663 :

2275 714 2395 768 Mox
2426 713 2716 776 revalesce,
2747 725 2900 779 puer,
2928 708 3130 771 dicens,
3159 705 3409 772 viresque
3436 714 3671 757 resume.

2274 805 2402 859 Post
2427 806 2544 859 haec
2572 788 2693 858 cum
2723 799 2916 871 praesul
2945 798 3027 853 vel
3054 798 3160 852 dux
3187 796 3452 865 prandere
3478 791 3761 853 sedebant,

2270 894 2516 950 Postulat
2542 893 2787 947 infirmus
2811 890 2998 945 sitiens
3025 887 3126 942 sibi
3152 884 3343 955 pocula
3367 882 3517 949 ferri,

2274 984 2370 1039 Cui
2397 982 2655 1038 Dominus
2680 981 2916 1049 gaudens
2939 974 3211 1047 quod‘jam
3237 982 3424 1044 potare
3449 972 3677 1035 valeret,

2274 1075 2396 1131 Mox
2426 1074 2649 1130 calicem
2677 1073 2795 1127 vini
2818 1070 3155 1126 benedictum
3185 1082 3213 1120 a
3242 1058 3472 1143 praasu‘le
3498 1064 3682 1127 misit;

599 1153 757 1252 253
780 1192 805 1219 ⁸
830 1178 939 1233 Nec
957 1153 1265 1229 mea—linis“:
1285 1171 1429 1225 aliud
1452 1168 1631 1231 ῐίὲἀθῐ,
1654 1160 1919 1221 liuidabile
1940 1158 2172 1227 Signum:
2276 1166 2348 1221 Ut
2370 1165 2506 1219 bibit
2528 1164 2692 1227 hunc,
2716 1161 2895 1216 statim
2919 1173 3080 1215 sanus
3102 1156 3352 1219 surrexit,
3382 1163 3437 1210 et
3461 1153 3591 1218 ibat,

598 1251 734 1327 Dum
762 1270 951 1324 lustrat
976 1273 1159 1337 pastor
1183 1262 1330 1332 vigili
1360 1259 1622 1314 tutamine
1649 1253 1905 1309 mandras
1930 1251 1980 1316 ι),

600 1362 924 1418 Sanctarum
949 1356 1109 1409 venit.
1126 1350 1450 1406 famularum
1476 1348 1653 1401 visere
1681 1342 1892 1407 cellam,

602 1452 679 1505 De
701 1462 929 1518 quarum
958 1457 1184 1499 numero
1212 1439 1434 1495 recubat
1460 1432 1774 1505 virguncula
1803 1429 2047 1500 quaedam

602 1541 751 1594 Vena
779 1537 865 1591 cui
891 1548 1062 1602 nuper
1086 1530 1262 1586 medio
1290 1535 1374 1582 est
1402 1526 1574 1580 incisa
1597 1524 1825 1585 lacerto,

605 1632 672 1685 Et
698 1642 887 1683 manus
915 1621 1173 1691 obstipuit
1202 1618 1365 1673 nimio
1394 1621 1672 1671 crassante
1699 1620 1928 1665 tumore.

603 1722 744 1791 Ergo
768 1716 1055 1772 videbatur
1072 1712 1233 1766 citius
1260 1707 1519 1764 moritura
1543 1702 1718 1775 puella
1733 1701 1765 1767 ;'

604 1812 753 1865 lianc
781 1809 874 1863 sed
903 1804 1139 1861 restituit
1164 1801 1376 1856 Domini
1403 1798 1601 1853 virtute
1625 1793 1785 1850 saluti

608 1888 847 1953 Antistes
873 1900 1110 1957 sanctus,
1141 1890 1232 1959 qui
1262 1896 1423 1952 tecta,
1455 1900 1487 1939 a
1518 1891 1691 1939 matre
1718 1887 1963 1951 rogatus,

606 1987 842 2057 Virginis
872 1984 1127 2047 intrabat,
1157 1980 1520 2046 recubamque
1549 1990 1618 2030 ex
1644 1985 1795 2027 more
1822 1970 2039 2033 salutat,

606 2081 784 2145 Atque
805 2088 995 2144 preces
1019 2071 1246 2125 fundens
1270 2066 1450 2122 manui
1477 2062 1826 2120 benedixerat
1848 2071 2022 2128 aegras.

605 2164 836 2221 Invaluit
866 2162 1047 2216 statim
1073 2158 1308 2229 fugiente
1337 2154 1518 2211 dolore
1541 2150 1739 2224 puella,
1757 2162 1781 2175 ’ί

606 2259 773 2326 inque
798 2253 1015 2309 modum
1038 2251 1236 2305 mirum
1259 2254 1373 2302 toto
1398 2246 1464 2301 de
1488 2256 1712 2313 corpore
1739 2248 1851 2295 tota

609 2347 744 2402 Cum
772 2345 1029 2399 redeunte
1053 2341 1198 2396 foras
1223 2337 1446 2393 secessit
1470 2333 1698 2406 pressule
1722 2329 1910 2401 pestis.

609 2439 864 2495 Protinus
887 2435 1192 2510 Altithrono
1216 2430 1425 2501 magnis
1448 2434 1636 2499 erepta
1658 2424 1895 2495 periclis,

610 2529 774 2600 Virgo
801 2528 947 2584 canit
966 2525 1152 2580 laudes
1177 2521 1375 2578 multos
1395 2518 1605 2572 victura
1629 2530 1727 2586 per
1751 2526 1939 2567 annos.

688 2630 712 2657 ε
745 2616 882 2671 Huic
904 2615 1046 2669 aliud
1071 2611 1233 2667 simili
1262 2607 1522 2664 successit
1542 2606 1596 2659 in
1622 2603 1809 2659 ordine
1832 2602 2061 2671 signum.

612 2711 753 2766 Ecce
779 2721 958 2763 comes
984 2704 1199 2774 quidam
1226 2698 1588 2755 venerandum
1609 2693 1731 2763 jure
1754 2691 2015 2747 Joannem

612 2804 867 2865 Advocat,
896 2797 1138 2854 ecclesia:
1165 2793 1393 2848 Domino
1420 2788 1515 2859 qui
1540 2795 1680 2842 tecta
1708 2786 1931 2841 dicaret.
1974 2848 1979 2851 ῆ

614 2893 763 2949 Uxor
785 2896 903 2945 erat
927 2889 1078 2957 cujus
1106 2884 1291 2942 multis
1319 2880 1531 2935 infirma
1559 2877 1767 2941 diebus,

616 2968 980 3049 Quadraginta
998 2978 1185 3046 iacens
1210 2979 1400 3027 noctes
1424 2970 1678 3038 depressa
1704 2963 1907 3028 dolore,
1992 2978 1995 2981 ·

616 3060 828 3141 Algida,
854 3082 955 3121 nec
977 3064 1142 3118 valuit
1168 3077 1285 3118 sese
1311 3060 1548 3116 relevare
1571 3056 1767 3122 cubili;

616 3159 821 3215 Lurida
839 3157 925 3212 cui
948 3154 1155 3225 gelidus
1179 3148 1353 3221 pallor
1373 3154 1697 3219 przetexerat
1720 3160 1841 3210 ora,

551 3245 555 3248 ’
617 3251 850 3305 Naribus
874 3246 1098 3317 alternis
1126 3242 1303 3299 tenuis
1329 3241 1418 3294 vix
1442 3238 1607 3293 ﬂabat
1631 3237 1874 3291 anhelus.

619 3340 756 3397 lluic
777 3341 900 3411 pius
924 3330 1152 3397 antistes
1178 3333 1515 3390 benedictam
1544 3330 1765 3384 miserat
1789 3327 2008 3411 undam,

621 3429 735 3493 Qua
767 3409 916 3496 prius
944 3423 1225 3480 ecclesiam
1241 3421 1480 3499 .Domino
1510 3423 1819 3499 sacraverat
1843 3409 2012 3481 illam,

622 3487 693 3569 iit
718 3487 927 3582 potaret
953 3525 1093 3573 eam,
1124 3487 1283 3577 atque
1312 3494 1543 3561 dolentia
1570 3487 1811 3558 membra
1839 3498 2040 3556 liniret.

621 3603 772 3670 Quod
799 3604 923 3657 dum
954 3600 1189 3664 fecisset,
1221 3594 1463 3665 sequitur
1487 3592 1754 3649 medicina
1779 3606 1876 3661 per
1899 3600 2070 3658 artus,

616 3685 795 3761 'Atque
822 3688 1101 3744 salutifero
1126 3685 1298 3741 morbi
1325 3685 1536 3755 periere
1563 3681 1664 3737 sub
1687 3683 1903 3747 haustu,

624 3778 782 3832 Venit
804 3787 859 3831 et
882 3784 1076 3845 optata:
1100 3775 1273 3829 virtus
1297 3783 1551 3828 concessa
1574 3770 1782 3835 salutis,
1833 3766 1847 3815 ἶ

577 3885 581 3889 ·
626 3869 809 3937 Surgit
832 3875 888 3919 et
911 3880 941 3918 e
965 3851 1132 3919 strato
1157 3863 1342 3917 statim
1368 3860 1718 3915 tunc'femina
1744 3874 1948 3929 sospes,

625 3956 798 4025 Atque
828 3951 1094 4008 sacerdoti
1125 3948 1397 4006 renovatis
1423 3947 1629 4002 viribus
1656 3948 1798 4003 almo

625 4046 822 4102 Pocula
850 4046 1117 4114 deportat,
1149 4042 1462 4110 cunctisque
1490 4040 1719 4110 impigra
1746 4037 2035 4093 ministrat;

626 4138 878 4192 Reddidit
911 4143 1071 4203 atque
1098 4134 1210 4195 Deo
1241 4133 1460 4203 proprio
1494 4147 1617 4187 cum
1651 4126 1878 4201 conjuge
1911 4137 2110 4199 grates.

696 4228 723 4267 δ
755 4228 827 4282 At
855 4242 1036 4282 eomes
1061 4226 1204 4293 hunc
1232 4225 1370 4278 alius
1397 4225 1609 4278 diverso
1635 4232 1875 4291 tempore
1903 4219 2070 4277 scisci'

629 4316 781 4371 Fecit
804 4317 871 4372 ad
891 4315 1172 4371 ecclesiam
1198 4313 1419 4377 Domini,
1434 4312 1501 4367 de
1522 4326 1673 4366 more
1693 4311 1994 4376 dicandam,

631 4402 798 4473 Cujus
827 4403 964 4459 forte
992 4419 1128 4474 puer
1156 4402 1371 4457 mortali
1401 4408 1553 4470 peste
1585 4396 1886 4471 subactus,]

581 4542 585 4551 ι
631 4494 873 4549 Mortuus
894 4508 961 4547 ex
988 4493 1134 4547 omni
1158 4493 1519 4548 membrorum
1544 4500 1698 4561 parte
1721 4491 1982 4553 remansit

632 4584 886 4654 Spiritus,
914 4590 1138 4651 excepto
1162 4582 1304 4652 quod
1326 4590 1545 4651 pectora
1569 4580 1712 4636 fessa
1736 4581 2005 4649 movebat,

615 4675 849 4749 Frigida
872 4674 963 4730 vix
988 4674 1133 4729 tenui
1158 4672 1436 4744 geminans
1460 4670 1689 4741 suspiria
1714 4668 1864 4737 ﬂatu,

633 4763 861 4820 Funeris
882 4765 1163 4833 exsequias
1186 4764 1274 4819 cui
1299 4770 1428 4817 tunc
1454 4776 1635 4817 eomes
1662 4761 1775 4832 ipse
1796 4761 2041 4832 parabat,

634 4854 705 4908 Et
724 4853 931 4909 loculus
947 4852 1101 4922 juxta
1123 4854 1320 4918 stabat,
1346 4866 1453 4922 quo
1476 4867 1671 4922 mrpus
1694 4852 2020 4907 humandum
2036 4879 2053 4890 η

622 4939 761 5017 ¹Μοι
786 4941 981 5008 fuerat,
1009 4942 1134 4995 vitae
1157 4940 1411 5010 quoniam
1438 4954 1561 5007 spes
1587 4938 1732 4994 nulla
1758 4938 2008 4995 manebat
2034 4958 2046 4992 :

638 5028 747 5085 Pro
771 5036 876 5099 quo
898 5030 1204 5102 pontificem
1228 5030 1529 5098 lacrymans
1552 5030 1659 5084 dux
1685 5030 1799 5098 ipse
1823 5020 2064 5099 rogabat,

643 5121 716 5177 Ut
740 5122 1049 5191 dignaretur
1075 5136 1243 5192 puero
1269 5120 1587 5176 benedicere
1614 5128 1832 5189 praesto,

717 5252 873 5309 Vers.
912 5253 1069 5308 H63.

716 5378 740 5406 -
777 5366 919 5420 Idem
948 5356 1223 5435 i'bid,rcap.
1256 5330 1309 5421 3.

717 5435 745 5474 δ
785 5432 1066 5497 ﬂandi-as,
1084 5434 1136 5487 id
1163 5432 1266 5503 at,
1295 5432 1637 5492 monasteria.
1665 5433 1782 5501 για.
1808 5432 2086 5507 Cangium.

721 5515 742 5572 ἐ
781 5503 942 5568 Beda,
972 5517 1090 5572 cap.
1115 5503 1168 5557 ι.
1232 5540 1239 5549 ,η
1688 5510 1693 5513 ·

720 5571 746 5609 ιι
787 5572 922 5631 ibid.
946 5571 1063 5648 cap;
1092 5579 1143 5633 5.

2187 1278 2195 1285 ·
2272 1255 2604 1323 Intravitque
2628 1253 2843 1308 domum
2868 1266 2974 1319 quo
2996 1250 3103 1304 dux
3127 1256 3182 1303 et
3204 1246 3398 1316 prmsul
3425 1245 3673 1300 edebant.

2274 1344 2515 1414 Cumque
2538 1342 2643 1397 illis
2664 1343 2849 1397 bibere
2872 1348 2925 1395 et
2949 1339 3091 1394 vesci
3118 1353 3176 1393 se
3198 1336 3333 1391 velle
3356 1335 3619 1406 profatur,

2278 1433 2435 1487 Potat
2462 1432 2678 1501 editque
2703 1431 2892 1485 sedens
2916 1429 3069 1483 laetus
3094 1424 3401 1481 laétantibus
3428 1423 3556 1497 illis,

2280 1523 2407 1578 Post
2434 1524 2549 1578 haec
2577 1530 2630 1576 et
2658 1521 2842 1576 multis
2868 1519 3081 1574 vivebat
3110 1530 3294 1585 sospes
3321 1515 3377 1569 in
3407 1513 3581 1568 annis.

2206 1682 2259 1743 Β
2358 1623 2380 1651 ε
2408 1612 2479 1665 At
2519 1626 2731 1681 quoque
2771 1608 2966 1681 pressu]
3008 1608 3112 1662 iter
3150 1620 3248 1675 per
3282 1602 3569 1675 quamdam
3605 1600 3858 1656 cursibus

2324 1742 2327 1743 ν
3579 1689 3782 1743 faniam

2319 1742 2329 1751 .
3579 1689 3782 1763 [aptam

2281 1814 2564 1869 Planitiem
2587 1811 2780 1881 campi,
2809 1825 2930 1865 cum
2955 1808 3099 1864 clero
3124 1806 3291 1878 gessit
3312 1811 3605 1875 equester;

2283 1904 2437 1959 Tune
2452 1901 2677 1970 juvenes
2703 1900 2890 1954 ardent
2910 1912 3070 1952 cursu
3093 1895 3413 1949 contendere
3428 1904 3714 1960 equorum,

2286 1991 2394 2048 Sed
2422 1991 2543 2061 pius
2570 1990 2795 2044 antistes
2823 1985 2993 2041 vetuit
3020 1982 3324 2054 specialiter
3350 1996 3515 2036 unum

2283 2080 2365 2137 Ex
2396 2081 2578 2147 sociis,
2606 2079 2733 2135 ludo
2760 2093 2829 2132 ne
2860 2092 2918 2132 se
2946 2076 3193 2131 misceret
3219 2072 3385 2127 inani.

2282 2169 2376 2224 ille
2404 2177 2584 2225 tamen
2613 2176 2799 2223 contra
2826 2165 3050 2221 vetitum
3077 2162 3380 2233 petulanter
3407 2161 3659 2239 habenas-

2289 2260 2479 2325 Solvit,
2508 2273 2646 2328 equo
2668 2257 2862 2321 ﬁdens,
2892 2254 3231 2323 mediumque
3257 2238 3492 2322 erumpit
3517 2238 3572 2304 in
3596 2262 3809 2317 aequor;

2287 2351 2430 2423 Ergo
2454 2364 2644 2405 cavum
2668 2348 2940 2417 quoddam
2958 2345 3087 2399 dum
3113 2343 3353 2398 fervidus
3379 2342 3467 2395 itle
3491 2338 3730 2395 caballus

2289 2439 2564 2503 Transilit,
2589 2445 2646 2492 et
2665 2436 2841 2496 valido
2855 2433 3068 2504 juvenis
3091 2433 3370 2489 conamine
3393 2431 3576 2501 lapsus

2255 2530 2261 2538 '
2288 2528 2348 2583 In
2380 2527 2609 2597 lapidem
2636 2525 2853 2592 cecidit,
2885 2525 2975 2593 qui
3007 2524 3147 2579 forte
3172 2521 3395 2591 aequalis
3423 2534 3599 2574 arena:

2289 2617 2345 2690 in
2377 2617 2553 2672 medio
2579 2615 2753 2685 campi
2780 2614 2935 2668 latuit
2966 2614 3065 2669 sub
3092 2611 3295 2680 cespite
3326 2618 3521 2674 tectus,

2289 2706 2401 2762 Nec
2425 2705 2563 2775 lapis
2590 2704 2726 2758 alter
2751 2711 2869 2758 erat
2896 2717 3084 2772 campo
3116 2706 3359 2769 repertus
3388 2699 3442 2753 in
3472 2697 3595 2762 illo;

2292 2798 2429 2854 Huic
2452 2806 2612 2869 caput
2635 2804 2797 2868 atque
2822 2808 3039 2849 manum
3062 2807 3191 2848 casu
3218 2790 3418 2846 collisit
3438 2789 3651 2853 acerbo,

2290 2888 2523 2945 Verticis
2546 2894 2603 2942 et
2623 2886 2779 2941 solvit
2798 2884 3095 2953 iuncturas,
3125 2888 3286 2951 atque
3311 2879 3549 2947 cerebro.

2216 3014 2264 3078 ο
2294 2980 2581 3046 Quassato,
2612 2977 2821 3031 cunctis
2840 2974 3009 3043 iacuit
3029 2973 3143 3043 jam
3168 2968 3414 3025 sensibus
3440 2982 3630 3039 expers
3659 2985 3675 3048 ς

2292 3068 2360 3123 Et
2382 3065 2733 3122 moribundus
2760 3072 2875 3119 erat
2900 3070 3047 3117 motu
3076 3062 3191 3116 sine
3218 3059 3461 3128 corporis
3487 3057 3616 3112 ullo.

2294 3156 2533 3226 Septima
2559 3167 2751 3224 nempe
2776 3152 2879 3207 fuit
2904 3160 3031 3206 tunc
3057 3150 3269 3205 circiter
3298 3149 3432 3203 liora
3462 3145 3592 3211 diei,

2293 3243 2741 3311 Semianimisque
2767 3243 2981 3295 domum
3009 3238 3171 3294 sociis
3198 3236 3441 3292 defertur
3470 3235 3539 3294 ab
3563 3228 3713 3305 ipsis.

2258 3334 2261 3337 λ
2292 3330 2363 3385 At
2386 3330 2515 3400 vigil
2540 3330 2593 3384 in
2618 3329 2868 3399 precibus
2893 3328 3168 3398 perstabat
3193 3332 3349 3381 nocte
3375 3324 3654 3388 sacerdos;

2246 3434 2249 3436 ‘
2293 3418 2452 3475 Venit
2473 3419 2541 3474 ad
2565 3418 2845 3473 infirmum
2863 3418 3037 3486 primo
3062 3416 3157 3472 sed
3180 3428 3340 3469 mane
3364 3428 3636 3478 reversus,

2292 3506 2649 3577 Impositaque
2670 3522 2832 3561 manu
2858 3506 3015 3575 capiti
3042 3504 3316 3560 benedixit
3338 3505 3606 3561 eumdem.

2293 3595 2469 3666 Atque
2494 3591 2647 3655 illum
2665 3595 2881 3665 proprio
2905 3594 3231 3664 campeilans
3255 3595 3473 3649 nomine
3496 3595 3738 3660 clamat;

2216 3718 2218 3722 ι
2294 3686 2437 3757 Ergo
2463 3686 2610 3757 gravi
2638 3685 2804 3740 veluti
2831 3685 2895 3741 de
2925 3698 3111 3754 somno
3138 3691 3383 3755 surgeret
3412 3676 3523 3751 ille,

2296 3775 2594 3831 Recludens
2614 3775 2802 3847 oculos
2829 3774 2976 3830 Patri
3002 3772 3277 3845 respondit
3306 3785 3507 3840 amato,

2296 3862 2682 3934 Convaluitque
2706 3864 2832 3930 cito,
2861 3865 3116 3920 recreatis
3141 3865 3365 3931 viribus,
3394 3873 3555 3934 atque

2293 3956 2429 4012 Cras
2453 3954 2714 4027 equitavit
2737 3972 2903 4012 ovans
2926 3971 3053 4012 caro
3080 3972 3200 4012 cum
3225 3958 3454 4027 praesule
3479 3972 3739 4029 pergens“

2298 4047 2462 4105 Multa
2489 4047 2611 4115 alia,
2640 4055 2701 4103 ut
2728 4046 2990 4112 referunt,
3021 4048 3110 4102 hic
3139 4046 3264 4102 fecit
3292 4048 3445 4118 signa
3470 4046 3723 4111 Joannes,

2302 4136 2429 4203 Quae
2452 4136 2611 4191 modo
2639 4151 2745 4191 non
2770 4135 2929 4191 libuit
2951 4135 3232 4191 brevitatis
3251 4130 3375 4203 jure
3403 4136 3610 4191 referri.

2298 4223 2541 4279 Diximus
2568 4224 2657 4299 hic
2686 4231 2912 4289 tantum,
2941 4225 3119 4294 posuit
3144 4238 3263 4293 qua:
3290 4224 3434 4279 Beda
3460 4225 3729 4297 magister

2298 4314 2637 4369 indubitante
2661 4313 2787 4380 fide,
2812 4322 3000 4369 texens
3026 4314 3094 4368 ab
3117 4312 3324 4384 origine
3347 4315 3524 4385 prima

2224 4363 2279 4425 ί)
2304 4363 2580 4460 mssa;
2589 4363 3091 4473 missam;
3114 4363 3169 4456 ἑὲ
3183 4363 3554 4471 magis;

2305 4493 2592 4552 Consenuit
2614 4501 2896 4564 postquam
2921 4490 3173 4563 praefatus
3197 4486 3477 4562 episcopus
3504 4486 3611 4558 ille,

2307 4587 2458 4641 Tunc
2484 4584 2574 4639 alii
2600 4586 2785 4640 vivens
2812 4585 2992 4640 sedem
3021 4582 3287 4639 concessit
3312 4580 3552 4649 honoris,

2198 4730 2201 4731 ν
2303 4675 2482 4745 Atque
2505 4674 2888 4741 monasterium
2911 4674 3101 4727 devoto
3123 4670 3284 4727 corde
3305 4672 3514 4740 petivit,

2308 4763 2744 4835 Condignamque
2772 4762 2881 4817 Deo
2909 4762 3073 4816 vitam
3101 4759 3384 4831 complevit
3412 4759 3625 4816 ibidem.

2303 4854 2537 4924 Juraque
2564 4861 2691 4907 tunc
2721 4853 2932 4908 tandem
2961 4860 3117 4907 terra:
3142 4852 3426 4921 peregrina
3455 4850 3798 4920 relinquens,.

2302 4945 2399 5001 Est
2418 4940 2608 5013 patriae
2629 4942 2877 5012 proprius
2903 4941 3106 5009 caelesti
3134 4940 3372 4996 redditus
3398 4941 3570 4995 bteres
3600 4939 3644 4994 ἢ

2379 5037 2405 5075 ⁸
2432 5034 2718 5103 Presbyter
2742 5030 2987 5101 egregius
3014 5031 3269 5084 successit
3293 5027 3416 5097 jure
3432 5028 3635 5085 Joanni

2306 5121 2607 5187 Wilfridus,
2635 5120 2809 5174 haares
2835 5116 2980 5173 Patri
3006 5117 3346 5188 dignissimus
3374 5117 3536 5172 almo.

3449 5216 3601 5305 Vers.
3640 5248 3795 5303 me.
3836 5306 3839 5309 ,

2386 5372 2410 5400 ο
2442 5360 2573 5415 Ibid.
2605 5375 2719 5415 can.
2747 5359 2799 5413 6.

2386 5429 2421 5467 τ’
2444 5431 2598 5482 Anno
2619 5429 2741 5482 721.

2386 5500 2411 5538 ⁸
2445 5498 2585 5553 Beda
2608 5497 2744 5552 Hist.
2772 5498 2925 5566 Angl.
2950 5508 3065 5567 cap.
3088 5498 3376 5564 3;'Mabill.
3404 5498 3526 5552 libr.
3554 5516 3625 5553 xx
3653 5499 3869 5564 Annal.,

2313 5583 2459 5625 num.
2491 5567 2591 5635 22;
2624 5576 2679 5621 et
2704 5581 2827 5624 sa'c.
2858 5583 2914 5621 ιιι
2946 5566 3310 5637 Bened..part.
3344 5585 3411 5635 ιι,
3439 5576 3559 5638 pag.
3591 5567 3712 5624 560.
3745 5567 3872 5623 inde
