4268 6228
454 198 554 253 837

1194 205 1522 261 CAltMl-NA.
1562 238 1632 247 —
1668 209 1755 262 DE
1792 206 2058 263 PONTIF.
2102 207 2189 261 ΕΤ
2230 207 2330 262 SS.
2365 208 2556 264 ECCL.
2602 211 2889 267 liliOliAC.

3605 217 3706 270 858

453 318 552 385 Qui
580 319 732 389 prius
758 318 1037 375 Euborica:
1066 321 1241 377 fuerat
1270 325 1649 379 vice-domnus
1675 333 1731 380 et
1757 325 1924 379 abbas
1955 342 1966 376 :
2058 330 2106 385 Α
2136 323 2299 392 Inque
2321 322 2417 379 Dei
2440 324 2687 382 domibus
2714 327 2880 381 multa
2904 338 3219 384 ornamenta
3243 332 3494 400 paravit.‘

452 409 643 466 Postea
672 412 766 466 scd
792 428 987 483 magno
1012 416 1326 469 meritorum
1353 416 1585 472 culmine
1612 415 1803 483 fretus,

444 498 723 556 Pontificis
746 504 942 556 summi
964 504 1263 574 condignas
1287 506 1517 576 sumpsit
1542 507 1822 573 honorem,

449 584 775 663 Ornavitque
798 596 1025 665 gradum
1047 598 1257 652 meritis
1279 607 1331 653 et
1355 598 1595 654 moribus
1618 599 1792 653 almis.

380 692 383 695 ⁴
447 688 684 743 Plurima
709 705 835 745 nam
863 691 1029 746 titulis
1054 700 1253 747 sancta:
1280 700 1599 747 ornamenta
1625 692 1867 747 venustis

446 781 665 837 Addidit
686 783 947 849 ccclesize,
975 785 1135 838 rutilo
1160 785 1253 854 qui
1281 800 1406 839 vasa
1434 786 1633 840 decore

444 870 920 939 Aptaministeriis
946 882 1197 944 argentea
1215 873 1338 941 jure
1366 874 1594 929 sacratis

441 958 608 1031 254
639 960 806 1027 Fecit,
836 970 891 1016 et
921 964 1129 1034 argenti
1158 956 1371 1019 laminis
1401 964 1602 1027 altare;
1622 956 1919 1031 crucesque

442 1044 675 1102 Texerat
699 1051 902 1106 auratis
929 1067 942 1103 :
972 1050 1263 1122 nolensque
1287 1050 1617 1106 abscondere
1630 1064 1822 1121 gazas,
1858 1080 1859 1083 η

444 1135 687 1194 Prudens
712 1141 907 1209 prmsul
932 1156 1027 1196 eas
1055 1141 1235 1196 divino
1261 1142 1520 1211 impendit
1546 1140 1760 1215 honori.

442 1226 569 1284 llaec
593 1230 715 1298 pius
738 1231 1003 1287 Euborica
1032 1231 1238 1287 faciens
1263 1232 1489 1302 antistes
1511 1232 1566 1312 in
1589 1231 1746 1295 urbe,

441 1323 715 1380 Ecclesias
740 1323 872 1379 alias
897 1325 1051 1380 donis
1072 1326 1282 1380 ornavit
1306 1326 1519 1394 opimis,

441 1411 551 1469 Nec
577 1415 756 1470 minus
781 1414 868 1469 ille
893 1416 981 1485 pio
1008 1431 1192 1471 curam
1220 1417 1286 1471 de
1311 1418 1471 1470 corde
1498 1416 1736 1486 gerebat,

440 1502 797 1573 Multiplicare
825 1521 1035 1577 greges,
1066 1507 1278 1561 Domini
1307 1514 1576 1576 prmcepta
1604 1514 1839 1573 secutus,

439 1593 708 1649 Doctrina:
731 1597 972 1661 monitis,
996 1596 1256 1666 exemplis
1279 1606 1438 1665 atque
1464 1597 1718 1652 coruscis.

439 1684 549 1740 llos
576 1687 774 1741 mentis
803 1686 1049 1757 dapibus,
1082 1687 1201 1742 illos
1228 1689 1321 1742 sed
1350 1690 1529 1743 carnis
1557 1689 1736 1745 alebat
1761 1708 1774 1741 :

438 1774 549 1831 Hos
578 1776 723 1832 fovet
747 1778 1002 1845 aetheriis,
1034 1779 1153 1834 illos
1182 1780 1487 1834 carnalibus
1516 1789 1719 1851 auget,'

438 1863 543 1921 Ore
569 1882 839 1937 manuque
865 1869 1044 1933 simul,
1076 1868 1338 1924 donorum
1368 1869 1548 1940 largus
1574 1870 1838 1940 utrisque,

438 1954 572 2011 Rem
595 1957 815 2026 pietatis
839 1972 1003 2026 agens
1027 1958 1226 2026 duplici
1251 1959 1615 2013 moderamine
1642 1967 1851 2025 rector;

436 2044 697 2101 Omnibus
727 2055 1000 2117 acceptus,
1033 2046 1385 2113 venerandus,
1423 2048 1699 2113 honestus,
1729 2057 1959 2105 amatus.

438 2151 465 2179 ι
492 2139 561 2192 At
585 2153 680 2193 sua
712 2138 851 2194 facta
877 2139 1048 2193 bonus
1072 2147 1358 2209 postquam
1386 2140 1743 2209 compleverat
1770 2141 1859 2201 illo

434 2229 627 2285 Pastor
652 2231 706 2284 in
734 2226 1008 2305 Ecclesiis,
1042 2230 1296 2300 specialia
1326 2239 1473 2300 septa
1502 2232 1710 2302 petivit,

436 2320 553 2387 Quo
582 2323 788 2395 servire
816 2306 1071 2378 Deo'tota
1092 2322 1206 2390 jam
1233 2330 1413 2377 mente
1442 2332 1661 2377 vacaret
1689 2344 1703 2376 :

434 2396 871 2482 Contemplativa:
901 2428 1126 2484 seseque
1150 2429 1246 2483 per
1272 2414 1451 2468 onmia
1478 2414 1603 2469 vitae

433 2502 599 2567 Dans,
626 2504 808 2557 mundi
836 2505 1013 2558 varias
1036 2518 1303 2573 curasque
1330 2503 1549 2574 reliquit
1576 2505 1779 2561 inanes.

432 2592 502 2647 Et
526 2593 772 2663 quamvis
798 2593 916 2665 ipso
943 2594 1205 2650 resideret
1230 2609 1454 2664 corpore
1483 2596 1664 2661 terris,

431 2684 683 2739 Attamen
710 2700 777 2738 ex
803 2685 951 2738 omni
969 2683 1082 2751 jam
1114 2693 1293 2739 mente
1319 2687 1574 2741 manebat
1597 2685 1844 2758 Olympo,

430 2773 666 2844 Pervigil
689 2782 1009 2844 exspectans
1034 2774 1272 2829 coalestis
1294 2777 1511 2844 praemia
1536 2777 1681 2843 vitae,

433 2860 696 2933 Tempore
720 2879 841 2934 qua:
866 2871 1035 2929 certo,
1064 2865 1174 2919 vita
1196 2873 1461 2935 praesente
1484 2873 1717 2936 peracta.

434 2952 748 3023 Sumpserat
773 2953 1027 3025 angelicis
1051 2954 1188 3009 caalo
1213 2962 1551 3011 transvectus
1576 2956 1631 3011 in
1654 2955 1813 3022 ulnis.

502 3042 601 3097 ilic
625 3042 909 3112 pastoralis
934 3044 1113 3113 posuit
1139 3045 1266 3098 dum
1290 3044 1529 3114 pondera
1555 3062 1719 3112 curae,

432 3130 675 3187 Tradidit
694 3132 961 3204 Ecgberto
986 3134 1303 3188 venerandae
1322 3135 1443 3204 jura
1469 3137 1758 3205 cathedra),

431 3222 599 3290 Quem
626 3224 727 3279 sibi
754 3224 1062 3294 pontificem
1089 3223 1219 3280 fecit
1246 3225 1533 3303 succedere
1560 3242 1847 3282 summum.

430 3311 528 3367 Hic
556 3311 656 3367 fuit
682 3313 979 3384 Ecgbertus
1009 3314 1175 3385 regali
1204 3316 1373 3385 stirpe
1398 3324 1612 3372 creatus
1636 3318 1695 3382 ι);

385 3446 390 3453 .
428 3401 720 3468 Nobilium,
750 3418 934 3457 coram
961 3402 1142 3469 saeclo,
1174 3403 1354 3457 radice
1381 3412 1684 3473 parentum,

430 3491 538 3548 Sed
562 3492 790 3548 Domino
812 3509 996 3549 coram
1020 3491 1228 3548 meritis
1255 3493 1565 3562 praeclarior
1588 3494 1762 3551 almis.

426 3582 587 3636 Dives
611 3596 773 3651 opum
798 3589 981 3647 term,
1008 3582 1224 3637 miseris
1247 3596 1382 3651 quas
1408 3584 1611 3653 spargit
1634 3586 1840 3655 egenis,

427 3672 600 3729 Ditior
623 3681 684 3728 ut
708 3673 884 3741 fieret,
913 3674 1050 3729 caelo
1076 3674 1202 3729 dum
1229 3675 1431 3746 colligit
1457 3676 1595 3732 illas.

427 3767 529 3835 Qui
557 3784 718 3823 curas
741 3769 959 3839 inopum
986 3754 1207 3826 devotus
1231 3786 1444 3842 semper
1467 3772 1677 3842 agebat,

425 3855 757 3926 Pauperibus
784 3857 1029 3913 tribuens
1059 3860 1252 3915 devoto
1281 3867 1501 3929 pectore
1526 3876 1706 3930 gazas,

427 3945 575 4013 Quas
596 3947 757 4000 terris
778 3946 1027 4015 perdens,
1055 3947 1271 4005 sibimet
1293 3940 1565 4003 condebat
1580 3948 1825 4019 Olympo.

424 4034 527 4091 Hic
550 4046 667 4090 erat
687 4028 943 4091 Ecclesidz
966 4044 1143 4093 rector
1164 4036 1515 4104 clarissimus,
1541 4047 1704 4110 atque

332 4138 340 4144 ·
423 4116 686 4196 Egregius
713 4125 921 4192 doctor,
948 4126 1144 4197 populo
1171 4128 1495 4184 venerabilis
1521 4130 1687 4197 omni,

424 4214 663 4269 Moribus
681 4214 901 4285 electus,
919 4213 1091 4282 justis
1107 4215 1359 4283 affabilis,
1384 4226 1548 4287 atque

351 4356 359 4364 ,
422 4302 633 4358 Efferns
655 4302 709 4357 in
729 4318 945 4372 pravos,
966 4302 1112 4357 mitis
1131 4303 1289 4357 simul
1311 4312 1473 4372 atque
1496 4319 1736 4362 severus.

424 4391 609 4449 Sacris
630 4393 813 4449 divisit
832 4393 1037 4448 vicibus
1065 4398 1353 4462 noctesque
1376 4393 1617 4463 diesque,

394 4482 655 4556 Impiger
677 4484 890 4539 assidue
913 4482 1164 4553 spatiosis
1188 4482 1433 4538 noctibus
1460 4500 1642 4551 orans,

408 4574 709 4631 .Missarum
730 4574 1012 4631 celebrans
1031 4573 1290 4630 solemnia
1314 4582 1499 4630 sancta
1523 4574 1730 4640 diebus,

494 4706 653 4763 Vers.
692 4706 849 4763 1264.

421 4815 680 4891 discimus
719 4816 799 4891 in_
829 4815 1068 4872 Ecclesia
1099 4816 1424 4891 Eboracensi
1461 4824 1661 4885 prmter
1687 4820 1995 4891 episcopum

422 4886 964 4959 exstitisseabbatem
982 4928 997 4953 ,
1029 4887 1119 4957 qui
1155 4886 1434 4942 monachis
1459 4901 1581 4941 eam
1610 4886 1998 4959 occupantibus

422 4965 669 5027 praeerat.
704 4956 938 5013 ιίιιιιιιι..
1046 4956 1062 4957 ί

493 5036 525 5109 ξ
781 5024 1021 5109 Ιίριηιιι
1042 5027 1435 5109 Δι’[ιῃριηιιιιηι.
1464 5026 1550 5080 17.

493 5094 524 5133 ιι
557 5092 661 5166 llic
696 5092 1004 5166 ΕοςιὸεινειιρΣ
1040 5096 1302 5160 Ᾰὲάὺετιὶ,
1342 5112 1501 5166 quem
1542 5095 1632 5151 alii
1672 5094 1992 5166 Eadbertum

424 5164 733 5228 nominant,
779 5164 921 5233 regis
959 5163 1512 5221 Northanumbrorum
1550 5166 1718 5219 frater
1743 5165 1994 5225 Wilfrido

428 5233 736 5303 dignitatem
778 5230 1045 5303 abdicanti
1091 5234 1147 5303 in
1191 5234 1321 5303 sede
1366 5234 1686 5289 Eboracensi
1733 5238 1990 5293 successit

426 5301 572 5372 anno,
590 5301 714 5371 152.
744 5302 942 5372 Mabill.
974 5301 1165 5356 Annal.
1195 5301 1317 5357 libr.
1349 5319 1461 5371 xxi,
1491 5320 1637 5369 num.
1666 5304 1760 5371 i7;
1792 5305 1984 5362 Alfort.

427 5368 721 5435 ad'aunnm
746 5370 868 5427 738.

499 5447 522 5521 ξ
559 5434 705 5521 Obiit
723 5436 1209 5521 ³999τῇκῆξέὺίξῇ
1227 5440 1347 5496 libr.
1363 5460 1491 5521 xxiv
1506 5444 1699 5521 Annal.
1711 5484 1725 5510 ,
1737 5460 1885 5499 num.
1902 5447 1986 5521 11.

496 5503 529 5544 δν
556 5504 714 5580 Anno
753 5507 874 5580 735.
916 5503 1115 5564 Mabill.
1153 5510 1275 5580 lib_r.
1319 5527 1411 5568 xxi
1454 5513 1667 5578 Annal.,
1709 5503 1857 5567 num.
1899 5515 1989 5580 29,

2129 414 2254 471 Illas
2275 426 2518 487 argento,
2545 420 2771 487 gemmis
2796 420 3010 475 vestivit
3031 430 3086 475 et
3111 437 3264 489 auro,

2130 507 2315 566 Serica
2337 512 2667 580 suspendens
2688 515 2985 583 peregrinis
3007 515 3123 570 vela
3148 517 3354 588 ﬁguris.

2006 594 2019 601 ”
2107 601 2482 671 .Sacravitquc
2509 605 2705 673 probos
2734 604 2991 660 altaribus
3018 607 3131 675 ipse
3158 608 3459 679 ministros,

2127 692 2417 753 Ordinibus
2440 695 2605 748 variis
2630 695 2903 751 celebrent
2926 697 3017 767 qui
3046 696 3181 752 festa
3208 697 3489 764 Tonantis,

2127 782 2450 851 Davidisquc
2476 783 2610 838 alios
2636 782 2762 838 fecit
2786 786 3069 841 concinere
3096 801 3284 841 canna.

2127 870 2229 938 Qui
2259 872 2485 927 Domino
2515 882 2767 929 resonent
2792 876 3077 931 modulatis
3102 877 3309 933 vicibus
3338 879 3586 947 hynmos.

2124 962 2289 1032 Cujus
2317 964 2485 1019 frater
2511 964 2651 1019 idem
2664 965 2841 1035 Tyrio
2866 967 3105 1021 nutritus
3133 966 3186 1020 in
3211 975 3380 1037 ostro,

2126 1055 2445 1125 Sumpserat
2468 1054 2761 1111 Aﬁdbertus
2785 1057 2967 1126 gentis
2986 1058 3182 1126 regalia
3209 1068 3441 1128 sceptra.

2125 1147 2227 1214 Qui
2254 1147 2498 1202 dilatavit
2522 1148 2724 1218 proprii
2751 1149 2985 1204 confinia
3014 1151 3190 1221 regni,

2125 1236 2333 1306 Saepius
2357 1238 2581 1292 hostiles
2605 1239 2859 1308 subigens
2886 1248 3094 1294 terrore
3118 1240 3433 1310 phalangas.

2123 1326 2386 1396 Tempora
2415 1334 2544 1381 tunc
2571 1326 2727 1396 hujus
2756 1327 2970 1382 fuerant
3000 1327 3173 1382 felicia
3202 1332 3398 1399 gentis,

2122 1418 2295 1485 Quam
2324 1434 2419 1473 rex
2448 1426 2502 1473 et
2526 1419 2725 1489 praesul
2750 1420 3002 1474 concordi
3026 1418 3149 1489 jure
3178 1421 3468 1491 regebant;

2120 1506 2221 1562 llic
2242 1506 2364 1575 jura
2396 1508 2674 1583 Ecclesia},
2704 1524 2800 1563 rex
2830 1510 2918 1564 i'ile
2949 1511 3163 1581 negotia
3194 1512 3345 1583 regni
3379 1529 3393 1565 :

2122 1595 2223 1651 llic
2252 1597 2319 1651 ab
2348 1578 2644 1667 apostolico
2673 1598 2913 1653 humeris
2941 1578 3048 1653 fert
3076 1601 3239 1667 pallia
3262 1578 3463 1667 inissa;

2049 1668 2095 1729 Β
2123 1685 2217 1742 llle
2246 1688 2385 1766 levat
2412 1688 2573 1758 capiti
2599 1697 2843 1743 veterum
2870 1689 3170 1744 diademata
3196 1699 3442 1759 patrum;

2120 1776 2305 1831 Fortis
2332 1777 2438 1843 hic,
2470 1777 2567 1831 ille.
2582 1778 2732 1846 plus;
2765 1778 2854 1834 hic
2882 1785 3153 1845 strenuus,
3182 1780 3269 1835 ille
3294 1780 3579 1853 benignus,

2119 1866 2403 1922 Germana:
2430 1869 2581 1938 pacis
2609 1876 2889 1924 servantes
2911 1869 3036 1939 jura
3065 1869 3323 1937 vicissim,

2118 1958 2198 2011 Ex
2225 1957 2331 2011 alio
2356 1956 2524 2012 frater
2548 1958 2677 2012 felix
2704 1958 2917 2026 adjutus
2941 1967 3189 2030 uterque.

2118 2043 2280 2100 Re'xit
2306 2047 2393 2101 hic
2418 2046 2717 2103 Ecclesiam
2744 2048 2966 2119 triginta
2996 2058 3049 2103 et
3074 2057 3308 2118 quatuor
3332 2052 3489 2108 annis
3513 2061 3564 2121 ε,

2117 2135 2208 2190 lHe
2238 2136 2394 2191 annis
2423 2137 2598 2191 tenuit
2626 2145 2709 2191 ter
2736 2145 2941 2207 septem
2972 2145 3187 2207 sceptra
3217 2146 3523 2208 parentum.

2116 2226 2292 2280 Ambo
2322 2226 2507 2282 felices
2534 2227 2746 2283 meritis
2777 2228 2831 2281 in
2862 2242 2995 2297 pace
3024 2227 3240 2296 sepulti.
3352 2294 3353 2297 η

2116 2315 2143 2354 ά
2174 2316 2527 2385 Temporibus
2550 2317 2741 2386 primis
2763 2316 2972 2386 praefati
2999 2317 3244 2387 praisulis
3270 2318 3450 2387 hujus,

2117 2407 2405 2477 Presbyter
2434 2409 2664 2463 eximius
2691 2409 2924 2475 meritis,
2953 2410 3272 2479 cognomine
3294 2409 3457 2474 Beda,

2113 2489 2277 2556 Astra
2301 2508 2509 2571 petens,
2537 2498 2732 2555 clausit
2754 2500 3035 2569 praesentis
3062 2498 3265 2554 lumina
3288 2500 3432 2556 vita.

2116 2591 2218 2658 Qui
2245 2608 2369 2647 mox
2398 2607 2427 2645 a
2452 2605 2621 2661 puero
2645 2588 2799 2645 libris
2823 2589 3061 2644 intentus
3088 2588 3338 2656 adhzesit,

2114 2682 2181 2735 Et
2204 2690 2318 2737 toto
2341 2682 2533 2737 studiis
2556 2681 2776 2735 servivit
2797 2689 3018 2748 pectore
3039 2680 3230 2735 sacris.

2115 2774 2187 2829 Ut
2220 2782 2345 2843 pote
2368 2780 2683 2842 septennem
2706 2784 2867 2840 quem
2889 2769 3019 2825 fecit
3040 2785 3168 2825 cura
3192 2768 3477 2841 parentum

2112 2864 2276 2919 Arcta
2305 2863 2619 2918 monasterii
2648 2860 2926 2917 Girvensis
2952 2860 3190 2916 claustra
3216 2861 3420 2928 subire,

2115 2952 2211 3008 Cui
2238 2952 2350 3022 jam
2380 2951 2674 3022 praeclarus
2702 2948 3001 3006 Ceolfridus
3029 2960 3055 2989 ο
3072 2948 3299 3022 praefuit
3326 2951 3525 3018 abbas;

2040 3023 2086 3083 C
2118 3045 2221 3113 Qui
2243 3045 2530 3117 peregrina
2554 3052 2744 3115 petens
2768 3042 2971 3099 Christi
2997 3042 3257 3105 deductus
3282 3058 3489 3110 amore,

2114 3136 2359 3199 Mortuus
2384 3144 2477 3209 est.
2494 3135 2647 3190 exsul
2674 3134 2967 3205 Linguame
2995 3134 3051 3187 in
3078 3132 3275 3189 finibus
3299 3134 3470 3200 urbis,

2109 3230 2288 3298 Atque
2310 3229 2383 3283 ibi
2408 3228 2674 3298 condigne
2698 3225 2829 3281 felix
2853 3223 3147 3279 tumulatus
3171 3224 3374 3280 honore
3396 3234 3499 3281 est.

2109 3317 2275 3387 Cujus
2297 3331 2491 3386 corpus
2512 3322 2630 3369 erat
2652 3322 2772 3384 post
2795 3322 3037 3383 tempora
3060 3312 3229 3368 multa
3252 3322 3554 3384 repertum,

2106 3407 2379 3479 lntegrum
2404 3408 2635 3475 penitus,
2665 3396 3005 3475 patriamque
3027 3406 3222 3461 exinde
3246 3406 3548 3463 reductum.

2106 3497 2251 3567 Ergo
2272 3497 2598 3551 monasterio
2621 3496 2761 3551 Beda
2784 3496 3020 3550 nutritus
3042 3495 3097 3550 in
3123 3495 3233 3561 illo,
3255 3482 3266 3495 ’

2107 3588 2332 3645 Ornavit
2355 3595 2568 3642 teneros
2588 3585 2865 3655 praeclaris
2888 3586 3131 3639 moribus
3150 3600 3339 3640 annos.

2105 3679 2326 3735 Discere
2350 3691 2584 3745 namque
2608 3689 2771 3744 sagax
2792 3672 3027 3742 juvenis,
3056 3690 3150 3728 seu
3175 3675 3413 3730 scribere
3434 3690 3647 3746 semper

2105 3770 2367 3826 Fervidus
2396 3768 2649 3831 instabat,
2676 3781 2783 3827 non
2809 3765 2957 3836 segni
2983 3772 3164 3820 mente
3190 3765 3445 3823 laborans
3472 3784 3486 3820 :

2105 3859 2175 3915 Et
2203 3860 2280 3915 sic
2306 3857 2610 3929 proficiens,
2642 3863 2726 3911 est
2754 3851 2929 3910 factus
2951 3855 3074 3926 jure
3102 3855 3380 3925 magister.

2104 3958 2339 4015 Plurima
2364 3964 2691 4029 quapropter
2712 3954 3003 4026 praeclarus
3026 3953 3285 4025 opuscula
3310 3955 3502 4011 doctor

2030 4080 2037 4085 ~
2104 4047 2305 4117 Edidit,
2328 4049 2623 4121 explanans
2641 4047 2871 4102 obscura
2893 4044 3164 4100 volumina
3188 4052 3393 4102 sancta:

2105 4141 2420 4210 Scriptura,
2444 4153 2545 4193 nec
2567 4152 2676 4192 non
2701 4135 2994 4191 Metrorum
3016 4134 3254 4191 condidit
3278 4142 3484 4203 artem;

2100 4231 2179 4287 De
2204 4244 2416 4300 quoque
2444 4226 2798 4298 Temporibus
2825 4226 2962 4280 mira
2990 4225 3199 4279 ratione
3228 4224 3501 4293 volumen,
3567 4213 3571 4220 ’

2103 4319 2257 4388 Quod
2284 4326 2430 4374 tenet
2454 4325 2725 4373 astrorum
2752 4330 2960 4387 cursus,
2987 4314 3124 4381 loca,
3154 4322 3417 4385 tempora,
3450 4316 3613 4387 leges.

2104 4408 2336 4479 Scripsit
2363 4415 2418 4463 et
2446 4407 2750 4473 Historicos
2776 4406 2921 4469 claro
2948 4390 3196 4461 sermone
3223 4404 3454 4470 libellos,
3508 4403 3521 4416 '

2100 4500 2342 4557 Plurima
2365 4499 2614 4554 versifico
2642 4498 2839 4555 cecinit
2862 4512 3075 4568 quoque
3099 4495 3351 4552 Carmina
3374 4496 3599 4567 plectro.

2099 4591 2255 4658 Actu,
2288 4598 2490 4657 mente,
2520 4589 2624 4645 ﬁde
2650 4597 2893 4645 veterum
2918 4587 3143 4658 vestigia
3168 4586 3391 4643 Patrum
3470 4642 3471 4645 η

3253 4716 3415 4774 Vere.
3449 4718 3618 4774 me:
3655 4696 3657 4699 ’

2182 4843 2204 4871 ε
2241 4832 2383 4886 Beda
2421 4832 2486 4885 de
2524 4843 2619 4883 sex
2658 4826 2907 4882 tetatibus
2946 4826 3130 4880 mundi
3169 4826 3238 4882 ad
3270 4840 3480 4881 annum
3516 4824 3677 4885 4671.

2110 4920 2127 4952 ι
2161 4901 2256 4978 liis
2278 4896 2747 4978 temporibus,_ait,
2779 4895 3251 4978 multiﬁAnglorum
3274 4895 3448 4978 gentis
3475 4898 3683 4954 nobiles

2102 4981 2157 5024 et
2185 4965 2508 5041 ignobiles...
2539 4967 2604 5021 de
2625 4965 2899 5041 Britannia
2928 4965 3680 5041 Romam_venire_consueve-

2102 5035 2255 5101 rant,
2288 5041 2427 5093 inter
2449 5050 2584 5105 quos
2619 5036 2783 5089 etiam
2820 5035 3297 5092 reverendissimus
3327 5035 3493 5091 abbas
3523 5048 3677 5090 meus

2054 5099 2400 5177 ',Ceolfridus
2425 5099 2594 5159 annos
2620 5113 2781 5177 natus
2807 5107 3144 5177 septuaginta
3167 5114 3562 5177 quatuor,_cum
3592 5117 3680 5160 es-

2099 5188 2183 5233 set
2216 5176 2496 5245 presbyter
2533 5176 2689 5232 annis
2735 5172 3089 5300 q‘u‘adraginta
3121 5172 3347 5245 septem,
3378 5172 3555 5252 abbas.
3585 5186 3680 5224 au-

2099 5258 2205 5300 tem
2235 5245 2453 5300 triginta
2478 5245 2733 5300 auinuue.
2815 5246 2863 5299 bi
2892 5244 3160 5300 Lingonas
3189 5242 3451 5300 pervenit,
3484 5238 3557 5292 ibi
3583 5240 3677 5294 de-

2097 5258 2205 5327 tem
2224 5238 2453 5327 triginta
2478 5245 2735 5327 quinque:
2751 5238 3451 5327 “llbiLi'ngonasjervenE,
3462 5238 3677 5327 de-

2094 5316 2325 5378 functus,
2354 5314 2515 5382 atque
2543 5314 2596 5369 in
2624 5314 2846 5370 ecclesia
2865 5316 3141 5369 beatorum
3165 5314 3510 5368 Geminorum
3533 5323 3677 5362 mar-

2096 5396 2273 5455 tyrum
2314 5384 2554 5452 sepultus
2593 5392 2695 5443 est,
2747 5383 2942 5458 {Xide
2980 5378 3210 5458 Mabilln
3241 5380 3363 5458 Act:
3541 5376 3671 5431 Ben.

2097 5445 2222 5510 sine.
2259 5445 2491 5575 tripart.
2531 5468 2579 5519 ι,
2611 5467 2732 5524 pag.
2762 5448 2899 5508 1009
2940 5460 2994 5507 et
3183 5447 3377 5505 Annal.
3414 5445 3536 5501 libr.
3576 5461 3669 5511 xx,

2099 5540 2245 5580 num.
2351 5562 2363 5575 .
2712 5534 2727 5547 σ

340 5664 343 5665 ν
433 5584 551 5646 pag.
578 5573 724 5649 99in
750 5576 878 5644 fine,
900 5587 954 5634 et
973 5594 1095 5635 saec.
1118 5594 1183 5633 ιιι
1208 5578 1430 5647 Bened.,
1457 5590 1595 5651 part.
1622 5573 1683 5648 ii,
1714 5598 1839 5656 pag.
1869 5573 1991 5639 562.
2084 5607 2087 5609 ·
