4268 6196
688 291 791 346 839

688 405 910 472 Semper
935 404 1059 458 dum
1088 403 1239 469 vixit,
1267 404 1467 458 directo
1491 413 1574 457 est
1599 404 1734 458 calle
1757 412 1988 457 secutus.

687 508 712 535 α
747 495 912 564 Hujus
941 494 1046 547 vita
1076 494 1285 562 quidem
1315 492 1488 562 qualis
1518 493 1616 547 fuit
1645 500 1770 546 ante
1799 489 2060 560 magistri,

684 584 842 641 Claro
868 593 985 652 post
1011 584 1212 638 obitum
1241 584 1390 652 signo
1413 593 1494 636 est
1521 582 1785 651 patefacta
1814 580 2014 635 salutis.

687 671 852 742 ἐξερι-
880 672 1019 725 enim
1048 672 1260 740 quidam
1290 672 1463 726 Patris
1491 672 1615 725 dum
1643 670 1872 739 cingitur
1899 667 2024 721 almi

689 760 984 829 Relliquiis,
1013 761 1223 828 penitus
1246 768 1396 828 peste
1418 769 1499 814 est
1523 769 1740 813 sanatus
1765 760 1831 812 ah
1856 758 1964 811 illa.

756 848 830 902 Te
857 865 1067 918 quoque
1091 849 1265 902 Pierio
1294 857 1585 918 tangentes,
1615 849 1861 901 Balthere
1885 846 1934 909 ι),
1961 844 2184 914 plectro,

684 941 749 994 Et
776 941 888 1002 tibi,
917 949 1118 1003 sancte,
1148 941 1317 994 locum
1346 941 1541 994 nostris
1569 939 1624 991 in
1650 938 1890 992 versibus
1917 937 2078 988 istum

683 1027 840 1096 255
879 1017 1162 1098 Signantes
1198 1029 1447 1096 petimus,
1475 1028 1683 1098 placida
1718 1036 1772 1078 tu
1798 1033 1974 1078 mente
2004 1031 2201 1086 teneto,

683 1117 748 1169 Et
789 1131 910 1185 rege
936 1133 1078 1171 nunc
1103 1125 1340 1170 nostram
1370 1117 1540 1185 pelagi
1565 1129 1660 1185 per
1688 1114 1882 1168 cmrula
1909 1114 2151 1183 cymbam

692 1205 812 1257 Inde
839 1214 1074 1258 monstra
1101 1206 1284 1267 maris,
1311 1205 1616 1272 scopulosas
1639 1205 1778 1256 inter
1804 1211 1857 1256 et
1884 1203 2069 1263 undas,
2152 1237 2156 1240 -

685 1292 751 1346 [ι
778 1295 942 1361 possit
972 1304 1182 1362 portum
1205 1303 1428 1361 portans
1456 1295 1720 1363 attingere
1746 1303 1933 1346 tutum.

750 1383 842 1435 Est
874 1383 1023 1436 locus
1071 1363 1278 1436 undoso
1303 1381 1662 1436 circumdatus
1691 1382 1922 1448 undique
1947 1386 2128 1448 ponto,

680 1475 924 1544 Rupibus
947 1476 1228 1529 horrendis
1253 1485 1521 1544 praerupto
1548 1484 1599 1529 et
1631 1476 1868 1544 margine
1897 1483 2093 1541 scptus,

680 1567 737 1620 ln
767 1582 872 1634 quo
900 1567 1218 1636 bellipotens
1247 1576 1462 1621 terreno
1494 1568 1545 1620 in
1575 1582 1799 1634 corpore
1825 1565 1975 1620 miles

681 1658 886 1728 Smpius
905 1660 1079 1712 aerias
1107 1657 1352 1712 vincebat
1380 1658 1626 1711 Balthere
1655 1665 1879 1719 turmas,

681 1748 808 1814 Qtne
832 1749 932 1801 sibi
961 1749 1289 1802 multimodis
1313 1749 1594 1826 variabant
1619 1748 1755 1802 bella
1788 1742 1990 1816 ﬁguris.

679 1837 778 1903 Qui
810 1845 987 1890 tamen
1011 1838 1306 1906 intrepidus
1327 1838 1538 1891 hostilia
1563 1845 1738 1890 castra
1767 1835 1955 1898 relisit,

681 1925 805 1978 Tela
835 1926 1208 1996 malignorum,
1244 1938 1455 1995 semper
1483 1926 1656 1980 crucis
1684 1940 1832 1978 arma
1859 1926 2066 2008 beatus,

678 2013 903 2083 Belliger
939 2030 1228 2084 npponens,
1259 2015 1815 2092 galeam_scutumqne
1840 2013 1981 2068 ﬁdei.

679 2105 774 2156 \‘ir
799 2105 918 2173 pius
947 2105 1036 2158 ille
1069 2106 1283 2182 quidem
1309 2105 1542 2174 quodam
1569 2105 1696 2159 dum
1725 2113 1964 2173 tempore
1984 2104 2127 2159 solus

675 2195 918 2249 Incubuit
945 2197 1212 2266 precibus,
1235 2198 1497 2252 meditans
1525 2197 1768 2251 ccelestia
1793 2205 2000 2250 tantum
2029 2215 2041 2249 :

677 2283 993 2338 llorribilem
1021 2286 1195 2340 subito
1223 2287 1502 2355 strepitum
1531 2286 1688 2340 simul
1716 2293 1875 2353 atque
1897 2283 2164 2353 fragorem

674 2375 909 2439 Audivit,
944 2379 1105 2430 veluti
1150 2378 1290 2447 vulgi
1328 2378 1659 2447 erumpentis
1708 2379 1763 2431 in
1798 2377 1995 2442 hostes.

679 2462 824 2517 Tunc
844 2465 1021 2517 anima
1050 2481 1114 2519 ex
1142 2466 1350 2534 superis
1390 2465 1662 2533 cujusdam
1695 2466 1924 2521 nubibus
1949 2466 2066 2534 ejus

674 2551 810 2605 Ante
829 2553 990 2620 pedes
1014 2553 1230 2618 cecidit,
1267 2554 1434 2608 nimio
1461 2553 1770 2607 tremefacta
1795 2555 1984 2608 timore
2011 2571 2026 2617 ;

675 2642 844 2707 Quam
882 2659 1006 2696 mox
1030 2644 1186 2696 turba
1212 2646 1392 2698 minax
1423 2646 1624 2714 ingenti
1653 2646 1875 2698 horrore
1913 2654 2095 2699 secuta
2125 2655 2229 2713 est,

673 2731 804 2784 Cum
829 2732 992 2786 variis
1023 2733 1269 2786 miseram
1305 2735 1478 2802 pmnis
1506 2743 1753 2802 torquere
1778 2734 2046 2789 volentum
2074 2753 2087 2788 :

673 2819 742 2872 At
762 2819 918 2874 Pater
944 2821 1031 2874 ille
1052 2822 1172 2888 pius
1198 2822 1421 2890 placidis
1447 2823 1779 2890 amplexibus
1806 2823 1948 2876 illam

671 2909 910 2978 Arripuit
939 2914 1162 2981 gremio,
1193 2913 1480 2982 statimque
1509 2914 1727 2982 inquirit
1754 2915 1819 2968 ab
1841 2915 1952 2979 illa,

673 2997 800 3063 Quae
819 3007 979 3064 esset,
1017 3015 1114 3054 cur
1137 3000 1366 3071 fugeret,
1414 3001 1616 3057 faceret
1658 3003 1739 3057 vel
1765 3019 1882 3073 qua:
1917 3004 2097 3058 mala?
2131 3003 2225 3061 Cui

2009 3097 2159 3167 [tunc

669 3176 958 3246 Respondit
989 3193 1002 3233 :
1038 3197 1056 3230 ‹
1093 3178 1276 3232 Levita
1307 3179 1398 3242 fui,
1426 3181 1517 3235 sed
1542 3190 1718 3236 mente
1745 3182 1973 3250 maligna

670 3265 927 3320 Feminea
952 3269 1222 3336 amplexus
1251 3271 1495 3325 manibus
1528 3287 1644 3325 sum
1676 3282 1890 3340 pectora
1923 3283 2151 3340 tantum,

669 3351 737 3404 Et
765 3353 973 3421 culpam
996 3357 1180 3410 erubui
1208 3358 1390 3432 vivens
1415 3359 1468 3411 in
1498 3359 1661 3415 carne
1688 3361 1864 3419 fateri.

671 3439 822 3494 Nunc
852 3442 1049 3498 idcirco
1087 3443 1185 3498 feri
1217 3445 1365 3501 duris
1393 3449 1698 3505 incursibus
1725 3454 1906 3508 hostes

669 3527 771 3582 Per
797 3531 1012 3599 triginta
1036 3533 1146 3588 dies
1175 3550 1347 3590 meme
1377 3546 1623 3605 torquere
1644 3551 1956 3609 sequuntur.

671 3616 778 3671 Nec
801 3629 1011 3688 captata
1034 3621 1131 3687 fui,
1161 3626 1252 3679 sed
1291 3642 1390 3681 nec
1424 3643 1612 3683 secura
1638 3634 1890 3687 remansi.
1927 3654 1946 3686 ι

672 3705 819 3760 Tunc
844 3712 1077 3764 terrebat
1100 3728 1225 3766 eum
1247 3714 1484 3771 clamans
1507 3734 1575 3773 ex
1605 3721 1852 3778 hostibus
1873 3740 2010 3781 unus
2032 3745 2044 3755 ·

638 3785 639 3789 “
677 3815 695 3846 ε
731 3797 846 3852 Non
873 3802 1030 3857 hodie
1060 3803 1301 3874 eﬂ'ugies,
1330 3823 1427 3862 nec
1451 3809 1494 3862 si
1524 3813 1756 3866 tenearis
1785 3815 1838 3869 in
1863 3816 2003 3872 ulnis

669 3885 837 3949 Petri,
863 3892 954 3944 sed
984 3895 1203 3972 meritas
1228 3897 1466 3963 patieris,
1496 3903 1746 3972 pessime,
1775 3920 1980 3972 paruas.
2020 3928 2040 3962 ι’

670 3977 901 4060 Sanctus
928 3988 983 4032 at
1001 3969 1235 4037 irascens
1255 3984 1396 4039 Petri
1423 3970 1663 4052 convicia
1688 3969 1925 4062 propter,
2025 4064 2029 4070 Ι

671 4052 795 4124 Haec
815 4072 888 4124 ait
920 4089 932 4124 :
969 4090 987 4122 ι
1022 4072 1162 4127 Ecce
1185 4075 1358 4129 minor
1379 4079 1588 4133 meritis
1623 4095 1739 4136 sum
1765 4086 1967 4140 centies
1987 4064 2075 4141 illo

673 4161 914 4232 Principe
935 4165 1225 4233 apostolico
1250 4183 1264 4233 ;
1298 4167 1390 4221 sed
1417 4169 1481 4223 de
1507 4171 1706 4239 pietate
1730 4173 1987 4231 Tonantis

673 4249 978 4317 Conﬁdens,
1003 4255 1124 4309 dico
1155 4257 1270 4322 tibi,
1295 4266 1418 4312 trux
1445 4267 1501 4314 et
1533 4277 1671 4317 saeve
1700 4271 1946 4334 tyranne,

672 4339 787 4395 Non
816 4342 971 4397 hodie
1005 4345 1243 4412 portabis
1269 4361 1388 4400 eam
1415 4339 1513 4402 sub
1537 4359 1736 4406 tartara
1761 4363 1953 4410 tecum.
1989 4377 2007 4409 ι

671 4429 820 4485 Tunc
848 4432 966 4500 pius
999 4434 1334 4490 interventor
1353 4437 1514 4492 humo
1531 4443 1902 4506 prosternitur,
1927 4453 2102 4514 atque.

673 4520 806 4575 Cum
824 4521 1075 4590 lacrymis
1105 4524 1329 4580 Domino
1350 4541 1448 4596 pro
1473 4528 1627 4598 culpa
1656 4531 1915 4599 supplicat
1936 4534 2044 4588 illa.

672 4607 782 4665 Nec
804 4610 954 4679 prius
979 4611 1067 4665 ille
1091 4627 1276 4680 preces
1306 4617 1515 4672 desistit
1539 4618 1760 4675 fundere
1786 4637 1992 4689 sacras,

674 4698 842 4764 Quam
862 4703 1093 4772 propriis
1117 4703 1350 4756 animam
1375 4703 1504 4760 ferri
1534 4707 1754 4764 vidisset
1779 4711 1961 4767 ocellis

744 4832 896 4887 Vera.
938 4835 1092 4889 1560.

747 5004 774 5081 ἒ
807 4992 1069 5081 Ξίιώξιι..1;
1089 4999 1187 5081 _cit.
1205 5015 1340 5081 _pa_g.
1367 5003 1484 5056 100.

743 5062 1066 5150 {Cunewlsi
1089 5062 1778 5150 Lindisfarnensisepiseopi
1801 5093 1940 5150 anno
1961 5095 2070 5134 xvn
2091 5096 2224 5150 pon-

676 5131 936 5221 tiﬁcatu‘s'i
968 5138 1274 5221 rggnbvero
1305 5139 1551 5221 Eadberti
1580 5131 2225 5221 Nprtliumbrorumre'g'is

678 5214 843 5289 x311
855 5201 979 5289 Il:
994 5201 1281 5289 homini-ft
1305 5209 1583 5289 presbyter
1593 5211 1891 5289 _Baltherus
1900 5201 1922 5280 ,ί
1946 5201 2224 5289 vitam

678 5267 1102 5346 anochgreticam
1123 5275 1178 5328 in
1203 5267 1547 5346 Tiningaham
1573 5267 1816 5346 duxerat,
1834 5267 2223 5346 ἶίξιῶἓεὶίςὲῐόἶ

681 5336 1046 5426 ρει
1069 5336 1772 5426 ingressus"ést,_migrando
1794 5336 1862 5426 ad
1881 5336 2226 5426 ggih'i’Ji-Ee

681 5405 992 5488 reformavit
1023 5405 1408 5488 adjmaginem
1434 5405 1632 5488 ﬁliis'ui
1650 5459 1666 5484 ,
1695 5405 1864 5488 pridie
1888 5405 2227 5480 Ronan-far:

683 5474 856 5574 53:2,:
892 5474 1360 5574 ίπὲςιὲίὲεἷξζεέξιὶὶ
1393 5474 1743 5574 arma
1767 5474 2227 5574 ecclesiam-

684 5548 883 5660 ἓξηξὶί
921 5555 976 5599 et
994 5548 1209 5628 quidem.
1225 5564 1364 5628 anno
1393 5551 1493 5603 756
1516 5569 1580 5607 ex
1609 5555 1908 5640 ﬂovedeno.
1939 5560 2144 5616 Colitur
2172 5563 2223 5616 in

764 5619 859 5664 sus
892 5614 1242 5672 Benedictmts
1267 5618 1351 5673 die
1373 5619 1441 5673 27
1468 5620 1593 5675 Nov.
1633 5625 1888 5691 Reliquae
1912 5629 2225 5687 Dunelmum

1498 292 1556 346 Β.
1594 292 1656 346 F.
1688 290 1909 347 ALBlNl
1940 289 2068 345 SEU
2111 287 2382 343 ALCl'lNl
2421 287 2699 342 OPERCM
2741 284 2913 342 PARS
2951 287 3030 341 Vl.

2251 4403 2303 4462 D

3801 292 3909 349 8ιο

2273 403 2321 461 Α
2351 400 2520 454 Altius
2542 401 2807 472 angelicas
2825 404 2946 458 εαξιὶ
2973 417 3136 473 super
3159 411 3303 459 astra
3329 418 3426 474 per
3454 405 3624 461 ulnas.

2347 491 2450 545 Par
2479 505 2690 560 quoque
2707 493 2817 562 jam
2840 495 3007 548 veteri
3041 496 3353 564 signumque
3365 497 3624 565 aequabile
3648 498 3801 568 signo

2345 580 2458 635 lloc
2482 583 2545 636 de
2575 581 2734 636 Patre
2759 583 2846 650 pio
2869 584 3032 653 gessit
3055 584 3334 640 clementia
3367 582 3584 640 Christi.

2344 669 2476 723 Nam
2512 672 2653 725 velut
2687 688 2962 741 mquoreas
2985 673 3175 729 Petrus
3206 675 3507 731 calcavcrat
3530 677 3722 744 undas,

2346 758 2434 812 Sic
2460 761 2586 836 huic
2619 763 2795 815 evenit
2823 779 2837 828 ;
2873 764 3121 833 gradiens
3147 780 3268 818 nam
3297 773 3538 837 tempore
3565 769 3796 837 quodam

2344 833 2509 916 Rupis
2543 849 2594 901 in
2621 851 2842 904 excelsae
2861 862 3127 922 praerupto
3156 856 3414 924 margine,
3443 871 3571 911 casu

2341 936 2593 1007 Contigit,
2619 948 2675 992 ut
2697 941 2912 994 caderet
2938 959 2952 996 :
2986 943 3077 996 sed
3106 941 3352 1000 ﬂuctibus
3377 947 3465 1001 ille
3487 948 3711 1002 marinis

2341 1025 2616 1093 Sull‘ultus,
2645 1030 2886 1098 graditur
2913 1031 3070 1087 siccis
3097 1049 3256 1103 super
3285 1050 3499 1104 aequora
3524 1036 3738 1104 plantis.

2339 1117 2406 1170 Et
2432 1133 2526 1170 ceu
2555 1135 2679 1173 rura
2714 1121 2809 1175 soli
2833 1132 3116 1190 premeret,
3143 1126 3220 1179 sic
3249 1127 3485 1181 ambulat
3510 1129 3701 1183 undis:

2336 1202 2452 1256 Jam
2480 1206 2584 1260 nisi
2613 1210 2753 1277 quod
2778 1209 2944 1265 levius
2966 1223 3274 1283 susceperat
3300 1217 3438 1270 unda
3477 1225 3738 1282 ruentem,

2336 1294 2503 1358 Quam
2526 1296 2568 1348 si
2595 1297 2726 1352 dura
2756 1300 2929 1354 virum
2952 1304 3284 1372 accepissent
3306 1321 3432 1360 arva
3467 1308 3766 1362 cadentem.

2337 1383 2471 1436 Dum
2498 1387 2623 1450 ruit,
2652 1390 2791 1442 unda
2816 1389 2952 1455 ﬁuit,
2976 1406 3132 1446 casus
3158 1384 3224 1446 ne
3249 1382 3462 1448 lmderét
3493 1396 3663 1449 illum.

2335 1470 2617 1528 Gressibus
2643 1492 2767 1529 arva
2794 1488 3027 1543 manent,
3055 1481 3201 1533 illum
3227 1497 3293 1535 ne
3318 1493 3582 1560 mergeret
3608 1487 3806 1554 aquor.

2332 1565 2580 1620 Ambulat
2604 1583 2732 1638 ergo
2760 1569 2898 1624 freto
2925 1570 3118 1636 solido,
3139 1588 3237 1626 ceu
3267 1574 3478 1628 tramite
3507 1583 3684 1640 teme,

2334 1654 2519 1710 Donec
2537 1657 2604 1710 ad
2631 1658 2946 1725 undivagam
2968 1668 3281 1727 pervenerat
3308 1663 3421 1729 ipse
3447 1665 3687 1718 carinam
3721 1684 3732 1718 :

2264 1719 2311 1780 Β
2338 1743 2505 1810 Quam
2535 1762 2655 1800 mox
2683 1752 2924 1804 ascendit
2949 1765 3140 1805 securo
3169 1752 3301 1806 calle
3324 1753 3590 1821 pedester.

2334 1832 2449 1887 Non
2479 1835 2531 1888 in
2561 1844 2706 1890 veste
2731 1837 2922 1905 liquor,
2952 1854 3057 1892 non
3083 1841 3258 1894 soccis
3279 1841 3509 1896 haeserat
3536 1844 3744 1899 humor;

2333 1920 2484 1985 Quod
2511 1931 2701 1977 natura
2729 1936 2906 1995 negat,
2935 1927 3036 1982 hoc
3063 1928 3153 1981 dat
3180 1938 3266 1981 tua
3294 1931 3533 1995 dextera,
3562 1931 3804 1999 Christe,

2335 2001 2487 2065 Unda
2513 2021 2603 2066 tuo
2623 2013 2777 2080 jussu
2804 2015 2974 2084 pelagi
3001 2017 3060 2070 ﬁt
3087 2019 3266 2086 pervia
3283 2017 3482 2087 juStis:

2333 2099 2496 2155 Terra
2523 2104 2615 2156 sed
2635 2119 2665 2158 e
2691 2115 2878 2160 contra
2904 2107 3097 2162 vindex
3119 2108 3176 2162 ﬁt
3206 2124 3401 2180 gurges
3425 2111 3639 2182 iniquis.

2333 2189 2527 2246 Suﬁ'ert
2561 2194 2660 2247 ista
2690 2194 2936 2260 humiles,
2976 2198 3100 2252 dum
3125 2199 3343 2253 devorat
3369 2201 3458 2255 illa
3488 2204 3767 2271 superbos.

2330 2276 2483 2333 Nunc
2507 2286 2556 2334 te
2579 2282 2668 2336 sed
2696 2284 2925 2351 petimus
2949 2286 3140 2351 devoti,
3173 2287 3424 2343 Balthere
3452 2299 3659 2354 sancte,

2332 2359 2556 2423 Ut‘sicut
2581 2372 2716 2425 unda
2747 2365 2896 2426 tuum
2924 2377 3176 2444 portabat
3211 2377 3278 2431 ab
3307 2393 3520 2448 aequore
3545 2397 3766 2452 corpus,

2331 2455 2403 2509 Te
2429 2473 2614 2511 sanum
2643 2461 2858 2527 penitus
2885 2465 3149 2520 revehens
3178 2467 3246 2521 ad
3284 2468 3463 2522 littora
3491 2479 3616 2524 nota
3643 2489 3653 2523 :

2331 2542 2418 2597 Sic
2445 2548 2688 2615 precibus
2714 2559 2927 2606 nostras
2959 2555 3165 2608 animas
3189 2558 3413 2612 evadere
3441 2558 3636 2616 ﬂuetus

2329 2633 2619 2690 Mundanos
2656 2636 2838 2706 facias,
2869 2650 3186 2712 portumque
3213 2647 3416 2701 intrare
3445 2649 3651 2704 salutis.

2327 2721 2531 2776 Claruit
2559 2725 2641 2781 his
2662 2727 2821 2782 etiam
2851 2733 3167 2789 venerabilis
3196 2736 3337 2790 Echa
3367 2748 3387 2775 ε
3413 2739 3599 2795 diebus

2324 2813 2662 2871 Anachoreta
2688 2835 2858 2887 sacer,
2880 2826 3044 2878 eremi
3066 2837 3271 2881 secreta
3304 2839 3536 2897 secutus,

2327 2903 2592 2962 Terrenos
2619 2908 2826 2979 fugiens
2846 2913 2959 2981 jam
2980 2931 3202 2986 corpore
3229 2927 3410 2975 castus
3438 2922 3693 2990 honores;
3785 2959 3790 2964 -

2329 2991 2402 3048 Ut
2432 3011 2555 3049 cum
2583 3012 2707 3066 rege
2731 2997 2838 3053 Deo
2868 3001 3111 3057 cmlestes
3139 3014 3321 3072 posset
3351 3008 3567 3064 habere.

2329 3081 2635 3166 Angelicain
2664 3088 2820 3141 terris
2840 3090 3003 3143 vitam
3031 3091 3252 3149 devotus
3271 3098 3496 3166 agendo,

2328 3171 2491 3225 Multa
2526 3161 2820 3244 prophetali
2846 3181 3092 3246 praedixit
3117 3193 3293 3239 mente
3308 3161 3517 3244 futura.

2327 3261 2402 3316 De
2428 3278 2530 3331 quo
2557 3264 2709 3333 plura
2738 3275 2879 3320 vetat
2906 3271 3116 3324 narrari
3148 3271 3297 3327 Musa
3322 3290 3606 3333 recurrens

2328 3350 2588 3407 Carminis
2615 3355 2680 3408 ad
2710 3354 2888 3422 ﬁnem,
2920 3359 3234 3429 pr0priique
3256 3363 3323 3416 ad
3353 3373 3504 3432 gesta
3533 3367 3773 3435 magistri
3797 3385 3823 3435 ςη

2395 3461 2494 3526 Qui
2518 3473 2639 3530 post
2666 3465 2989 3535 Ecgbertum
3016 3472 3342 3535 veneranda:
3363 3475 3594 3547 insignia
3619 3479 3762 3535 sedis

2329 3546 2590 3618 Suscepit,
2625 3554 2837 3621 sapiens
2860 3555 3132 3612 Etherius
3159 3560 3187 3598 ἀ
3217 3564 3435 3620 nomine
3457 3546 3649 3620 dictus.

2324 3635 2422 3689 Vir
2445 3637 2612 3692 bonus
2641 3649 2694 3694 et
2736 3643 2931 3711 justus,
2984 3644 3186 3715 largus,
3220 3650 3553 3726 pius,-atque
3578 3653 3839 3726 benignus
3863 3674 3887 3723 ;—

2325 3724 2607 3781 Catholica:
2635 3730 2757 3784 ﬁdei
2784 3731 2980 3796 fautor,
3007 3746 3325 3804 praeceptor,
3351 3722 3592 3808 amator;

2325 3814 2574 3893 Ecclesia:
2598 3827 2794 3884 rector,
2818 3820 3030 3887 doctor,
3055 3823 3324 3892 defensor,
3347 3828 3616 3896 alumnus,

2324 3901 2547 3960 Iustitiae
2581 3908 2770 3973 cultor,
2799 3909 2931 3980 legis
2957 3911 3104 3978 tuba,
3137 3931 3314 3984 prazco
3341 3919 3552 3987 salutis,

2325 3994 2456 4062 Spes
2479 3997 2716 4065 inapum,
2749 4001 3110 4072 orphanisque
3151 4015 3321 4074 pater,
3353 4010 3554 4066 solator
3601 4024 3871 4081 egentum.

2325 4084 2468 4138 Trux
2493 4088 2691 4154 rigidis,
2724 4089 3052 4160 blandusque
3087 4094 3262 4160 bonis,
3305 4099 3574 4167 durusque
3592 4105 3837 4171 superbis
3863 4123 3889 4158 :-

2324 4174 2500 4228 Fortis
2524 4177 2576 4229 in
2613 4179 2867 4246 adversis,
2898 4185 3116 4237 humilis
3143 4185 3243 4238 fuit
3268 4187 3432 4256 inque
3459 4193 3727 4248 secundis.

2324 4262 2498 4318 Mente
2522 4261 2704 4334 sagax,
2738 4284 2842 4322 non
2866 4285 2958 4325 ore
2981 4273 3172 4341 loquax
3203 4293 3215 4327 :
3248 4277 3341 4330 sed
3367 4287 3617 4336 strenuus
3643 4291 3796 4338 actu.-

2325 4351 2420 4405 Cui
2442 4366 2695 4421 quantum
2727 4359 2895 4410 crevit
2919 4362 3174 4415 cumulati
3207 4365 3414 4419 culmen
3445 4369 3680 4434 honoris,

2327 4439 2552 4493 Tantum
2579 4458 2730 4497 mens
2752 4446 2939 4499 humili
2975 4464 3094 4503 sese
3115 4451 3314 4517 pietate
3331 4453 3560 4524 subegit.

2326 4529 2400 4583 De
2428 4544 2533 4596 quo
2569 4531 2811 4586 versiﬁco
2841 4535 2997 4602 paulo
3016 4537 3134 4603 plus
3168 4553 3389 4608 pergere
3416 4558 3602 4611 gressu
3691 4603 3694 4606 ,

2325 4617 2599 4672 Euboricm
2625 4637 2829 4676 mecum
2859 4623 3018 4679 libeat
3045 4626 3158 4691 tibi,
3183 4643 3384 4696 quasso,
3408 4631 3679 4697 juventus.

2328 4707 2424 4760 Hic
2450 4711 2571 4776 quia
2595 4726 2729 4777 saepe
2755 4721 2872 4766 tuos
2897 4713 3124 4781 perfudit
3147 4725 3364 4772 nectare
3386 4734 3594 4784 sensus.

3457 4849 3610 4906 Vera.
3649 4843 3784 4908 “0'9

2325 5015 2591 5089 translatae
2613 5030 2735 5069 saec.
2764 5030 2838 5070 ιι.
2867 5015 3005 5089 Lege
3029 5017 3344 5089 Bollandum
3362 5024 3428 5089 ad
3450 5023 3589 5078 diem
3614 5025 3647 5079 ϐ
3675 5020 3872 5087 Martii.

2322 5085 2412 5138 ubi
2451 5085 2585 5138 situs
2611 5086 2918 5138 monasterii
2950 5085 3045 5141 seu
3067 5089 3235 5143 eremi
3262 5087 3320 5142 ὃ.
3337 5085 3582 5148 Baltheri
3615 5096 3669 5149 in
3695 5085 3873 5150 ὅσοῡὰ

2324 5153 2614 5221 reponitur.
2647 5152 2870 5221 Minue.
3347 5177 3350 5182 ι

2323 5231 2416 5342 mf
2558 5220 2659 5344 ista
2693 5220 2837 5274 Echa
2863 5223 3179 5280 anachoreta
3205 5227 3338 5283 nihil
3367 5230 3495 5286 alibi
3525 5232 3761 5301 reperire
3780 5243 3876 5304 poi

2383 5305 2417 5342 ι.
2509 5305 2568 5342 n
2595 5306 2676 5344 LL.

2383 5305 2417 5342 ι.
2456 5305 2676 5345 MAIILL.

2394 5357 2420 5396 ι
2450 5357 2728 5435 ίΕιὺςνιιιε
2761 5361 3026 5435 episcopus
3078 5364 3334 5435 successit
3359 5346 3500 5422 anno
3525 5364 3667 5435 766;
3697 5370 3873 5426 Bove-

2325 5427 2424 5515 ρει·
2450 5425 2841 5515 Aeas-3:“.
2859 5425 3069 5515 ,νῆστιν
3125 5447 3244 5515 123.5.-
3272 5433 3396 5490 ιοδο
3442 5425 3870 5515 manus

2324 5492 2442 5547 libr.
2472 5510 2617 5559 xm,
2644 5492 2965 5568 ηιξωέῑει
2994 5492 3080 5563 is,
3111 5492 3241 5563 dbiit
3265 5519 3406 5562 anno
3442 5492 3868 5568 780.ldemllbr.

2323 5576 2626 5685 ἕψω.
2659 5565 2741 5618 ll.
2776 5565 2906 5620 Vide
2948 5569 3108 5626 etiam
3142 5571 3405 5628 Alfortum
3437 5565 3503 5630 ad
3531 5591 3729 5633 annum
3773 5576 3873 5632 766
