4268 6202
416 300 516 356 861

384 460 388 467 .
421 410 670 468 Melliﬂuo
690 408 871 464 dulces
900 416 1151 464 eructans
1175 416 1394 477 pectore
1422 422 1634 472 succos,

418 501 589 568 Quem
616 514 737 553 mox
762 513 791 551 a
817 497 1004 567 primis
1035 497 1173 551 ratio
1193 496 1552 566 pulcherrima
1576 496 1728 549 cunis

417 591 708 663 Corripuit,
736 603 918 643 rerum
945 602 1319 665 summamque
1346 587 1574 642 vehebat
1603 588 1656 641 in
1684 601 1885 650 arcem,

418 680 683 737 Doctrina:
704 679 943 750 pandens
963 678 1040 733 illi
1068 686 1277 733 secreta
1312 678 1531 747 sophize.
1694 678 1702 682 ’

419 770 519 827 llic
541 770 643 826 fuit
666 785 794 841 ergo
829 771 963 824 satis
989 769 1148 824 claris
1173 768 1503 839 genitoribus
1526 774 1695 831 ortus,

418 866 499 922 Ex
527 880 751 935 quorum
782 878 909 919 cura
931 863 1123 917 studiis
1148 876 1271 915 mox
1297 861 1529 915 traditur
1562 860 1738 924 almis,

418 955 593 1025 Atque
614 953 944 1009 monasterio
968 951 1259 1022 puerilibus
1287 950 1490 1005 inditur
1517 950 1696 1012 annis.

420 1042 679 1100 Sensibus
704 1051 765 1097 ut
789 1041 995 1111 fragilis
1021 1042 1191 1097 sacris
1218 1040 1549 1095 adolesceret
1572 1048 1721 1094 aetas.

318 1184 319 1189 η
419 1132 496 1189 De
518 1148 684 1202 puero
703 1147 802 1186 nec
829 1146 981 1186 cassa
1008 1130 1107 1183 fuit
1132 1144 1254 1199 spes
1280 1136 1427 1183 tanta
1456 1136 1757 1198 parentum.

419 1222 538 1278 lam
565 1237 698 1292 puer
724 1221 975 1292 egregius
1004 1219 1281 1275 crescebat
1308 1232 1534 1287 corpore
1561 1227 1841 1287 quantum,

422 1314 639 1384 Ingenio
666 1321 872 1368 tantum
901 1311 1157 1365 librorum
1176 1308 1509 1379 proficiebat.

423 1402 515 1458 Sic
541 1403 746 1457 meritis
776 1413 1026 1458 crescens
1052 1400 1207 1455 annis
1230 1408 1287 1453 et
1310 1406 1492 1453 mente
1517 1398 1717 1467 sagaci,

420 1492 541 1548 Jam
566 1493 722 1569 levita
746 1507 900 1547 sacer
926 1491 1192 1562 condigne
1221 1498 1306 1545 est
1329 1490 1519 1545 ordine
1542 1489 1737 1544 factus.

423 1582 576 1638 Hunc
593 1584 731 1639 bene
752 1584 877 1637 dum
898 1580 1022 1637 felix
1074 1582 1387 1637 adolescens
1432 1582 1599 1652 gessit
1629 1582 1911 1646 honorem,

421 1671 549 1727 Iura
576 1672 860 1727 sacerdotii
888 1670 1102 1739 juvenis
1125 1672 1361 1740 suscepit
1386 1672 1682 1726 honestus:

382 1748 391 1751 ’
424 1762 701 1817 Cresceret
721 1769 780 1814 ut
807 1760 1080 1832 gradibus,
1112 1761 1320 1832 meritis
1348 1760 1437 1828 qui
1465 1769 1712 1815 creverat
1730 1759 1905 1814 almis.

493 1851 656 1923 256
680 1851 829 1906 Tunc
848 1850 969 1921 pius
988 1856 1044 1904 et
1072 1850 1309 1921 prudens
1330 1848 1519 1905 doctor
1545 1850 1703 1906 simul
1724 1858 1885 1919 atque
1909 1865 1995 1904 sa-

1681 1939 1701 2012 [
1714 1938 1922 2005 cerdos,

424 2035 777 2108 Pontiﬁcique
800 2050 983 2091 comes
1007 2034 1235 2105 Ecgbert
1270 2033 1588 2102 conjunctus
1616 2034 1884 2096 adhzesit,,

424 2125 522 2180 Cui
551 2139 761 2193 quoque
784 2125 1078 2195 sanguineo
1107 2124 1283 2179 fuerat
1303 2124 1420 2195 jam
1443 2121 1567 2192 jure
1591 2124 1939 2194 pr0pinquus.

425 2215 471 2269 Λ
496 2230 603 2285 quo
632 2213 881 2269 defensor
902 2215 1047 2269 clero
1071 2215 1381 2270 decernitur
1399 2214 1568 2280 omni,
1843 2281 1845 2285 η

429 2307 497 2361 Et
523 2306 681 2361 simul
710 2307 973 2361 Euborica
993 2306 1350 2377 praeferturin
1375 2306 1508 2360 urbe
1534 2306 1811 2377 magister.

430 2397 520 2450 Rlc
546 2397 636 2451 ubi
661 2396 888 2449 diversis
916 2396 1149 2450 sitientia
1175 2395 1337 2450 corda
1363 2394 1579 2451 fluentis

431 2482 697 2540 Docti-inae
721 2493 774 2539 et
794 2484 944 2539 vario
969 2485 1271 2540 studiorum
1300 2499 1423 2545 rore
1447 2483 1657 2555 rigabat
1684 2504 1700 2538 :

431 2573 527 2628 llis
551 2572 684 2627 dans
719 2574 1082 2643 grammaticae
1107 2575 1334 2630 rationis
1362 2576 1608 2645 gnaviter
1630 2583 1803 2642 artes,
1838 2566 1841 2567 ⁷
1926 2566 1935 2575 ”

430 2660 543 2715 Illis
569 2661 851 2717 rhetorica!
878 2661 1158 2719 infundens
1185 2663 1500 2717 retiuamina
1528 2663 1722 2735 linguae
1750 2680 1768 2719 :

429 2753 553 2807 Illos
571 2752 798 2822 juridica
841 2753 1054 2808 curavit
1088 2762 1208 2809 cote
1236 2755 1425 2827 polire,

431 2839 556 2895 Illos
583 2840 756 2895 Aonio
780 2840 960 2895 docuit
996 2842 1317 2896 concinuere
1355 2852 1515 2897 cantu
1540 2860 1554 2909 ;

432 2928 696 2984 Castalida
730 2929 1011 2983 instituens
1040 2930 1171 2983 alios
1198 2945 1451 2984 resonare
1472 2933 1667 2996 cicuta,

434 3016 503 3071 Et
522 3015 649 3087 juga
670 3016 922 3071 Parnassi
951 3017 1135 3088 lyricis
1152 3032 1469 3088 percurrere
1490 3020 1704 3089 plantis.

434 3108 533 3165 Ast
571 3108 704 3162 alios
732 3107 859 3162 fecit
878 3107 1133 3178 praefatus
1170 3124 1329 3188 nosse
1353 3111 1608 3179 magister

438 3198 780 3255 Harmoniam
809 3196 953 3261 cmli,
984 3196 1112 3252 solis
1141 3196 1385 3267 lunaque
1411 3198 1643 3265 labores,

437 3290 681 3359 Quinque
698 3289 805 3359 poli
832 3302 1019 3353 zonas,
1041 3288 1279 3343 errantia
1308 3288 1484 3343 sidera
1511 3298 1734 3357 septem,

435 3383 715 3437 Astrorum
740 3380 903 3449 leges,
926 3389 1094 3446 ortus,
1126 3380 1281 3438 simul
1303 3390 1462 3448 atque
1487 3395 1746 3436 recessus.

439 3472 629 3527 Aerios
658 3482 833 3525 motus
848 3469 1046 3543 pelagi,
1078 3457 1337 3538 terraeque
1363 3476 1697 3534 tremorem,‘

384 3578 387 3579 '
438 3562 667 3616 Naturas
692 3563 989 3623 hominum,
1014 3561 1290 3628 pecudum,
1317 3560 1696 3630 volucrumque
1738 3561 1996 3626 ferarum,

442 3654 691 3709 Diversas
712 3652 919 3704 numeri
948 3650 1173 3717 species,
1199 3650 1483 3717 variasque
1506 3651 1721 3720 ﬁguras.

440 3744 798 3810 Paschalique
823 3740 967 3793 dedit
988 3738 1243 3792 solemnia
1268 3748 1413 3793 «arta
1438 3756 1677 3805 recursu,

444 3836 667 3891 Maxime
696 3833 986 3902 Scriptura:
1009 3831 1245 3899 pandens
1272 3833 1521 3901 mysteria
1542 3848 1727 3888 sacrm.

441 3926 571 3980 Nam
602 3924 756 3991 rudis
770 3932 824 3977 et
850 3922 1046 3976 veteris
1071 3921 1204 3992 legis
1228 3920 1478 3993 patefecit
1506 3927 1774 3993 abyssum.

441 4012 635 4067 lndolis
663 4011 889 4082 egregia:
908 4008 1133 4076 juvenes
1152 4025 1497 4089 quoscunque
1521 4014 1754 4078 videbat,

368 4148 375 4153 .
442 4105 552 4159 llos
574 4103 677 4159 sibi
705 4100 1001 4172 conjunxit,
1034 4100 1233 4167 docuit,
1256 4105 1497 4171 nutrivit,
1536 4110 1774 4173 amavit;

441 4194 775 4263 Quapropter
798 4193 980 4262 plures
1006 4208 1103 4263 per
1130 4208 1282 4248 sacra
1309 4192 1579 4247 volumina
1603 4195 1792 4250 doctor

442 4284 738 4357 Discipulos
772 4286 978 4349 habuit,
1010 4284 1235 4339 diversis
1262 4283 1474 4339 artibus
1499 4294 1705 4341 auctos.

432 4373 557 4430 Non
585 4374 747 4429 semel
771 4382 1019 4429 externas
1037 4373 1318 4443 peregrino
1345 4374 1558 4428 tramite
1582 4381 1755 4430 terras

440 4463 557 4519 Jam
586 4465 888 4534 peragravit
906 4479 1093 4530 ovans,
1118 4464 1315 4533 sophia:
1341 4465 1599 4519 deductus
1619 4480 1839 4530 amore;

426 4551 502 4607 .Si
532 4552 659 4620 quid
679 4551 816 4605 forte
844 4554 967 4605 novi
997 4552 1251 4629 librorum
1280 4566 1374 4605 seu
1402 4552 1720 4620 studiorum,

441 4642 593 4712 Quod
623 4658 803 4697 secum
834 4642 999 4697 ferret
1019 4644 1178 4697 terris
1216 4645 1474 4714 reperiret
1505 4646 1560 4700 in
1584 4646 1709 4703 illis.

444 4734 541 4789 Hic
563 4748 776 4804 quoque
803 4732 1113 4786 Romuleam
1138 4733 1279 4786 venit
1303 4736 1524 4790 devotus
1551 4739 1617 4790 ad
1649 4740 1857 4803 urbem,

446 4827 603 4881 Dives
628 4842 812 4883 amore
833 4827 947 4884 Dei.
975 4827 1081 4883 late
1108 4827 1223 4881 loca
1253 4835 1436 4882 sancta
1460 4843 1771 4901 peragrans.

515 4956 664 5011 Vers.
712 4958 866 5015 “58.

514 5088 887 5178 ξ-ξέξίξζςίξ
921 5089 1225 5178 “Elissa?
1251 5093 1673 5178 hesirlelﬁsas
1720 5098 2000 5178 faselis-

448 5158 909 5219 thanumbrorum,
946 5159 1011 5211 de
1030 5173 1136 5227 quo
1167 5161 1299 5214 Ven.
1330 5161 1492 5227 Beda,
1521 5158 1641 5218 lib'r.
1674 5182 1712 5218 ιι
1741 5158 1877 5221 Hist.
1904 5170 2004 5225 Ec.

448 5173 909 5219 tnanumurorum,
946 5173 1011 5211 ae
1030 5173 1136 5279 quo
1174 5173 1299 5214 Ven.
1331 5173 1492 5227 uena,
1522 5173 1641 5218 libr.
1674 5182 1712 5218 ιι
1741 5173 1877 5221 Hist.
1904 5173 2004 5225 Ec.

446 5227 572 5307 cles.
611 5226 789 5307 Angl._,
814 5241 954 5307 _cap.
999 5228 1021 5279 l
1069 5266 1085 5307 ε
1122 5228 1232 5307 hinc
1277 5241 1495 5307 narrat:
1542 5253 1560 5285 ι
1594 5235 1897 5307 Baptizatus
1923 5250 2005 5294 est

448 5306 623 5349 autem
664 5295 932 5420 éﬁduinus
976 5295 1092 5365 rex)
1146 5297 1372 5353 Eboraci
1429 5302 1515 5356 die
1548 5295 1735 5359 sancto
1786 5306 2003 5363 Pasehre

448 5363 659 5420 Dridiel
696 5382 822 5419 uum
850 5365 1107 5420 Aprilium
1149 5365 1293 5420 (627i
1321 5370 1374 5420 in
1405 5372 1630 5420 ecclesia
1656 5376 1823 5420 sancti
1855 5376 1998 5420 Ppn-i

447 5364 617 5446 pridie
637 5363 822 5446 iduum
850 5363 1107 5446 Aprilium
1148 5365 1630 5446 (627)_in_ecclesia
1656 5376 1824 5427 sancti
1855 5376 2000 5431 Petri

404 5460 407 5463 <
449 5435 695 5501 apostoli,
722 5450 883 5502 quam
921 5435 1352 5502 ibidem‘ipse'de
1390 5440 1553 5503 ligno,
1606 5458 1725 5495 cum
1772 5449 2003 5500 catechi-

450 5510 681 5582 tantur,
701 5511 875 5582 atque
903 5505 967 5556 ad
992 5503 1387 5582 percipiendum
1426 5503 1691 5582 baptisma
1741 5511 1999 5569 imbuere-

451 5577 556 5641 tur,
588 5574 751 5641 citato
797 5586 958 5641 opere
1012 5574 1325 5628 construxit.
1366 5594 1384 5627 ι
1426 5574 1549 5631 Haec
1587 5580 1737 5632 Beda:
1767 5585 2002 5637 narratio

454 5637 728 5694 difﬁculter
782 5637 900 5694 cum
934 5641 1032 5692 ista
1070 5642 1235 5695 nostri
1299 5654 1467 5713 poeta:
1520 5648 1870 5716 combinatur,
1890 5648 1997 5709 nisi

842 5730 1109 5788 Punct.
1157 5731 1254 5790 Cl.

1201 254 1632 347 ΕΑΠΜΙΝΑξ-υ-
1664 292 1750 347 DE
1787 289 2028 348 PONTIF
2091 287 2179 341 ET
2214 284 2313 340 SS.
2349 284 2543 340 ECCL.
2577 281 2865 337 EBOllAC.

1872 372 1873 375 Ἴ
1998 410 2056 464 »Α
2085 371 2212 454 lude
2231 399 2450 453 domum
2479 395 2712 459 rediens,
2739 410 2769 448 a
2794 392 3009 463 regibus
3034 400 3192 459 atque
3220 389 3448 445 tribunis

3547 275 3650 334 852

2084 491 2283 544 Deetor
2321 486 2617 543 honorifice
2645 500 2887 542 summus
2909 492 3192 553 susceptus
3219 483 3412 553 ubique
3432 492 3534 538 est.

2090 580 2157 636 Ut
2175 590 2297 651 pote
2324 595 2483 651 quem
2509 578 2691 649 magni
2720 592 2877 646 reges
2906 576 3139 631 retinere
3178 574 3448 640 volebant,

2085 670 2187 738 Qui
2214 687 2309 725 sua
2342 687 2468 725 rura
2491 669 2664 726 fluens
2692 664 2875 725 divino
2902 684 3025 723 rore
3051 670 3269 736 rigaret.
3386 736 3392 740 .
3522 720 3523 723 η

2082 763 2165 817 Ad
2200 764 2301 817 sibi
2332 765 2426 819 sed
2450 779 2747 833 properans
2784 762 3051 832 praefinita
3078 762 3216 817 facta
3245 761 3518 831 magister,

2086 852 2440 921 Dispensaute
2468 852 2601 919 Deo,
2627 853 2818 922 patria:
2844 852 3124 921 prodesse,
3148 851 3373 907 redibat.

2091 944 2222 1000 Nam
2251 948 2497 1017 proprias
2533 956 2813 1017 postquam
2847 946 3021 999 fuerat
3049 946 3257 1000 delatus
3284 946 3336 1000 in
3358 960 3501 1011 oras,

2088 1037 2208 1092 Mox
2236 1039 2561 1107 pastoralem
2590 1038 2900 1107 compulsus
2929 1052 3140 1091 sumere
3168 1053 3374 1101 curam,

2090 1127 2330 1183 Eﬂicitur
2355 1145 2620 1199 summus,
2648 1129 2847 1199 populo
2878 1130 3165 1199 rogitante,
3198 1130 3449 1184 sacerdos

2087 1216 2439 1288 Officiumque
2468 1220 2581 1273 suis
2610 1220 2818 1273 meritis
2838 1220 3190 1274 decoraverat
3213 1220 3388 1286 almis,

2088 1307 2305 1365 Ordinis
2342 1319 2504 1380 atque
2534 1312 2707 1364 bonus
2742 1318 3035 1380 pastorque
3063 1319 3312 1379 repertus
3343 1311 3538 1381 ubique
3556 1318 3662 1371 est.

2089 1398 2335 1469 Namque
2367 1401 2621 1455 tuebatur
2645 1402 2885 1454 divinum
2912 1410 3101 1455 cautus
3124 1400 3283 1468 ovile,
3512 1410 3515 1413 ‘

2091 1490 2211 1546 Ulla
2237 1504 2304 1545 ex
2332 1500 2487 1560 parte
2524 1492 2682 1561 lupus
2711 1492 2914 1547 Christi
2945 1510 3011 1548 ne
3035 1494 3251 1549 ltederet
3276 1510 3465 1565 agnos,

2090 1580 2181 1634 llle
2216 1582 2411 1650 quibus
2438 1582 2578 1636 sacri
2610 1582 2902 1651 perstabat
2927 1582 3120 1650 pabula
3153 1585 3343 1650 verbi;

2093 1668 2168 1724 Ne
2195 1671 2312 1726 sitis
2340 1682 2503 1740 atque
2529 1670 2699 1726 fames
2721 1669 2830 1726 ullo
2858 1680 3079 1727 vexaret
3100 1672 3313 1727 acerbo.

2023 1740 2069 1797 Β
2096 1761 2171 1815 Dc
2191 1775 2459 1832 gregeque
2485 1772 2732 1816 errantes
2759 1762 2927 1816 eremi
2958 1777 3053 1830 per
3073 1762 3224 1816 devia
3257 1771 3423 1818 vaste

2098 1852 2180 1905 Ad
2220 1851 2431 1905 Domini
2469 1852 2654 1906 caulas
2688 1852 2929 1906 humeris
2955 1852 3244 1908 revehebat
3269 1855 3492 1911 amicis:

2096 1941 2456 2011 Nolentesque
2480 1943 2630 2012 sequi
2657 1942 2873 2012 placido
2898 1950 3149 1997 sermone
3176 1927 3457 1999 vocantem

2095 2032 2410 2101 Insequitur
2431 2031 2571 2101 juris
2603 2033 2902 2089 terroribus
2928 2042 3089 2103 atque
3119 2035 3361 2106 flagellis.

2086 2120 2207 2176 Nec
2233 2123 2345 2191 regi
2371 2131 2464 2176 aut
2485 2123 2710 2177 ducibus
2732 2124 2911 2191 justus
2935 2125 3189 2191 parcebat
3218 2125 3437 2194 iniquis.

2040 2194 2046 2209 θ
2098 2210 2207 2267 Sed
2226 2225 2400 2281 neque
2428 2213 2684 2277 decrevit,
2715 2228 2967 2267 curarum
2996 2214 3231 2283 pondera
3251 2225 3493 2285 propter,
3570 2210 3573 2211 ⁷

2098 2300 2407 2369 Scripturas
2432 2301 2646 2358 fervens
2684 2302 2949 2358 industria
2974 2304 3151 2374 prisca
3172 2304 3383 2376 legendi
3407 2325 3427 2360 ι

2097 2389 2617 2460 Factusutrumque,
2634 2404 2801 2463 sagax
2815 2393 3025 2458 doctor,
3048 2394 3169 2463 pius
3189 2403 3352 2464 atque
3376 2397 3664 2463 sacerdos;

2099 2479 2356 2535 Sensibus
2385 2483 2483 2537 bos
2521 2497 2744 2553 augens,
2776 2482 2895 2538 illos
2921 2492 2975 2537 et
2998 2485 3240 2543 moribus
3263 2500 3482 2541 ornans.
3580 2534 3583 2539 λ

2099 2568 2209 2624 Nec
2230 2569 2388 2625 Pater
2414 2571 2706 2627 adveniens
2733 2572 2785 2630 in
2818 2581 3024 2627 tantum
3049 2573 3260 2628 culmen
3290 2576 3527 2638 honoris,

2100 2661 2350 2715 Vestibus
2376 2672 2539 2730 atque
2567 2660 2703 2717 cibis
2732 2672 2971 2718 veterem
2995 2673 3299 2719 mutaverat
3324 2679 3477 2719 usum
3503 2679 3518 2717 :

2099 2750 2363 2807 Deliciosa
2400 2753 2560 2807 nimis
2582 2751 2816 2823 fugiens,
2846 2762 2948 2808 nec
2968 2753 3091 2809 vilia
3121 2756 3273 2810 valde

2100 2838 2348 2895 Sectattis
2373 2840 2571 2908 fuerat,
2598 2845 2777 2898 medio
2804 2844 3171 2903 moderamine
3192 2849 3449 2918 gaudens.

2101 2929 2211 2985 Nec
2238 2932 2416 2986 minus
2442 2934 2648 2989 interea
2675 2935 2827 2988 vario
2855 2946 3171 2992 ornamenta
3198 2938 3409 3005 decore,
3434 2939 3440 2944 ’

2022 3064 2074 3132 C
2100 3020 2318 3132 fddidit
2354 3022 2615 3089 ecclesiis,
2646 3022 2772 3081 ﬁdei
2796 3012 3008 3082 fervore
3031 3028 3285 3098 repletus.

2094 3110 2340 3191 piamque
2368 3121 2426 3166 ut
2450 3111 2770 3182 bellipotens
2798 3117 3025 3184 sumpsit
3046 3117 3386 3187 baptismatis
3405 3123 3599 3181 undam

2097 3199 2269 3254 Edvin
2300 3216 2397 3255 rex
2423 3212 2472 3266 ι,
2500 3202 2695 3270 praesul
2720 3204 2977 3273 grandem
3012 3215 3388 3265 construxerat
3408 3228 3577 3279 aram,

2100 3287 2258 3343 Texit
2280 3299 2335 3344 et
2358 3299 2602 3371 argento,
2633 3294 2859 3361 gemmis
2898 3296 3057 3356 simul
3089 3301 3323 3371 undique
3347 3312 3403 3358 et
3428 3320 3582 3373 auro,

2096 3375 2271 3446 Atque
2300 3379 2498 3434 dicavit
2519 3395 2638 3437 eam
2664 3383 2835 3437 sancti
2863 3384 2962 3440 sub
2992 3388 3209 3442 nomine
3238 3389 3385 3445 Pauli

2098 3464 2343 3520 hectoris
2376 3468 2582 3533 mundi,
2614 3469 2838 3527 nimium
2864 3486 3027 3539 quem
3055 3475 3245 3531 doctor
3268 3482 3502 3536 amabat.
3598 3453 3611 3467 ’

2100 3556 2213 3612 Hoc
2239 3558 2410 3612 altare
2435 3558 2611 3613 farum
2638 3560 2666 3600 ῒο
2696 3573 2856 3630 supra
2887 3566 3238 3631 suspenderat
3256 3568 3489 3635 altum,’
3584 3572 3587 3575 ’

2099 3646 2205 3711 Qui
2230 3655 2376 3702 tenet
2401 3648 2677 3702 ordinibus
2704 3649 2803 3703 tria
2830 3650 3052 3718 grandia
3083 3668 3207 3707 vasa
3232 3660 3487 3711 novenis:

2098 3735 2165 3787 Et
2186 3735 2414 3789 sublime
2438 3736 2613 3793 crucis
2649 3737 2901 3795 vexillum
2926 3741 3099 3798 erexit
3126 3742 3195 3797 ad
3230 3756 3400 3809 aram,

2099 3824 2165 3877 Et
2194 3834 2364 3879 totum
2392 3827 2522 3881 texit
2546 3829 2795 3897 pretiosis
2833 3830 3271 3891 valdemetal’lis.

2098 3916 2290 3971 Omnia
2312 3932 2503 3989 magna
2528 3920 2681 3985 satis,
2708 3920 2931 3989 pulchro
2958 3924 3487 3997 moliminestructa,

2099 4006 2425 4078 Argentiqbe
2451 4010 2585 4065 meri
2615 4021 2965 4081 compensant
2989 4018 3227 4084 pondera
3254 4020 3442 4078 multa.

2100 4098 2199 4152 Ast
2224 4100 2393 4153 altare
2415 4100 2731 4182 aliudfecit,
2763 4106 2977 4162 vestivit
3003 4116 3060 4161 et
3088 4108 3216 4163 illud

2099 4185 2335 4256 Argento
2356 4203 2510 4257 puro,
2541 4192 2794 4260 pretiosis
2822 4201 2985 4264 atque
3008 4196 3209 4268 lapillis
3239 4215 3253 4230 '

2101 4273 2529 4365 hdartyribusque
2552 4283 2988 4351 cruciq'ue‘simul
3016 4288 3358 4348 dedicaverat
3388 4296 3579 4365 ipsum.

2034 4398 2083 4456 Β
2104 4363 2270 4425 Jussit
2294 4376 2352 4421 ut
2371 4370 2571 4440 obryzo
2597 4387 2703 4433 non.
2730 4376 2881 4443 parvi
2910 4380 3161 4446 ponderis
3189 4400 3321 4440 auro

2104 4458 2347 4527 Ampulla
2374 4460 2547 4528 major
2576 4461 2749 4528 fieret,
2780 4482 2887 4535 qua
2912 4470 3034 4527 vina
3064 4477 3313 4531 sacerdos

2066 4622 2081 4626 _
2105 4546 2370 4607 Funderet
2398 4552 2450 4604 in
2486 4552 2726 4619 calicem,
2764 4558 3024 4615 solemnia
3050 4578 3206 4618 sacra
3233 4567 3526 4626 celebrans.

2172 4654 2271 4709 Ast
2297 4672 2435 4712 nova
2462 4658 2699 4715 basilica:
2730 4664 2881 4717 mirae
2905 4675 3178 4738 structura
3196 4662 3392 4730 diebus

2103 4742 2355 4799 Praisulis
2381 4746 2539 4814 hujus
2560 4758 2677 4801 erat
2694 4748 2805 4816 jam
2834 4761 3029 4820 empta,
3062 4766 3295 4823 peracta,
3320 4774 3551 4820 sacrata.

2036 4892 2045 4899 ,
2106 4834 2227 4890 Haec
2246 4836 2404 4890 nimis
2429 4838 2534 4891 alta
2566 4840 2754 4895 domus
2778 4843 2960 4898 solidis
3000 4846 3215 4903 suffulta
3243 4851 3525 4921 coiumnis,

3242 4981 3392 5041 Vers.
3436 4964 3595 5047 71580.

2106 5106 2445 5228 transdpositis
2478 5108 2669 5187 .verbis
2726 5109 2801 5163 ita
2844 5112 3139 5185 intelligas,
3187 5122 3329 5186 quod
3374 5121 3541 5179 Edvin
3573 5142 3666 5184 rex

2106 5191 2237 5228 aran
2276 5191 2361 5228 em
2390 5190 2419 5228 e
2450 5176 2598 5228 lieno
2620 5184 2985 5228 construxerit
3045 5201 3191 5228 aram
3266 5205 3426 5228 ηηειηι
3474 5200 3666 5228 “ms...

2104 5176 2361 5260 glandem
2390 5190 2419 5228 e
2450 5176 2598 5260 ligno
2620 5184 2985 5260 construxerit
3016 5176 3221 5252 varam,-
3266 5205 3428 5258 quam
3474 5176 3669 5260 piissbi

2105 5244 2382 5298 :Elbertus
2403 5244 2523 5313 post
2563 5248 2827 5318 integrum
2877 5252 3090 5307 demum
3124 5244 3374 5313 saecul'um
3416 5244 3672 5319 tein};

2103 5323 2283 5436 gente,
2338 5329 2469 5368 auro
2520 5321 2868 5396 gemmisque,
2920 5331 3081 5390 atque
3104 5326 3172 5382 ob
3209 5343 3441 5383 amorem
3495 5335 3669 5388 sancti

2147 5382 2275 5436 nuli.
2313 5392 2515 5436 mutato
2549 5386 2701 5436 titulo
2726 5391 2895 5436 sancti
2923 5390 3086 5436 Petri-
3138 5394 3279 5436 illam
3311 5397 3449 5436 illinc
3479 5398 3666 5436 unum:

2147 5382 2275 5459 nuli,
2313 5382 2701 5459 mu_tato_:ti_tulo_
2726 5382 2896 5459 sancti
2923 5382 3089 5456 Petri,
3137 5394 3279 5449 illam
3310 5382 3449 5449 illius
3478 5382 3669 5459 tioildéi

2104 5452 2475 5586 gggiigzgrita
2508 5451 2636 5507 Vide
2670 5455 2735 5509 de
2786 5456 2889 5511 hoc
2950 5451 3086 5530 rege
3121 5464 3283 5531 plura.
3320 5480 3483 5534 supra
3521 5451 3666 5525 vei-5;:

2176 5590 2203 5628 ιι
2243 5586 2462 5645 Farum.
2495 5588 2547 5643 id
2572 5598 2655 5645 est
2682 5593 3078 5651 candelabrum.

3182 5734 3316 5806 .27.
