4268 6278
493 225 602 286 8’53
670 259 675 266 -

1566 224 2029 285 DIDASCALICA.
2068 255 2141 266 —
2175 226 2649 291 GRAMMATICA.

3633 238 3736 298 854

493 353 622 394 nam
678 332 957 408 [pandere]
986 334 1223 405 poteris?
1252 364 1325 379 —
1358 334 1501 409 me.
1528 318 1719 421 Divina
1746 345 1843 391 nos
1864 349 2054 404 prince-
2086 336 2136 395 A
2165 342 2377 410 metica,
2430 348 2781 416 geometrica,
2833 350 3036 406 musica
3065 361 3117 421 et
3155 353 3460 423 astrologia.
3516 354 3616 410 Per
3639 358 3736 412 hos

412 466 419 473 .
493 428 585 482 dat
602 425 796 496 gratia,
825 431 880 480 et
908 424 962 478 in
985 424 1266 481 thesauros
1295 424 1554 496 spiritalis
1582 416 1811 483 deducat
1851 426 2063 497 sapien-

495 514 603 578 tiae,
649 514 720 567 in-
747 527 853 583 qua
881 512 1077 569 divina:
1094 514 1359 570 ubertatis
1390 513 1540 570 fonte
1586 515 1842 571 inebriari
1870 514 2064 588 [possi-

495 602 605 673 tis],
635 610 694 656 ut
716 602 787 658 sit
800 601 854 656 in
870 602 1033 657 vobis
1057 601 1175 659 fons
1205 615 1357 672 aqua:
1376 605 1618 659 salientis
1638 595 1694 659 in
1713 605 1881 660 vitam
1905 612 2065 661 tuter-

490 710 640 751 nam.
693 691 803 748 Sed
828 693 952 763 quia
981 694 1239 763 Apostolo
1258 695 1604 766 praecipiente
1652 693 1909 765 legimus:
1930 694 2066 753 "0m-

494 786 583 840 nia
611 790 795 839 vestra
830 783 1057 838 honesta
1080 799 1204 839 eum
1245 785 1438 841 ordine
1458 785 1614 852 ﬂant,
1656 800 1754 844 vos
1773 801 1872 858 per
1899 801 2063 857 quos-

492 876 618 931 dam
651 876 975 932 eruditionis
1023 877 1224 947 gradus
1262 866 1345 933 'ab
1394 876 1739 935 inferioribus
1794 880 1864 935 ad
1908 884 2067 949 supe-

490 967 639 1021 riora
682 980 805 1022 esse
851 965 1129 1022 ducendos
1173 952 1320 1035 reor,
1362 966 1537 1025 donec
1572 973 1778 1040 penna:
1804 970 2064 1025 virtutum

489 1057 1111 1128 paulatim'accrescant,
1150 1059 1348 1130 quibus
1376 1059 1447 1114 ad
1471 1060 1663 1115 altiora
1700 1062 1821 1131 puri
1848 1062 2067 1117 mtheris

490 1147 823 1216 speetamina
879 1146 1128 1203 volantes
1190 1147 1374 1203 dicere
1415 1148 1643 1204 valeatis
1680 1163 1696 1203 :
1762 1147 2067 1204 Introduxit

472 1251 587 1301 nos
615 1253 708 1291 rea:
732 1237 789 1291 in
808 1235 1025 1291 cellaria
1054 1252 1173 1305 sua,
1202 1236 1580 1303 multabitur
1609 1247 1659 1294 et
1686 1237 1984 1294 (tutabimur
2010 1240 2065 1293 in

490 1328 567 1383 eis
590 1324 769 1399 (Cant.
792 1344 833 1393 ι,
860 1326 939 1400 5).
1200 1311 1219 1319 “’
1289 1314 1336 1388 ᾖ·

560 1418 674 1474 Dis.
699 1418 777 1473 Da
797 1419 1101 1486 dexteram,‘
1117 1419 1400 1491 magister,
1422 1408 1478 1476 et
1494 1437 1597 1477 nos
1614 1423 1683 1477 ab
1705 1422 1869 1477 humo
1890 1405 2065 1493 impe-

490 1511 633 1567 ritiae
675 1511 847 1577 eleva,
897 1518 954 1566 et
997 1512 1052 1589 in
1076 1512 1275 1582 gradus
1301 1513 1506 1583 sophia;
1533 1528 1631 1569 nos
1657 1521 1832 1569 tecum
1862 1514 2067 1569 consti-

490 1609 602 1668 tue,
631 1602 685 1656 in
718 1601 918 1673 quibus
945 1610 999 1657 te
1019 1617 1088 1658 ex
1111 1617 1324 1659 morum
1350 1603 1612 1675 dignitate
1628 1645 1644 1671 ,
1678 1620 1745 1659 ex
1772 1604 2064 1660 verborum

2162 435 2305 489 enim
2357 437 2662 507 philosophi
2691 455 2789 495 sua
2816 442 3184 497 contriverunt
3230 444 3340 499 otia
3390 453 3549 514 atque
3574 462 3735 518 nego—
3766 436 3769 437 ⁷

2164 524 2259 579 tia.
2314 526 2386 582 lis
2414 543 2647 599 namque
2673 532 2985 588 consulibus
3030 533 3286 589 clariores
3312 533 3506 600 effecti,
3551 536 3616 592 iis
3655 553 3741 593 ro-

2164 617 2320 687 gibus
2366 618 2691 677 celebriores
2724 662 2740 688 ,
2794 624 2862 679 iis
2914 624 3161 681 videlicet
3214 632 3415 680 aeterna
3474 629 3732 683 memoria

2166 706 2503 769 laudabiles:
2555 710 2623 766 iis
2670 726 2884 782 quoque
2930 714 3101 792 sancti
3146 723 3201 769 et
3243 716 3488 772 catholici
3544 728 3740 774 nostra:

2167 795 2290 851 ﬁdei
2319 798 2573 855 doctores
2594 810 2651 856 et
2673 802 2984 859 defensores
3010 804 3259 860 omnibus
3282 806 3657 862 hmresiarchis
3683 809 3742 865 in

2167 891 2602 948 contentionibus
2612 891 2840 962 publicis
2851 908 3064 964 semper
3077 894 3384 965 superiores
3394 897 3740 952 exstiterunt.

2237 975 2342 1033 Per
2365 979 2467 1034 has
2493 996 2641 1046 vero,
2666 981 2758 1036 filii
2784 984 3111 1049 charissimi,
3164 985 3384 1041 semitas
3410 994 3588 1041 vestra
3616 1001 3747 1055 quo-

2162 1055 2297 1125 tidie
2313 1073 2891 1140 curratadolescentia,
2915 1074 3086 1129 donec
3097 1074 3388 1145 perfectior
3410 1086 3542 1132 aetas
3552 1085 3609 1133 et
3629 1078 3749 1132 ani-

2169 1177 2290 1217 mus
2314 1177 2478 1219 sensu
2508 1165 2782 1220 robustior
2811 1167 2878 1219 ad
2904 1166 3141 1221 eulmina
3169 1174 3476 1247 sanctarum
3502 1167 3746 1239 Scriptu-

2170 1267 2350 1308 rarum
2364 1255 2661 1323 perveniat.
2685 1254 2961 1322 Quatenus
2978 1257 3104 1312 hinc
3117 1257 3241 1314 inde
3252 1257 3444 1312 armati
3471 1274 3609 1315 vera:
3623 1259 3743 1314 ﬁdei

2168 1343 2479 1400 defensores
2502 1354 2559 1399 ct
2582 1345 2831 1400 veritatis
2856 1355 3153 1403 assertores
3178 1347 3501 1403 omnimodis
3526 1338 3747 1404 invinci$

2166 1437 2302 1493 biles
2330 1438 2642 1493 efﬁciamini
2673 1450 2721 1490 ο.

2168 1569 2409 1642 8ΑΧΟ,
2442 1568 2786 1644 FRANCO,
2829 1570 3261 1646 DISCIPULI;
3312 1573 3742 1636 MAGISTER.

489 1698 720 1756 veritate
762 1697 960 1767 saepius
1004 1697 1306 1767 consistere
1351 1700 1668 1770 agnovimus
1690 1737 1707 1765 ,
1747 1714 1855 1769 quo
1880 1707 1935 1754 te
1976 1714 2064 1754 re-

2238 1686 2476 1744 Fuerunt
2501 1688 2557 1744 in
2583 1688 2768 1766 schola
2788 1688 2969 1745 Albini
2997 1690 3242 1762 magistri
3264 1689 3379 1761 duo
3405 1693 3580 1761 pueri,
3604 1708 3747 1750 unus

491 1805 615 1845 rum
646 1790 787 1845 ratio
822 1788 1189 1860 pulcherrima
1224 1792 1294 1849 ab
1323 1793 1546 1848 ineunte
1569 1831 1585 1856 ,
1627 1797 1689 1843 ut
1725 1789 2028 1845 audivimus
2045 1829 2063 1855 ,

491 1887 651 1937 aetate
685 1880 979 1951 perduxit;
1034 1888 1091 1936 et
1151 1881 1199 1937 si
1234 1882 1465 1954 poeticis
1501 1881 1626 1937 licet
1654 1894 1816 1935 aures
1848 1894 2064 1936 accom-

491 1971 717 2027 modare
766 1971 965 2029 fabulis
987 2014 1003 2040 ,
1062 1974 1239 2033 nobis
1265 1992 1374 2033 non
1424 1975 1781 2049 incongruum
1832 1976 2064 2041 videtur,

492 2062 635 2132 quod
686 2070 965 2129 asserunt,
1000 2065 1187 2134 epulas
1235 2061 1464 2123 deorum
1512 2081 1635 2123 esse
1685 2066 1957 2127 rationes.
1996 2099 2066 2110 —

494 2150 633 2207 lac.
669 2149 899 2220 Verius,
928 2168 964 2208 o
998 2153 1130 2209 ﬁlii!
1171 2139 1362 2237 dicere'
1380 2158 1645 2229 potestis,
1673 2158 1921 2216 rationes
1946 2172 2068 2214 esse

493 2242 812 2313 angelorum
835 2244 1041 2312 cibum,
1070 2246 1375 2321 animarum
1400 2248 1672 2316 decorem,
1695 2262 1858 2321 quam
1882 2248 2067 2321 epulas

493 2332 741 2389 deorum.
1862 2336 1865 2337 ⁷

566 2423 682 2477 Dis.
722 2422 953 2496 Quoquo
969 2428 1135 2494 modo
1160 2429 1277 2485 hac
1301 2419 1408 2487 dici
1435 2429 1686 2500 debeant,
1716 2432 1922 2504 primos
1946 2447 2068 2503 pre-

493 2528 687 2571 camur
715 2516 873 2573 nobis
915 2519 1194 2589 sapientia
1220 2521 1434 2577 ostendi
1463 2506 1679 2593 gradus,
1726 2531 1789 2579 ut
1833 2522 1946 2578 Deo
1972 2523 2067 2595 do-

491 2613 674 2683 nante
695 2614 753 2660 et
778 2614 833 2661 te
876 2607 1137 2665 edocente
1168 2609 1238 2666 ab
1275 2609 1625 2668 inferioribus
1668 2610 1737 2667 ad
1785 2612 2066 2682 superiora

491 2698 775 2766 pervenire
814 2700 1113 2757 valeamus.
1158 2731 1231 2743 —-
1280 2702 1421 2763 huc.
1467 2702 1740 2774 Legimus,
1771 2701 2062 2758 Salomone

472 2786 706 2844 '(icente
723 2829 739 2853 ,
772 2805 872 2861 per
897 2805 1059 2861 quem
1086 2791 1203 2862 ipsa
1231 2807 1291 2848 se
1336 2794 1535 2849 cecinit
1561 2792 1884 2867 [Sapientia]
1912 2792 1943 2850 :'
1966 2792 2066 2848 Sa-

494 2877 690 2945 pientia
736 2881 1016 2961 dedi/ienuit
1084 2882 1186 2937 sibi
1232 2882 1478 2951 domum,
1538 2882 1733 2939 excidit
1795 2886 2064 2965 coiymnaa

495 2978 689 3040 septem
730 2966 1017 3042 (Promerx,
1044 2971 1119 3045 Ι).
1142 2972 1274 3041 Quae
1297 2975 1563 3030 sententia
1584 2973 1713 3031 licet
1736 2975 1805 3031 ad
1826 2975 2063 3030 divinam

2113 1808 2116 1811 λ
2164 1779 2396 1847 Franco,
2430 1781 2567 1837 alter
2598 1781 2764 1848 Saxo,
2782 1781 2873 1852 qui
2903 1782 3212 1853 nuperrime
3242 1781 3448 1852 spineta
3475 1798 3743 1853 gramma-

2165 1871 2285 1926 tica:
2312 1872 2596 1927 densitatis
2623 1873 2953 1943 irruperunt.
3017 1870 3356 1943 Quapropter
3387 1872 3585 1943 placuit
3639 1873 3747 1930 illis

2164 1973 2367 2031 paucas
2384 1961 2629 2017 litteralis
2658 1960 2815 2035 [Man
2844 1963 3034 2031 paucis
3062 1962 3334 2034 litterulis]
3375 1964 3609 2019 scientia:
3659 1958 3754 2018 rei

2166 2053 2321 2123 gulas
2350 2052 2624 2108 memorire
2647 2068 2811 2109 causa
2834 2066 2931 2125 per
2956 2053 3408 2124 interrogationes
3433 2062 3488 2107 et
3528 2067 3747 2122 respon-

2166 2144 2348 2203 siones
2371 2158 2682 2215 excerpere.

2235 2234 2307 2290 At
2321 2235 2474 2307 prior
2495 2232 2713 2292 illorum
2743 2235 2959 2293 Franco
2984 2236 3119 2293 dixit
3148 2234 3381 2293 Saxoni:
3434 2235 3551 2301 Eia,
3578 2235 3745 2301 Saxo,

2165 2340 2255 2383 me
2279 2328 2647 2399 interrogante
2665 2328 2952 2399 responde,
2990 2329 3117 2398 quia
3144 2336 3202 2383 tu
3226 2329 3448 2399 majoris
3468 2344 3528 2383 es
3550 2329 3743 2383 ictatis.

2164 2417 2277 2489 Ego
2298 2434 2387 2473 xiv
2410 2434 2713 2486 annorum;
2746 2427 2803 2474 tu
2826 2426 2888 2475 ut
2908 2434 3035 2475 reor
3060 2435 3150 2474 xv.
3206 2419 3289 2475 Ad
3329 2420 3443 2474 hrcc
3466 2418 3611 2474 Saxo
3663 2434 3747 2474 re-

2165 2507 2413 2575 spondit:
2469 2508 2722 2575 Faciam;
2751 2509 2824 2563 ita
2848 2518 3046 2573 tamen,
3074 2519 3134 2565 ut
3160 2510 3206 2565 si
3228 2510 3357 2581 quid
3380 2509 3540 2565 altius
3568 2511 3636 2565 sit
3666 2509 3751 2566 in-

2166 2597 2567 2669 terrogandum,
2581 2599 2665 2655 vel
2684 2615 2749 2655 ex
2766 2600 3138 2671 philosophica
3162 2600 3446 2672 disciplina
3472 2588 3765 2671 proferen-"

2165 2687 2317 2755 dum,
2347 2672 2507 2743 liceat
2529 2688 2845 2761 magistrum
2868 2689 3222 2765 interrogare.

2234 2778 2318 2834 Ad
2342 2779 2460 2837 haec
2488 2782 2778 2853 magister:
2817 2780 3021 2847 Placet,
3055 2770 3173 2849 filii,
3204 2783 3500 2853 propositio
3528 2792 3743 2840 vestra:

2166 2876 2220 2923 et
2245 2866 2417 2924 libens
2438 2870 2618 2925 annuo
2640 2879 2833 2926 vestra:
2855 2872 3159 2943 sagacitati.
3236 2873 3303 2927 Et
3325 2874 3559 2944 primum
3585 2874 3751 2931 dicite‘

2165 2960 2307 3018 unde
2328 2959 2615 3034 [primum]
2632 2972 2871 3018 vestram
2897 2965 3307 3021 convenientius
3330 2965 3745 3036 disputationem

493 3061 762 3132 pertineat
807 3054 1166 3133 sapientiam,
1197 3078 1318 3132 qua:
1355 3064 1458 3119 sibi
1507 3064 1562 3118 in
1610 3072 1768 3120 utero
1813 3046 2142 3136 virginalic
2169 3068 2290 3109 esse
2313 3052 2655 3111 arbitramirii
2684 3054 3085 3126 incipiendam?

486 3148 736 3221 domum,
761 3154 816 3209 id
842 3162 928 3210 est
970 3169 1185 3225 corpus,
1232 3154 1539 3219 aedificavit,
1568 3155 1709 3210 hanc
1747 3163 1805 3210 et
1853 3165 2062 3226 septem

496 3242 656 3299 donis
700 3244 874 3299 sancti
903 3242 1139 3316 Spiritus
1180 3243 1578 3305 confirmavit:
1620 3243 1705 3298 vel
1731 3243 2060 3307 Ecclesiam,

441 3377 447 3382 .
496 3345 619 3399 qua:
648 3341 734 3387 est
776 3333 968 3389 domus
992 3334 1126 3400 Dei,
1163 3333 1368 3389 eisdem
1404 3332 1568 3389 donis
1597 3332 1951 3410 illuminavit;
1981 3341 2065 3389 ta-

496 3436 622 3477 men
643 3423 904 3492 sapientia
924 3425 1091 3497 268
1109 3424 1412 3481 liberalium
1429 3425 1733 3481 litterarum
1755 3433 1960 3496 septem
1980 3441 2066 3481 co-

494 3510 696 3567 lumnis
712 3512 1097 3580 conﬁrmatur;
1144 3530 1247 3572 nec
1272 3515 1432 3570 aliter
1463 3514 1532 3593 ad
1553 3514 1851 3585 perfectam
1872 3529 2062 3586 quem-

490 3603 624 3659 libet
646 3603 863 3662 deducit
894 3606 1199 3673 scientiam,
1220 3607 1325 3662 nisi
1344 3607 1433 3663 his
1455 3616 1660 3677 septem
1683 3607 1951 3664 columnis
1975 3611 2061 3666 vel

491 3694 656 3773 etiam
676 3693 934 3765 gradibus
960 3695 1250 3752 exaltetur.
1904 3707 1907 3711 '

477 3848 481 3852 _
558 3780 675 3839 Dis.
716 3783 954 3840 Tandem
981 3785 1269 3857 aliquando
1287 3786 1465 3858 pande
1482 3787 1628 3862 quod
1651 3789 1974 3860 promisisti,
2005 3798 2062 3846 et

487 3880 710 3942 propter
747 3872 1091 3945 fragilitatem
1118 3887 1321 3934 nostra:
1355 3879 1532 3936 etatis
1583 3894 1684 3936 nos
1725 3880 2063 3939 mollioribus

490 3963 670 4035 incipe
694 3964 915 4033 lactare,
942 3976 1003 4038 ut
1025 3969 1093 4024 ad
1114 3969 1388 4039 solidiora,
1416 3980 1695 4029 crescente
1721 3980 1903 4042 aetate,
1930 3972 2064 4030 faci-

485 4055 593 4113 lius
610 4057 1009 4127 perveniamus.
1037 4089 1111 4102 -
1124 4060 1269 4118 Hac.
1299 4063 1489 4121 Divina
1508 4068 1870 4135 praeveniente
1896 4069 2062 4124 etiam

486 4155 546 4203 et
563 4146 880 4221 perficiente
906 4151 1081 4221 gratia
1124 4149 1321 4209 faciam
1353 4157 1497 4224 quod
1524 4156 1776 4228 rogastis,
1802 4158 2062 4228 vobisque

487 4239 557 4293 ad
580 4238 873 4297 videndum
892 4242 1169 4298 ostendam
1195 4241 1346 4315 [Hs.,
1374 4245 1685 4319 ostendero]
1707 4236 1914 4316 septem
1940 4248 2063 4317 phi-

2238 3146 2350 3202 DlS.
2391 3146 2573 3213 Unde,
2608 3147 2825 3205 domine
2862 3148 3140 3224 magister,
3190 3148 3291 3204 nisi
3330 3164 3375 3219 pa
3425 3148 3637 3204 littera?
3675 3177 3744 3189 -

2166 3237 2306 3293 MAG.
2338 3238 2483 3294 Bene
2509 3228 2872 3304 arbitramini,
2924 3240 2971 3294 si
3001 3255 3117 3294 non'
3146 3240 3497 3310 philosophire
3545 3256 3748 3295 memo-

2166 3328 2302 3382 riam
2327 3326 2489 3397 psulo
2514 3328 2665 3398 prius
2686 3326 2950 3384 fecissetis
2990 3327 3139 3401 [Ms.,
3176 3329 3533 3401 fecissemus].
3593 3329 3746 3386 Unde

2164 3434 2196 3473 a
2233 3433 2384 3485 voce,
2439 3421 2594 3492 cujus
2619 3435 2781 3475 causa
2812 3420 3006 3492 litterae
3044 3430 3170 3476 sunt
3198 3422 3450 3490 inventa),
3487 3423 3745 3477 inchoan-

2165 3509 2287 3564 dam
2308 3509 2731 3580 disputationem
2756 3494 2968 3565 constat
3002 3509 3155 3582 [Hs.,
3182 3510 3429 3583 censeo]:
3462 3511 3551 3587 vel
3566 3503 3746 3581 magis

2163 3602 2338 3671 primo
2391 3602 2629 3656 omnium
2676 3601 3118 3670 interrogandum
3170 3608 3285 3666 est,
3327 3600 3521 3671 quibus
3572 3600 3746 3655 modis
3812 3602 3815 3606 ’

2160 3699 2376 3747 constet
2407 3694 2701 3764 disputatio
2728 3694 2753 3747 ἲ
3326 3678 3333 3686 ’

2231 3782 2343 3838 Dis.
2384 3783 2452 3838 Et
2483 3800 2512 3839 a
2556 3793 2631 3851 te,
2682 3785 2964 3857 magister,
3012 3786 3323 3857 suppliciter
3351 3800 3600 3857 rogamus
3642 3801 3741 3841 ex-

2160 3873 2311 3945 poni.
2379 3873 2516 3930 Nam
2568 3890 2668 3931 nos
2714 3877 2927 3933 nescire
2966 3878 3286 3933 confitemur
3326 3878 3522 3949 quibus
3568 3878 3740 3933 modis

2160 3973 2376 4022 constet
2394 3966 2707 4035 disputatio.
2744 3997 2813 4018 -.-
2848 3967 2989 4023 ΜΑς.
3050 3969 3176 4023 Tria
3230 3977 3356 4023 sunt
3381 3969 3575 4038 quibus
3623 3983 3739 4022 oni~

2162 4058 2248 4114 nis
2293 4056 2579 4117 collocutio
2631 4056 3029 4129 disputatioque
3065 4059 3361 4129 perficitur,
3416 4074 3524 4124 res,
3577 4060 3736 4115 intol-

2159 4152 2351 4218 lectus,
2376 4165 2558 4209 voces.
2629 4150 2737 4208 Res
2781 4161 2929 4219 sunt,
2957 4168 3079 4224 quin
3117 4153 3282 4208 animi
3335 4154 3542 4210 ratione
3567 4156 3738 4224 perci-

2158 4242 2357 4311 pimus.
2432 4241 2759 4309 lntellectus,
2805 4243 3000 4313 quibus
3045 4258 3134 4299 res
3180 4242 3325 4313 ipsas
3382 4243 3733 4314 addiscimus.

486 4326 746 4400 losophiae
765 4323 987 4402 gradus,
1013 4348 1115 4405 per.
1133 4337 1458 4407 eosdemque
1480 4336 1592 4393 Deo
1610 4336 1845 4392 donante
1865 4346 1921 4393 et
1948 4339 2058 4394 vita
2088 4383 2136 4407 η
2161 4333 2355 4398 Voces,
2378 4332 2575 4404 quibus
2586 4347 2673 4389 res
2694 4322 3357 4404 intellectas‘proferimus;
3383 4332 3733 4402 cujuseausa,

2085 4383 2136 4443 Ι)

485 4419 688 4497 comite
701 4433 799 4488 Pro
812 4428 1121 4478 nostrarum
1138 4426 1385 4499 portione
1404 4427 1600 4482 virium
1611 4441 1778 4497 penes
1800 4428 2059 4497 temporis
2085 4419 2135 4443 "
2159 4429 2221 4477 ut
2240 4421 2475 4479 diximus
2499 4422 2890 4496 [Ms.,utprius
2909 4424 3069 4497 dixi],
3098 4425 3290 4479 littera:
3326 4425 3554 4481 inventae
3588 4436 3730 4482 sunt.

484 4518 541 4565 et
562 4509 741 4566 atatis
765 4513 1230 4583 opportunitatem
1260 4518 1329 4572 ad
1356 4516 1671 4574 sublimiora
1712 4516 2057 4588 speculativae

486 4601 729 4657 scientia
753 4602 1045 4659 deduxere.

554 4692 670 4749 Dis.
710 4695 825 4771 Duc
870 4695 1035 4753 etiam
1053 4737 1070 4764 ,
1098 4696 1202 4752 due
1229 4697 1529 4753 ettandem
1558 4700 1851 4770 aliquando
1883 4703 1951 4759 de
1975 4703 2057 4757 ni-

485 4784 613 4840 dulo
639 4780 870 4858 ignavia:
913 4791 968 4845 in
998 4805 1179 4846 ramos
1224 4790 1320 4846 tibi
1366 4806 1398 4844 a
1430 4790 1541 4847 Deo
1586 4790 1727 4847 data:
1779 4791 2059 4865 sapientia:

482 4886 778 4942 compone;
808 4880 951 4939 unde
976 4881 1193 4952 aliquod
1223 4868 1466 4936 veritatis
1494 4880 1674 4936 lumen
1703 4897 1929 4941 eernere
1954 4903 2053 4943 va—

484 4963 691 5039 Leamus
725 4985 739 5021 :
769 4978 825 5023 et
852 4985 990 5041 quos
1028 4975 1188 5031 toties
1216 4968 1533 5053 promisisti,
1560 4977 2056 5049 septenostheora-

483 5057 637 5114 etim
656 5056 787 5133 [Με.
818 5060 1094 5138 forastice]
1120 5068 1414 5139 disciplina:
1430 5067 1627 5138 gradus
1638 5067 1793 5123 uobis
1809 5052 2053 5130 ostende.

481 5177 556 5191 --
588 5147 732 5209 Hac.
772 5151 910 5208 Sunt
954 5154 1119 5224 igitur
1154 5160 1374 5227 gradus,
1400 5174 1563 5231 .quos
1592 5156 1849 5228 quaeritis,
1869 5170 1925 5215 et
1951 5164 2058 5220 uti-

484 5253 610 5293 nam
660 5248 769 5296 tam
825 5244 1076 5299 ardentes
1122 5245 1241 5300 sitis
1267 5262 1477 5320 semper
1532 5249 1600 5304 ad
1638 5246 2055 5321 [aseendendum

487 5330 679 5401 (Edit.,
705 5332 1041 5407 discendum)
1070 5335 1089 5408 ]
1117 5377 1133 5402 ,
1182 5352 1344 5405 quam
1383 5342 1584 5399 curiosi
1615 5340 1936 5397 modoestis
1990 5349 2058 5402 ad

487 5423 803 5484 videndum:
828 5432 1203 5499 grammatica,
1220 5433 1489 5492 rhetorica
1516 5418 1864 5509 [dialectica],
1888 5439 2069 5495 arith--

2230 4511 2348 4567 Dis.
2390 4513 2497 4570 Sed
2535 4515 2660 4584 quia
2691 4514 3071 4586 disputationis
3109 4516 3299 4571 modos
3336 4514 3539 4580 dixisti,
3590 4515 3736 4570 vocis

2158 4602 2490 4661 differentias
2516 4613 2848 4673 utexponas,
2880 4620 3185 4674 precamur.
3218 4636 3289 4645 --
3314 4606 3452 4661 Mss.
3492 4606 3735 4673 Quatuor

2157 4706 2283 4752 sunt
2306 4696 2617 4753 differentia:
2658 4696 2838 4752 vocis:
2891 4696 3195 4763 articulata,
3243 4697 3619 4763 inarticnlata;
3648 4698 3735 4753 lit-

2162 4799 2356 4857 terata,
2382 4790 2677 4846 illitterata.
2705 4787 3005 4843 Articulata
3027 4798 3129 4853 est,
3161 4805 3280 4860 qua:
3304 4789 3545 4860 c0pulata
3573 4800 3735 4860 atque

2163 4889 2437 4936 coarctata
2466 4894 2589 4934 cum
2630 4893 2792 4934 sensu
2817 4879 3119 4950 profertur,
3142 4889 3227 4935 ut:
3279 4881 3439 4936 Arma
3468 4884 3733 4953 virumque

2162 4990 2313 5029 cano.
2346 5010 2360 5025 .
2388 5011 2402 5025 .
2420 4970 2784 5038 lnarticulata,
2805 4988 2924 5041 qua:
2946 4989 2976 5026 a
3000 4973 3144 5028 nullo
3169 4987 3327 5027 sensu
3352 4973 3730 5042 proﬁciscitur,

2162 5070 2222 5116 ut
2240 5061 2485 5130 crepitus,
2511 5056 2760 5131 mugitus.
2837 5059 3116 5125 Litterata,
3157 5074 3275 5128 qua:
3316 5060 3478 5114 scribi
3507 5069 3729 5128 potest;

2162 5155 2460 5217 illitterata,
2494 5167 2616 5222 quae
2641 5154 2806 5209 scribi
2830 5168 2935 5208 non
2969 5159 3164 5223 potest.

2231 5244 2343 5298 DIS.
2386 5242 2538 5299 Unde
2578 5244 2723 5299 dicta
2749 5240 3143 5298 vox?—Mao.
3185 5240 3229 5295 Α
3276 5242 3535 5296 vocando.
3592 5243 3731 5298 Ecce

2162 5334 2371 5391 habetis
2386 5350 2508 5404 qua:
2527 5322 2915 5404 interrogastis.
2934 5331 3085 5387 Nunc
3097 5347 3129 5387 a
3151 5332 3326 5388 littera
3346 5334 3585 5403 incipite,
3612 5334 3729 5392 filii.

2232 5422 2466 5497 Fusco.
2508 5441 2605 5497 Dic
2624 5443 2766 5497 Saxo
2784 5432 2953 5509 prior,
2984 5441 3125 5496 unde
3154 5441 3331 5495 littera
3350 5442 3423 5495 sit
3442 5440 3627 5495 dicta?
3659 5473 3733 5485 —

557 5537 819 5626 alla
850 5543 1112 5626 insulteg.
1136 5542 1423 5626 l’arisiensi
1451 5548 1693 5618 sequenti
1716 5534 1935 5620 Dialogo
1955 5551 2044 5609 hic
2078 5553 2368 5625 pricfigitur
2414 5556 2632 5612 titulus:
2666 5555 2869 5609 Alcuim‘
2934 5553 3279 5625 Opusculum,
3316 5556 3454 5626 quod
3517 5569 3732 5614 vocatur

490 5603 869 5675 Euchin‘dium,
899 5603 1121 5681 feliciter
1138 5613 1334 5685 incipit.
