4268 6198
580 203 686 261 855

1393 201 1453 253 Β.
1492 198 1553 253 F.
1595 196 1821 252 ALBlNl
1862 194 1992 251 SEU
2030 192 2307 249 ALCL'LVI
2346 191 2633 249 OPERUM
2674 191 2852 248 PARS
2889 190 2997 247 "ll.

3723 193 3829 277 35‘s

579 314 744 372 Saxo.
786 313 856 371 Ut
883 330 1023 378 reor,
1051 313 1230 367 littera
1253 319 1335 381 est
1352 311 1516 380 quasi
1542 310 1786 380 legitera,
1824 308 1948 377 quia
1975 307 2151 376 legen-
2180 313 2228 370 Α
2256 320 2379 361 cum
2417 305 2472 358 in
2519 303 2783 374 principio
2804 303 3020 388 syllaba:
3058 304 3175 358 aliis
3211 304 3485 360 vocalibus
3504 303 3826 375 junguntur.

581 408 723 462 tibus
762 408 869 461 iter
886 407 1114 474 praebet.

648 499 811 571 269
833 499 930 551 Fu.
962 498 1038 551 Da
1085 496 1451 550 deﬁnitionem
1495 510 1728 566 quoque.
1758 524 1826 534 —
1848 492 2013 546 Suo.
2038 491 2155 545 Lit—

579 596 694 643 tera
721 599 805 642 est
824 604 949 657 pars
973 588 1190 640 minima
1220 586 1367 641 vocis
1390 584 1707 641 articulatm.

650 682 763 736 DIS.
800 681 970 735 liabet
994 689 1071 743 et,
1110 681 1381 749 magister,
1426 678 1651 733 alteram
1680 675 2048 732 deﬁnitionem
2073 674 2161 737 lit-_

578 774 732 828 tera?
755 803 823 813 —
846 771 983 825 MAG.
1010 771 1198 833 liabet,
1252 770 1345 823 sed
1362 770 1423 833 in
1446 767 1695 822 eumdem
1722 768 2005 822 cadentem
2037 780 2159 819 sen-

577 881 717 920 sum.
765 865 965 920 Littera
994 872 1077 918 est
1107 864 1401 926 individua,
1440 862 1565 930 quia
1610 863 1913 927 sententias
1942 861 1993 913 in
2034 875 2159 930 par-

576 965 681 1021 tes,
704 963 883 1024 partcs
904 955 956 1008 in
984 954 1236 1024 syllabas,
1259 953 1494 1023 syllabas
1520 952 1573 1006 in
1603 952 1815 1005 litteras
1844 950 2153 1005 dividimus.

576 1045 799 1101 Littera:
830 1060 957 1100 vero
986 1043 1343 1097 indivisibiles
1372 1052 1520 1105 sunt.
1564 1084 1579 1091 ρ

644 1139 760 1194 Dis.
818 1140 972 1195 Unde
1026 1140 1219 1195 littera:
1253 1139 1519 1193 elementa
1565 1137 1854 1192 dicuntur?
1898 1167 1967 1176 -—
2014 1136 2153 1192 MAG.

573 1230 713 1298 Quia
740 1231 880 1285 sicut
920 1224 1184 1286 elementa
1217 1232 1465 1285 coeuntia
1511 1244 1708 1299 corpus
1748 1228 2051 1297 perﬁciunt,
2079 1230 2158 1283 sic

575 1324 660 1378 ha:
681 1323 1061 1394 conglutinataa
1092 1323 1380 1378 litteralem
1412 1336 1599 1377 vocem
1631 1328 1977 1389 componunt.

644 1413 748 1468 Fu.
780 1414 880 1479 Da,
909 1414 1136 1485 collega,
1183 1414 1499 1467 divisionem
1547 1412 1868 1466 litterarum.
1894 1441 1965 1450 -—
1991 1411 2155 1465 Saxo.

576 1506 713 1561 Sunt
736 1515 829 1560 aut
853 1507 1065 1561 vocales
1110 1514 1204 1560 aut
1228 1514 1606 1560 consonantes.
1640 1504 1772 1559 Item
1802 1512 2160 1559 consonantes

574 1598 886 1653 dividuntur
908 1598 959 1651 in
991 1597 1341 1651 semivocales
1365 1605 1419 1651 et
1444 1604 1638 1651 mutas.

2259 396 2329 455 Ut
2357 414 2368 449 :
2393 396 2583 464 janua,
2630 406 2791 460 rates,
2821 396 2993 466 jecur,
3024 398 3234 462 veritas,
3265 396 3452 462 Jonas,
3486 409 3680 453 votum.
3739 398 3831 454 Vel

2257 488 2300 541 si
2331 489 2431 542 sibi
2486 489 2614 557 ipsis
2660 474 3078 558 anteponuntur,
3113 497 3169 544 ut
3198 506 3213 543 :
3243 490 3408 556 Juno,
3462 493 3625 561 rirga.
3666 492 3830 548 Fiunt

2259 593 2475 647 quoque
2497 578 2580 632 lite
2601 578 2729 648 ipsae
2757 580 2962 643 medim,
2994 580 3205 649 quando
3233 598 3264 651 ν
3288 579 3487 635 (ii-33cm
3519 580 3718 636 vocalis
3742 596 3828 635 so-

2257 685 2386 721 num
2415 668 2614 722 habent
2640 667 2735 739 [ut
2763 670 2782 721 i
2805 668 2843 739 J,
2874 672 3087 739 quando
3124 678 3246 740 post
3273 688 3306 724 τι
3333 671 3450 726 loco
3478 672 3829 727 consonantis

2256 759 2427 828 posita
2469 757 2488 829 [
2514 757 2640 823 Ed.,
2674 760 2862 829 posita:
2886 759 2905 830 ]
2936 770 3190 829 sequente
3212 763 3264 826 ά,
3290 763 3372 817 vel
3398 780 3471 827 in,
3491 763 3573 816 vel
3597 780 3641 827 r,
3669 763 3751 817 vel
3780 773 3824 829 ι,

2257 848 2401 903 vela:
2428 863 2446 899 :
2489 850 2657 911 video.
2703 851 2825 916 vim,
2871 846 3286 918 virtus,’vilium,
3331 854 3434 907 vix.
3490 851 3534 906 U
3577 855 3827 908 eumdem

2256 939 2419 995 habet
2463 957 2675 1005 sonum,
2705 941 2757 995 id
2783 950 2866 996 est
2907 960 2959 1013 ει,
2998 958 3120 997 cum
3162 946 3302 998 inter
3337 962 3368 1013 q
3393 953 3449 999 et
3481 945 3640 999 aliam
3672 962 3835 1001 voca-
3908 1004 3917 1007 ν

2257 1030 2387 1096 lem,
2418 1030 2501 1085 vel
2528 1040 2648 1102 post
2670 1049 2701 1102 g
2729 1041 2783 1087 et
2810 1032 2977 1099 {aliam
3028 1024 3266 1089 vocalem
3314 1036 3365 1089 in
3398 1036 3585 1091 eadem
3626 1038 3835 1108 syllaba

2259 1118 2672 1194 [constituitur],
2704 1132 2765 1177 ut
2798 1124 3079 1194 :quisque,
3111 1127 3319 1196 pingue,
3346 1125 3546 1194 lingua.
3579 1129 3674 1183 Est
3702 1144 3837 1198 quo-

2257 1227 2362 1279 quc
2393 1213 2482 1266 ubi
2512 1213 2530 1265 ἱ
2558 1229 2655 1282 pro
2683 1213 2890 1268 duabus
2916 1214 3134 1283 ponitur
3155 1218 3594 1289 consonantibus,
3624 1220 3713 1273 ubi
3745 1221 3831 1274 in-
3851 1276 3865 1293 ε

2259 1311 2341 1355 ter
2366 1302 2499 1356 duas
2520 1303 2731 1358 vocales
2754 1298 2988 1373 ponitur,
3012 1314 3074 1360 ut
3100 1326 3111 1359 :
3144 1304 3324 1377 Troja.
3355 1308 3521 1378 Maja.
3550 1310 3595 1367 U
3621 1328 3839 1382 quoque

2258 1388 2379 1443 loco
2404 1389 2629 1459 duplicis
2654 1392 2936 1462 digamma:
2962 1394 3013 1447 iri
3038 1394 3357 1463 quibusdam
3390 1396 3524 1452 locis
3547 1399 3835 1469 accipitur,

2260 1487 2318 1531 ut
2348 1472 2507 1548 cupii,
2553 1480 2731 1535 brevis
2757 1483 2807 1547 i;
2835 1482 3039 1553 Cupivi,
3074 1484 3230 1555 longa
3274 1487 3310 1539 ἱ.
3352 1486 3417 1540 Et
3463 1485 3767 1560 ubicunque
3811 1510 3840 1546 υ

2259 1570 2377 1625 loco
2404 1574 2752 1628 consonantis
2780 1576 3019 1643 ponitur,
3063 1592 3276 1647 semper
3301 1594 3399 1648 pro
3440 1580 3709 1651 digamma
3742 1585 3841 1638 ha-

642 1687 743 1741 Fu.
776 1689 1059 1743 Rationem
1086 1703 1223 1758 pone
1256 1688 1481 1758 singulis
1515 1687 1963 1742 divisionibus.—
1986 1685 2153 1741 Suo.
2190 1650 2231 1708 Β
2260 1664 2432 1758 Mida
2457 1673 2559 1758 ei"

576 1778 803 1834 Vocales
850 1793 947 1849 per
988 1793 1047 1834 se
1075 1779 1425 1849 proferuntur
1456 1787 1505 1833 et
1538 1792 1634 1848 per
1680 1793 1740 1832 se
1789 1778 2048 1850 syllabam
2082 1777 2160 1833 fa-

575 1869 744 1924 ciunt.
802 1868 1175 1925 Consonantes
1228 1885 1328 1925 nec
1374 1884 1470 1939 per
1504 1885 1561 1924 se
1590 1869 1726 1924 edici
1768 1879 2023 1945 possunt,”
2060 1884 2161 1925 nec

573 1976 673 2031 per
698 1977 755 2017 se
790 1962 1053 2034 syllabam
1077 1961 1276 2016 facere.
1378 1951 1387 1961 ’

646 2051 1106 2127 Dis.'llabentne,
1154 2051 1437 2122 magister,
1483 2049 1710 2103 alteram
1750 2050 2013 2115 rationem
2063 2064 2162 2103 cur

575 2140 921 2217 dividantur?
959 2173 1031 2182 —
1083 2142 1221 2217 ΜΑᾳ.
1273 2142 1503 2196 Habent.
1568 2139 1793 2196 Vocales
1844 2149 1970 2193 sunt
2021 2140 2160 2194 sicut

574 2232 788 2299 animae,
823 2214 1189 2288 consonantes
1215 2232 1357 2303 sicut
1378 2246 1622 2303 corpora.
1650 2229 1842 2284 Anima
1868 2243 1998 2283 vero
2028 2238 2083 2283 et
2103 2245 2160 2282 se

575 2333 758 2378 movet
804 2332 860 2379 et
903 2340 1115 2394 corpus.
1162 2324 1368 2393 Corpus
1424 2338 1555 2377 vero
1602 2321 1877 2375 immobile
1915 2330 2000 2375 est
2044 2321 2161 2374 sine

576 2416 777 2469 anima.
828 2414 919 2470 Sic
958 2423 1084 2470 sunt
1133 2421 1496 2470 consonantes
1536 2414 1653 2467 sine
1680 2412 1974 2467 vocalibus.
2025 2410 2159 2465 Nam

574 2505 740 2559 scribi
785 2514 1010 2575 possunt
1034 2519 1133 2574 per
1161 2516 1246 2568 se;
1284 2499 1425 2557 'edici
1445 2506 1576 2557 vero
1602 2502 1685 2557 vel
1713 2509 2035 2572 potestatem
2063 2501 2161 2555 ha-

575 2594 707 2649 bere
734 2597 852 2654 sine
888 2595 1164 2653 vocalibus
1203 2601 1498 2665 nequeunt.
1624 2664 1627 2669 θ

647 2684 746 2738 Fu.
774 2684 925 2740 Unde
952 2686 1111 2741 dicte
1145 2693 1272 2741 sunt
1300 2684 1517 2740 vocales
1564 2692 1619 2739 et
1666 2684 2065 2756 consonantes?
2090 2714 2161 2725 —-

576 2773 743 2831 Suo.
768 2774 997 2830 Vocales
1044 2776 1202 2830 dictae
1242 2782 1392 2839 sunt,
1423 2775 1550 2842 quia
1592 2788 1692 2843 per
1728 2789 1787 2829 se
1827 2788 2013 2829 vocem
2058 2775 2160 2829 im-

574 2864 756 2935 pleant
809 2867 952 2922 nulla
1008 2864 1323 2921 adhaerente
1374 2864 1726 2921 consonante.
1786 2866 2159 2927 Consonantes

575 2966 781 3013 vocata:
827 2966 970 3022 sunt,
1000 2959 1125 3028 quia
1157 2971 1253 3027 per
1278 2972 1337 3013 se
1364 2973 1472 3012 non
1500 2966 1719 3021 sonant,
1748 2956 1842 3011 sed
1883 2956 2159 3011 vocalibus

504 3124 507 3125 ν
578 3058 894 3105 consonant.

648 3141 746 3195 Fit.
781 3141 910 3208 Qua:
943 3149 1026 3196 est
1061 3139 1364 3196 differentia
1393 3140 1536 3194 inter
1571 3137 1922 3195 semivocales
1960 3146 2015 3192 et
2040 3154 2157 3192 mu-

578 3232 695 3283 tas?
722 3262 793 3273 -—-
819 3231 983 3288 Saxo.
1016 3232 1284 3299 Quantum
1327 3232 1475 3287 enim
1515 3246 1544 3285 a
1577 3229 1854 3285 vocalibus
1901 3243 2155 3300 superan-

578 3331 666 3377 tur
697 3323 1073 3388 semivocales,
1127 3332 1336 3378 tantum
1366 3325 1726 3378 semivocales
1763 3334 2020 3393 superant
2041 3338 2156 3376 mu-

577 3424 683 3469 tas.
710 3413 844 3468 Nam
871 3428 901 3467 a
922 3413 1198 3468 vocalibus
1235 3414 1499 3483 incipiunt
1524 3422 1578 3469 et
1606 3415 1660 3468 in
1696 3429 1754 3468 se
1774 3414 2025 3468 desinunt
2058 3432 2072 3468 τ
2104 3422 2158 3468 et

576 3505 767 3574 majori
790 3506 1057 3575 euphonia
1082 3515 1295 3571 sonant,
1339 3514 1395 3561 et
1422 3506 1616 3576 saepius
1642 3506 1903 3561 dictiones
1929 3506 2159 3560 semivo-

579 3595 785 3649 calibus
807 3610 970 3665 quam
1000 3597 1187 3660 mutis,
1216 3604 1439 3665 propter
1467 3598 1814 3667 euphoniam,
1841 3592 1893 3651 id
1919 3606 2025 3661 est,
2063 3613 2154 3652 so-

578 3686 886 3751 noritatem,
914 3685 1193 3741 ﬁniuntur.
1243 3688 1403 3741 Muta:
1430 3703 1560 3743 vero
1586 3703 1617 3741 a
1644 3703 1701 3742 se
1726 3688 1992 3758 incipiunt
2020 3698 2074 3743 et
2100 3690 2154 3744 in

578 3775 793 3831 vocales
818 3777 1070 3831 desinunt
1095 3786 1150 3830 et
1188 3777 1482 3833 deformius
1512 3786 1751 3851 sonantx
1970 3784 1971 3787 “

649 3866 748 3920 Fit.
781 3865 851 3922 Ut
874 3880 1017 3932 reor,
1057 3866 1111 3919 in
1131 3866 1339 3921 Donato
1364 3867 1611 3937 legimus,
1651 3868 1753 3922 tria
1784 3869 2047 3923 accidisse
2074 3869 2160 3923 lit-

578 3957 751 4013 teris:
781 3971 995 4023 nomen,
1024 3956 1269 4029 ﬁguram,
1303 3965 1643 4027 potestatem.
1678 3957 1756 4014 De
1778 3958 2085 4014 nominibus
2104 3969 2159 4014 et

579 4048 767 4117 ﬁguris
793 4064 900 4103 non
935 4057 1019 4104 est
1051 4065 1187 4119 opus
1229 4049 1428 4115 dicere,
1461 4050 1555 4106 sed
1598 4051 1664 4106 de
1706 4057 1972 4121 potestate
1996 4050 2156 4105 velim

582 4132 755 4204 dicas,
770 4148 823 4193 et
852 4141 1029 4209 primo
1056 4138 1342 4195 vocalium.
1362 4171 1433 4181 —
1450 4139 1612 4196 Suo.
1635 4140 1864 4196 Vocales
1878 4149 2003 4196 sunt
2016 4140 2159 4210 apud

585 4226 806 4282 Latinos
851 4229 1107 4298 quinque.
1150 4230 1285 4284 Nam
1310 4230 1597 4299 yiitteram
1646 4240 1856 4287 sextam
1894 4232 2155 4296 vocalem,

582 4330 745 4370 causa
773 4314 1082 4372 Graecorum
1123 4319 1423 4384 nominum,
1454 4335 1795 4391 assumpsere
1822 4322 2022 4389 Latini,
2054 4324 2157 4379 sic-
2188 4330 2233 4391 ι)

582 4412 644 4459 ut
668 4412 723 4458 et
748 4421 779 4456 ι
802 4411 1206 4458 consonantem.
1250 4392 1438 4477 Itaque
1472 4407 1686 4462 vocales
1730 4416 1787 4461 et
1824 4424 1923 4478 per
1971 4426 2030 4465 se
2054 4452 2070 4477 ,
2101 4421 2161 4467 ut

584 4494 785 4549 dictum
828 4500 945 4559 est,
989 4491 1193 4547 faciunt
1234 4494 1498 4565 syllabas;
1556 4496 1743 4566 plenas
1778 4511 1993 4567 quoque
2034 4499 2161 4556 solae

580 4586 770 4654 posita:
795 4585 1012 4656 explent
1034 4592 1242 4657 partes;
1277 4584 1341 4650 Α,
1371 4595 1429 4641 ut
1456 4604 1472 4643 :

706 4697 747 4743 Δ
764 4696 877 4745 mihi
899 4708 997 4746 non
1021 4706 1221 4748 teneras
1242 4697 1426 4761 glacies
1440 4707 1577 4750 secet
1604 4711 1775 4763 aspera
1799 4697 1987 4762 plantas
2009 4698 2066 4748 ιε

585 4776 655 4843 Ε,
686 4786 795 4832 ut:

831 4892 1020 4943 Sitiens
1040 4892 1183 4942 simul
1206 4892 1603 4946 eblbitamnem.

583 4993 652 5065 0,
679 5004 781 5054 ut:

712 5108 754 5159 0
778 5110 821 5159 si
844 5108 1093 5160 Gallorum
1118 5110 1271 5161 victor
1292 5121 1568 5165 remth
1589 5116 1642 5168 in
1662 5117 1838 5169 urbem
1867 5120 1880 5169 ε

586 5209 613 5264 Ι
642 5227 851 5282 quoque
873 5213 1096 5267 verbum
1124 5221 1246 5267 est:

711 5320 751 5383 Ι,
771 5320 943 5382 decus,
967 5322 982 5370 i
1000 5327 1217 5372 nostrum
1238 5320 1529 5379 melioribus
1547 5328 1693 5374 utere
1716 5322 1829 5377 fatis
1848 5325 1877 5366 δ
1899 5330 1913 5377 !

590 5419 694 5474 Sed
733 5420 831 5477 let
859 5421 905 5478 U
949 5431 1230 5480 transeunt
1277 5426 1333 5482 in
1372 5427 1789 5482 consonantium
1818 5440 2159 5500 potestatem,

659 5542 686 5608 ξ
714 5529 886 5608 ᾖτε..
908 5550 942 5588 x
973 5535 1112 5608 Εει..
1138 5535 1228 5601 ‘9,
1254 5537 1377 5608 Ah!
1404 5541 1498 5595 tibi
1525 5557 1588 5594 ne
1612 5550 1836 5608 teneras,
1864 5554 1968 5600 etc.

661 5599 692 5640 ι
720 5598 889 5673 Virg,
910 5620 965 5662 γι
988 5598 1138 5669 Em.
1170 5598 1294 5665 516.

2330 1753 2430 1807 Fu.
2484 1753 2763 1811 Habentne
2806 1756 2999 1827 aliqua:
3041 1773 3108 1814 ex
3158 1763 3580 1816 consonantibus
3630 1762 3839 1833 aliquas

2262 1842 2562 1910 singulares
2582 1847 2914 1913 potestates?
2939 1878 3010 1888 —-
3041 1847 3206 1905 Suo.
3230 1849 3456 1905 Habent.
3485 1850 3667 1906 Primo
3693 1855 3835 1921 quod

2261 1947 2591 2002 unaquaeque
2614 1950 2766 1989 suam
2798 1937 2960 1992 habet
2988 1946 3329 2007 potestatem,
3370 1940 3511 1993 sicut
3551 1948 3605 1993 et
3641 1956 3837 1995 nomen

2259 2029 2316 2077 et
2352 2020 2613 2091 ﬁguram;
2641 2032 2765 2077 sunt
2787 2025 2982 2094 aliqua:
3008 2042 3073 2080 ex
3106 2027 3210 2081 illis
3240 2027 3475 2097 liquidae,
3505 2045 3623 2097 qua:
3654 2038 3709 2083 e'.
3728 2030 3838 2083 vim

2260 2112 2673 2167 consonantium
2716 2114 2988 2171 amittunt.
3036 2116 3309 2174 Accentus
3339 2133 3553 2189 quoque
3598 2134 3739 2189 stupe
3781 2120 3838 2174 in

2260 2216 2419 2271 prosa
2446 2212 2672 2259 mutant.
2792 2256 2797 2259 _
3664 2254 3669 2259 .

2330 2293 2427 2349 Fu.
2458 2295 2587 2361 Quae
2619 2306 2745 2351 sunt
2772 2298 3145 2355 “keil—Suo.
3178 2300 3240 2365 L,
3269 2300 3335 2365 Il,
3367 2300 3440 2365 M,
3476 2300 3541 2353 N.
3584 2300 3690 2356 Sed
3721 2308 3777 2355 et
3797 2299 3839 2356 S

2259 2399 2474 2454 quoque
2499 2387 2790 2457 singularis
2817 2397 2899 2443 est
2942 2391 3240 2457 potestatis.
3286 2389 3330 2444 Η
3366 2406 3582 2460 quoque
3628 2391 3839 2461 aspira-

2258 2473 2421 2528 tionis
2448 2483 2592 2529 nota.
2636 2474 2685 2528 X
2713 2490 2842 2532 vero
2871 2485 2927 2531 et
2954 2477 2992 2530 Z
3022 2478 3263 2548 duplices
3297 2486 3440 2534 sunt.
3483 2478 3588 2533 Sed
3625 2478 3722 2533 has
3749 2494 3838 2533 ra-

2262 2564 2434 2620 tiones
2458 2567 2695 2620 metrica:
2720 2568 3029 2631 subtilitatis
3054 2584 3173 2623 esse
3210 2585 3356 2635 reor,
3386 2569 3439 2623 in
3467 2569 3663 2638 quibus
3704 2584 3832 2637 nec-

2262 2656 2386 2712 dum
2408 2659 2600 2713 eruditi
2634 2675 2839 2716 sumus.
2887 2662 3011 2740 ideo
3040 2661 3265 2717 noli‘me
3290 2663 3357 2717 de
3394 2661 3501 2717 illis
3531 2663 3651 2733 plus
3676 2662 3841 2717 inter-
3940 2725 3945 2729 ,

2262 2764 2476 2822 rogare,
2506 2751 2599 2806 sed
2620 2750 2938 2808 festinemus
2966 2755 3033 2808 ad
3056 2753 3311 2825 syllabas.

2821 2884 2911 2938 DE
2949 2884 3282 2938 SYLLABA.

2187 2994 2234 3055 C
2340 2993 2437 3047 Fu.
2465 2993 2681 3064 Syllaba
2702 2993 2947 3064 quid?——
2973 2994 3135 3052 Suo.
3176 2995 3290 3052 Vox
3314 2996 3561 3051 litteratis
3587 2998 3686 3053 sub
3728 3010 3839 3052 uno

2258 3094 2484 3141 accentu
2507 3094 2567 3140 et
2581 3102 2688 3140 uno
2713 3086 2905 3156 spiritu
2933 3087 3141 3157 prolata

2326 3176 2490 3246 270
2510 3175 2607 3229 Fu.
2635 3174 2776 3243 Quot
2795 3175 2990 3231 litteris
3019 3177 3154 3230 ﬁunt
3187 3176 3437 3246 syllabaz?
3462 3201 3526 3214 -ι
3555 3175 3724 3229 Suo.
3752 3173 3838 3230 Ab

2257 3283 2363 3338 una
2394 3268 2656 3337 incipiens
2676 3282 2848 3338 usque
2873 3268 2939 3321 ad
2961 3280 3053 3320 sex
3083 3284 3095 3319 :
3128 3283 3182 3331 α,
3206 3266 3289 3330 ab,
3315 3266 3429 3322 abs.
3458 3266 3625 3327 Mars,
3664 3275 3832 3331 stam.

2256 3336 2434 3425 alirps.

2326 3443 2427 3498 Fu.
2458 3443 2633 3499 Habet
2664 3444 2865 3515 syllaba
2895 3461 3111 3501 sensum
3141 3460 3239 3515 per
3271 3446 3366 3501 se?
3394 3444 3557 3502 Suo.
3589 3445 3705 3502 Non
3739 3446 3836 3500 lia~

2256 3534 2369 3600 bet,
2396 3534 2500 3589 nisi
2533 3536 2693 3606 plena
2720 3535 2887 3593 dictio
2913 3553 3010 3608 per
3036 3553 3200 3594 unam
3228 3537 3487 3609 syllabam
3514 3544 3745 3601 constet,
3776 3544 3837 3589 ut

2256 3641 2367 3689 ars,
2396 3623 2483 3687 do,
2516 3627 2624 3693 dic,
2652 3635 2709 3681 et
2729 3626 2856 3681 alia.

2299 3766 2303 3769 .
2326 3717 2424 3771 Fu.
2448 3716 2678 3787 Syllaba:
2703 3719 3098 3788 quotaccidunt
3120 3717 3251 3789 [ΑΙἿ
3271 3714 3825 3788 accedunt]?—S.\xo.

2257 3808 2498 3876 Quatuor
2527 3826 2541 3861 :
2568 3815 2745 3874 tenor,
2770 3810 3016 3878 spiritus,
3053 3817 3282 3877 tempus,
3314 3824 3593 3863 numerus.
3630 3808 3828 3863 Accen-

2258 3906 2374 3961 tus;
2422 3904 2635 3963 acutus,
2682 3898 2883 3969 gravis,
2915 3897 3320 3966 circumflexus;
3354 3900 3407 3954 in
3446 3899 3681 3955 dictione
3717 3916 3836 3955 cer-

2260 3995 2368 4051 tus,
2420 3985 2622 4056 absque
2666 3988 2903 4044 dictione
2947 3990 3215 4057 incertus;
3268 4008 3374 4047 non
3426 4000 3604 4061 potest
3654 4003 3836 4048 tamen

2260 4081 2375 4136 sine
2421 4096 2487 4137 eo
2539 4098 2680 4138 esse.
2714 4083 2977 4155 Spiritus,-
3032 4102 3189 4158 asper
3231 4087 3314 4141 vel
3360 4086 3517 4144 lenis.
3571 4087 3835 4156 Tempust

2256 4176 2341 4231 vel
2366 4193 2404 4232 ll
2440 4175 2591 4251 μὴ..
2618 4194 2786 4235 unum
2811 4180 2897 4235 vel
2928 4179 3078 4253 duo].
3110 4179 3375 4234 Numerus
3405 4179 3725 4232 litterarum.

2328 4266 2429 4321 Fn.
2454 4266 2919 4341 Quomodohabet
2940 4268 3141 4341 syllaba
3163 4284 3325 4322 unum
3350 4277 3561 4337 tempus
3587 4267 3679 4324 vel
3694 4269 3840 4328 duo?

2260 4388 2329 4398 -
2354 4344 2519 4414 Suo.
2546 4358 2735 4414 Brevis
2757 4358 2963 4429 syllaba
2988 4374 3152 4412 unum
3179 4357 3361 4421 habet,
3388 4357 3544 4428 longa
3566 4358 3693 4414 duo.
3850 4372 3857 4373 ί

2331 4445 2429 4502 Fn.
2470 4446 2750 4514 QuomOdo
2797 4447 2933 4503 ﬁunt
2973 4448 3166 4503 breves
3212 4448 3297 4504 vel
3331 4449 3537 4519 longre?
3566 4480 3638 4491 —
3665 4449 3834 4507 Suo.

2259 4537 2459 4592 Breves
2502 4535 2639 4591 ﬁunt
2682 4547 2877 4593 natura
2902 4547 2957 4595 et
2994 4547 3259 4609 potestate
3285 4551 3307 4579 ο
3341 4539 3535 4614 [longae
3563 4550 3757 4595 natura
3779 4547 3837 4596 et

2258 4626 2569 4701 positione].
2619 4628 2806 4687 Brevis
2851 4638 2934 4687 est
2985 4643 3201 4699 natura,
3237 4632 3363 4687 dum
3401 4632 3596 4702 raptim
3638 4631 3837 4688 vocalis
3938 4702 3951 4710 .

2260 4719 2629 4785 enuntiatur,
2658 4728 2719 4775 ut
2745 4740 2759 4775 :
2786 4731 2955 4799 pater.
3004 4722 3207 4793 Longa,
3252 4720 3380 4775 dum
3426 4729 3672 4775 moratur
3706 4735 3833 4791 vox,

2259 4816 2569 4865 utzmater.
2608 4810 2700 4868 Vel
2744 4814 2871 4869 dum
2902 4813 3022 4868 dua:
3062 4809 3277 4866 vocales
3320 4810 3372 4863 in
3402 4824 3562 4865 unam
3610 4826 3837 4879 coan

2261 4906 2387 4953 runt
2416 4899 2694 4971 syllabam,
2740 4902 2885 4972 quod
2935 4899 3302 4970 diphthongon
3342 4908 3540 4956 vocant
3569 4915 3585 4954 :
3614 4907 3670 4957 et
3711 4916 3810 4956 sun

2261 4986 2399 5046 tales
2419 4993 2836 5063 compositiones
2853 4991 3092 5063 quinque
3116 5009 3133 5069 γε
3148 5058 3151 5059 ν
3165 5008 3228 5055 ω,
3255 5009 3318 5055 ω.
3342 5008 3436 5059 au,
3456 5009 3545 5060 eu,
3569 4994 3638 5048 ei.
3778 5010 3783 5013 ‘

2328 5082 2426 5137 Fit.
2476 5082 2629 5139 Unde
2685 5084 2883 5139 dicitur
2935 5081 3612 5155 diphthongos2—Saxo.
3668 5083 3834 5153 Quasi

2261 5172 2433 5227 dualis
2462 5188 2587 5227 vox.
2631 5166 2764 5227 Nam
2793 5170 3007 5241 quoties
3034 5173 3259 5229 duarum
3297 5175 3561 5230 vocalium
3590 5190 3752 5231 voces
3777 5176 3836 5251 in

2190 5260 2198 5271 ‘
2260 5277 2423 5316 unam
2447 5262 2707 5333 syllabam
2734 5269 2789 5315 et
2817 5261 2873 5316 in
2896 5278 3058 5319 unam
3088 5278 3275 5321 vocem
3303 5272 3516 5332 coeunt,
3549 5266 3838 5337 diphthon-

2424 5355 2603 5407 icitur.

2424 5355 2437 5367 '
2477 5356 2603 5407 'tur.

2261 5354 2611 5510 εοῗτιῗωὸυοι
2632 5442 2809 5498 modis
2836 5442 2970 5503 ﬁunt
2992 5447 3211 5519 syllaba
3237 5448 3502 5519 positione
3528 5448 3700 5520 longae
3718 5449 3743 5506 τ
3763 5476 3839 5489 --

2335 5569 2356 5597 ε
2382 5557 2513 5613 Cod.
2546 5572 2668 5621 ms.,
2694 5556 2879 5616 Breves
2897 5562 3035 5632 ﬁunt
3054 5574 3246 5621 natura
3272 5565 3551 5621 vocalium.
