4268 6234
474 287 572 346 157

1554 278 2018 341 DIDASCALICA.
2059 308 2126 317 —
2164 275 2633 334 GRAMMATICA.

3575 269 3756 330 858.

335 413 340 418 ‘
408 439 410 442 μ
470 400 637 458 Suo.
685 399 810 456 Sex.
852 397 986 454 Cum
1025 404 1267 465 correpta
1308 394 1509 452 vocalis
1553 395 1606 448 iu
1639 395 1792 450 'duas
1832 394 2024 448 desinit
2051 399 2098 456 Α
2125 389 2261 447 MAG.
2288 389 2346 445 lu
2372 407 2521 446 xxvi.
2551 388 2610 444 in
2629 403 2835 452 vocem,
2869 386 2922 442 in
2950 385 3180 458 litteras,
3203 385 3258 439 in
3282 383 3529 454 syllabas,
3556 401 3682 454 par-

469 497 845 554 eonsonantes,
891 496 983 543 ut:
1017 497 1113 543 ast.
1159 486 1264 540 Aut
1306 486 1361 540 in
1393 501 1553 541 unam
1593 485 1875 554 duplicem,
1924 491 2022 536 ut:

469 582 600 638 du.
629 580 736 637 Aut
760 583 814 635 in
845 596 1006 636 unam
1031 580 1226 636 desinit
1259 563 1643 634 consonantem
1681 586 1738 634 et
1761 578 2030 648 excipitur

469 675 540 730 ab
573 674 771 738 altera,
795 681 856 728 ut
881 691 894 726 :
919 690 1063 728 arca.
1091 673 1196 726 Aut
1235 673 1502 742 excipitur
1528 671 1596 726 ab
1614 687 1651 724 π
1677 671 1890 740 duplici,
1919 679 1979 724 ut
2007 689 2022 722 :

470 766 605 819 axis.
635 765 741 819 Aut
759 764 790 832 j
819 763 936 818 loco
979 762 1322 818 consonantis
1349 764 1541 833 posita,
1585 770 1681 816 ut:
1713 761 1891 831 Troja.
1920 762 2030 816 Aut

467 854 668 910 desinit
718 855 772 908 in
819 862 1199 910 consonantem
1245 852 1342 925 [et]
1378 853 1641 922 excipitur
1678 853 1747 907 ab
1782 852 1821 917 i,
1852 851 1934 906 vel
1966 869 2023 916 u,

469 945 588 1003 loco
611 947 955 1002 consonantis
975 947 1168 1016 posita,
1193 955 1255 1000 ut
1280 963 1293 998 :
1327 945 1807 1014 advena,_adjutor.

539 1036 640 1090 Fu.
664 1036 736 1090 Si
773 1034 903 1108 [Pro
932 1035 1022 1107 an]
1063 1049 1282 1091 necesse
1309 1042 1392 1089 est
1416 1049 1845 1104 unamquamque
1865 1033 2029 1104 sylla-

468 1127 592 1184 bam
636 1126 848 1196 longam
897 1141 1016 1181 esse
1054 1126 1137 1181 vel
1177 1125 1522 1180 brevem?—
1549 1124 1712 1179 Saxo.
1749 1123 1886 1178 Sunt
1924 1123 2030 1194 syl-

467 1215 604 1272 laba:
625 1216 768 1288 [quae
790 1215 1061 1287 dicuntur]
1085 1217 1415 1277 communes.
1447 1216 1576 1280 Quae
1603 1216 1669 1270 ad
1691 1212 2027 1284 votum'poe-

467 1313 646 1362 tarum
686 1314 910 1376 possunt
931 1306 1016 1361 vel
1039 1306 1232 1360 breves
1261 1298 1343 1360 vel
1375 1306 1543 1376 longa:
1570 1319 1708 1361 esse.
1757 1305 1864 1361 Sed
1889 1308 2024 1373 hanc,

467 1400 592 1470 quia
620 1401 687 1456 ad
712 1400 964 1455 metricos
987 1398 1275 1470 pertinent,
1301 1399 1685 1468 relinquamus.

537 1489 637 1544 Fu.
681 1490 846 1560 Magis
882 1491 1271 1560 interrogemus
1296 1484 1632 1559 magistrum,
1661 1503 1729 1543 ne
1758 1489 1926 1559 ignari
1956 1491 2029 1544 si-

469 1595 590 1636 mus
612 1581 771 1650 hujus
797 1596 1008 1651 quoque
1031 1581 1273 1636 rationis.
1866 1590 1870 1595 '

542 1671 652 1726 DlS.
683 1671 782 1726 Dic
822 1671 998 1736 nobis,
1029 1673 1299 1741 magister,
1327 1687 1431 1740 qua
1472 1673 1680 1727 mtioue
1712 1673 1794 1726 vel
1834 1659 2027 1742 quibus

469 1761 643 1817 modis
666 1777 976 1816 communes
1001 1770 1223 1832 possunt
1249 1776 1366 1817 esse
1391 1763 1468 1831 syl
1495 1762 1640 1816 abas?
1657 1793 1730 1803 —
1755 1763 1893 1819 ch.
1926 1765 2028 1818 No-

468 1864 592 1905 vem
643 1850 815 1918 modis
865 1850 999 1904 ﬁunt
1056 1850 1272 1921 syllabae
1325 1866 1655 1907 communes.
1711 1853 2032 1908 Communes

471 1947 613 2002 sunt,
647 1955 767 1994 cum
794 1949 1042 2011 correpta
1070 1941 1270 1996 vocalis
1296 1941 1348 1995 in
1382 1943 1556 1996 medio
1585 1945 1750 1998 verl-o
1769 1945 2035 2012 excipitur

471 2045 502 2087 a
525 2031 730 2086 duabus
771 2032 1206 2095 consonantibus,
1242 2048 1468 2101 quarum
1503 2033 1648 2102 prior
1677 2042 1822 2087 muta
1852 2033 2034 2102 quaeli-

469 2118 560 2176 bet
600 2129 701 2186 est,
749 2121 833 2175 vel
873 2121 900 2191 ι’
918 2122 1254 2176 semivocalis
1282 2141 1295 2175 :
1327 2125 1590 2192 posterior
1632 2125 1869 2191 liquida,
1920 2133 1976 2177 ut
2016 2144 2028 2177 :

471 2211 736 2279 Tenebris,
765 2217 1032 2284 pharetra,
1065 2218 1256 2286 reﬂuit.
1286 2217 1414 2282 Aut,
1441 2233 1561 2272 cum
1587 2229 1834 2288 correpta
1874 2234 2034 2273 voca-
2089 2279 2094 2281 _

470 2303 538 2359 lis
577 2304 637 2358 in
674 2316 1056 2361 consonantem
1089 2307 1300 2372 desinit,
1345 2307 1609 2376 excipitur
1633 2307 1700 2361 ab
1739 2306 1795 2371 lt,
1824 2314 1881 2360 ut
1913 2324 1926 2359 :
1958 2308 2038 2360 vir

470 2394 700 2450 humilis.
734 2395 841 2450 Aut
883 2411 1004 2451 cum
1050 2397 1229 2466 aliqua
1270 2399 1472 2468 syllaba
1501 2400 1554 2452 in
1578 2399 1793 2456 brevem
1840 2399 2035 2453 desinit

470 2475 729 2549 vocalem.
760 2496 814 2543 et
839 2490 1106 2560 excipitur
1135 2507 1164 2545 a
1190 2491 1394 2546 duabus
1433 2487 1872 2555 consonantibus,
1904 2508 2038 2562 qua-

471 2591 590 2638 rum
613 2577 762 2646 prior
790 2587 947 2645 ests,
981 2588 1073 2634 ut:
1103 2582 1222 2634 alba
1255 2581 1582 2651 smaragdus.
1626 2580 1732 2635 Aut
1756 2597 1876 2636 cum
1915 2565 2045 2651 post

473 2661 682 2736 [pedem
703 2666 830 2737 (Ms.
879 2669 1045 2739 pedes
1074 2671 1249 2741 duos)_
1271 2671 1584 2744 quemlibet]
1611 2687 1715 2727 una
1742 2671 1922 2727 brevis
1948 2689 2034 2728 re-

471 2762 732 2818 manserit
755 2761 958 2833 syllaba
984 2764 1056 2818 de
1077 2763 1262 2830 verbo,
1283 2771 1342 2818 ut
1364 2782 1379 2817 :

594 2883 765 2936 Omnia
793 2886 945 2936 vincit
967 2897 1122 2946 amor,
1148 2889 1201 2936 et
1221 2897 1308 2934 nos
1329 2884 1727 2934 cedamusramori
1746 2885 1774 2915 ⁸

2127 489 2227 546 tes,
2257 481 2539 545 dictiones,
2583 480 2872 542 orationes,
2899 476 3260 539 deﬁnitiones,
3287 476 3469 545 pedes,
3490 490 3684 532 accen-

2127 579 2233 635 tus,
2263 572 2552 640 posituras,
2593 578 2768 633 notas,
2809 567 3201 636 orthographia
3230 564 3383 637 [δίδη
3406 568 3686 637 orthogra-

2125 658 2465 731 phiam.....],
2493 658 2772 727 analogiae,
2809 656 3159 726 etymologiae,
3184 655 3686 726 glossas,.dill‘ereu-

2126 751 2250 814 tias,
2275 751 2430 820 271
2470 750 2883 813 barbarismum,
2927 746 3308 809 soloecismum,
3347 747 3473 800 vitia
3527 747 3685 821 [ἥδη

2126 841 2355 912 vitium].
2403 842 2825 911 metaplasmum.
2860 841 3157 903 schemata,
3206 844 3405 907 tropos,
3447 845 3713 907 prosam,‘

2124 940 2319 994 metra.
2349 933 2578 996 fabulas,
2598 933 2868 986 historias.

2193 1026 2303 1080 Dis.
2331 1026 2407 1081 De
2435 1027 2553 1081 istis
2591 1024 2830 1096 singulis,
2868 1031 3172 1092 antequam.
3196 1021 3264 1075 ad
3304 1021 3537 1090 partium
3563 1028 3683 1075 ten-

2125 1124 2312 1179 damus
2338 1120 2776 1190 disputationem,
2817 1118 3048 1187 aliquam
3070 1115 3428 1185 cognitionem
3451 1115 3686 1168 edissere

2125 1214 2301 1276 nobis,
2339 1212 2615 1280 magister,
2655 1225 2750 1278 per
2787 1208 2993 1277 singula
3029 1221 3274 1261 currens.
3300 1234 3369 1243 —
3393 1203 3528 1257 ch.
3565 1200 3686 1278 Jam
3716 1222 3722 1254 ;

2119 1303 2190 1375 «de.
2215 1318 2361 1365 voce,
2398 1301 2569 1354 littera
2595 1306 2649 1352 et
2672 1297 2872 1367 syllaba
2903 1297 2956 1350 in
2995 1297 3359 1363 superioribus
3408 1292 3686 1346 habuistis.

2124 1389 2293 1443 Dictio
2313 1397 2396 1443 est
2421 1404 2544 1458 pars
2571 1388 2791 1441 minima
2815 1387 2963 1440 vocis
2987 1393 3330 1448 construct»,
3357 1385 3682 1452 plenumque

2125 1493 2338 1532 sensum
2387 1479 2654 1532 habentis.
2703 1476 2884 1530 Oratio
2922 1483 3004 1530 est
3047 1475 3314 1530 ordinatio
3356 1475 3688 1537 dictionum,

2125 1585 2411 1648 wngrpam
2452 1570 2770 1643 sententiam
2829 1567 3226 1636 perfectamque
3273 1567 3686 1621 demonstrans:

2125 1671 2180 1715 et
2200 1669 2281 1714 est
2301 1659 2474 1726 oratio
2502 1659 2642 1710 dicta
2672 1659 2826 1727 quasi
2845 1657 2958 1711 oris
2983 1657 3140 1709 ratio.
3174 1655 3419 1722 Deﬁnitio
3461 1664 3544 1708 est
3564 1656 3682 1709 bre-

2128 1750 2208 1804 vis
2227 1750 2421 1813 oratio,
2450 1762 2882 1816 unamquamque
2912 1760 3022 1798 rem
3053 1745 3267 1814 propria
3300 1744 3689 1813 significatione

2128 1837 2472 1899 concludens,
2501 1845 2594 1888 ut:
2623 1836 2774 1889 homo
2803 1845 2875 1888 est
2916 1833 3111 1889 animal
3141 1832 3379 1892 mortale.
3410 1830 3688 1896 rationale,

2129 1931 2265 1982 risus
2310 1945 2494 1997 capax.
2531 1927 2680 1982 Scire
2724 1927 2887 1996 igitur
2930 1926 3138 1980 debetis
3181 1924 3323 1993 quod
3360 1923 3598 1978 deﬁnitio
3626 1922 3691 1978 ad

2129 2033 2316 2074 omnes
2346 2016 2655 2088 disciplinas
2675 2023 2730 2070 et
2754 2003 2838 2069 res
2863 2015 3114 2085 pertinet.
3143 2011 3242 2067 Pes
3263 2021 3345 2066 est
3369 2013 3691 2082 syllabarum

2131 2102 2444 2176 compositio
2465 2114 2521 2159 et
2551 2114 2849 2172 temporum
2873 2112 3019 2157 certa
3057 2103 3317 2157 dimensio
3346 2100 3498 2173 [Ms.,
3534 2102 3692 2156 dinu-

2131 2195 2399 2268 meratio].
2426 2196 2595 2250 Pedes
2621 2195 2771 2258 dicti,
2801 2209 2866 2248 eo
2893 2193 3033 2261 quod
3069 2194 3198 2262 ipsis
3227 2191 3378 2263 μὴ..
3406 2208 3504 2262 per
3525 2189 3692 2262 ipsos]

2132 2296 2302 2342 metra
2340 2286 2630 2340 ambulent.
2682 2285 2935 2338 Accentus
2981 2291 3066 2337 est
3116 2291 3264 2337 certa
3298 2283 3382 2336 lex
3413 2291 3466 2336 et
3511 2281 3694 2351 regula
3727 2309 3730 2312 ο

2132 2379 2200 2433 ad
2236 2378 2512 2432 levandam
2538 2383 2593 2430 et
2618 2374 3077 2444 comprimendam
3123 2372 3401 2442 syllabam.
3436 2372 3696 2426 Positum

2134 2477 2258 2524 sunt
2286 2467 2467 2539 puncti
2495 2466 2562 2520 ad
2594 2465 2995 2535 distinguendos
3038 2479 3248 2520 sensus.
3287 2462 3440 2516 Nota:
3482 2471 3603 2516 sunt
3633 2462 3699 2516 ti-

2133 2577 2280 2630 gura':
2322 2560 2585 2630 qumdam,
2615 2558 2699 2612 vel
2730 2559 2795 2611 ad
2821 2555 3115 2611 brevianda
3155 2556 3336 2617 verba,
3381 2555 3464 2608 vel
3510 2571 3700 2612 sensus

2134 2647 2510 2717 exprimendus
2539 2661 2553 2699 :
2586 2647 2668 2699 vel
2696 2646 2765 2699 ob
2796 2645 3037 2698 diversas
3062 2658 3255 2697 causas
3288 2644 3610 2706 enistitutaz,
3639 2649 3702 2695 ut

2133 2740 2190 2795 in
2220 2739 2494 2814 Scriptura
2539 2750 2692 2790 sacra
2722 2733 2907 2788 obelus
2938 2747 2997 2786 -ο-
3029 2773 3044 2794 ,
3081 2732 3166 2784 vel
3198 2731 3488 2785 asteriscus
3514 2732 3552 2783 '.
3599 2728 3701 2784 Or-

2056 2876 2077 2899 ,
2131 2831 2445 2902 thographia
2490 2835 2574 2883 est
2597 2835 2741 2882 recta
2772 2826 3056 2895 scriptura,
3103 2833 3161 2877 ut
3190 2833 3315 2894 puta
3345 2823 3416 2875 ad
3442 2821 3700 2892 prazposi-

2136 2921 2213 2975 tio
2239 2921 2276 2973 d
2303 2920 2560 2987 accipiat;
2600 2917 2678 2990 [at
2705 2915 3012 2984 coniunctio
3033 2913 3100 2986 t].
3141 2912 3398 2982 Analogia
3434 2920 3517 2967 est
3553 2911 3704 2966 simi—

470 2986 579 3043 Aut
621 3004 741 3043 cum
791 3004 917 3060 pars
965 2990 1142 3060 aliqua
1191 2990 1245 3044 in
1297 2989 1661 3061 diphthongon
1695 2989 1936 3054 desinit,
1984 2997 2039 3044 et
2087 3076 2097 3077 ί
2136 3011 2266 3066 lium
2293 2986 2644 3077 ωωρηηιίδ,
2691 3014 2752 3058 ιη
2796 3001 3001 3059 incana
3030 3005 3194 3062 cenis
3219 3004 3527 3072 probemur.
3572 3000 3704 3071 Εεθ,

473 3081 739 3152 excipitur
771 3097 801 3136 a
831 3082 1000 3136 vocali
1054 3082 1326 3150 sequentis
1369 3083 1539 3147 verbi,
1584 3090 1645 3136 ut
1673 3101 1686 3136 :
1719 3080 1915 3138 Insulte
1948 3080 2070 3135 Io-l

2061 3076 2104 3134 Ο
2136 3100 2361 3170 mologia
2406 3076 2490 3152 est
2517 3087 2669 3167 origo
2706 3103 2760 3149 et
2802 3094 2938 3147 ratio
2976 3091 3479 3155 vocabulorumhut
3506 3109 3519 3144 :
3549 3105 3580 3143 a
3612 3106 3700 3144 re-
3797 3143 3807 3152 ,

475 3175 630 3227 nio...
662 3172 768 3227 Aut
787 3187 906 3227 cum
937 3172 1249 3240 productam
1279 3173 1517 3227 vocalem
1558 3174 1611 3226 in
1654 3174 1840 3227 eodem
1869 3173 2036 3227 verbo

2137 3190 2310 3260 geudo
2351 3203 2468 3250 rex,
2513 3194 2567 3240 et
2606 3186 2674 3240 ab
2717 3185 2880 3238 humo
2921 3183 3078 3236 homo
3123 3181 3336 3234 dicitur.
3386 3178 3571 3234 Clossa
3617 3185 3703 3232 est

473 3275 595 3318 mox
618 3262 840 3317 alterius
862 3262 1078 3334 syllabae
1110 3263 1353 3331 sequitur
1383 3263 1602 3328 vocalis,
1631 3270 1689 3315 ut
1716 3280 1730 3316 :
1761 3263 1903 3330 ﬁdei.
1927 3263 2039 3317 Aut

2137 3279 2293 3332 unius
2330 3276 2482 3330 verbi
2506 3275 2587 3328 vel
2614 3273 2846 3327 nominis
2881 3271 3272 3338 interpretatio,
3302 3278 3360 3322 ut
3393 3287 3405 3323 :
3438 3269 3608 3332 catus,
3645 3267 3701 3322 id

473 3367 593 3407 cum
634 3368 927 3421 pronomen
959 3353 1135 3407 littera
1165 3369 1192 3406 ο
1215 3353 1554 3407 terminatum
1581 3361 1684 3413 est,
1719 3360 1774 3406 et
1806 3369 1836 3406 a
1863 3351 2036 3408 vocali

2136 3372 2241 3428 est,
2269 3363 2476 3417 doctus.
2508 3361 2815 3430 Dt/ferentia
2841 3368 2928 3413 est
2957 3359 3231 3413 distinctio
3257 3358 3482 3412 duarum
3515 3367 3699 3411 rerum

470 3443 748 3510 sequentis
783 3443 949 3516 [verbi
997 3443 1282 3511 excipitur,
1335 3451 1434 3496 ut:
1469 3445 1564 3497 hoc
1608 3452 1702 3498 est.
1760 3443 1866 3498 Aut
1916 3459 2038 3499 cum
2137 3470 2262 3510 cum
2310 3453 2766 3522 interpretatio-ie,
2809 3462 2870 3502 ut.
2899 3467 2911 3502 :
2939 3459 3032 3503 rex
3079 3449 3296 3512 dicitur,
3347 3448 3468 3516 quia
3516 3447 3703 3501 mode-
3747 3454 3752 3458 ‘

473 3540 776 3602 correptam
818 3534 1056 3588 vocalem
1084 3536 1140 3588 in
1166 3525 1270 3588 una
1301 3544 1455 3602 parte
1487 3553 1514 3587 τ
1539 3535 1731 3604 duplex
1775 3536 2036 3606 sequitur,

474 3631 575 3680 ut:
605 3640 756 3694 gaza.
800 3622 932 3678 Item
976 3624 1264 3679 novissima
1307 3623 1509 3693 syllaba
1548 3624 1601 3676 in
1633 3632 1804 3677 metro
1831 3639 2042 3692 semper

474 3713 783 3770 indiﬂ'erens
810 3721 892 3767 est
912 3752 926 3776 ,
959 3720 1012 3767 et
1037 3712 1296 3767 voluntati
1325 3707 1496 3781 poetae
1522 3710 1760 3781 subjecta
1800 3719 1902 3765 est.
1944 3711 2044 3767 Est

474 3821 706 3877 quoque,
751 3805 964 3876 quando
1011 3805 1064 3858 in
1105 3804 1276 3859 tribus
1317 3785 1733 3865 consonantibus
1772 3801 1861 3866 lit,
1885 3817 2042 3874 scom-

475 3897 655 3951 munis
677 3895 902 3966 syllaba,
947 3897 1074 3950 dum
1100 3895 1154 3950 in
1181 3896 1400 3951 brevem
1439 3895 1676 3951 vocalem
1717 3895 1914 3951 desinit
1936 3894 2044 3967 syl-

473 3983 596 4039 laba
632 3992 689 4040 et
713 3985 979 4054 excipitur
1006 3985 1074 4039 ab
1100 4002 1125 4038 ε
1151 3994 1408 4055 sequente
1450 3995 1597 4042 muta
1642 3995 1698 4042 et
1721 3985 1942 4058 liquida,
1984 3997 2047 4044 ut

476 4075 662 4132 Horat.
700 4092 716 4128 :

606 4165 892 4230 Linquimus
913 4153 1066 4216 insani
1089 4166 1306 4216 ridentes
1327 4168 1518 4228 premis
1537 4167 1712 4216 scriba
1734 4166 1768 4205 δ

476 4270 694 4328 Plenius
730 4271 868 4337 haec,
891 4270 997 4324 vita
1027 4270 1242 4336 comite,
1272 4271 1327 4326 in
1364 4269 1590 4324 metrica
1616 4270 1826 4325 ratione
1870 4271 2042 4335 vobis,

475 4363 596 4428 ﬁlii,
634 4374 1026 4418 monstravere.

2138 3554 2252 3602 stus
2295 3553 2404 3608 est;
2453 3551 2734 3613 tyrannus,
2762 3540 2888 3608 quia
2925 3537 3156 3591 crudelis
3183 3545 3284 3589 est.
3329 3535 3700 3590 Barbarismus

2138 3647 2222 3693 est
2245 3653 2351 3696 una
2381 3631 2504 3705 pars
2547 3633 2734 3685 vitiose
2786 3631 2947 3690 dicta,
2997 3635 3056 3681 ut
3087 3626 3303 3694 vulgare
3347 3625 3695 3694 proverbium

2138 3739 2266 3783 est:
2307 3727 2459 3782 mala:
2499 3725 2708 3778 arboris
2753 3722 2893 3778 no-{o
2945 3719 3118 3773 malus
3163 3733 3362 3773 cuneus
3386 3719 3704 3786 qumrendus

2141 3826 2242 3875 est.
2275 3816 2606 3880 Soloecismus
2651 3821 2734 3868 est
2762 3812 2936 3870 oratio
2963 3811 3180 3886 vitiose
3204 3802 3518 3878 composita.
3567 3806 3739 3898 l’itia‘

2141 3917 2289 3974 sunt,
2321 3923 2438 3978 quae
2483 3906 2536 3960 in
2576 3903 2804 3972 eloquiis
2848 3917 3036 3956 cavere
3081 3901 3334 3956 debemus
3365 3906 3421 3954 et
3449 3905 3574 3952 sunt
3601 3913 3697 3954 vu.

2144 3999 2518 4070 Metaplasmus
2564 4005 2648 4051 est
2690 3994 2924 4049 metrica"
2957 3992 3204 4055 licentia,
3253 3990 3332 4043 vel
3386 3989 3705 4044 necessitate

2143 4094 2418 4148 immutata
2463 4087 2646 4155 regula
2694 4082 3000 4138 locutionis.
3036 4080 3313 4137 Schrmata
3365 4085 3490 4133 sunt
3540 4092 3706 4132 orna-

2142 4188 2323 4237 menta
2352 4176 2549 4246 eloquii
2577 4185 2632 4228 et
2667 4173 2900 4236 habitus,
2932 4171 3127 4239 quibus
3166 4167 3446 4222 sententiae
3465 4166 3706 4221 vestiun-

2144 4281 2250 4326 tur.
2295 4267 2495 4337 Tropus
2525 4273 2610 4321 est
2635 4263 2800 4319 dictio
2826 4258 3086 4324 translata
3112 4274 3140 4311 a
3173 4257 3390 4328 prnpria
3437 4255 3710 4326 signiﬁca-

2144 4363 2292 4417 tione
2319 4359 2383 4413 ad
2429 4374 2535 4414 non
2570 4355 2844 4427 propriam
2891 4351 3315 4413 similitudinem,
3363 4357 3587 4403 ornatus
3613 4363 3708 4403 ne-

549 4453 663 4506 Dis.
691 4452 828 4518 Quid
868 4454 966 4515 vis,
1001 4454 1275 4525 magister,
1305 4431 1383 4508 an
1413 4454 1478 4509 de
1502 4451 1728 4522 pedibus
1753 4459 1809 4508 et
1842 4467 2043 4508 acceu-
2075 4429 2125 4488 υ
2148 4451 2483 4508 cessitatisve
2527 4463 2710 4511 causa.
2760 4443 2930 4499 Proca
2953 4510 2956 4512 γ
2977 4452 3060 4498 est
3098 4450 3241 4496 recta
3285 4440 3479 4495 locutio
3507 4440 3709 4507 absque

475 4543 624 4600 tibus
645 4543 888 4624 ordinem
924 4543 1118 4598 Donati
1158 4545 1400 4615 magistri
1439 4552 1724 4614 sequentes
1749 4545 2044 4614 interroge-

387 4699 391 4702 ι
479 4632 637 4690 mus?
656 4663 726 4674 —-
749 4631 886 4686 "A6.
916 4631 1157 4701 Amplius
1189 4632 1343 4704 μὴ,
1369 4632 1582 4705 Aptius]
1612 4635 1727 4688 haec
1755 4649 1968 4704 quoque
1990 4633 2047 4686 in

479 4725 568 4781 illa
592 4733 888 4779 metrorum
916 4723 1210 4778 subtilitate
1239 4722 1561 4792 intelligetis.
1610 4720 1741 4788 Quia
1773 4724 1936 4793 pedes
1963 4721 2050 4778 vel

479 4823 768 4879 accentus,
817 4814 920 4887 nisi
957 4829 1021 4868 ex
1066 4811 1314 4868 brevibus
1362 4811 1640 4880 longisque
1684 4811 1904 4882 syllabis
1950 4829 2049 4868 ne-

479 4912 685 4974 queunt
734 4905 979 4973 intelligi.
1038 4904 1188 4962 Unde
1232 4901 1300 4957 ad
1341 4909 1521 4973 partes
1566 4916 1662 4956 vos
1705 4902 2045 4975 [convertite

480 4991 504 5067 (
518 4993 688 5058 Edit.,
714 4993 1018 5066 convenite)
1044 4995 1086 5068 ].

549 5085 665 5141 Dts.
694 5083 949 5150 Prius,.si
973 5087 1203 5156 placeat,
1228 5087 1670 5161 magister,_unde
1695 5070 2046 5155 grammatica

481 5175 553 5232 sit
580 5176 712 5232 tieta
738 5173 822 5230 vel
842 5175 983 5244 quod
1026 5177 1097 5230 sit
1123 5176 1241 5244 ejus
1263 5176 1520 5243 ofﬁcium,
1561 5175 1735 5250 pande
1775 5177 1949 5232 nobis.
1977 5209 2049 5220 -—

483 5264 622 5323 Ihc.
651 5265 1014 5322 Grammatica
1039 5272 1122 5320 est
1139 5264 1386 5322 litteratis
1412 5255 1660 5331 scientia,
1679 5275 1733 5321 et
1756 5275 1841 5325 est
1863 5275 2048 5326 custos

485 5365 630 5413 recte
649 5357 898 5437 loquendi
926 5365 982 5413 et
1009 5357 1276 5412 scribendi
1297 5374 1312 5423 ;
1347 5374 1467 5428 qua:
1487 5367 1700 5416 constat
1725 5368 1941 5428 natura,
1963 5377 2061 5417 raw

483 5448 661 5530 tione,
681 5447 1024 5514 auctoritate,
1045 5437 1450 5504 consuetudine.
2018 5514 2021 5518 _

558 5539 674 5600 Dts.
717 5540 778 5596 lu
827 5549 960 5611 quot
1005 5539 1210 5613 species
1254 5538 1512 5597 dividitur
1555 5539 1939 5614 grammatica?
1980 5570 2052 5582 —-

610 5676 783 5751 Virg"
813 5691 849 5730 x
871 5675 1007 5744 Ecl.,
1036 5676 1128 5733 69.

2147 4551 2324 4598 metro
2351 4549 2406 4597 et
2431 4556 2589 4596 versu
2619 4525 2933 4608 compesita.
2981 4532 3151 4587 κείνα
3174 4539 3359 4587 vocata
3403 4537 3546 4592 sunt.
3579 4527 3704 4596 quia

2135 4634 2314 4690 certis
2361 4632 2554 4702 pedum
2607 4629 2876 4684 mensuris
2928 4624 3300 4679 terminantur.
3357 4619 3576 4672 Fabula
3623 4633 3711 4672 res

2146 4729 2276 4778 sunt
2305 4723 2443 4776 licta:
2469 4717 2685 4778 ludendi
2721 4707 3004 4770 causa‘vel
3045 4711 3324 4779 cujuslibet
3363 4706 3711 4779 signiﬁcatio-

2147 4791 2254 4870 nis.
2303 4810 2538 4866 Historia
2579 4815 2666 4862 est
2712 4804 2951 4859 narratio
2996 4803 3074 4856 rei
3102 4807 3284 4870 gestae.
3331 4798 3470 4864 Ecce
3502 4798 3713 4855 habetis

2149 4905 2485 4962 deﬁnitiones
2510 4900 2701 4954 breves
2742 4895 3074 4967 singularum
3114 4892 3436 4964 specierum.
3467 4888 3620 4945 Nunc
3644 4889 3711 4943 ad

2149 5005 2331 5067 partes
2358 4991 2653 5047 convertite
2672 5005 2785 5044 vos.

2221 5102 2331 5156 Dts.
2372 5098 2653 5154 Faciemus
2679 5107 2740 5154 ut
2761 5099 2937 5168 iubes.
2955 5095 3201 5150 Attamen
3232 5090 3562 5163 singularum
3587 5103 3714 5157 par-

2151 5192 2283 5246 tium
2331 5189 2692 5259 proprietates
2737 5189 2888 5259 prius
2917 5185 3152 5241 breviter
3189 5193 3247 5236 ut
3283 5181 3487 5251 pandas
3533 5178 3711 5238 nobis,

2153 5277 2732 5351 ﬂagitamus—MAG.
2779 5275 2971 5346 Vestra
3015 5273 3300 5331 curiositas
3342 5266 3556 5326 modum
3604 5283 3713 5324 non

2150 5366 2610 5437 babet.~ldeoque
2661 5357 2877 5422 modum
2933 5360 3194 5420 manualis
3245 5362 3405 5422 libelli
3452 5357 3715 5414 excedere

2149 5457 2332 5516 vultis.
2379 5453 2662 5532 Propriam
2691 5455 2911 5526 nominis
2939 5461 3023 5507 est
3049 5451 3401 5506 substantiam
3430 5447 3514 5503 vel
3543 5447 3717 5515 quali—

2149 5553 2314 5601 tatem
2336 5544 2420 5601 vel
2467 5547 2817 5616 quantitatem
2863 5542 3166 5616 signiﬁcare
3193 5559 3207 5595 :
3239 5547 3296 5597 et
3323 5538 3593 5607 propriam
3629 5543 3715 5595 est

2224 5673 2253 5718 ³
2278 5674 2488 5746 Horat,
2520 5693 2558 5741 ι,
2586 5691 2746 5731 serm.
2765 5677 2819 5742 5,
2842 5676 2929 5732 35.
