4266 6192
577 227 685 284 859

1387 223 1448 279 ιι.
1490 224 1549 279 r.
1593 225 1815 280 ALBINI
1855 200 1985 280 suo
2027 223 2304 280 ALCUlNl
2341 223 2626 280 cunnus:
2661 223 2841 280 psus
2879 223 2983 279 vn.
3725 230 3832 285 εει)

575 335 898 410 pronominis
929 351 1027 406 pro
1056 335 1270 401 nomine
1298 337 1425 404 poni
1450 336 1669 404 proprio
1692 345 1746 389 ct
1774 344 1951 391 certas
1980 335 2150 410 signi-
2182 344 2226 397 Λ
2325 333 2422 388 Fu.
2456 334 2902 406 Appellatioorum
2953 337 3160 409 species
3207 347 3337 408 quot
3380 342 3543 396 sunt?
3564 372 3636 383 —
3661 341 3826 402 Saxo.

575 427 741 483 ﬁcarc
768 442 1048 497 personas.
1109 423 1259 479 Verbi
1292 438 1424 480 vero
1463 427 1733 495 prop'rium
1766 434 1847 480 est
1885 419 2178 480 actionem”

572 519 656 574 vel
695 519 1000 589 passionem
1041 517 1154 572 sive
1188 525 1476 587 utrumque
1503 532 1625 572 cum
1654 519 1828 572 modis
1862 526 1918 572 et
1948 526 2153 589 tempo-

572 609 724 664 ribus
747 607 1070 680 signiﬁcare.
1122 607 1402 675 Proprium
1451 607 1684 660 adverbii
1721 618 1802 663 est
1833 623 1957 663 cum
1985 610 2154 663 verbo

568 701 716 771 poni.
749 710 804 755 et
831 703 949 757 sine
976 718 1042 757 eo
1081 701 1377 772 perfectam
1420 703 1872 773 signiﬁcationem
1913 719 2021 768 non
2055 705 2155 759 ha-

570 793 719 858 bere,
752 803 810 848 ut
839 812 851 845 :
887 794 1012 848 bene
1039 795 1179 865 lego.
1226 793 1497 864 Participii
1535 795 1803 864 proprium
1830 804 1914 850 est
1941 804 2153 866 tempus

571 884 771 941 habere
802 893 857 941 ct
883 903 1070 951 casus;
1103 888 1225 942 ideo
1254 902 1284 940 a
1312 885 1633 956 quibusdam
1661 895 1887 942 verbum
1933 889 2153 944 casuale

570 978 784 1034 dicitur.
839 976 1120 1048 Proprium
1167 969 1552 1048 conju‘nctionis
1601 986 1687 1033 est
1731 994 1854 1033 cum
1897 981 2152 1035 omnibus

568 1067 815 1137 partibus
863 1067 1023 1121 modo
1061 1066 1369 1138 przeposita,
1410 1068 1571 1121 modo
1599 1068 1893 1137 postposita
1913 1067 2065 1138 jungi
2095 1076 2154 1124 et

567 1157 894 1228 conjungere
924 1167 1126 1227 partes.
1162 1155 1445 1227 Proprium
1474 1159 1857 1228 prtrpositionis
1885 1166 1969 1214 est
1991 1151 2168 1214 ante-5

564 1249 694 1341 poni
716 1250 1032 1304 casualibus
1055 1263 1270 1319 semper
1290 1249 1600 1317 separatim.

1160 1382 1250 1437 DE
1284 1381 1561 1439 NOMINE.

634 1516 735 1571 Fs.
790 1517 886 1572 Eia
930 1533 1047 1587 age,
1100 1516 1265 1582 Saxo,
1310 1517 1678 1589 ingrediamur
1729 1515 2148 1586 disputationem

567 1609 800 1663 nominis
835 1625 932 1678 per
955 1608 1201 1662 ordinem
1228 1649 1244 1674 ,
1283 1616 1338 1663 et
1365 1609 1598 1678 primum
1629 1607 1739 1672 dic,
1781 1606 1911 1677 quid
1951 1608 2023 1661 sit
2050 1621 2148 1661 no—

2251 422 2431 478 blultzn
2454 433 2579 479 sunt
2602 442 2616 478 :
2641 425 2765 480 alia.
2785 426 3110 497 corporalia,
3135 437 3196 483 ut
3224 431 3432 495 :ltomo,
3465 443 3628 496 terra,
3660 451 3825 490 mare.

2241 512 2367 600 'ﬁlia
2404 515 2779 584 incorporalia.
2807 524 2909 571 ut:
2942 518 3129 588 pietas,
3161 519 3412 590 dignitas,
3434 523 3667 592 justitia.
3703 525 3826 580 Alia

2250 605 2588 677 principalia,
2617 615 2679 662 ut
2697 624 2869 676 mons,
2892 609 3090 664 schola.
3111 611 3231 666 Alia
3255 613 3572 680 derivativa,
3593 624 3652 670 ut
3674 633 3830 672 mon-

2250 693 2405 754 tanus
2428 738 2441 760 ,
2490 697 2850 753 scholasticus.
2903 698 3024 755 Alia
3066 703 3464 772 comparativa,
3509 713 3569 760 ut
3619 707 3828 777 fortior,

2251 786 2588 855 fortissimus.
2623 787 2741 842 Alia
2763 790 3179 858 denominativa,
3208 802 3268 848 ut
3290 805 3523 862 sanctus,
3549 798 3830 863 sanctitas;

2249 877 2777 950 sapiens,sapientia.
2825 882 2944 937 Alia
2969 885 3304 950 diminutiva,
3343 895 3404 942 ut
3429 905 3538 954 rex,
3593 889 3826 961 regulus.

2248 967 2368 1021 Alia
2387 968 2730 1053 homonyma,
2753 979 2814 1025 ut
2837 989 3017 1043 nepos,
3056 974 3218 1030 acies.
3262 976 3379 1031 Alia
3414 993 3736 1049 synonyma,
3765 989 3827 1036 ut

2248 1059 2478 1162 gladius,
2497 1063 2658 1162 ensis,
2680 1079 2882 1162 maeror
2913 1065 3028 1120 Alia
3055 1066 3339 1134 adjectiva,
3374 1085 3494 1139 qua!
3521 1079 3747 1141 possunt
3768 1072 3832 1130 in

2249 1149 2406 1206 laude
2432 1152 2514 1206 vel
2557 1148 2949 1224 vituperatione
2988 1159 3136 1226 poni,
3167 1166 3228 1213 ut
3247 1159 3426 1228 justus
3459 1162 3636 1227 homo,
3675 1162 3828 1233 injic-

2163 1311 2166 1314 ,
2247 1251 2360 1296 stus
2389 1243 2563 1299 homo.
2585 1243 2704 1300 Alia
2727 1246 2782 1300 in
2811 1249 2989 1303 medio
3009 1249 3205 1318 posita,
3234 1259 3293 1304 ut
3313 1268 3552 1322 magnus.
3584 1253 3828 1312 Dicimus

2119 1343 2152 1352 "
2247 1349 2467 1405 magnus
2499 1335 2802 1406 imperator,
2831 1345 2886 1392 et
2909 1355 3127 1409 magnus
3155 1337 3313 1395 latro.
3347 1340 3473 1397 Haec
3496 1351 3552 1396 et
3577 1344 3830 1404 acciden-

2250 1423 2324 1477 tia
2349 1438 2492 1495 saape
2515 1425 2670 1492 ﬁunt,
2699 1435 2760 1481 ut
2785 1429 2931 1498 niger
2956 1447 3160 1498 corvus,
3207 1431 3374 1485 altum
3419 1450 3582 1488 mare.
3613 1435 3730 1489 Alia
3755 1436 3826 1490 ad

2251 1513 2476 1587 [aliquid
2497 1516 2639 1570 dicta
2669 1516 2859 1588 (Edit.,
2888 1519 2955 1572 ad
2977 1519 3144 1591 aliud)
3171 1519 3191 1593 ]
3222 1528 3281 1576 ιιι
3321 1521 3466 1590 ﬁlius
3499 1540 3700 1577 seruus.
3730 1523 3826 1578 Di-

2249 1605 2420 1660 cendo
2445 1605 2634 1678 [enim]
2661 1607 2829 1662 ﬁlium
2859 1616 2915 1664 et
2939 1623 3176 1677 servum,
3216 1621 3426 1682 patrem
3455 1613 3827 1684 signiﬁcamus

567 1700 730 1755 men?
755 1698 1012 1753 —Ssxo.
1044 1699 1249 1754 Nomen
1278 1708 1365 1754 est
1387 1715 1514 1770 pars
1535 1699 1822 1764 orationis,
1849 1699 2144 1752 secundum
2181 1697 2222 1756 Β
2248 1703 2302 1750 et
2347 1695 2642 1751 dominum.
2683 1697 2800 1753 Alia
2842 1702 2998 1768 quasi
3041 1702 3109 1755 ad
3148 1701 3378 1772 aliquid,
3409 1711 3469 1757 ut
3503 1705 3637 1763 dies.
3681 1721 3824 1773 non;

565 1789 971 1860 grammaticos,
1014 1804 1141 1857 quas
1188 1790 1476 1859 unicuique
1509 1790 1724 1859 corpori
1769 1789 1852 1844 vel
1887 1789 1967 1844 rei
1995 1792 2150 1863 c0m-_

564 1894 782 1934 munem
810 1879 895 1935 vel
934 1881 1208 1949 propriam
1247 1881 1564 1949 qualitatem
1605 1880 1920 1947 distribuit;
1966 1863 2024 1937 et
2060 1891 2146 1937 est

561 1983 760 2024 nomen
798 1968 1000 2023 dictum
1049 1970 1204 2038 quasi
1249 1978 1524 2035 notameu,
1576 1985 1642 2025 eo
1668 1970 1812 2039 quod
1841 1971 1944 2025 hoc
1976 1961 2143 2025 nota-

560 2073 686 2114 mus
724 2058 964 2129 singulas
1014 2059 1344 2115 substantias
1375 2059 1458 2115 vel
1507 2075 1616 2124 res,
1651 2072 1988 2124 communes,
2034 2067 2096 2113 ut
2127 2077 2139 2113 :

562 2153 777 2219 Homo,
833 2155 1154 2226 disciplina;
1202 2157 1286 2212 vel
1339 2159 1604 2228 proprias,
1667 2166 1729 2212 ut
1781 2176 1795 2211 :
1861 2157 2141 2228 Virgilius,

562 2245 914 2300 arithmetica.
946 2246 1348 2318 lnterrogemus
1392 2258 1605 2315 tamen,
1635 2264 1670 2303 o
1695 2248 1936 2322 Franco,
1969 2251 2142 2320 magi—

450 2392 456 2398 _
559 2343 736 2391 strum
763 2337 1188 2407 pbilosopbicam
1216 2337 1580 2394 deﬁnitionem
1610 2339 1862 2395 nominis.

633 2425 774 2480 Mss.
803 2425 1004 2480 Nomen
1048 2436 1132 2482 est
1170 2443 1274 2481 vox
1321 2428 1677 2498 signiﬁcativa
1705 2429 2001 2484 secundum
2030 2429 2145 2498 pla-

541 2511 752 2581 citum,
809 2516 927 2572 sine
974 2525 1238 2586 tempore,
1287 2517 1566 2574 deﬁnitum
1597 2518 1797 2589 aliquid
1834 2513 2144 2590 signiﬁcans

561 2613 617 2667 in
641 2611 992 2678 nominativo,
1036 2628 1158 2667 cum
1198 2621 1272 2667 est
1321 2622 1413 2669 aut
1442 2631 1544 2668 non
1577 2622 1678 2678 est,
1706 2621 1768 2669 ιιι
1798 2626 1814 2666 :
1845 2614 1999 2667 homo
2045 2621 2140 2678 est,

559 2703 718 2758 homo
760 2720 864 2759 non
893 2714 987 2758 est.
1016 2703 1074 2758 ln
1117 2703 1308 2778 [aliis]
1357 2706 1574 2761 casibus
1618 2704 1744 2761 licet
1766 2704 1933 2759 addas
1957 2713 2031 2758 est
2058 2703 2143 2758 vel

563 2809 668 2847 non
696 2801 792 2858 est,
823 2793 957 2848 nihil
985 2802 1166 2848 tamen
1196 2802 1404 2849 certum
1447 2793 1736 2865 signiﬁcat,
1764 2794 1807 2850 si
1837 2798 1944 2850 nun
1968 2801 2141 2864 appo-

561 2900 660 2941 nas
687 2885 818 2956 quid
843 2887 912 2940 sit
937 2886 1021 2940 vel
1053 2886 1180 2956 quid
1212 2902 1316 2941 non
1342 2887 1435 2941 sit:
1461 2887 1568 2943 Ut:
1593 2889 1821 2942 hominis
1845 2899 1940 2954 est,
1968 2889 2141 2942 homi-

561 2977 643 3031 nis
674 2993 778 3031 non
807 2986 903 3030 est.
951 2975 1249 3032 Secundum
1291 2977 1565 3048 placitum,
1603 2978 1656 3033 id
1681 2987 1763 3034 est
1795 2979 2142 3048 compositio-

561 3084 687 3123 nem
736 3070 1066 3141 singularum
1110 3070 1347 3142 gentium
1379 3079 1503 3124 sunt
1545 3070 1761 3124 nomina
1803 3070 1964 3139 272
1987 3073 2141 3123 com-

561 3161 759 3231 posita,
816 3169 876 3215 ut
918 3163 1061 3232 quod
1113 3160 1303 3215 Latine
1351 3161 1488 3235 dicis
1543 3175 1762 3226 aurum,
1814 3161 1916 3215 boc
1955 3158 2142 3214 Grmce

562 3253 764 3328 χρυσὸς
793 3251 1008 3305 dicitur.
1048 3251 1165 3306 Una
1196 3260 1280 3305 est
1309 3251 1611 3307 substantia
1629 3293 1643 3316 ,
1673 3252 1766 3307 sed
1804 3251 2015 3307 diversa
2038 3265 2161 3310 no—.

561 3357 726 3396 mina.
1325 3403 1340 3418 ⁸
1902 3392 1912 3402 ,

632 3437 732 3492 Fu.
761 3438 904 3506 Quot
936 3438 1190 3494 accidunt
1227 3437 1468 3493 nomini?
1492 3468 1563 3478 —
1585 3436 1750 3492 Saxo.
1783 3437 1912 3502 Sex,
1953 3453 2142 3492 secun-

560 3529 687 3587 dum
718 3529 1022 3585 Donatum:
1053 3528 1305 3600 qualitas,
1341 3528 1683 3599 comparatio,
1724 3545 1911 3598 genus,
1962 3545 2142 3583 nume-

563 3638 676 3686 rus,
705 3623 898 3692 ﬁgura,
924 3640 1095 3676 casus.
1125 3621 1433 3677 Secundum
1473 3621 1832 3688 Priscianum,
1863 3623 2136 3693 quinque;

558 3712 683 3783 quia
712 3711 801 3765 ille
828 3711 1145 3779 qualitatem
1171 3720 1227 3766 et
1245 3711 1701 3783 comparationem
1731 3713 1912 3779 simul,
1942 3714 2139 3784 species

558 3801 875 3865 nominavit,
907 3801 1033 3870 quia
1055 3808 1182 3854 sunt
1208 3802 1388 3854 omnia
1408 3803 1625 3855 nomina
1657 3805 1885 3873 propria:
1913 3803 2137 3873 speciei,

556 3893 644 3948 vel
677 3890 1003 3964 appellativa:
1027 3904 1046 3942 :
1075 3889 1382 3961 principalis
1413 3885 1498 3945 vel
1535 3892 1848 3960 derivatiow.
1879 3891 2135 3961 Propria),

551 3992 657 4049 ut:
685 3983 884 4038 Julius.
911 3981 1281 4054 Appellativte,
1329 3990 1388 4037 ut
1419 4000 1433 4036 :
1461 3981 1635 4037 Mons.
1674 3981 2014 4052 Principalis,
2037 3990 2096 4043 ut
2122 4000 2135 4036 :

556 4075 756 4138 Iulius,
810 4074 985 4131 Mons.
1030 4076 1351 4132 Derivativzn
1375 4085 1434 4130 ut
1463 4092 1478 4130 :
1507 4075 1779 4141 Julianus,
1828 4074 2134 4130 Montanus.

557 4165 616 4219 In
645 4166 876 4236 quibus,
910 4167 961 4222 id
989 4177 1072 4222 est
1098 4166 1254 4246 [Ms.,
1284 4166 1451 4240 idem]
1501 4168 1812 4224 derivativis
1857 4182 2138 4236 compara-

562 4254 735 4310 tiones
763 4257 1036 4309 nominum
1069 4258 1340 4326 imposuit.
1413 4277 1426 4287 ι
1730 4269 1732 4273 ⁷

629 4345 727 4401 Fs.
773 4343 1120 4414 PrOpriorum
1165 4347 1442 4400 nominum
1481 4347 1691 4416 species
1716 4357 1847 4417 quot
1881 4349 2134 4402 sunt?—

561 4433 1026 4503 Suo.‘Quatuor:
1049 4435 1370 4506 prwnomen,
1400 4454 1607 4503 nomen,
1651 4454 1952 4508 cognomen,
1975 4458 2136 4511 agno-

558 4543 697 4584 men.
722 4527 1059 4598 Prtcnomina
1079 4537 1224 4594 sunt,
1267 4545 1387 4599 qua:
1414 4529 1690 4598 dignitatis
1711 4529 1793 4583 vel
1821 4528 2137 4586 differentia:

558 4632 723 4674 causa
744 4620 976 4692 propriis
1004 4621 1311 4676 nominibus
1357 4613 1765 4692 praeponuntur,
1790 4627 1850 4673 ut
1881 4636 1893 4671 :
1917 4617 2136 4674 Anicius

560 4707 779 4765 Boetius
804 4727 820 4764 :
849 4713 1063 4768 Anicius
1091 4729 1123 4767 a
1151 4713 1431 4780 nobilitate
1449 4725 1504 4768 et
1522 4711 1772 4767 libertate
1802 4710 2017 4780 generis
2049 4710 2152 4779 di_--

561 4799 722 4855 citur.
763 4800 1117 4868 Diﬁ‘ereutizn,
1161 4813 1222 4858 ut
1260 4803 1455 4858 Lucius
1496 4801 1778 4874 Cornelius
1817 4809 1873 4856 et
1913 4799 2135 4855 Publius

561 4889 862 4945 Cornelius.
889 4890 1259 4960 Notanturque
1291 4892 1620 4961 prmnomina
1641 4890 1725 4946 vel
1749 4889 1972 4963 singulis
1993 4889 2135 4944 litte-

561 4983 640 5036 ris
666 4981 750 5037 vel
777 4982 920 5037 binis
949 4982 1034 5036 vel
1073 4983 1260 5036 temis.
1310 4981 1580 5052 Singulis,
1607 4991 1667 5036 ut
1698 5001 1712 5037 :
1747 4983 1848 5047 IL,
1895 4982 2132 5038 Marcus.

559 5071 730 5139 Binis,
778 5082 839 5128 ut
868 5092 881 5126 :
917 5072 1042 5136 Cn.,
1087 5071 1284 5127 Coeus.
1329 5072 1539 5139 Ternis,
1572 5082 1633 5128 ιιι
1663 5092 1675 5128 :
1729 5073 1878 5140 Sex"
1914 5075 2132 5130 Sextus.

563 5163 770 5220 Nomen
815 5174 900 5222 est
933 5165 1094 5220 unius
1146 5163 1406 5232 cujusque
1445 5167 1744 5236 proprium,
1785 5164 2133 5222 ut:Paulus.

561 5253 856 5327 Cognomen
887 5266 973 5313 est
999 5255 1336 5327 cognationis
1362 5254 1444 5309 vel
1467 5255 1684 5311 familia
1717 5271 2005 5312 commune
2033 5273 2131 5312 no-

560 5363 705 5413 men,
733 5359 795 5404 ut
821 5350 1020 5420 Scipio.
1053 5349 1190 5405 Nam
1213 5349 1281 5404 ab
1302 5344 1421 5416 ejus
1439 5347 1655 5402 nomine
1679 5348 1857 5404 omnis
1878 5349 2130 5420 cognatio

560 5437 650 5493 illa
679 5439 761 5495 sic
781 5443 1079 5498 dicebatur.
1105 5440 1396 5514 Agnomen,
1444 5438 1588 5510 quod
1633 5440 1702 5493 ab
1725 5439 1911 5510 aliquo
1935 5451 2132 5497 eventu

560 5530 641 5587 sic
687 5531 904 5599 dicitur,
941 5543 1002 5589 ut
1032 5553 1047 5590 ε
1077 5534 1380 5605 Africanus,
1424 5532 1554 5603 quia
1593 5529 1831 5586 Africam
1885 5531 2134 5591 vincebat

562 5622 681 5696 [F.,
704 5624 948 5697 vicerat].

2245 1788 2481 1855 deatcra,
2510 1789 2745 1844 sinistra.
2772 1790 2906 1845 Nam
2951 1796 3198 1871 quamvis
3241 1811 3404 1850 unum
3435 1796 3628 1850 borum
3660 1799 3852 1854 inten-'

2245 1884 2354 1941 eat,
2379 1887 2559 1946 potest
2597 1885 2779 1934 tamen
2817 1880 3042 1935 alterum
3084 1898 3323 1938 manere.
3362 1884 3481 1939 Non
3507 1886 3587 1940 sic
3615 1888 3679 1942 de
3707 1886 3820 1943 ﬁlio

2243 1975 2300 2020 et
2326 1968 2392 2022 de
2414 1982 2589 2022 servo.
2629 1967 2749 2023 Alia
2778 1979 2904 2030 sunt
2932 1980 3146 2042 gentem
3175 1975 3548 2045 signiﬁcativa,
3588 1988 3650 2034 ut
3670 1977 3822 2034 Cra:-

2244 2073 2358 2123 cus,
2392 2055 2660 2128 Hispanus
2682 2076 2701 2114 :
2724 2060 2829 2114 alia
2850 2064 3098 2131 patriam,
3128 2074 3189 2120 ut
3202 2065 3491 2135 Romanus,
3525 2067 3820 2128 Thebanus.

2244 2145 2361 2200 Alia
2405 2147 2810 2221 interrogativa,
2859 2146 2919 2207 ut
2952 2155 3145 2224 qualis,
3197 2167 3446 2225 quantus,
3485 2162 3650 2231 quot?
3697 2177 3823 2217 cum

2248 2251 2377 2292 suos
2411 2249 2630 2295 servant
2654 2249 2928 2298 accentus.
2949 2244 3067 2300 Alia
3095 2247 3343 2316 relativa,
3372 2258 3432 2305 ut
3451 2259 3652 2318 tantus,
3675 2254 3823 2322 talis,

2244 2335 2340 2386 tot.
2364 2331 2483 2387 Alia
2510 2330 2788 2392 collectiva
2817 2354 2939 2408 qua;
2981 2340 3035 2395 in
3077 2341 3334 2413 singulari
3382 2361 3609 2401 numero
3653 2346 3825 2404 multa

2244 2422 2570 2494 signiﬁcant,
2615 2439 2674 2482 ut
2692 2431 2946 2502 populus,
2996 2434 3156 2504 plebs.
3191 2436 3309 2491 Alia
3339 2439 3574 2504 dividua,
3604 2447 3664 2494 ut
3689 2440 3821 2508 bini,

2243 2516 2400 2580 terni,
2427 2521 2646 2573 centeni.
2675 2520 2792 2576 Alia
2827 2522 3053 2592 laetitia,
3089 2527 3146 2582 id
3171 2537 3275 2594 est,
3304 2529 3371 2584 de
3396 2543 3530 2585 sono
3565 2529 3728 2597 lacu,
3760 2539 3824 2587 ιιι

2243 2604 2676 2675 tintinnabulum,
2720 2619 2917 2678 turtur,
2963 2614 3194 2687 clangor.
3210 2617 3343 2673 ’Alia
3377 2627 3503 2674 sunt
3525 2619 3821 2689 generalia,

2243 2710 2364 2766 quae
2394 2697 2450 2751 iu
2486 2699 2727 2757 diversas
2765 2705 2972 2772 species
3010 2717 3234 2778 possunt
3259 2710 3447 2774 dlvidi,
3487 2718 3548 2764 ut
3597 2712 3817 2778 animal,

2217 2789 2418 2843 ~arbor.
2441 2789 2560 2846 Alia
2587 2795 2862 2862 specialia,
2889 2804 2949 2852 ιιι
2971 2799 3146 2866 homo,
3191 2802 3329 2855 uitis.
3369 2800 3489 2856 Alia
3530 2802 3815 2867 orJinalia,

2242 2884 2303 2933 ιιι
2326 2880 2548 2949 primus,
2575 2885 2856 2940 secundus.
2886 2886 3006 2946 Alia
3036 2890 3363 2956 numeralia,
3389 2899 3452 2946 ιιι
3477 2909 3659 2959 unum,
3687 2895 3816 2960 duo,

2243 2976 2365 3023 tres.
2392 2970 2513 3025 Alia
2537 2971 2799 3032 absoluta.
2839 2984 2900 3032 ut
2940 2977 3101 3046 Deus,
3129 2982 3281 3036 ratio.
3332 2977 3444 3038 Alia
3479 2987 3818 3056 temporalia,

2243 3068 2303 3116 ut
2323 3064 2534 3129 mensis,
2562 3082 2752 3121 annus.
2780 3068 2897 3126 Alia
2917 3071 3130 3140 localia,
3156 3083 3216 3129 ut
3244 3078 3583 3148 prapinquus,
3608 3079 3819 3149 longin-

2239 3167 2392 3222 quus.
2422 3153 2540 3211 Alia
2582 3161 2951 3230 patronymica
2978 3160 3134 3233 [Μαί
3175 3165 3578 3238 patrimonlca],
3608 3176 3668 3221 ut
3701 3167 3819 3223 Sci-

2238 3243 2420 3312 piudes
2449 3259 2481 3299 a
2507 3243 2780 3327 Scipione,
2813 3249 3058 3306 Thesides
3088 3268 3119 3306 a
3152 3253 3382 3309 Theseo.
3428 3255 3553 3311 ﬂmc
3579 3273 3720 3327 saepe
3747 3260 3822 3314 ab

2240 3333 2356 3388 avis
2381 3333 2516 3389 ﬁunt
2560 3335 2617 3390 et
2649 3324 3107 3410 a\conditorlhus,
3155 3351 3214 3396 ut
3265 3342 3487 3412 Iliades,
3525 3324 3816 3404 Eneades.

2242 3422 2383 3478 Sunt
2409 3423 2514 3479 alia
2544 3409 2880 3496 possessiva,
2910 3447 3030 3502 quae
3061 3409 3359 3504 aliquid‘ex
3393 3409 3481 3494 his
3511 3440 3823 3512 signiﬁcant

2239 3527 2360 3582 qua:
2383 3514 2751 3583 possidentur,
2797 3526 2858 3572 ut
2887 3518 3185 3577 Evandrius
3229 3526 3388 3592 ensis,
3438 3537 3492 3581 et
3517 3530 3689 3598 regius
3722 3529 3822 3584 Ito-

2239 3620 2354 3658 nor.
2418 3606 2543 3662 Haec
2608 3623 2731 3662 cum
2761 3610 2996 3679 genitivo
3051 3615 3332 3687 principali
3397 3616 3824 3687 interpretantur

2239 3693 2392 3779 [ᾔδη
2422 3695 2550 3753 Haec
2591 3699 2825 3768 genitivo
2851 3701 3132 3772 principali
3162 3700 3519 3777 deserviunt],
3551 3714 3614 3760 ut
3635 3696 3819 3762 Evan-

2238 3785 2320 3838 dri
2365 3785 2512 3840 ensis
2548 3795 2603 3840 et
2626 3787 2768 3857 regis
2800 3787 2988 3864 honor.
3023 3789 3160 3844 Sunt
3185 3800 3240 3846 et
3269 3792 3386 3847 alite
3415 3796 3645 3863 species,
3677 3812 3819 3867 quas

2239 3876 2478 3931 Donatus
2499 3879 2669 3948 ponit,
2691 3880 2784 3935 sed
2809 3881 2916 3938 illa:
2938 3883 2992 3940 in
3010 3883 3094 3941 his
3121 3887 3481 3955 reperiuntur,
3508 3898 3568 3944 ut
3585 3889 3820 3960 qualitas

2239 3971 2296 4019 et
2321 3967 2613 4035 quantitas.
2643 3969 2698 4024 In
2730 3969 3005 4040 adjectivis
3047 3984 3102 4030 et
3128 3976 3497 4033 accidentibus
3527 3980 3815 4036 inveniun-

2240 4063 2330 4110 tur
2353 4056 2540 4123 bonus,
2567 4075 2786 4132 magnus
2819 4061 2915 4137 [et]
2946 4065 3134 4121 mediae
3159 4075 3282 4122 sunt
3311 4068 3737 4140 signiﬁcationis.

2308 4148 2406 4207 Fu.
2451 4147 2892 4222 Comparationes
2943 4156 3221 4212 nominum
3270 4159 3413 4213 unde
3459 4159 3816 4212 veniunt?—

2239 4238 2404 4296 Suo.
2448 4240 2493 4295 Α
2524 4242 2831 4300 nominibus
2859 4245 3137 4315 a'djectivis
3170 4255 3226 4301 et
3253 4249 3618 4303 accidentibus
3643 4239 3817 4306 'alicu-
3866 4281 3877 4290 κ

2231 4332 2320 4402 jus
2349 4334 2681 4400 substantizc,
2705 4335 3034 4409 qualitatem
3056 4337 3139 4392 vel
3170 4339 3524 4407 quantitatem
3547 4341 3710 4396 animi
3736 4336 3812 4398 si-

2236 4425 2617 4495 gniﬁcantibus
2651 4424 2738 4479 vel
2780 4427 3042 4494 corporis,
3081 4443 3201 4496 qua:
3236 4440 3462 4500 possunt
3507 4431 3592 4487 vel
3639 4434 3815 4490 incre-

2234 4523 2415 4569 menta
2445 4513 2531 4568 vel
2559 4515 2883 4571 detrimenta
2914 4533 3144 4575 sumere.
3191 4521 3365 4578 Homo
3391 4523 3475 4578 vel
3499 4523 3654 4594 lapis,
3685 4526 3812 4580 sub-

2231 4606 2433 4660 stantia
2473 4613 2575 4661 est.
2605 4605 2778 4664 Homo
2798 4610 3034 4680 prudens
3074 4620 3129 4668 et
3151 4615 3494 4684 prudentior;
3526 4615 3663 4684 lapis
3697 4630 3815 4670 ma-

2229 4714 2370 4769 gnus
2391 4708 2448 4754 et
2467 4699 2643 4770 major
2668 4703 2882 4760 dicitur.
2910 4705 2976 4759 Et
2998 4721 3211 4778 semper
3236 4706 3639 4774 comparativus
3664 4720 3814 4762 com-

2229 4791 2408 4846 munis
2435 4800 2520 4847 est
2538 4795 2771 4865 generis,
2800 4804 2860 4850 ut
2882 4797 2972 4851 hic
3006 4804 3062 4851 et
3086 4797 3201 4850 haec
3224 4794 3559 4863 prudentior.
3586 4795 3651 4852 Et
3675 4812 3809 4852 neu-

2232 4888 2374 4935 trum
2407 4882 2461 4937 in
2503 4883 2606 4950 ius,
2629 4893 2689 4940 ut
2728 4886 2825 4940 hoc
2863 4885 3192 4956 prudentius,
3241 4882 3388 4937 facit.
3433 4883 3710 4941 Invenitur
3748 4894 3807 4945 et

2230 4969 2628 5045 comparativus
2664 4991 2764 5048 pro
2791 4976 3020 5047 positivo
3065 4975 3212 5043 poni,
3243 4984 3303 5029 ut
3329 4976 3520 5047 Virgil.
3559 4975 3714 5050 (.En.
3751 4993 3804 5044 v,

2232 5051 2402 5137 sot)‘:

2545 5194 2556 5207 .
2581 5192 2596 5206 .
2623 5193 2638 5207 .
2662 5158 2876 5209 Comites
2898 5154 3105 5206 senioris
3135 5157 3324 5208 Acestze
3351 5198 3372 5219 ι

2237 5253 2336 5308 pro
2355 5241 2514 5294 senis.
2545 5240 2640 5294 Est
2677 5237 2891 5307 quando
2918 5237 3095 5293 minus
3121 5241 3350 5309 positivo
3375 5241 3630 5311 singulari
3652 5240 3806 5313 μὴ,

2236 5328 2526 5399 positivum
2571 5326 2918 5399 singularem]
2962 5329 3246 5399 signiﬁcat,
3291 5343 3345 5388 et
3379 5331 3507 5388 nulli
3529 5336 3810 5404 compara-

2241 5429 2328 5476 tur
2356 5430 2418 5476 ut
2445 5421 2632 5491 Virgil.
2658 5420 2810 5490 (Ain.
2833 5438 2873 5486 ι,
2897 5423 3022 5498 522)
3055 5445 3068 5479 :
3098 5423 3102 5427 ’

2318 5510 2324 5516 ’
2364 5535 2566 5585 Tristior
2590 5540 2738 5609 atque
2763 5536 2928 5619 oculos
2948 5537 3169 5601 lacrymls
3190 5541 3373 5611 sull'usa
3397 5515 3630 5593 nitentes.

2244 5622 2468 5679 Tristior
2502 5625 2590 5681 hic
2631 5641 2694 5682 cx
2730 5637 2883 5698 parte
2920 5629 3186 5702 signiﬁcat
3229 5633 3454 5688 tristem.
3499 5633 3659 5687 Fiunt
3684 5640 3738 5687 et
3776 5648 3810 5686 a
