4266 6198
610 259 716 317 863

1410 259 1468 312 ε.
1501 222 1824 312 ΡξΑιθιΝι
1865 251 1994 308 seu
2034 247 2307 306 ALCL‘lNl
2348 245 2629 302 OPERUM
2671 247 2848 300 rans
2880 241 2985 295 vn.

3725 240 3830 300 θοι

681 375 778 430 Fs.
809 374 1020 430 Modum
1060 388 1188 427 mea:
1224 374 1462 428 avaritiae
1503 381 1560 427 et
1600 386 1705 425 non
1754 378 1859 422 tua:
1902 361 2174 419 tenacitati
2208 362 2248 416 Α
2279 355 2456 418 bunal.
2505 357 2719 427 vectigal
2745 365 2796 410 et
2819 357 2922 419 sal.
2964 356 3102 422 quod
3130 354 3478 408 masculinum
3505 360 3558 406 ει
3593 361 3838 406 “Cllle

609 467 880 536 imponere
921 465 1022 518 vis.
1051 493 1122 503 —
1147 463 1310 517 Saxo.
1367 463 1484 527 Eia,
1530 475 1713 530 perge,
1764 474 1872 528 quo
1907 457 2039 512 velis
2084 469 2168 507 sc-

607 569 744 624 quar
771 563 840 608 te.

679 644 774 698 Fn.
821 645 1042 713 Pergam
1093 643 1509 711 interrogando,
1568 652 1628 696 tu
1676 655 1901 710 sequere
1948 653 2170 707 respon-

607 736 798 788 dendo.
848 734 914 787 Et
939 735 1167 802 primum
1200 734 1288 788 dic
1327 733 1380 786 in
1418 748 1525 801 quo
1566 732 1635 786 sit
1678 732 1909 785 maxima
1939 729 2170 783 nominis

607 825 933 879 difﬁcultas?
964 854 1034 865 -
1060 823 1224 878 Saxo.
1275 823 1331 878 in
1381 823 1667 892 generibus
1703 830 1759 876 et
1802 819 2171 875 declinationi-

607 915 725 968 bus.

674 1002 771 1057 Fu.
817 1002 1111 1057 Declinatio
1154 1001 1209 1055 in
1254 1017 1361 1073 quo
1407 1001 1762 1072 agnoscitur?
1791 1029 1864 1040 —-
1899 997 2064 1054 Ssxo.
2113 997 2170 1052 ln

603 1096 981 1150 terminatione
1008 1094 1230 1164 genitivi
1255 1109 1435 1148 casus.
1748 1076 1759 1083 ’

671 1185 770 1238 Fu.
819 1185 959 1251 Quot
1007 1191 1129 1238 sunt
1173 1182 1580 1238 terminationes
1602 1182 1843 1250 οεδιιίιίνί
1884 1181 2172 1236 casus?—

603 1273 770 1329 SAXO.
817 1275 1083 1342 Quinque.
1119 1272 1294 1342 Atque
1332 1273 1451 1328 ideo
1479 1273 1716 1342 quinque
1743 1278 1866 1326 sunt
1896 1271 2171 1325 nominum

579 1403 586 1412 .
602 1366 1004 1420 declinationes.
2153 1435 2160 1440 ἱ

673 1454 768 1507 Fs.
803 1455 896 1508 Dic
925 1454 1178 1522 singulas.
1220 1485 1289 1493 —
1319 1453 1484 1509 Saxo.
1530 1453 1707 1508 Prima
1749 1454 1802 1507 in
1849 1469 1915 1516 ω,
1961 1461 2056 1505 ut:
2088 1453 2172 1504 hic
2205 1482 2208 1486 -

568 1595 571 1599 .
598 1554 772 1612 poeta,
797 1544 954 1612 hujus
977 1555 1158 1612 pectre.
1193 1543 1436 1599 Secunda
1465 1545 1518 1598 in
1541 1546 1581 1608 i,
1609 1553 1705 1598 ut:
1737 1545 1819 1597 hic
1843 1545 2046 1605 doctus,
2076 1543 2172 1595 hu-

527 1631 540 1640 “
593 1633 685 1704 jus
713 1635 870 1686 docti.
913 1635 1090 1688 Tertia
1118 1636 1171 1689 in
1210 1637 1252 1690 is
1278 1637 1518 1697 brevem.
1546 1645 1642 1690 ut:
1690 1637 1774 1690 hic
1808 1646 1973 1705 pater,
2013 1634 2171 1703 hujus

2269 447 2560 501 invenitur.
2593 447 2649 501 Si
2672 448 2900 502 barbara
2927 446 3081 509 ﬁunt,
3108 445 3398 498 masculina
3424 452 3570 507 sunt,
3598 451 3656 495 ut
3676 441 3842 496 Anni-

2268 537 2377 602 bal,
2410 545 2514 591 etc.
2543 535 2601 590 In
2629 535 2676 590 el
2705 545 2910 590 neutra.
2943 533 3070 598 Hel,
3109 535 3196 602 fel.
3229 534 3286 587 ln
3327 535 3365 586 il
3389 548 3554 586 unum
3583 531 3839 586 masculi—'
3893 553 3899 559 ι

2269 641 2432 690 num,
2484 625 2669 696 pugil;
2723 641 2886 679 unum
2937 624 3280 688 femininum,
3333 623 3607 694 Tanaquil.
3663 623 3840 678 Unum

2269 733 2577 782 commune,
2605 717 2744 787 uigil.
2782 717 2953 771 Unum
2985 725 3228 771 neutrum
3259 716 3655 777 indeclinabile,
3687 713 3835 776 nihil,

2268 809 2324 863 ln
2350 810 2400 864 ol
2425 826 2590 864 unum
2617 812 2989 874 masculinum,
3025 811 3120 863 sol.
3152 811 3207 864 ln
3235 810 3290 863 ul
3320 810 3469 864 ﬁnita
3497 810 3601 864 duo
3628 824 3837 862 mascu-

2271 901 2397 964 lina,
2449 900 2648 964 consul,
2697 901 2910 971 prtesul.
2961 901 3130 956 Unum
3180 916 3484 963 commune,
3523 908 3618 952 ut:
3665 895 3834 953 exsul.

2270 991 2327 1045 in
2357 1009 2442 1045 am
2465 1008 2628 1045 unum
2659 1007 2964 1058 commune,
2991 1000 3048 1046 ut
3067 992 3148 1044 hic.
3172 1000 3226 1044 et
3253 991 3363 1044 lure
3388 999 3441 1044 et
3469 990 3565 1042 hoc
3591 1005 3832 1060 nequam.

2195 1127 2201 1133 .
2270 1082 2337 1136 Et
2367 1083 2479 1138 haec
2498 1084 2680 1148 omnia
2703 1065 2856 1150 juxia
2884 1084 3097 1138 tertium
3124 1081 3411 1136 ﬂectuntur
3433 1081 3676 1135 ordinem
3699 1077 3834 1150 [ΑΛ.

2272 1173 2556 1226 tertiam...
2586 1171 3038 1242 declinationem].
3072 1171 3130 1224 in
3161 1187 3248 1222 um
3278 1170 3458 1224 omnia
3493 1177 3684 1222 neutra
3712 1174 3839 1221 sunt

2272 1270 2323 1317 et
2360 1261 2607 1316 secundae
2632 1262 3023 1324 declinationis,
3058 1257 3118 1315 ut
3141 1258 3407 1328 templum,
3452 1256 3646 1328 templi.
3693 1255 3749 1310 In
3774 1271 3838 1308 en

2273 1366 2462 1404 novem
2493 1357 2617 1404 sunt
2642 1351 2981 1404 masculina:
3029 1348 3154 1414 lien,
3199 1347 3328 1414 rien,
3379 1350 3593 1418 ﬂamen,
3639 1357 3838 1417 pecten,

2271 1441 2480 1505 tibicen,
2526 1441 2747 1509 ﬁdicen,
2797 1441 2991 1504 liticen,
3043 1441 3273 1503 tubicen,
3323 1440 3602 1502 cornicen;
3647 1445 3836 1492 caetera

2271 1533 2451 1586 omnia
2478 1521 2664 1586 neutra
2687 1542 2831 1598 sunt,
2862 1543 2919 1587 ut
2943 1550 3172 1598 carmen,
3200 1535 3392 1602 [lumen
3415 1549 3434 1597 ;
3459 1541 3513 1586 et
3533 1531 3713 1586 omnia
3739 1539 3824 1584 ter

2272 1623 2362 1676 tite
2389 1621 2774 1676 declinationis.
2818 1623 2874 1675 in
2901 1638 2963 1675 ar
2997 1621 3144 1675 ﬁnita
3177 1631 3300 1676 sunt
3331 1622 3501 1675 tertiae
3528 1618 3815 1673 declinatio

597 1691 781 1791 ξηαπ-ξε,
830 1723 1028 1789 Quarta
1079 1726 1130 1778 ίη
1177 1742 1238 1780 κε
1284 1728 1624 1795 productam,
1671 1736 1768 1781 υιε
1808 1691 1894 1780 λίς
1938 1691 2172 1791 δεηαίαε’
2206 1691 2250 1750 Β
2277 1711 2362 1765 nis
2387 1718 2439 1765 et
2463 1712 2744 1775 neutralia,
2775 1719 2833 1765 ut
2860 1712 3110 1776 torcular,
3146 1712 3406 1781 pulvinar.
3439 1710 3724 1778 Exceptis:
3761 1706 3847 1761 hic

600 1815 760 1884 hujus
785 1827 1013 1870 senatus.
1050 1817 1245 1884 Quinta
1285 1818 1337 1872 in
1364 1819 1412 1872 ei
1437 1819 1658 1884 divisas,
1686 1828 1744 1872 ut
1767 1837 1779 1872 :
1809 1819 1891 1872 hic
1917 1818 2050 1883 dies,
2075 1817 2175 1870 hu-

594 1904 690 1972 jus
727 1906 851 1959 diei.

668 1995 766 2048 Fu.
801 1996 1025 2049 Nomina
1057 1997 1110 2050 in
1140 2013 1171 2049 a
1213 1993 1408 2067 [ﬁnita]
1439 1997 1590 2064 cujus
1620 1998 1835 2067 generis
1881 1996 1964 2050 vel
2009 1997 2174 2052 decli-

598 2090 830 2142 nationis
861 2090 1026 2152 sunt?
1054 2119 1121 2128 —
1147 2088 1310 2143 Saxo.
1360 2089 1551 2143 Omnia
1593 2088 1878 2161 [nomina],
1907 2089 1950 2143 si
1984 2087 2172 2142 Latina

596 2188 745 2240 sunt,
777 2180 961 2246 prima:
991 2179 1389 2248 [declinationis
1420 2177 1567 2250 sunt]
1617 2187 1674 2233 et
1702 2179 1863 2233 trium
1894 2193 2170 2250 generum,

600 2267 898 2329 masculini,
930 2267 1195 2332 feminini,
1223 2269 1542 2322 communis.

669 2358 1050 2413 Fa.-Discerne
1075 2374 1195 2428 qua:
1238 2359 1541 2429 pertineant
1581 2361 1648 2414 ad
1691 2359 1794 2414 hoc
1817 2359 1901 2413 vel
1931 2358 2058 2413 illud
2084 2373 2175 2428 ge-

598 2463 716 2501 nus.
747 2448 911 2503 SAXO.
941 2449 1225 2502 Hominum
1252 2451 1466 2504 nomina
1495 2451 1547 2504 in
1579 2469 1610 2504 a
1641 2451 1934 2505 desinentia
1963 2463 2174 2502 mascu-

598 2541 689 2596 lini
720 2550 843 2596 sunt
865 2543 1096 2612 generis,
1135 2550 1236 2595 ut:
1277 2543 1447 2612 Sylla,
1497 2542 1715 2598 Seneca.
1764 2543 2004 2596 Aliarum
2047 2556 2174 2596 vero

601 2645 780 2684 rerum
809 2632 1022 2699 propria
1059 2629 1312 2685 feminina
1344 2638 1490 2695 sunt,
1533 2641 1628 2686 ut:
1661 2631 1852 2697 Roma,
1890 2631 1994 2685 Ilia
2025 2631 2170 2702 [Ms.,

603 2716 809 2788 Italia],
846 2720 1011 2771 curia.
1068 2720 1135 2774 Et
1177 2721 1356 2774 omnia
1396 2721 1716 2790 appellativa
1761 2721 2005 2774 feminini
2039 2721 2173 2775 ﬁunt

599 2803 760 2875 [.lls.,
808 2804 953 2875 sunt]
982 2807 1215 2874 generis,
1262 2816 1357 2862 ut:
1393 2810 1592 2878 regina,
1627 2809 1837 2878 justitia
1861 2822 1879 2859 :
1917 2810 2018 2864 nisi
2059 2810 2173 2865 haec

599 2911 716 2964 qum
745 2896 809 2948 ad
845 2894 1022 2948 ofﬁcia
1051 2895 1287 2949 virorum
1317 2899 1607 2965 pertinent,
1654 2908 1749 2952 ut:
1795 2898 1926 2964 lixa,
1978 2900 2168 2963 scriba,

596 2984 815 3054 collega,
844 2992 898 3039 et
923 3001 1040 3060 qua:
1061 3000 1090 3038 a
1105 2983 1305 3039 Graecis
1328 2988 1654 3055 sumpsimus
1679 2990 1972 3043 mutatione
1991 3007 2016 3042 s
2041 2989 2171 3044 ﬁna-

596 3076 662 3126 lis
691 3077 740 3127 in
771 3093 825 3140 a,
857 3086 915 3129 ut
941 3087 1131 3145 poetes,
1158 3077 1450 3130 citharistes
1473 3095 1491 3142 ;
1523 3093 1621 3132 nos
1647 3088 1797 3146 poeta
1821 3088 1876 3133 et
1902 3079 2172 3131 citharista

595 3164 825 3218 dicimus
852 3184 863 3217 :
909 3175 963 3218 et
986 3182 1104 3235 qum
1143 3182 1171 3220 a
1199 3168 1381 3222 verbis
1407 3169 1704 3236 composita
1733 3181 1876 3230 sunt,
1920 3167 2004 3222 vel
2031 3167 2173 3220 deri-
2199 3230 2212 3241 ’

598 3255 777 3306 vativa
821 3263 969 3316 sunt,
1014 3257 1320 3309 communia
1362 3268 1506 3322 sunt,
1543 3267 1640 3311 ut:
1675 3259 1758 3311 hic
1793 3266 1847 3312 et
1891 3259 2001 3310 luce
2031 3257 2180 3326 agri-

599 3343 714 3395 cola
737 3385 750 3406 ,
780 3346 1041 3412 rurigena,
1070 3345 1290 3407 advena,
1331 3348 1613 3412 patricida,
1645 3350 1878 3414 conviva,
1905 3357 1961 3405 et
1995 3349 2081 3405 liis
2102 3349 2174 3402 si-

601 3434 770 3488 milia.

669 3523 766 3576 Fa.
815 3524 1053 3579 Aliarum
1110 3540 1437 3598 prosequere
1492 3527 1759 3583 vocalium
1821 3529 2053 3598 regulas.
2089 3551 2176 3569 '—

601 3610 768 3668 Suo.
816 3614 1053 3668 Faciam.
1108 3617 1169 3671 In
1199 3636 1226 3673 e
1261 3620 1441 3672 oumia
1484 3620 1659 3675 tertiae
1708 3620 2078 3675 declinationis
2121 3629 2176 3674 et

601 3703 776 3757 neutri
803 3704 1039 3769 generis,
1086 3715 1180 3758 ut:
1230 3707 1325 3759 hoc
1371 3709 1583 3762 monile.
1629 3709 2040 3774 Inineutrum;
2078 3712 2177 3764 hoc

598 3793 814 3862 gummi.
859 3790 916 3845 In
944 3808 974 3845 ο
1007 3793 1151 3846 ﬁnita
1177 3794 1354 3848 omnia
1378 3837 1382 3842 .
1403 3798 1576 3850 tertiae
1623 3807 1748 3852 sunt
1779 3799 2170 3864 declinationis,

598 3885 693 3938 sed
722 3875 917 3939 diversi
947 3886 1176 3955 generis.
1209 3885 1258 3940 E
1283 3887 1630 3943 antecedente
1661 3905 1690 3942 ο
1713 3891 2010 3945 mascuiina
2045 3908 2172 3960 pro.

599 3977 715 4045 pria
743 3987 885 4040 sunt,
919 3989 1010 4031 ut:
1058 3976 1248 4042 Labeo,
1276 3995 1465 4050 ganeo,
1504 3979 1638 4034 aleo.
1681 3979 1710 4032 1
1741 3981 2093 4036 antecedente
2120 3999 2171 4046 ο,

599 4067 814 4134 quando
858 4077 982 4122 sunt
1025 4067 1282 4133 verbalia,
1333 4070 1591 4124 feminina
1638 4079 1786 4134 sunt,
1833 4080 1930 4125 ut:
1981 4073 2170 4136 oratio,

599 4156 757 4215 actio,
786 4156 1107 4226 conjugasio,
1133 4165 1236 4212 etc.
1279 4157 1321 4213 G
1355 4161 1439 4213 vel
1459 4161 1494 4213 d
1517 4161 1821 4230 praepositis
1845 4179 1900 4226 ο,
1931 4163 1973 4216 si
2000 4161 2175 4218 mutae

599 4250 687 4296 tur
715 4260 745 4296 ο
776 4244 874 4296 ini
918 4246 973 4298 in
1013 4246 1246 4315 obliquis
1290 4251 1526 4313 casibus,
1574 4249 1828 4304 feminina
1878 4262 2023 4313 sunt,
2073 4263 2166 4306 ut:

599 4334 767 4402 virgo,
811 4331 974 4401 uligo,
1009 4334 1250 4396 dulcedo,
1297 4337 1507 4405 cupido,
1556 4339 1696 4404 quod
1723 4347 1778 4391 et
1822 4341 2170 4394 masculinum
2202 4374 2246 4431 υ

597 4434 702 4486 est,
754 4424 968 4491 quando
994 4425 1267 4492 proprium
1299 4434 1398 4479 est.
1437 4425 1831 4496 Excipiuntur:
1880 4428 1984 4492 hic,
2019 4430 2166 4489 ordo,

598 4513 782 4578 cardo,
824 4528 1033 4582 mango,
1069 4529 1273 4587 margo,
1299 4513 1500 4582 praedo,
1530 4514 1686 4579 cudo,
1715 4515 1919 4584 spado;
1945 4525 2000 4571 et
2024 4531 2169 4589 com-

603 4602 808 4664 munia,
856 4608 950 4655 ut:
993 4601 1170 4668 homo,
1214 4599 1368 4655 latro.
1419 4601 1550 4656 Item
1586 4620 1598 4655 :
1645 4603 1774 4667 duo,
1821 4605 1994 4670 ambo,
2034 4616 2169 4670 octo,

601 4688 774 4756 pondo
806 4691 1107 4744 communia
1154 4688 1344 4762 [sunt].
1395 4689 1460 4744 Et
1488 4688 1628 4743 Juno
1664 4699 1720 4745 et
1747 4707 1872 4744 caro
1915 4690 2168 4746 feminina

605 4777 796 4849 [sunt].
844 4781 960 4834 Alia
987 4782 1167 4836 omnia
1195 4782 1489 4838 masculina
1515 4790 1662 4847 sunt,
1701 4789 1803 4836 ut:
1848 4780 2038 4846 stellio,
2087 4781 2173 4836 Ci-

602 4887 743 4937 cero,
772 4873 950 4935 carbo,
993 4890 1179 4928 sermo.
1216 4875 1272 4929 ln
1308 4892 1343 4928 u
1371 4883 1558 4929 neutra
1590 4884 1716 4930 sunt
1742 4883 1796 4929 et
1829 4881 2035 4943 quartae
2075 4873 2168 4928 de-

603 4965 926 5028 clinationis,
955 4973 1016 5018 ut
1045 4983 1058 5016 :
1087 4981 1285 5041 cornu,_
1306 4982 1462 5037 genu,
1490 4967 1628 5037 gelu.
1659 4967 1728 5025 Et
1750 4975 1877 5023 sunt
1911 4974 2091 5037 aptota
2114 4966 2167 5020 in

538 5095 543 5102 .
605 5054 864 5123 singulari
896 5068 1142 5108 numero.

678 5142 774 5195 Fu.
804 5143 977 5197 Placet
1007 5140 1148 5210 quod
1173 5140 1329 5207 dicis,
1365 5143 1488 5197 licet
1511 5159 1571 5197 ιιι
1613 5143 1748 5216 [ΑΙ.,
1789 5151 1864 5210 vi,
1898 5163 1988 5201 seu
2014 5147 2089 5212 vi,
2112 5146 2168 5200 id

605 5242 682 5286 est
709 5233 972 5306 violenter]
1001 5234 1168 5288 dicas.
1199 5231 1304 5288 Sed
1329 5237 1740 5290 consonantium
1767 5239 1975 5308 regulas
1995 5240 2168 5309 pande

609 5335 703 5388 per
740 5328 810 5383 te,
857 5336 944 5377 me
971 5330 1180 5377 tacente
1219 5330 1276 5377 et
1316 5325 1592 5393 probante.
1618 5325 1876 5384 —Ssxo.
1923 5328 2060 5384 Fiat.
2108 5329 2167 5383 in

607 5427 637 5464 c
668 5420 854 5466 neutra
879 5413 1005 5480 duo,
1036 5423 1127 5468 ut:
1166 5413 1295 5482 Lac,
1321 5416 1450 5472 alec.
1479 5417 1536 5472 in
1564 5417 1598 5470 d
1634 5429 1843 5483 neutra,
1871 5429 1932 5474 ut
1956 5439 1969 5473 :
2018 5421 2163 5492 quid,

609 5503 769 5572 quod,
814 5503 1000 5570 aliud;
1049 5523 1168 5576 quae
1197 5511 1410 5564 nomina
1441 5525 1560 5564 esse
1607 5510 1789 5565 multis
1816 5513 1986 5566 modis
2028 5513 2166 5566 ratio

608 5593 812 5663 probat.
843 5591 898 5648 In
923 5593 996 5660 al,
1040 5596 1198 5668 275
1223 5600 1266 5653 si
1296 5598 1508 5665 Latina,
1537 5610 1722 5655 neutra
1755 5611 1896 5664 sunt,
1927 5610 1982 5655 ut
2011 5621 2022 5652 :
2071 5602 2164 5654 tri—

2278 1801 2403 1874 [Al.,
2434 1801 2538 1872 his]
2567 1799 2763 1866 σίτων,
2791 1801 2910 1866 Jar,
2939 1812 2993 1857 et
3027 1803 3163 1866 Nar,
3189 1802 3332 1856 ﬂuvii
3355 1817 3549 1856 nomen
3582 1819 3594 1854 :
3633 1808 3686 1854 et
3706 1813 3846 1854 eom-

2276 1894 2453 1946 munis
2479 1892 2710 1961 generis,
2759 1901 2818 1945 ut
2843 1893 2924 1945 hic
2949 1899 3004 1945 et
3043 1893 3152 1945 lure
3177 1901 3231 1945 et
3254 1893 3349 1945 hoc
3379 1909 3497 1962 par,
3541 1899 3596 1945 et
3633 1905 3751 1960 qua:
3778 1903 3846 1943 ex
3931 1943 3938 1950 ,

2273 1998 2341 2037 eo
2382 1985 2673 2050 composita
2717 1990 2876 2037 sunt:
2921 1984 3108 2051 impar,
3154 1984 3354 2053 dispar,
3405 1993 3634 2052 contpar.
3685 1981 3744 2036 in
3789 1997 3850 2037 er

2275 2074 2447 2137 ﬁnita,
2475 2075 2713 2144 exceptis
2739 2091 2752 2126 :
2784 2075 2893 2126 hrec
2920 2084 3105 2137 mater,
3136 2075 3500 2129 hmamulier:
3535 2083 3588 2128 et
3610 2074 3694 2127 liis
3715 2089 3846 2127 neu-

2276 2164 2393 2225 tris,
2429 2164 2614 2228 Juber,
2657 2181 2902 2234 papaver,
2950 2163 3164 2238 [tuber,]
3206 2165 3445 2229 cadaver,
3494 2164 3653 2227 laser,
3695 2163 3844 2229 siler,

2275 2255 2390 2316 iter,
2433 2256 2586 2318 cicer,
2619 2257 2787 2318 siser;
2825 2265 2879 2310 et
2901 2257 3271 2309 communibus
3298 2255 3400 2316 bis,
3449 2253 3667 2324 [pauper
3702 2253 3847 2321 (Ed.,

2273 2344 2502 2416 paucis)]
2526 2346 2672 2408 uber,
2701 2345 2857 2409 celer,
2895 2345 2995 2398 alia
3022 2346 3198 2399 omnia
3228 2343 3506 2397 masculini
3533 2352 3657 2397 sunt
3681 2357 3848 2411 gene-

2277 2436 2388 2499 ris;
2426 2435 2527 2510 alia
2557 2436 2826 2498 secundm,
2861 2436 2964 2491 alia
2999 2436 3170 2488 tertia
3197 2433 3586 2500 declinationis;
3618 2452 3850 2506 quorum

2275 2528 2562 2584 declinatio
2592 2527 2751 2581 facile
2795 2542 2860 2580 ex
2894 2526 3123 2595 obliquis
3151 2527 3365 2601 casibus
3402 2527 3619 2596 intelligi
3649 2535 3845 2595 potest.

2274 2619 2341 2673 Et
2391 2620 2508 2674 ideo
2543 2619 2609 2674 de
2640 2619 3054 2680 declinationum
3092 2617 3403 2672 diversitate
3433 2618 3651 2672 minime
3697 2616 3850 2672 laba:

2275 2713 2504 2766 randum
2533 2727 2744 2766 censeo.

2345 2802 2437 2856 Fn.
2467 2802 2572 2856 Fac
2593 2813 2649 2855 ut
2672 2803 2863 2870 placet.
2892 2803 2966 2858 Ex
3001 2817 3086 2856 me
3115 2802 3255 2854 enim
3292 2814 3507 2868 possum
3538 2799 3853 2856 declinatio-

2269 2900 2387 2953 nes,
2435 2898 2493 2944 ut
2511 2890 2712 2950 dixisti,
2749 2891 2998 2960 experiri.
3037 2920 3105 2928 —
3140 2888 3300 2944 Stxo.
3338 2890 3395 2944 In
3433 2891 3482 2943 ir
3527 2905 3692 2944 unum
3733 2906 3848 2945 ma¢

2273 2983 2557 3046 scu’innm,
2589 2984 2675 3036 hic.
2714 2985 2826 3046 vir;
2875 2991 2927 3035 rt
2953 2998 3016 3036 ex
3042 2997 3107 3036 eo
3127 3045 3130 3048 I
3150 2983 3465 3052 composita,
3496 2991 3572 3046 ut,
3617 2984 3844 3049 semivir,

2273 3075 2534 3138 duumvir,
2564 3074 2691 3128 levir
2715 3073 2843 3144 [Al.,
2874 3073 3059 3145 Licuit].
3095 3075 3157 3128 Et
3181 3090 3344 3128 unum
3365 3085 3634 3136 neutrum,
3666 3083 3725 3128 ut
3750 3075 3848 3128 hoc

2272 3167 2322 3218 ir
2351 3165 2636 3236 [medietas
2663 3164 2872 3235 palmae]
2921 3164 3292 3218 indeclinabile
3317 3183 3328 3217 :
3362 3173 3416 3217 et
3441 3173 3564 3217 sunt
3595 3164 3844 3220 secunda:

2274 3256 2663 3312 declinationis.
2717 3254 2777 3312 In
2815 3271 2875 3307 or
2924 3255 3219 3310 desinentia
3269 3263 3566 3321 sequuntur
3615 3253 3846 3310 formam

2273 3348 2445 3401 tertia:
2492 3345 2884 3409 declinationis,
2929 3354 2982 3396 et
3011 3353 3135 3398 sunt
3157 3345 3445 3399 masculina
3467 3387 3480 3408 ,
3521 3348 3733 3417 propria
3764 3345 3847 3402 rei

2275 3436 2612 3504 appellativa,
2657 3445 2715 3488 ut
2748 3454 2759 3488 :
2813 3433 3025 3498 flector,
3059 3433 3458 3502 orator,""furor,
3501 3436 3682 3489 doctor
3704 3449 3723 3486 .°
3752 3451 3846 3490 ex-

2273 3525 2446 3591 ceptis
2478 3525 2649 3577 tribus
2675 3524 2967 3587 femininis,
3003 3541 3172 3588 soror,
3214 3541 3367 3589 uxor,
3399 3526 3595 3580 arbor:
3626 3535 3680 3580 et
3716 3540 3848 3579 neu-

2277 3612 2374 3664 tris
2408 3610 2529 3664 his:
2585 3611 2746 3674 Ador,
2792 3627 3039 3673 marmor,
3074 3630 3266 3682 aequor,
3313 3613 3456 3676 ebor,
3494 3614 3628 3675 olor,
3656 3615 3845 3682 feruor,

2265 3720 2363 3782 ger
2387 3720 2403 3756 :
2431 3712 2484 3757 et
2513 3717 2819 3765 commune,
2863 3702 2943 3755 hic
2970 3710 3024 3755 et
3057 3703 3166 3755 lure
3194 3715 3393 3766 auctor,
3428 3703 3676 3769 discolor,
3722 3723 3847 3759 con-

2273 3792 2453 3856 color;
2483 3793 2565 3845 hic
2586 3799 2640 3846 et
2662 3791 2771 3845 lucc
2799 3807 2994 3844 memor
3014 3801 3066 3844 et
3093 3791 3400 3858 immemor;
3429 3802 3482 3847 et
3504 3793 3680 3855 omnia
3705 3809 3846 3848 com-

2272 3883 2513 3950 parativa
2544 3900 2604 3936 or
2646 3878 2794 3960 ﬁnita
2837 3882 3133 3937 commimis
3167 3892 3292 3939 sunt
3330 3884 3561 3955 generis,
3594 3895 3652 3940 ut
3677 3887 3761 3940 hic
3792 3895 3841 3940 et

2274 3974 2384 4026 hare
2423 3974 2642 4035 doctior,
2680 3974 2860 4027 melior
2885 3993 2902 4039 ;
2939 3984 3160 4044 excepto
3186 3993 3313 4039 uno,
3342 3977 3425 4030 hic
3453 3979 3644 4031 senior.
3696 3977 3752 4034 In
3780 3995 3838 4032 us

2273 4076 2437 4114 unum
2468 4063 2716 4116 secundae
2752 4061 3163 4137 [declinationis]
3207 4067 3520 4126 invenitur:
3567 4069 3651 4121 hic
3694 4077 3847 4122 satur

2273 4159 2328 4204 et
2366 4149 2494 4204 facit
2515 4161 2696 4205 satura
2734 4151 3008 4206 feminino.
3057 4154 3342 4214 Mast'ulina
3374 4171 3520 4218 vero,
3559 4157 3643 4208 hic
3672 4165 3840 4221 estur,

2271 4251 2464 4303 turtur,
2513 4241 2702 4296 vultur.
2752 4243 3084 4308 Communia,
3134 4255 3191 4298 ut
3233 4247 3317 4297 hic
3353 4253 3410 4298 et
3433 4246 3543 4298 hinc
3591 4262 3760 4315 augur
3789 4251 3844 4299 et

2273 4331 2379 4398 fur.
2406 4330 2523 4385 Alia
2550 4333 2728 4385 omnia
2758 4341 2946 4386 neutra
2975 4343 3116 4397 sunt,
3145 4343 3202 4390 ut
3220 4343 3416 4403 guttur,
3444 4328 3680 4406 sulphur,
3705 4355 3846 4392 mut»

2272 4433 2407 4479 mur,
2432 4419 2628 4486 jecur;
2672 4427 2725 4473 et
2753 4421 2925 4474 tertiae
2951 4421 3338 4478 declinationis.
3375 4425 3434 4482 ln
3467 4444 3524 4481 as
3555 4431 3842 4486 terminata

2272 4503 2513 4560 feminini
2539 4495 2662 4562 sunt
2692 4510 2923 4577 generis,
2957 4521 3015 4565 ut
3042 4513 3150 4566 haec
3177 4516 3424 4584 dignitas,
3461 4520 3644 4588 pietas,
3674 4535 3835 4574 exce-

2271 4597 2396 4666 ptis,
2427 4598 2509 4650 hic
2539 4617 2616 4662 as,
2649 4601 2800 4665 assis,
2829 4620 2962 4667 mas,
2989 4606 3168 4669 maris,
3196 4623 3308 4671 vas,
3337 4610 3480 4662 uadis
3504 4627 3522 4674 ,'
3548 4604 3603 4664 et
3631 4611 3726 4663 hoc
3749 4627 3836 4664 vas

2271 4687 2406 4739 vasis
2428 4703 2446 4740 :
2472 4690 2642 4744 ethoc
2667 4691 2749 4760 fas
2769 4701 2823 4747 et
2843 4695 2988 4763 nefas
3008 4704 3062 4752 et
3085 4698 3258 4751 omnis
3281 4699 3492 4766 generis
3512 4715 3680 4768 nugas
3703 4698 3833 4772 [Αι.,

2272 4777 2513 4850 nugax];
2561 4789 2615 4835 et
2663 4786 2840 4838 omnia
2885 4789 3054 4842 tertia:
3093 4787 3486 4848 declinationis.
3539 4789 3647 4851 Sed
3684 4793 3825 4849 inve4

2271 4869 2493 4924 niuntur
2517 4874 2731 4942 propria
2775 4877 2958 4943 primae
2982 4877 3368 4942 declinationis,
3416 4885 3476 4930 ut
3498 4878 3582 4933 hic
3612 4881 3835 4952 Encas,

2272 4957 2474 5027 Lysias.
2527 4963 2592 5017 Et
2619 4965 2789 5018 tertia:
2819 4979 3029 5032 quoque
3071 4963 3484 5039 [declinationis]
3507 4971 3695 5038 patrie
3735 4987 3835 5028 no-

2273 5051 2436 5114 mina,
2463 5054 2546 5108 hic
2586 5053 2856 5122 Mycenas,
2903 5053 3158 5123 Capenas,
3187 5055 3430 5127 Arpinas.
3476 5061 3534 5114 In
3562 5078 3615 5116 es
3654 5077 3834 5119 ωτι-ον

2272 5145 2417 5210 ptam
2455 5147 2762 5207 terminata,
2809 5145 2851 5196 si
2898 5145 3212 5218 naturaliter
3240 5147 3305 5203 de
3349 5166 3494 5205 mare
3537 5160 3593 5206 et
3635 5153 3833 5209 femina

2268 5233 2587 5302 signiﬁcatio
2610 5242 2787 5304 potest
2813 5248 2951 5298 esse,
2981 5240 3280 5291 communia
3318 5239 3446 5294 ﬁant
3472 5241 3602 5312 [Al.,
3648 5243 3828 5316 ﬁunt],

2267 5332 2326 5376 ut
2351 5325 2433 5379 hic
2456 5335 2509 5381 et
2535 5328 2644 5380 lucc
2669 5326 2839 5389 hebes,
2875 5326 2926 5379 id
2951 5336 3052 5399 est,
3086 5331 3286 5384 tardus.
3317 5330 3406 5385 Sic
3435 5342 3589 5397 teres,
3635 5352 3828 5405 comes,

2264 5416 2427 5479 dives,
2460 5435 2651 5488 sospes,
2683 5419 2885 5487 hospes,
2916 5435 3126 5486 prwses,
3153 5422 3316 5486 deses,
3351 5429 3520 5488 obses,
3550 5435 3827 5496 superstes,

2259 5506 2572 5575 quadrupes,
2599 5508 2822 5575 sonipes.
2858 5508 2970 5565 Alia
2995 5527 3120 5565 vero
3144 5511 3339 5574 omnia,
3369 5512 3424 5565 id
3444 5522 3547 5577 est,
3572 5531 3690 5584 qua:
3716 5515 3831 5570 nul-

2261 5593 2367 5652 lam
2408 5599 2702 5652 naturalem
2751 5602 3174 5656 communionem
3221 5600 3350 5672 μί..
3397 5612 3642 5659 naturam
3678 5617 3826 5660 com-
