4226 6190
427 318 530 379 865

1491 306 1955 364 DIDASCALICA.
1994 333 2061 343 -—
2099 300 2568 356 GRAMMATICA.

426 432 664 508 munem]
692 450 812 490 cum
836 432 1050 489 feminis
1070 434 1285 495 habent,
1312 430 1606 487 masculina
1632 436 1779 490 sunt,
1810 434 1871 479 ut
1890 423 1982 477 sti-
2013 424 2053 480 Α
2085 428 2142 472 ut
2182 420 2325 487 lepus
2386 418 2597 487 leporis.
2644 415 2806 486 igitur
2849 422 3053 484 quartas
3099 411 3468 508 declinationis
3501 412 3657 470 femi.

388 536 391 537 '
424 541 534 595 pes.
562 524 729 589 limes,
771 524 950 592 fontes,
979 537 1148 592 cespes
1178 518 1496 592 [meridies];
1540 514 1777 584 exceptis
1814 514 1865 567 in
1898 527 1983 581 ges

426 614 683 687 syllabam
720 611 1102 674 desinentibus,
1132 626 1159 663 e
1188 612 1238 663 in
1265 609 1498 680 genitivo
1530 602 1889 665 servantibus,
1926 608 1985 653 ut

425 704 536 758 lure
574 718 714 773 seges
761 702 963 771 segetis,
1012 709 1147 770 teges
1179 708 1234 752 et
1270 698 1409 751 abies
1436 714 1453 749 :
1498 704 1550 750 et
1593 693 1768 748 omnia
1813 690 1984 745 tertia:

425 800 552 846 sunt
577 789 966 847 declinationis.
1009 787 1127 841 Alia
1152 789 1201 840 in
1237 803 1289 839 es
1315 784 1623 854 productam
1661 779 1979 841 desinentia,

424 881 470 934 si
494 880 707 949 propria
729 878 884 941 ﬁunt,
911 876 1201 931 masculina
1222 882 1398 939 emat,
1422 870 1758 934 utﬂercules,
1782 868 1981 931 Ulixes,

424 976 480 1021 et
506 982 677 1022 verres
710 965 1103 1036 appellativum,
1152 977 1272 1019 cum
1315 974 1536 1030 porcum
1582 956 1886 1029 signiﬁcat:
1930 964 1987 1010 et

424 1057 750 1121 communia,
798 1063 858 1109 ut
880 1055 1062 1119 Ιιιει-ρι,
1094 1052 1337 1123 locuples.
1392 1050 1510 1104 Alia
1537 1064 1667 1104 vero
1688 1046 1868 1103 omnia
1909 1044 1987 1099 fe-

424 1146 629 1200 minim
665 1154 823 1201 sunt:
881 1145 1123 1213 quadam
1179 1142 1379 1205 tertias,
1425 1148 1483 1193 ut
1528 1138 1724 1201 ca'des,
1763 1146 1982 1204 strages.

424 1236 619 1307 uulpes,
665 1251 827 1306 apes;
867 1234 1106 1303 quasdam
1131 1245 1260 1286 vero
1301 1230 1502 1299 quinta:
1542 1222 1983 1299 [declinationis],

423 1339 487 1384 ιιι
516 1330 699 1399 facies,
726 1329 940 1398 eﬁgies,
962 1342 1100 1396 spes,
1130 1340 1229 1387 res,
1258 1323 1426 1391 ﬁdes:
1453 1330 1509 1377 et
1533 1322 1713 1377 omnia
1738 1320 1794 1375 in
1819 1336 1873 1374 es
1896 1334 1988 1388 pu-

425 1433 547 1472 rum
586 1416 737 1470 ﬁnita
762 1416 961 1486 quinta:
1001 1421 1126 1469 sunt
1162 1410 1551 1475 declinationis,
1595 1419 1791 1479 praeter
1818 1410 1985 1480 quies,

422 1507 588 1571 abies,
613 1507 784 1577 paries
804 1518 823 1556 :
860 1512 916 1559 et
947 1502 1127 1558 omnia
1161 1508 1488 1557 consonante
1525 1498 1989 1573 praecedenteiter-

425 1596 515 1650 tias
538 1604 663 1650 sunt
689 1593 1083 1657 declinationis,
1113 1600 1325 1661 prmter,
1367 1606 1502 1659 spes,
1529 1590 1679 1659 ﬁdes,
1711 1605 1810 1643 res.
1857 1588 1915 1643 In
1943 1591 1987 1664 is

424 1682 759 1758 [terminata]
786 1682 969 1738 omnia
1004 1681 1173 1736 tertia:
1215 1679 1590 1735 declinationis
1618 1669 1779 1734 sunt:
1816 1679 1907 1734 sed
1934 1679 1987 1733 in

2089 508 2213 562 nina
2244 509 2358 563 hare
2384 515 2589 586 tantum
2630 515 2791 560 sunt:
2841 523 2994 570 anus,
3037 522 3242 568 manus,
3273 506 3522 581 porticus,
3562 507 3659 560 tri-

2088 596 2204 662 bus,
2231 595 2440 659 domm,
2474 612 2661 660 nurus,
2687 612 2888 660 socrus,
2910 612 3149 667 quercus.
3176 594 3305 662 Qua:
3334 611 3460 650 vero
3486 613 3517 650 a
3542 611 3658 651 ver-

2088 686 2172 741 bis
2201 685 2283 741 vel
2311 687 2627 771 nominibus
2640 688 3044 757 participalibus
3067 686 3218 758 [Ms.,
3246 686 3649 760 principalibus]

2087 777 2328 840 veniunt,
2356 764 2646 831 masculina
2674 785 2819 841 sunt,
2847 786 2904 832 et
2928 785 3133 847 quarta:
3158 776 3560 843 declinationis:
3594 786 3654 831 ut
3740 762 3752 773 ’

2087 866 2171 920 hic
2197 876 2384 932 status,
2428 869 2586 938 hujus
2615 878 2799 931 status,
2832 885 2862 923 a
2906 877 3029 934 sto;
3059 869 3142 922 hic
3178 869 3386 931 ductus.
3420 884 3449 921 a
3477 870 3651 933 duco;

2088 957 2408 1021 consulatus,
2458 974 2488 1012 a
2515 958 2773 1021 consule;
2821 958 3136 1021 tribunatus,
3175 972 3205 1011 ιι
3246 956 3477 1011 tribuno.
3520 956 3652 1011 item

2086 1064 2111 1100 s
2135 1047 2220 1102 vel
2252 1064 2289 1100 x
2316 1048 2757 1103 antecedentibus
2781 1065 2841 1103 us
2869 1048 3159 1103 masculina
3188 1061 3241 1102 et
3270 1057 3471 1115 quartzc
3499 1046 3655 1101 decli-

2089 1136 2322 1191 nationis
2343 1145 2503 1201 sunt;
2532 1144 2590 1189 ut
2616 1139 2771 1199 risus,
2809 1146 2996 1201 metus,
3024 1152 3196 1190 sexus.
3237 1136 3367 1190 Item
3387 1152 3571 1204 penus,
3598 1143 3656 1191 et

2086 1217 2268 1297 specus
2288 1235 2397 1281 tam
2425 1214 2725 1282 masculina
2744 1243 2903 1297 quam
2929 1226 3205 1292 feminina,
3238 1234 3294 1281 et
3326 1235 3532 1281 neutra.
3573 1225 3656 1281 ln-

2088 1316 2304 1370 venitur
2328 1318 2490 1371 etiam
2519 1317 2788 1383 secundas,
2819 1316 2991 1370 tertize
3024 1324 3083 1371 et
3117 1323 3321 1385 quarta:
3346 1315 3655 1371 declinatio-

2088 1406 2192 1460 nis.
2234 1405 2508 1461 Invenitur
2526 1406 2688 1460 etiam
2711 1406 2765 1460 in
2788 1421 2928 1460 usu:
2958 1403 3063 1476 [hic
3086 1413 3140 1458 et
3163 1404 3273 1458 hac
3298 1403 3445 1476 acus]
3475 1404 3650 1459 ethoc

2089 1510 2238 1559 acus,
2262 1493 2422 1563 hujus
2445 1496 2636 1559 ureris,
2672 1504 3080 1567 purgamentum
3127 1492 3399 1548 frumenti.
3444 1489 3556 1546 Pus
3592 1502 3648 1549 et

2091 1583 2229 1636 uirus
2260 1582 2655 1638 indeclinabilia
2680 1592 2825 1638 sunt.

2160 1671 2219 1725 in
2250 1688 2290 1726 x
2332 1671 2590 1739 litteram,
2640 1688 2958 1743 quacunque
3003 1673 3173 1729 vocali
3216 1672 3299 1727 vel
3330 1679 3654 1727 consonante

421 1774 490 1837 is,
519 1774 826 1837 terminata,
873 1771 919 1826 si
955 1788 989 1824 ιι
1025 1769 1109 1823 vel
1134 1785 1163 1823 c
1198 1775 1323 1822 ante
1346 1768 1391 1821 is
1426 1768 1641 1831 habent,
1670 1767 1755 1822 vel
1795 1767 1839 1821 si
1880 1782 1985 1821 una
2018 1758 2063 1820 Β
2087 1762 2437 1816 antecedente
2478 1777 2618 1825 eam,
2666 1763 2846 1817 omnia
2889 1765 3061 1818 tertia:
3100 1769 3225 1817 sunt
3264 1763 3650 1826 declinationis.

422 1848 625 1935 syllaba
651 1868 1061 1932 supercrescunt
1088 1858 1140 1913 in
1170 1857 1425 1927 genitivo,
1470 1857 1650 1911 omnia
1691 1856 1986 1911 masculina

423 1963 571 2020 sunt,
618 1960 677 2008 ut
702 1954 785 2005 hic
829 1952 1000 2022 panis,
1046 1950 1237 2020 piscis;
1280 1948 1364 2002 ltic
1396 1946 1529 2017 lapis
1558 1946 1787 2017 lapidis:
1833 1962 1991 2001 exce-

422 2044 532 2114 ptis
557 2060 569 2096 :
597 2044 707 2096 hac
737 2041 990 2113 bipennis,
1016 2047 1070 2093 et
1093 2040 1202 2093 hac
1232 2037 1424 2108 cuspis,
1452 2037 1613 2092 cassis
1640 2035 1881 2101 cassidis,
1908 2037 1990 2114 hic

422 2110 481 2187 et
506 2132 617 2185 lure
639 2110 805 2185 canis.
828 2130 1178 2186 inveniuntur
1204 2142 1414 2198 quoque
1437 2124 1627 2196 paucs',
1655 2125 1782 2181 licet
1801 2126 1887 2180 his
1910 2110 1994 2180 re:

422 2218 561 2290 gulis
589 2233 696 2273 non
726 2217 1057 2285 subiaceant,
1087 2216 1402 2279 masculina,
1433 2223 1491 2271 ut
1515 2216 1600 2269 hic
1626 2215 1800 2286 fustis,
1828 2216 1987 2279 ensis,

421 2308 603 2379 postis,
630 2308 837 2377 anguis,
858 2306 1068 2376 unguis,
1085 2303 1251 2368 collis,
1274 2303 1433 2373 follis.
1448 2304 1635 2368 corbis,
1656 2303 1831 2367 uectis,
1856 2319 1994 2356 mert-

422 2398 519 2461 sis,
556 2398 775 2467 torquis,
804 2396 942 2460 axis,
974 2394 1133 2449 orbis.
1182 2391 1239 2447 Si
1280 2391 1414 2446 ﬁunt
1453 2406 1583 2447 vero
1622 2390 1881 2459 adjectiva
1908 2390 1991 2444 vel

424 2486 829 2541 derivativa‘vel
858 2486 924 2540 ad
960 2484 1203 2539 homines
1232 2482 1371 2537 solos
1405 2482 1747 2551 pertinentia,
1781 2496 1992 2550 semper

424 2564 727 2632 communia
760 2576 915 2649 ﬁunt,
952 2584 1013 2630 ut
1038 2576 1121 2628 hic
1149 2583 1196 2627 et
1224 2575 1334 2629 hac
1358 2569 1529 2643 fortis,
1562 2574 1759 2637 suavis,
1800 2559 1989 2636 dulcis,

425 2665 725 2735 exsanguis,
754 2664 1031 2729 exanimis,
1067 2665 1211 2727 civis,
1239 2664 1422 2727 hostis,
1453 2662 1659 2717 (editis:
1705 2662 1805 2716 alia
1832 2661 1994 2734 276

423 2755 604 2809 omnia
632 2753 886 2808 feminina
921 2762 1067 2817 sunt,
1098 2761 1176 2817 ut,
1220 2753 1330 2807 hac
1372 2752 1503 2817 auis,
1548 2752 1731 2807 classis
1759 2791 1775 2817 ,
1816 2754 1990 2819 cutis,-

425 2852 482 2897 et
510 2845 652 2898 tertii
685 2844 892 2899 'ordiuis
918 2843 995 2915 [id
1022 2851 1121 2907 est,
1149 2841 1538 2914 declinationis]
1587 2852 1799 2898 cuncta.
1850 2843 1908 2897 In
1936 2861 1991 2898 os

427 2933 681 2989 feminina
711 2935 833 2998 tria,
864 2950 969 2997 cos,
995 2933 1109 2997 dos,
1125 2932 1255 3001 glas.
1286 2932 1597 2987 Communia
1624 2933 1884 3002 quinque,
1903 2950 1993 2985 cu-

2086 1852 2181 1907 sed
2221 1853 2555 1907 diversorum
2576 1868 2851 1923 generum.
2901 1853 2972 1909 Ut
3000 1864 3176 1907 tamen
3200 1852 3434 1907 breviter
3453 1853 3649 1913 dicam,

2084 1943 2265 1998 omnia
2286 1943 2580 1998 accidentia
2602 1960 2639 1997 x
2670 1944 2845 1998 littera
2872 1944 3043 2007 ﬁnita,
3084 1944 3387 1999 communia
3413 1953 3561 2005 sunt,
3596 1950 3656 1995 ut
3696 1963 3702 1970 -

2085 2033 2168 2086 hic
2192 2040 2245 2088 et
2282 2032 2393 2085 lm'c
2415 2041 2471 2088 et
2492 2032 2587 2085 hoc
2610 2034 2808 2096 audax,
2836 2033 3064 2101 aurifex,
3112 2033 3276 2087 velox.
3321 2032 3451 2086 Item
3480 2031 3660 2101 appel-

2086 2122 2248 2178 lativa
2306 2124 2375 2178 ad
2424 2133 2710 2194 utrumque
2762 2138 2949 2179 sexum
2999 2125 3275 2180 hominum
3332 2125 3653 2193 pertinentia

2086 2213 2391 2266 communia
2442 2223 2588 2278 sunt,
2640 2221 2701 2266 ut
2746 2214 2829 2267 hic
2860 2222 2915 2268 et
2958 2215 3068 2268 hac
3105 2215 3319 2285 conjux,
3356 2213 3483 2269 dux.
3523 2215 3655 2282 Qua:

2085 2316 2217 2357 vero
2261 2303 2329 2356 ad
2356 2303 2498 2357 solos
2538 2317 2715 2357 mares
2741 2304 3033 2373 pertinent,
3064 2306 3356 2360 masculina
3400 2316 3546 2371 sunt.
3594 2316 3656 2363 ut

2088 2408 2180 2445 rex
2198 2407 2217 2444 :
2255 2400 2310 2446 et
2335 2407 2453 2460 quae
2478 2393 2543 2446 ad
2567 2392 2709 2447 solas
2734 2391 2981 2458 feminas,
3011 2394 3263 2448 feminina
3293 2405 3438 2461 sunt,
3468 2405 3526 2450 ut
3549 2399 3658 2465 pcl-

2087 2482 2191 2538 lex.
2236 2483 2459 2553 Propria
2495 2484 2786 2540 masculina
2825 2494 2969 2549 sunt,
3014 2495 3073 2539 ut
3113 2486 3195 2539 hic
3235 2488 3394 2557 Δάαι,
3442 2487 3653 2543 Pollux.

2088 2571 2219 2628 [tem
2260 2589 2379 2643 qua:
2426 2590 2530 2631 una
2562 2575 2766 2646 syllaba
2810 2572 3126 2631 accrescunt
3169 2578 3223 2630 in
3269 2579 3500 2646 genitivo
3547 2595 3652 2633 ma-

2089 2664 2296 2720 sculina
2325 2670 2467 2729 sunt,
2504 2673 2567 2718 ut
2590 2665 2674 2718 hic
2702 2675 2895 2730 uertex,
2941 2682 3094 2735 apex,
3127 2663 3318 2737 [varix]
3349 2666 3506 2729 latex,
3536 2685 3653 2719 cor-

2090 2762 2192 2817 tex,
2223 2752 2421 2818 codex,
2446 2753 2639 2823 pollex,
2681 2755 2841 2820 calix,
2872 2755 3071 2823 fornix,
3116 2762 3170 2810 et
3216 2756 3437 2825 reliqua.
3486 2756 3657 2811 Femi-

2091 2840 2218 2894 nina
2243 2854 2373 2893 vero
2394 2847 2521 2894 sunt
2548 2842 2682 2906 haec,
2712 2842 2923 2911 fomx,
2955 2842 3105 2909 silex,
3136 2842 3260 2909 ilex,
3290 2860 3465 2910 carex,
3493 2845 3652 2912 salix,

2089 2931 2274 2997 radix,
2318 2932 2522 2995 cornix,
2557 2932 2701 3001 ﬁlex,
2732 2934 3000 2999 meretrix,
3043 2934 3279 2997 cicatrix,
3314 2934 3489 2989 velox.
3527 2937 3655 2993 Item

426 3034 555 3089 stos,
582 3025 842 3090 sacerdos,
891 3023 1000 3089 bos,
1043 3038 1267 3092 compos,
1306 3022 1493 3091 impos.
1542 3020 1737 3075 Neutra
1762 3023 1886 3088 duo,
1932 3039 1989 3076 os
2028 3088 2063 3096 _
2092 3023 2273 3076 omnia
2319 3021 2555 3075 verbalia
2601 3022 2853 3077 feminina
2884 3033 3029 3089 sunt,
3066 3032 3126 3078 ut
3159 3025 3365 3091 victrix,
3412 3028 3654 3096 genitrix,

428 3088 558 3181 oris,
589 3133 646 3170 os
671 3088 967 3170 ossis.vAlia
988 3088 1173 3170 omnia
1212 3088 1527 3179 masculina,
1566 3131 1698 3178 mos,
1727 3116 1853 3185 ﬂos,
1884 3132 1990 3181 ros,
2017 3088 2065 3153 θ
2096 3114 2271 3166 nutrix
2290 3111 2413 3185 [Al.,
2446 3114 2637 3177 notrix,
2656 3115 2798 3184 quod
2819 3122 2874 3169 et
2894 3115 3241 3170 masculinmn
3256 3088 3524 3187 est].ltem
3547 3088 3655 3180 mo;

430 3222 607 3277 nepos,
638 3205 778 3275 lepos
801 3220 821 3259 :
854 3213 910 3259 et
945 3205 1118 3260 tertia:
1146 3204 1513 3258 declinationis
1540 3205 1737 3258 omnia.
1782 3204 1855 3259 Us
1884 3215 1991 3261 tam

429 3296 708 3367 multiplex
758 3306 840 3350 est
882 3296 935 3349 in
982 3282 1264 3364 generibus
1309 3302 1366 3348 et
1413 3295 1892 3363 declinationibus,
1934 3301 1995 3352 ut

429 3385 733 3441 nullatenus
758 3385 852 3440 tibi
880 3425 895 3449 ,
915 3401 948 3439 o
974 3384 1198 3451 France,
1235 3386 1333 3440 sub
1356 3387 1598 3455 angustia
1627 3386 1785 3458 hujus
1824 3390 1991 3443 nostri

429 3476 579 3531 lusus
618 3478 732 3547 ejus
754 3478 953 3546 possim
978 3477 1212 3546 pandere
1251 3478 1608 3533 diversitates.
1654 3478 1788 3533 Nam
1832 3478 1993 3533 trium

384 3616 391 3622 .
429 3567 844 3623 declinationum
872 3574 975 3629 est,
1007 3566 1272 3631 secundae,
1307 3568 1498 3631 tertias,
1541 3576 1595 3620 et
1618 3575 1841 3637 quartae.
1889 3568 1993 3623 Ge-

431 3657 575 3713 neris
599 3670 811 3727 quoque
838 3655 1139 3721 masculini,
1169 3654 1410 3711 feminini
1443 3665 1499 3711 et
1530 3658 1726 3721 neutri,
1754 3673 1994 3714 commu-

428 3747 517 3803 nis
540 3755 594 3802 et
617 3746 793 3801 omnis
820 3753 875 3800 et
899 3745 1150 3814 epieceni.

500 3860 598 3915 Fn.
632 3858 812 3915 Pande
848 3867 1027 3913 tamen
1071 3858 1279 3927 aliquas
1322 3859 1387 3914 de
1423 3874 1488 3913 eo
1526 3859 1758 3929 regulas.
1815 3860 1991 3933 [Nam]

430 3964 591 4021 sepe,
630 3951 754 4005 dum
794 3950 962 4005 solem
991 3966 1097 4005 non
1133 3950 1410 4015 habemus,
1455 3952 1521 4005 ad
1560 3952 1866 4021 eﬁ'ugandas
1900 3970 1995 4009 no-

431 4048 651 4095 cturnas
674 4040 941 4102 tenebras,
967 4038 1186 4093 laternis
1214 4039 1430 4092 utimur.
1463 4068 1533 4077 --
1564 4038 1725 4093 Suo.
1765 4039 1906 4109 Ergo
1940 4044 1991 4097 in

431 4140 495 4181 us
521 4125 798 4189 masculini
828 4126 1039 4196 generis
1062 4126 1272 4194 propria
1302 4125 1381 4179 vel
1418 4127 1751 4195 appellativa,
1780 4131 1995 4186 mobilia

431 4215 515 4269 vel
540 4216 661 4277 ﬁsa,
691 4213 937 4269 secunda:
966 4222 1093 4269 sunt
1118 4214 1507 4270 declinationis.
1540 4215 1783 4287 Propria,
1814 4227 1873 4273 ut
1905 4218 1997 4273 Te-

434 4308 631 4361 rentius
660 4305 924 4369 Tereutii;
952 4304 1184 4359 Marcius
1220 4304 1425 4359 Marcii.
1482 4306 1715 4373 Mobilia,
1750 4317 1810 4363 ut
1831 4309 1995 4363 bonus

434 4397 591 4459 boni,-
631 4403 840 4448 sanctus
883 4393 1070 4446 sancti.
1122 4392 1277 4449 Fixa.
1320 4410 1532 4462 campus
1568 4396 1761 4466 campi,
1813 4396 1993 4450 hortus

433 4488 592 4552 horti,
620 4486 795 4556 furnus
822 4483 972 4554 fumi.
1000 4482 1067 4537 Et
1098 4483 1197 4538 tria
1226 4481 1476 4538 feminina
1502 4502 1515 4537 :
1557 4486 1667 4539 lucc
1702 4485 1878 4551 colus,
1914 4486 1994 4540 al-

434 4592 547 4637 uus,
595 4575 783 4628 humus
812 4590 831 4628 :
868 4573 996 4628 item
1042 4572 1293 4626 feminina
1345 4574 1594 4627 arborum
1645 4574 1865 4629 nomina
1910 4591 1994 4631 se—

433 4664 621 4718 cundae
640 4671 763 4716 sunt
786 4661 1221 4734 [declinationis],
1250 4663 1358 4717 hac
1380 4664 1545 4734 pirus,
1579 4680 1796 4741 prunus,
1818 4665 1989 4735 pinus,

435 4753 587 4825 fagus
618 4751 746 4820 fagi,
794 4759 897 4805 etc.
934 4752 1065 4806 Item
1093 4762 1277 4807 neutra
1312 4754 1409 4806 tria
1437 4772 1451 4806 :
1482 4754 1577 4807 hoc
1600 4755 1803 4825 uulgus,
1828 4756 1992 4822 uirus,

433 4842 667 4916 pelagus.
702 4840 817 4894 Alia
843 4847 1031 4894 neutra
1064 4840 1116 4893 in
1142 4856 1203 4893 us
1243 4840 1392 4894 ﬁnita
1438 4843 1617 4897 omnia
1656 4845 1827 4909 tertiae
1872 4854 1996 4900 sunt

436 4939 825 5003 declinationis,
864 4946 922 4993 ut
950 4938 1062 5009 jus,
1098 4938 1277 5006 juris:
1315 4934 1499 5008 [thus].
1530 4955 1735 5005 munus,
1769 4943 1993 5014 pondus,

436 5045 643 5099 corpus,
683 5037 878 5097 pectus.
934 5027 989 5082 in
1020 5045 1079 5080 us
1121 5027 1434 5095 productum
1486 5026 1760 5095 feminina,
1814 5033 1993 5088 omnia

440 5121 611 5175 tertia:
640 5128 765 5172 sunt
786 5118 1220 5190 [declinationis],
1246 5127 1301 5173 et
1327 5134 1431 5172 una
1458 5118 1658 5189 syllaba
1681 5120 1733 5174 in
1762 5125 1995 5195 genitivo

437 5218 790 5265 accrescunt:
838 5220 899 5263 ut
928 5210 1071 5266 salus
1099 5211 1303 5276 salutis,
1335 5212 1485 5266 tellus
1512 5212 1753 5279 telluris;
1795 5231 1830 5267 u
1873 5230 1997 5285 pro-

438 5300 593 5354 ducta
637 5299 689 5353 in
742 5298 1007 5367 obliquis.
1057 5310 1280 5369 excepto
1324 5301 1471 5371 palus
1522 5302 1765 5372 paludis,
1826 5302 1995 5359 Venus

434 5386 700 5454 .Veneris;
743 5397 800 5443 et
833 5404 941 5442 uno
990 5387 1181 5459 [Edit.,
1219 5390 1403 5463 unum]
1456 5393 1629 5446 omnis
1659 5393 1889 5461 generis,
1936 5404 1996 5449 ut

439 5475 523 5529 hic
547 5486 604 5530 et
634 5478 744 5531 hac
770 5486 825 5531 et
852 5478 946 5529 hoc
971 5486 1108 5529 vetus
1138 5481 1315 5531 veteris
1336 5496 1357 5543 ;
1404 5487 1457 5533 et
1484 5481 1667 5549 paucis
1698 5484 1995 5538 communis

443 5567 672 5632 generis,
698 5576 756 5620 ut
775 5568 859 5620 hic
882 5574 936 5622 et
954 5566 1063 5619 lucc
1083 5565 1215 5635 ligus
1258 5566 1479 5637 liguris;
1517 5586 1638 5639 grus
1680 5573 1864 5636 gruis;
1908 5590 1995 5627 sus

446 5654 550 5706 suis
574 5668 592 5705 :
626 5666 681 5708 et
707 5657 1008 5723 epicmnon,
1056 5672 1168 5708 mus
1196 5660 1397 5722 muris;
1430 5669 1485 5711 et
1532 5674 1637 5712 uno
1682 5661 1992 5726 masculino,

2094 3204 2383 3275 nosyllaba_
2415 3206 2593 3258 omnia
2631 3204 2889 3260 feminina
2940 3216 3100 3271 sunt;
3139 3215 3197 3260 ut
3235 3223 3362 3276 pax,
3406 3208 3507 3269 lex,
3544 3210 3655 3279 pix,

2095 3312 2198 3349 nox
2225 3295 2355 3367 [Al.,
2389 3295 2539 3365 nux],
2589 3295 2704 3360 lux,
2741 3312 2858 3357 arx,
2906 3296 3019 3364 falx
3041 3314 3059 3348 :
3096 3306 3323 3366 excepto
3367 3314 3456 3351 rex
3497 3308 3551 3355 et
3575 3302 3659 3355 hic

2092 3401 2236 3453 grex,
2261 3394 2315 3438 et
2341 3386 2424 3437 hic
2456 3394 2511 3438 et
2537 3384 2647 3437 lucc
2672 3384 2801 3437 dux.
2830 3384 2886 3438 In
2915 3394 2934 3437 t
2962 3385 3171 3440 ﬁnitum
3198 3403 3360 3442 unum
3386 3388 3659 3448 invenitur

2092 3485 2358 3540 neutrum,
2383 3483 2443 3528 ut
2462 3484 2612 3544 caput
2637 3487 2655 3526 :
2694 3482 2747 3530 et
2769 3489 2835 3528 es
2859 3490 2924 3530 eo
2951 3478 3262 3546 composita,
3298 3479 3544 3551 sinciput,
3573 3499 3659 3537 oc-

2092 3568 2247 3637 ciput.
2676 3554 2699 3623 ν(

2162 3660 2289 3726 Quae
2315 3658 2528 3713 nomina
2556 3659 2609 3711 in
2633 3658 2765 3712 duas
2792 3658 3043 3713 desinunt
3067 3667 3444 3724 consonantes,
3479 3661 3524 3714 si
3551 3655 3655 3716 sint

2095 3747 2227 3821 [Al.,
2258 3746 2411 3817 ﬁunt]
2442 3746 2758 3808 accidentia,
2788 3747 2953 3799 trium
2980 3759 3232 3816 generum
3260 3750 3459 3812 omnia,
3485 3759 3543 3804 ut
3572 3753 3656 3804 hic

2091 3846 2144 3892 et
2170 3838 2278 3891 lucc
2308 3844 2361 3890 et
2390 3837 2486 3887 hoc
2511 3850 2713 3904 expers,
2760 3835 3007 3904 prudens,
3054 3836 3222 3906 inops,
3278 3836 3478 3904 exlebs,
3504 3842 3649 3909 prin-

2093 3943 2230 3995 ceps,
2268 3942 2471 3994 parens.
2520 3924 2694 3977 Pauca
2738 3924 3054 3990 masculina,
3089 3935 3145 3979 ut
3188 3925 3419 3987 Mavors,
3458 3928 3651 3983 Aruns.

2092 4014 2265 4068 Pauca
2290 4013 2563 4087 feminina,
2587 4023 2645 4067 ut
2664 4014 2847 4079 hiems,
2870 4016 3072 4081 cohors,
3096 4017 3269 4087 adeps.
3298 4017 3654 4090 Monosyllaba

2094 4100 2147 4159 in
2196 4106 2328 4160 duas
2376 4105 2674 4160 desinentia
2722 4114 3078 4163 consonantes
3122 4109 3355 4163 maxime
3402 4110 3655 4166 feminina

2093 4206 2236 4261 sunt,
2265 4204 2325 4250 ut
2357 4214 2463 4261 ars,
2488 4198 2617 4266 fors,
2642 4214 2788 4266 gens,
2810 4214 2969 4263 mors,
2998 4200 3129 4265 lens,
3165 4201 3332 4269 frons,
3352 4219 3495 4272 pars,
3518 4222 3651 4268 sors.

2092 4287 2287 4350 scrobs,
2310 4296 2468 4355 styps,
2500 4290 2661 4350 trabs,
2686 4288 2828 4359 urbs,
2850 4288 2987 4357 puls.
3024 4289 3275 4358 Exceptis
3306 4310 3320 4345 :
3358 4288 3443 4346 dic
3473 4312 3647 4361 mons,

2092 4391 2243 4446 pons,
2298 4374 2436 4444 fons,
2475 4376 2621 4441 deus,
2675 4376 2842 4431 Mars.
2886 4376 2943 4432 ln
2991 4394 3108 4443 aus,
3162 4378 3461 4436 feminina:
3512 4384 3649 4451 laus,

2094 4466 2261 4537 fraus.
2302 4466 2359 4521 lu
2406 4483 2508 4532 ars,
2556 4468 2941 4535 masculinum,
2982 4477 3043 4524 ut
3089 4486 3223 4540 prius
3264 4474 3473 4541 praedis.
3515 4474 3655 4532 Neu-

2094 4567 2255 4625 trum,
2285 4565 2343 4613 ut
2369 4574 2440 4613 res
2471 4560 2610 4613 teris.
2658 4559 2760 4614 Vix
2788 4560 2999 4614 tandem
3025 4560 3308 4631 aliquando
3349 4560 3534 4620 fenore
3565 4582 3651 4623 me

2093 4649 2362 4706 solvebam
2387 4649 2723 4721 gravissimo.

2164 4742 2261 4798 Fs.
2280 4742 2388 4798 Sed
2412 4744 2737 4814 gratissimo.
2753 4742 3092 4813 Quapropter
3113 4745 3181 4800 ad
3207 4746 3461 4802 numeros
3482 4755 3652 4813 trans-

2094 4848 2299 4890 eamus.
2328 4863 2398 4873 -—
2425 4832 2589 4888 Suo.
2617 4831 2756 4887 Fiat.

2560 4983 2720 5059 377
2762 4984 2847 5039 os
2881 4984 3183 5043 unusne.

2162 5121 2259 5177 Fu.
2288 5118 2553 5174 Numerus
2580 5120 2709 5188 quid
2735 5120 2849 5175 est?
2874 5150 2943 5160 —
2971 5119 3132 5174 Saxo.
3168 5118 3429 5175 Dictionis
3456 5120 3647 5194 forma,

2094 5210 2343 5268 discretio
2366 5209 2682 5278 quantitatis
2704 5208 2847 5281 ,[Αιη
2871 5208 3227 5264 distinctionis
3258 5207 3450 5274 forma,
3476 5226 3647 5281 quan.

2100 5302 2222 5356 titas
2247 5298 2629 5372 discretionis].
3132 5294 3145 5305 '

2161 5390 2258 5442 Fa.
2289 5387 2508 5443 Numeri
2552 5390 2827 5445 nominum
2874 5395 3003 5456 quot
3046 5385 3209 5440 sunt?
3230 5414 3300 5425 —-
3326 5382 3488 5441 Saxo.
3511 5386 3649 5447 Duo.

2096 5479 2412 5547 Singularis,
2442 5488 2503 5534 ut
2530 5478 2702 5534 homo.
2731 5479 2977 5541 Pluralis,
3026 5484 3083 5529 ut
3117 5476 3367 5529 homines.
3403 5474 3507 5530 Sed
3539 5480 3651 5534 sin-

2094 5572 2291 5642 gularis
2335 5587 2590 5626 numerus
2638 5571 2816 5625 ﬁnitus
2862 5577 2973 5631 est;
3013 5566 3232 5635 pluralis
3262 5562 3511 5620 ’inﬁnitus
3545 5583 3646 5625 est.

2095 5662 2225 5714 Cum
2254 5659 2374 5710 dico
2404 5660 2573 5722 homo,
2608 5668 2811 5713 eertum
2854 5666 2956 5721 est,
2989 5672 3147 5709 unum
3180 5668 3263 5706 me
3301 5651 3646 5721 signiﬁcasse.
