4266 6188
542 283 713 341 ‘86?

1431 281 1489 336 ιι.
1531 281 1592 335 r.
1633 279 1856 336 suum
1897 278 2025 334 seu
2068 273 2340 332 secum]
2377 274 2660 334 OPERUM
2690 273 2874 339 mas
2912 257 3020 333 Vn.

3734 275 3840 332 868

613 373 748 430 Cum
766 371 996 426 homines
1035 369 1176 434 dico,
1227 369 1492 424 incertum
1540 377 1622 424 est
1674 370 1740 424 de
1775 378 1935 447 quot,
1954 367 2055 421 nisi
2078 364 2173 420 ad-
2199 369 2246 425 Α
2273 381 2389 437 per,
2420 364 2519 438 [et]
2548 365 2790 423 solubilis
2814 365 3010 420 debent
3041 375 3160 418 esse
3187 363 3240 430 in
3275 362 3515 433 integras
3539 363 3837 430 dictiones;

615 460 762 526 dum,
809 460 1012 522 decem,
1061 466 1296 527 cenmm,
1330 458 1505 524 mille,
1536 459 1618 514 vel
1659 459 1919 529 quotlibet
1950 476 1964 510 :
1993 471 2119 510 nam
2145 471 2177 510 a

615 550 828 607 duobus
851 551 918 606 ad
944 549 1360 604 innumerabiles
1381 549 1687 604 extenditur
1709 547 2051 618 signiﬁcatio.

686 638 787 693 Fu;
821 638 951 706 Qua
977 639 1241 693 dictiones
1257 638 1463 693 habent
1482 651 1734 693 numeros
1747 637 2022 692 ?-—-Saxo.
2050 637 2180 704 Quae

615 743 875 801 personas
901 729 1098 784 habent
1125 746 1138 781 :
1166 727 1220 784 id
1245 735 1352 794 est,
1375 729 1614 792 nomina,
1629 729 1970 799 pronomina,
1994 727 2176 790 verba,

618 819 917 890 participia.
944 815 1049 882 Ut,
1076 817 1184 882 vir,
1218 818 1336 870 viri.
1366 815 1480 886 Ego
1509 816 1620 886 lego
1639 857 1656 878 ,
1695 833 1787 870 nos
1809 815 2046 888 legimus.
2078 815 2180 869 Hic

618 910 810 982 legens,
833 909 887 962 hi
911 908 1152 979 legentes.
1179 907 1303 962 Ideo
1326 907 1552 980 [autem]
1581 907 1787 962 inﬁnita
1815 908 1980 962 verba
2003 916 2060 960 et
2082 906 2182 963 im-

589 988 919 1068 personalia
970 1005 1156 1052 carent
1206 1011 1449 1061 numero,
1497 995 1624 1065 quia
1667 1011 1774 1051 non
1819 997 2023 1051 habent
2052 1010 2177 1064 per-

620 1101 806 1141 sonas.

691 1175 789 1228 Fu.
822 1174 1068 1242 Nunquid
1107 1174 1355 1230 adverbia
1403 1189 1511 1229 non
1555 1174 1752 1229 habent
1796 1173 2183 1228 numeros?—

624 1264 789 1322 Sa'xo.
817 1265 1026 1320 Habent
1052 1285 1066 1319 :
1097 1267 1190 1321 sed
1217 1267 1358 1321 inter
1393 1266 1688 1322 accidentia
1724 1265 2182 1347 adverbii‘nume-

622 1370 727 1411 rus"
742 1370 847 1410 non
871 1357 1090 1425 ponitur
1120 1375 1133 1410 :
1164 1365 1220 1411 et
1241 1357 1643 1412 indeclinabiles
1685 1369 1812 1412 sunt
1855 1356 2064 1412 numeri
2085 1356 2182 1410 ad-

621 1424 925 1501 verbiorum
953 1464 966 1499 :
990 1424 1138 1500 et\ad
1157 1447 1478 1517 singularem
1501 1457 1556 1502 et
1575 1446 1686 1519 [ad]
1710 1443 1970 1516 pluralem
1994 1446 2182 1501 dictio-

623 1550 747 1589 nem
780 1549 928 1605 aeque
955 1536 1188 1604 ponitur,
1223 1543 1281 1590 ut
1311 1555 1324 1590 :
1352 1546 1430 1590 ter
1452 1536 1568 1606 feci,
1593 1547 1673 1591 ter
1693 1537 1932 1606 fecimus.

608 1679 611 1681 _
695 1624 794 1679 Fu.
823 1617 960 1691 Quid
1009 1634 1118 1678 tum
1164 1625 1386 1679 interest
1409 1626 1550 1680 inter
1577 1639 1925 1680 numerorum
1965 1623 2182 1678 nomina

2277 454 2390 509 sive
2414 468 2478 516 ex
2511 454 2753 525 integris,
2781 454 2896 509 sive
2921 468 2989 508 ex
3014 452 3284 522 corruptis
3325 462 3736 522 componantur,
3780 460 3843 508 ut

2277 542 2598 608 respublica;
2639 558 2707 598 ex
2749 542 2956 598 duobus
2999 542 3282 611 corruptis,
3328 550 3410 608 ut,
3454 543 3746 613 parricida,
3772 559 3842 600 ex

2275 641 2486 702 parente
2542 632 2790 696 nomine,
2817 635 2900 705 'et
2950 631 3146 686 cadere
3199 633 3383 686 verbo.
3433 628 3843 702 Magnanimitas

2279 722 2469 794 [Edit.,
2515 719 2899 794 magnanimus]
2945 724 2990 778 si
3024 723 3175 787 dico,
3206 738 3238 776 a
3273 739 3463 792 magno
3488 730 3546 778 et
3573 724 3846 782 auiulitate

2276 826 2396 866 esse
2419 811 2772 881 compositum
2794 819 2896 866 noti
2917 820 3092 882 potest
3109 826 3250 878 esse,
3271 813 3396 881 quia
3416 813 3668 870 animitas
3684 813 3841 885 [ls.,

2278 897 2516 971 nimitas]
2547 899 2873 970 intelligibile
2913 916 3021 956 non
3047 909 3131 957 est
3161 920 3174 933 ο
3207 903 3328 958 ideo
3359 919 3582 959 necesse
3603 914 3688 961 est
3713 914 3774 961 ut
3806 921 3842 962 a

2278 989 2598 1057 composito,
2624 989 2678 1042 id
2706 998 2788 1044 est
2815 992 3167 1060 magnanimo,
3207 992 3278 1047 sit
3298 993 3598 1049 derivatum
3619 1010 3846 1068 magna-
3886 1069 3888 1071 _

2277 1079 2517 1134 nimitas.

2347 1169 2447 1223 Fu.
2471 1169 2612 1237 Quot
2655 1170 2830 1226 modis
2870 1180 3259 1241 componuntur
3301 1173 3557 1228 nomina?
3578 1199 3650 1216 -ά
3673 1174 3841 1233 Saxo.

2278 1255 2535 1323 Quatuor.
2583 1257 2912 1314 Ex~duobus
2945 1260 3186 1329 integris,
3227 1269 3287 1314 ut
3323 1261 3722 1332 jusjurandum.
3763 1264 3845 1319 Ex

2279 1344 2487 1400 duobus
2508 1347 2796 1416 corruptis,
2824 1355 2886 1400 ut
2910 1348 3191 1418 parricida.
3229 1348 3305 1403 Ex
3335 1351 3547 1421 integro
3578 1361 3634 1407 et
3657 1368 3846 1408 coms-

2279 1441 2392 1504 pto,
2429 1441 2490 1488 nt
2526 1435 2788 1490 inimicus.
2820 1436 2899 1490 Ex
2931 1431 3184 1507 corrupto
3217 1447 3273 1493 et
3295 1440 3525 1510 integro,
3550 1450 3610 1496 ut
3629 1443 3845 1511 clerus.

2349 1526 2448 1581 Fu.
2476 1527 2609 1582 Cum
2631 1528 2828 1598 quibus
2847 1529 3089 1598 partibus
3104 1539 3497 1600 componuntur
3514 1533 3732 1588 nomina
3740 1534 3850 1588 ?--

2248 1624 2261 1634 '
2281 1615 2444 1672 Saxo.
2471 1616 2605 1673 Cum
2631 1618 2878 1675 omnibus
2900 1622 3095 1690 practe'r
3113 1615 3556 1688 interiectionem.
3586 1618 3719 1676 Cum
3743 1637 3846 1677 no‘

626 1719 1019 1776 indedinabilia
1043 1728 1098 1774 et
1141 1720 1280 1774 inter
1302 1719 1588 1788 adverbia?
1608 1748 1682 1759 —
1709 1717 1875 1774 δυο.
1915 1717 2066 1784 Quod
2090 1715 2185 1769 ad-’
2213 1696 2260 1759 Β
2283 1705 2428 1772 mine
2457 1709 2651 1781 [Edit.,
2686 1710 3031 1783 nominibus],
3057 1719 3118 1765 ut
3139 1712 3536 1781 paterfamilias.
3566 1713 3701 1770 Cum
3719 1732 3851 1786 pro-

630 1813 812 1870 verbia
835 1818 890 1864 et
901 1810 1271 1880 singularibus
1295 1819 1347 1862 et
1368 1808 1665 1878 pluralibus
1689 1807 1933 1862 similiter
1953 1806 2185 1875 jungun-

560 1946 568 1955 .
631 1907 736 1954 tur.
778 1899 848 1954 Ut
879 1917 891 1952 :
922 1891 1107 1950 millies
1147 1898 1286 1960 diri,
1340 1905 1395 1951 et
1439 1895 1622 1950 millies
1675 1897 1921 1950 diximus.
1960 1895 2184 1966 Nomina

629 2004 758 2043 vero
786 2004 888 2041 non
927 1986 1030 2040 nisi
1061 1985 1369 2055 pluralibus,
1396 1993 1476 2050 ut,
1502 1967 1893 2038 millc’homines
1932 1984 2180 2037 diximus.

700 2076 794 2129 Fn.
843 2074 1046 2128 Suntne
1102 2073 1278 2142 aliqua
1316 2074 1528 2128 nomina
1575 2089 1694 2148 qua:
1733 2088 1839 2126 una
1882 2072 2186 2126 litteratura

631 2171 883 2234 utrosque
919 2165 1115 2232 habent
1161 2163 1446 2217 numeros?
1471 2193 1542 2202 —
1565 2162 1728 2217 Suo.
1769 2162 1922 2216 Sunt.
1969 2161 2103 2215 Nam
2129 2162 2185 2216 in

631 2257 801 2325 prima
842 2255 1191 2308 declinatione
1227 2252 1524 2324 [genitivus
1560 2262 1614 2307 et
1643 2245 1854 2308 dativus
1891 2253 2187 2323 singulares

635 2344 784 2416 [Ed.,
816 2345 1025 2414 generis
1054 2344 1216 2397 dativi
1243 2343 1552 2415 singularis]
1581 2359 1685 2398 una
1714 2359 1844 2399 voce
1866 2358 1988 2398 cum
2014 2344 2187 2398 nomi-

634 2438 812 2490 nativo
853 2445 908 2489 et
937 2436 1179 2490 vocativo
1215 2435 1405 2504 plurali
1451 2435 1835 2504 proferuntur:
1867 2443 1926 2489 ut
1951 2436 2109 2505 hujus
2133 2445 2188 2490 et

631 2528 752 2580 huic
797 2537 976 2596 poem,
1021 2525 1108 2597 [ut
1150 2527 1204 2579 hi
1238 2534 1342 2579 eto
1365 2525 1581 2597 poclm].
1611 2526 1678 2579 Et
1723 2527 1774 2579 in
1812 2528 2059 2582 omnibus
2087 2527 2188 2582 hoc

632 2617 771 2671 idem
794 2617 1030 2671 invenies
1054 2616 1491 2685 declinationibus
1511 2615 1820 2684 sepissime.
1847 2615 1904 2670 ln
1930 2616 2182 2670 secunda:

632 2715 692 2760 ut
721 2707 876 2775 hujus
906 2704 1040 2757 docti
1068 2713 1120 2758 et
1150 2705 1203 2756 hi
1229 2703 1384 2756 docti.
1411 2702 1613 2768 Tertia,
1653 2703 1763 2760 hac
1799 2703 1980 2765 cades,
2015 2711 2070 2755 ct
2107 2703 2188 2759 Ita:

633 2795 816 2847 cwdes.
850 2793 1072 2858 Quarta,
1103 2791 1186 2844 hic
1205 2793 1394 2859 ﬂuctus
1419 2798 1474 2844 et
1499 2790 1655 2859 hujus
1678 2791 1868 2858 fluctus
1895 2805 1913 2842 :
1942 2789 1996 2842 hi
2016 2796 2070 2843 et
2095 2790 2187 2842 hos

632 2893 692 2938 et
715 2903 744 2936 ο
770 2887 957 2953 [luctus
985 2899 1002 2936 :
1036 2900 1095 2936 us
1128 2883 1384 2952 producta
1431 2882 1485 2934 in
1530 2881 1778 2934 omnibus
1821 2880 1906 2934 bis
1952 2880 2216 2934 casibus.‘

637 2975 852 3041 Quinta,
881 2981 959 3036 ut,
995 2973 1104 3026 ha'c
1146 2990 1246 3037 res,
1277 2980 1331 3027 et
1354 2990 1384 3025 ο
1416 2989 1495 3024 res
1519 2985 1534 3021 :
1564 2971 1644 3023 ha:
1666 2977 1720 3024 et
1739 2969 1834 3022 has
1857 2978 1912 3022 et
1938 2987 1967 3021 ο
2000 2986 2100 3022 res.
2127 2969 2186 3022 ln

636 3065 1041 3134 pronominibus
1085 3076 1297 3131 quoque
1337 3068 1390 3116 et
1430 3059 1723 3129 participiis
1780 3059 2015 3112 invenies
2057 3073 2187 3112 voce

633 3155 954 3216 communia,
979 3161 1037 3206 ut
1057 3135 1165 3210 illi:
1176 3152 1281 3215 isti,
1307 3151 1426 3220 ipsi,
1455 3151 1616 3205 dativi
1640 3149 1925 3219 singularis
1947 3156 2001 3203 et
2017 3148 2188 3201 nomi-

637 3247 804 3300 nativi
829 3245 1065 3315 pluralis.
1094 3225 1150 3297 In
1169 3241 1464 3311 participiis
1485 3240 1700 3294 mobilia
1721 3234 1898 3293 omnia
1923 3240 1976 3291 in
2003 3237 2185 3292 eadem

635 3350 769 3392 voce
795 3336 990 3389 habent
1011 3333 1262 3387 feminina
1282 3332 1335 3385 in
1357 3331 1610 3403 singulari
1630 3330 1956 3384 nominativo
1979 3335 2034 3382 et
2058 3341 2190 3381 neu-

638 3425 795 3481 tralia
817 3426 870 3478 in
898 3423 1106 3493 plurali,
1133 3432 1193 3476 ut
1211 3423 1319 3476 ha’c
1340 3423 1534 3492 victura
1556 3420 1764 3488 femina,
1783 3426 1843 3493 et
1862 3418 1970 3471 lucc
1992 3419 2189 3473 uictura

639 3491 913 3567 animalia:
937 3512 994 3565 ln
1022 3511 1198 3565 verbis
1236 3525 1364 3564 vero
1403 3510 1546 3563 nulla
1577 3524 1682 3563 vox
1732 3491 1816 3562 est
1839 3524 1959 3577 quae
2000 3507 2189 3566 eadem

639 3605 807 3674 possit
837 3618 956 3663 esse
983 3601 1034 3656 in
1064 3601 1314 3672 singulari
1341 3615 1560 3654 numero
1585 3607 1641 3654 et
1657 3599 1870 3669 plurali.

709 3694 808 3747 Fit.
840 3692 990 3748 Unde
1010 3692 1185 3760 aliqua
1205 3692 1437 3756 nomina,
1461 3691 1600 3745 sicut
1621 3690 1673 3744 in
1699 3691 1906 3744 Donato
1927 3688 2032 3759 legi
2053 3701 2192 3742 sem-

641 3797 739 3851 per
758 3781 1044 3851 singularia
1065 3789 1206 3846 sunt,
1227 3773 1283 3836 et
1308 3781 1410 3834 alia
1436 3795 1646 3848 semper
1669 3777 2187 3849 pluralia?—Saxo.

635 3871 865 3935 Natura,
899 3873 980 3925 vel
1002 3889 1118 3927 usu.
1147 3872 1365 3933 Natura,
1393 3880 1452 3925 ut
1476 3870 1707 3940 propria,
1738 3886 1857 3940 qua
1879 3871 2194 3924 naturaliter

645 3960 912 4014 individua
934 3968 1076 4028 sunt,
1104 3969 1161 4013 ut
1189 3959 1409 4034 Hector,
1426 3958 1683 4021 Achilles;
1709 3958 1808 4021 sol,
1837 3957 1983 4022 luna,
2011 3957 2190 4023 Italia,

645 4048 844 4103 Sicilia.
886 4049 1012 4111 Usu,
1037 4058 1094 4102 ut
1117 4049 1348 4116 sanguis,
1383 4046 1568 4116 pulvis,
1599 4044 1712 4110 lux,
1740 4047 1864 4100 vita.
1899 4046 2030 4100 Item
2077 4061 2195 4114 quae

649 4139 716 4190 ad
739 4139 940 4205 pondus
969 4138 1049 4191 vel
1074 4135 1378 4191 mensuram
1409 4138 1693 4204 pertinent,
1729 4135 2019 4205 singularia
2048 4142 2194 4201 sunt,

649 4234 709 4279 ut
753 4243 958 4290 aurum,
1005 4219 1251 4297 triticum,
1300 4236 1403 4282 etc.
1451 4228 1709 4282 Similiter
1739 4237 1930 4283 natura
1970 4228 2055 4282 vel
2096 4245 2196 4283 usu

650 4318 891 4388 quaedam
931 4326 1055 4371 sunt
1095 4333 1306 4386 semper
1338 4314 1558 4386 pluralia
1591 4334 1606 4370 :
1639 4310 1851 4384 natura,
1879 4327 1940 4374 ut
1968 4317 2190 4386 Gemini,

650 4407 828 4476 pisces,
860 4408 912 4461 in
940 4408 1094 4462 caelo.
1120 4407 1250 4473 Usu,
1280 4416 1339 4461 ut
1369 4409 1768 4474 anna,‘mornia,
1789 4411 2051 4472 nundiruc,
2080 4409 2191 4463 Kao

650 4497 836 4562 lendar.
879 4499 1011 4578 Nam
1065 4514 1160 4567 per
1201 4500 1378 4553 omnia
1429 4513 1622 4567 genera
1672 4500 1908 4554 invenies
1952 4500 2195 4568 quaedam

651 4583 861 4659 semper
894 4583 1202 4662 singularia,
1248 4588 1484 4654 quasdam
1530 4588 2030 4656 semperpluralia,
2077 4606 2198 4659 quas

652 4678 827 4732 stutio
851 4673 1126 4744 brevitatis
1148 4677 1301 4730 nobis
1320 4677 1766 4744 praetermittenda
1791 4691 1907 4730 esse
1933 4692 2070 4730 reor.
2155 4737 2163 4751 Χ

1224 4827 1310 4880 DE
1343 4825 1450 4881 FlG
1459 4825 1630 4881 URIS.

726 4955 826 5012 Pa.
853 4959 969 5013 Fiat
998 4949 1060 5012 ut
1097 4959 1199 5019 vis,
1227 4958 1325 5010 etsi
1356 4973 1460 5010 non
1489 4959 1676 5023 libens,
1707 4968 1881 5013 tamen
1905 4963 2198 5016 consentio.

663 5042 768 5102 Sed
797 5046 862 5100 de
893 5045 1072 5115 ﬁguris
1101 5047 1444 5114 disputemus.
1475 5047 1539 5099 Et
1562 5042 1732 5115 prim‘o
1770 5050 1853 5103 dic
1878 5050 2004 5118 quid
2027 5050 2098 5103 sit
2117 5051 2201 5103 in-

664 5147 745 5190 ter
773 5122 1025 5204 ﬁguratas
1051 5136 1305 5190 dictiones
1327 5143 1380 5188 et
1403 5134 1753 5191 derivativas?
1771 5169 1841 5177 —
1861 5139 2023 5193 Suo.
2052 5139 2204 5205 Quod

664 5229 904 5298 ﬁgurata:
923 5225 1177 5277 dictiones
1193 5233 1279 5277 aut
1305 5224 1570 5292 simplices
1591 5231 1734 5289 sunt,
1755 5235 1816 5278 ut
1837 5243 2088 5296 magnus;
2110 5235 2206 5281 aut

666 5313 986 5381 compositaz,
1010 5311 1068 5363 ut
1096 5301 1464 5379 magnanimus.
1495 5312 1810 5367 Derivativaa
1834 5323 2009 5369 autem
2029 5317 2204 5370 asim-

668 5403 790 5468 plici
818 5401 1029 5455 nomine
1057 5399 1380 5465 derivantur,
1405 5403 1627 5472 ut,a,pio
1653 5402 1850 5471 pietas;
1883 5413 1974 5455 aut
1999 5419 2030 5455 a
2054 5419 2198 5457 com-

671 5492 859 5557 posito,
892 5499 950 5544 ut
981 5506 1013 5544 a
1048 5490 1372 5566 magnanimo
1397 5493 1825 5559 magnanimitas,
1855 5507 1974 5558 qua:
1997 5493 2206 5549 decom-

671 5581 843 5652 posita
867 5583 1129 5638 dicuntur.
1159 5579 1458 5650 Composita
1482 5582 1667 5654 [enim]
1699 5579 2038 5650 intelligihilia
2069 5595 2207 5635 sem-

2213 3021 2259 3085 C

2284 1801 2514 1862 nomine,
2545 1809 2602 1854 ut
2633 1799 2934 1856 illiusmodi.
2970 1802 3135 1871 278
3163 1801 3297 1857 Cum
3320 1805 3503 1869 verbo,
3533 1814 3593 1859 ut
3611 1805 3860 1877 Lucifer,

2282 1891 2414 1946 Cum
2444 1893 2718 1956 adverbio,
2749 1902 2809 1946 ut
2831 1880 3140 1962 satisfactio.
3172 1891 3308 1948 Cum
3333 1895 3637 1964 participio,
3660 1905 3721 1949 ut
3735 1897 3848 1966 plc-

2283 1981 2542 2034 biscitum.
2567 1980 2701 2036 Cum
2729 1982 3124 2051 conjunctione,
3147 1990 3209 2036 ut
3234 1992 3462 2056 uterque.
3487 1983 3619 2038 Cum
3639 1999 3850 2055 praepo—

2283 2070 2491 2136 sitione,
2523 2079 2584 2125 ut
2612 2070 2858 2140 perﬁdus.
3348 2057 3354 2062 ’
3644 2130 3648 2133 ,

2352 2161 2450 2215 Fn.
2481 2161 2528 2216 Α
2557 2168 2688 2230 quot
2727 2162 3046 2218 dictionibus
3074 2172 3468 2233 componuntur
3487 2167 3747 2230 nomina?
3772 2195 3850 2209 --

2284 2241 2449 2308 Saxo.
2477 2252 2525 2308 Δ
2557 2254 2782 2318 duabus,
2815 2261 2876 2306 ut
2901 2256 3194 2324 septentrio.
3235 2254 3284 2308 Δ
3306 2255 3500 2318 tribus,
3532 2265 3592 2310 ut
3618 2258 3846 2328 inspu-

2283 2343 2523 2413 gnabilis.
2551 2339 2646 2398 Vel
2667 2360 2695 2397 a
2723 2344 3085 2413 compluribus
3105 2343 3258 2416 [ls.,
3281 2346 3352 2400 ab
3371 2346 3762 2421 amplioribus],
3787 2357 3850 2404 ut

2284 2434 2796 2505 cujuscunquemodi.

2352 2522 2450 2576 Fn.
2491 2521 2767 2588 Quomodo
2800 2523 3135 2579 declinantur
3172 2525 3466 2594 coposita
3496 2526 3714 2581 nemina
3733 2527 3758 2580 ?
3779 2553 3849 2568 -—

2287 2611 2451 2667 Suo.
2485 2611 2543 2666 Si
2573 2626 2636 2667 ex
2671 2614 2995 2668 nominativo
3032 2623 3090 2669 et
3119 2614 3334 2683 obliquo
3359 2630 3486 2670 casu
3512 2631 3851 2683 componun-

2285 2709 2490 2768 tur,-ea
2514 2711 2667 2772 parte
2688 2719 2792 2772 qua
2817 2704 3174 2761 nominativus
3197 2719 3356 2760 casus
3378 2712 3487 2770 est,
3516 2704 3853 2760 dedicantur

2286 2792 2435 2865 [nam
2456 2793 2593 2848 alter
2616 2809 2774 2848 casus
2805 2809 2908 2849 non
2934 2792 3275 2865 declinatur],
3304 2802 3361 2847 ut
3390 2795 3479 2849 hic
3501 2794 3852 2862 tribunusple-

2286 2881 2377 2943 bis,
2411 2881 2570 2950 hujus
2594 2873 2967 2952 tribuniplebis,
2992 2881 3110 2935 huic
3135 2879 3520 2950 tribunoplebis.
3548 2879 3604 2935 Si
3630 2897 3694 2936 ex
3718 2882 3854 2936 duo-

2287 2971 2388 3025 bus
2421 2971 2780 3035 nominativis,
2802 2972 3051 3039 utrinque
3077 2970 3431 3035 declinantur,
3457 2981 3518 3024 ut
3549 2973 3646 3024 hoc
3662 2971 3848 3041 jusju-

2291 3058 2535 3122 randum,
2563 3057 2717 3126 hujus
2730 3059 3103 3128 jurisjurandi,
3132 3059 3251 3112 huic
3267 3059 3632 3128 juriiuraudo.
3661 3057 3759 3118 Sin
3781 3074 3852 3114 ex

2285 3146 2492 3202 duobus
2525 3143 2754 3215 obliquis
2779 3156 3190 3217 componuntur,
3215 3155 3456 3214 manent,
3491 3147 3854 3204 indeclinabi-

2283 3237 2378 3306 lia,
2409 3245 2469 3292 ut
2491 3237 2808 3307 huiusmodi,
2847 3239 3161 3304 istiusmodi,
3198 3238 3477 3307 ejusmodi.
3511 3237 3855 3309 Conponun-

2290 3337 2377 3383 tur
2399 3321 2609 3396 quoque
2644 3315 2930 3397 singularia
2954 3344 3076 3382 cum
3103 3327 3418 3396 pluralibus,
3450 3335 3511 3382 ut
3535 3327 3676 3382 orbis
3697 3338 3854 3383 terra:

2287 3427 2343 3474 et
2369 3419 2506 3474 orbis
2530 3406 2807 3473 terrarum.
2831 3419 3065 3475 Possunt
3084 3428 3261 3474 tamen
3287 3421 3401 3475 haec
3423 3421 3613 3475 eadem
3636 3434 3854 3490 copo-

2289 3510 2392 3564 sita
2415 3510 2578 3573 etiam
2604 3519 2847 3578 separata
2871 3525 3010 3576 esse,
3036 3514 3083 3566 si
3108 3511 3350 3568 diversos
3374 3519 3630 3566 accentus
3650 3511 3738 3566 his
3761 3509 3856 3565 de-

2291 3599 2453 3663 deris,
2505 3607 2566 3653 ut
2603 3617 2683 3653 res
2710 3600 2935 3668 publica,
2963 3601 3046 3655 vel
3072 3601 3118 3654 si
3147 3599 3577 3669 coniunctionem
3617 3600 3856 3669 interpo-

2292 3705 2410 3754 nas,
2435 3696 2496 3743 ut
2523 3690 2858 3760 tribunusque
2879 3689 3080 3759 plebis..

2361 3776 2459 3832 [εἰ.
2488 3765 2754 3834 Accentns
2773 3780 3079 3848 compositae
3101 3778 3284 3849 ﬁgurae
3311 3772 3580 3849 qudmodo
3606 3778 3855 3833 ﬁunt!—

2294 3866 2458 3923 Ssxo.
2489 3868 2593 3922 Per
2613 3885 2800 3925 omnes
2826 3884 2982 3933 casus
3005 3877 3060 3923 et
3085 3883 3195 3938 per.
3215 3884 3404 3923 omnes
3439 3869 3856 3936 compositiones

2294 3973 2505 4027 semper
2525 3959 2623 4012 sub
2641 3973 2747 4012 uno
2765 3967 2987 4013 accentu
3004 3957 3370 4028 proferuntur,
3391 3965 3448 4010 ut
3453 3956 3856 4030 jusjurandum,

2287 4046 2663 4117 jurisjurautli,
2689 4047 3200 4118 cujuscunquemodi.
3225 4048 3388 4103 Verte
3417 4053 3490 4111 te,
3529 4045 3757 4111 France,
3787 4045 3857 4100 ad

2297 4151 2471 4204 casus,
2503 4137 2629 4206 quia
2664 4137 2732 4191 de
2766 4135 2950 4208 ﬁguris
2970 4137 3134 4190 habes
3154 4135 3296 4205 quod
3324 4134 3588 4204 quaesisti.
3789 4193 3792 4196 ,

2367 4226 2467 4280 Fu.
2500 4225 2742 4304 Vertam,
2769 4232 2827 4279 e‘t
2847 4225 3004 4279 latus
3025 4233 3264 4288 .vertam,
3301 4224 3427 4292 quia
3453 4222 3681 4292 placitas
3700 4222 3859 4278 mihi—

2299 4325 2413 4372 met
2440 4315 2676 4370 rationes
2704 4314 3061 4386 protulistigde
3082 4313 3289 4386 ﬁguris.

2863 4468 2950 4523 DE
2984 4466 3289 4524 CASIBUS.

2369 4601 2552 4656 Primo
2580 4602 2712 4655 mihi
2739 4600 2963 4670 explana
2990 4602 3129 4655 unde
3154 4615 3312 4655 casus
3338 4601 3568 4656 dicatur.
3592 4629 3664 4643 -—
3692 4600 3858 4658 Saxo.

2299 4693 2468 4748 Casus
2500 4692 2684 4759 utique
2728 4708 2758 4745 a
2808 4691 3042 4746 cadendo
3079 4692 3292 4756 dicitur,
3317 4693 3443 4759 quia
3468 4692 3536 4746 ab
3567 4693 3671 4747 hoc
3700 4705 3863 4746 sensu

2302 4782 2445 4836 cadit
2472 4780 2526 4834 in
2554 4779 2720 4841 illum,
2743 4779 2828 4834 vel
2847 4780 2913 4834 ab
2933 4781 3035 4833 hac
3057 4780 3428 4836 terminatione
3446 4781 3591 4835 cadit
3611 4781 3667 4833 in
3691 4780 3858 4838 illam.

2374 4871 2472 4925 Fu.
2508 4870 2631 4926 Seio
2651 4887 2743 4926 sex
2768 4886 2886 4925 esse
2906 4886 3094 4936 casus;
3129 4871 3219 4924 sed
3599 4870 3864 4939 interpre-

2305 4961 2534 5016 tationes
2575 4963 2734 5016 velim
2783 4962 3015 5031 pandere
3056 4968 3141 5024 te,
3177 4974 3212 5012 o
3240 4957 3405 5013 Saxo.
3429 4979 3501 4998 --'
3525 4957 3688 5015 Saxo.
3719 4961 3865 5018 Beue

2304 5053 2403 5106 vis.
2443 5051 2653 5106 Primus
2675 5051 3050 5113 nominativus,
3093 5051 3216 5119 quia
3243 5065 3340 5119 per
3363 5051 3537 5119 ipsum
3565 5043 3861 5114 nominatio

2308 5140 2385 5193 ﬁt.
2415 5140 2517 5195 lste
2554 5141 2747 5196 dicitur
2782 5149 2836 5193 et
2878 5146 3074 5197 rectus.
3111 5141 3236 5207 quia
3257 5140 3461 5207 primus
3486 5155 3517 5193 a
3543 5151 3735 5194 natura
3759 5154 3860 5194 na-

2304 5232 2488 5295 scitur,
2513 5231 2652 5286 etab
2673 5244 2738 5284 eo
2754 5228 2893 5284 facta
2917 5227 3198 5283 inﬂexione
3216 5237 3508 5284 nascuntur
3527 5228 3639 5282 alii.
3662 5227 3865 5288 Deinde
3925 5290 3930 5293 η

2304 5319 2586 5387 genitivus,
2607 5319 2728 5388 quia
2742 5334 2838 5387 per
2853 5320 3023 5387 ipsum
3045 5333 3210 5396 genus
3232 5319 3611 5388 signiﬁcamus,
3631 5326 3689 5370 nt
3701 5334 3864 5387 genus
3889 5337 3894 5340 ·

2305 5416 2377 5458 est
2408 5401 2629 5458 Priami"
2655 5405 2867 5459 Hector.
2896 5407 3013 5492 Iste
3031 5423 3248 5483 quoque
3277 5406 3574 5474 appellatur
3597 5407 3888 5475 possead-1

2306 5507 2422 5556 vus,
2452 5509 2516 5547 eo
2535 5493 2676 5563 quod
2712 5497 3099 5561 possessionem
3125 5511 3337 5564 semper
3369 5511 3463 5563 per
3493 5497 3666 5566 ipsum
3693 5497 3860 5568 signi-

2307 5580 2558 5673 ﬁcamus,
2585 5589 2668 5648 ut,
2707 5578 2908 5635 Priami
2934 5599 3160 5653 regnum.
3190 5583 3316 5637 Post
3341 5583 3482 5637 hunc
3515 5583 3726 5640 dativus
3754 5591 3856 5644 est,
