  <div class='ocr_page' id='page_1' title='image "/cluster/home/n/w/nwhite01/storage/ocr_20150623/101/uva.x000834944/442.png"; bbox 0 0 4266 6206; ppageno 0'>
   <div class='ocr_carea' id='block_1_1' title="bbox 370 304 583 379">
    <p class='ocr_par' dir='ltr' id='par_1_1' title="bbox 370 304 583 379">
     <span class='ocr_line' id='line_1_1' title="bbox 370 304 583 379; baseline -0.005 0"><span class='ocrx_word' id='word_1_1' title='bbox 370 321 375 326; x_wconf 91' lang='grc'><strong>·</strong></span> <span class='ocrx_word' id='word_1_2' title='bbox 450 304 583 379; x_wconf 76' lang='lat' dir='ltr'><strong>ass</strong></span> 
     </span>
    </p>
   </div>
   <div class='ocr_carea' id='block_1_2' title="bbox 1512 307 2626 382">
    <p class='ocr_par' dir='ltr' id='par_1_2' title="bbox 1512 307 2626 382">
     <span class='ocr_line' id='line_1_2' title="bbox 1512 307 2626 382; baseline -0.011 -9"><span class='ocrx_word' id='word_1_3' title='bbox 1512 309 1982 382; x_wconf 70' lang='lat' dir='ltr'><strong>DIDASCALICA.</strong></span> <span class='ocrx_word' id='word_1_4' title='bbox 2010 336 2080 348; x_wconf 86' lang='lat'><strong>-—</strong></span> <span class='ocrx_word' id='word_1_5' title='bbox 2115 307 2588 367; x_wconf 69' lang='lat' dir='ltr'><strong>GBAMMATICA.</strong></span> <span class='ocrx_word' id='word_1_6' title='bbox 2618 375 2626 382; x_wconf 87' lang='lat'>_</span> 
     </span>
    </p>
   </div>
   <div class='ocr_carea' id='block_1_3' title="bbox 3587 311 3693 366">
    <p class='ocr_par' dir='ltr' id='par_1_3' title="bbox 3587 311 3693 366">
     <span class='ocr_line' id='line_1_3' title="bbox 3587 311 3693 366; baseline -0.028 0"><span class='ocrx_word' id='word_1_7' title='bbox 3587 311 3693 366; x_wconf 78' lang='lat'><strong>870</strong></span> 
     </span>
    </p>
   </div>
   <div class='ocr_carea' id='block_1_4' title="bbox 449 417 3693 514">
    <p class='ocr_par' dir='ltr' id='par_1_4' title="bbox 449 417 3693 514">
     <span class='ocr_line' id='line_1_4' title="bbox 449 417 3693 514; baseline -0.005 -18"><span class='ocrx_word' id='word_1_8' title='bbox 449 441 542 514; x_wconf 84' lang='lat' dir='ltr'><strong>qui</strong></span> <span class='ocrx_word' id='word_1_9' title='bbox 566 454 600 495; x_wconf 83' lang='lat' dir='ltr'><strong>a</strong></span> <span class='ocrx_word' id='word_1_10' title='bbox 639 437 817 494; x_wconf 87' lang='lat' dir='ltr'><strong>dando</strong></span> <span class='ocrx_word' id='word_1_11' title='bbox 844 435 1059 507; x_wconf 85' lang='lat' dir='ltr'><strong>dicitur,</strong></span> <span class='ocrx_word' id='word_1_12' title='bbox 1107 431 1417 505; x_wconf 78' lang='lat' dir='ltr'><strong>signiﬁcans</strong></span> <span class='ocrx_word' id='word_1_13' title='bbox 1461 430 1666 508; x_wconf 76' lang='lat' dir='ltr'><strong>aliquid</strong></span> <span class='ocrx_word' id='word_1_14' title='bbox 1712 445 1813 486; x_wconf 89' lang='lat' dir='ltr'><strong>nos</strong></span> <span class='ocrx_word' id='word_1_15' title='bbox 1862 428 2013 494; x_wconf 88' lang='lat' dir='ltr'><strong>dare,</strong></span> <span class='ocrx_word' id='word_1_16' title='bbox 2043 430 2089 485; x_wconf 79' lang='grc' dir='ltr'><strong>Α</strong></span> <span class='ocrx_word' id='word_1_17' title='bbox 2127 423 2485 495; x_wconf 88' lang='lat' dir='ltr'><strong>nominativo]</strong></span> <span class='ocrx_word' id='word_1_18' title='bbox 2513 430 2569 514; x_wconf 87' lang='lat' dir='ltr'><strong>et</strong></span> <span class='ocrx_word' id='word_1_19' title='bbox 2595 420 2861 514; x_wconf 80' lang='lat' dir='ltr'><strong>ablativus</strong></span> <span class='ocrx_word' id='word_1_20' title='bbox 2890 418 2942 475; x_wconf 89' lang='lat' dir='ltr'><strong>in</strong></span> <span class='ocrx_word' id='word_1_21' title='bbox 2972 438 3003 475; x_wconf 91' lang='lat' dir='ltr'><strong>a</strong></span> <span class='ocrx_word' id='word_1_22' title='bbox 3024 417 3284 494; x_wconf 81' lang='lat' dir='ltr'><strong>[longam]</strong></span> <span class='ocrx_word' id='word_1_23' title='bbox 3322 422 3590 478; x_wconf 85' lang='lat' dir='ltr'><strong>desinunt.</strong></span> <span class='ocrx_word' id='word_1_24' title='bbox 3623 423 3693 479; x_wconf 87' lang='lat' dir='ltr'><strong>Ut</strong></span> 
     </span>
    </p>
   </div>
   <div class='ocr_carea' id='block_1_5' title="bbox 448 520 2020 598">
    <p class='ocr_par' dir='ltr' id='par_1_5' title="bbox 448 520 2020 598">
     <span class='ocr_line' id='line_1_5' title="bbox 448 520 2020 598; baseline -0.008 -11"><span class='ocrx_word' id='word_1_25' title='bbox 448 539 528 598; x_wconf 90' lang='lat' dir='ltr'><strong>ut,</strong></span> <span class='ocrx_word' id='word_1_26' title='bbox 551 529 623 586; x_wconf 81' lang='lat' dir='ltr'><strong>do</strong></span> <span class='ocrx_word' id='word_1_27' title='bbox 645 528 743 585; x_wconf 62' lang='lat' dir='ltr'><strong>tibi,</strong></span> <span class='ocrx_word' id='word_1_28' title='bbox 776 527 923 581; x_wconf 82' lang='lat' dir='ltr'><strong>illam</strong></span> <span class='ocrx_word' id='word_1_29' title='bbox 950 542 1088 591; x_wconf 89' lang='lat' dir='ltr'><strong>rem;</strong></span> <span class='ocrx_word' id='word_1_30' title='bbox 1115 524 1208 595; x_wconf 90' lang='lat' dir='ltr'><strong>qui</strong></span> <span class='ocrx_word' id='word_1_31' title='bbox 1234 531 1290 579; x_wconf 89' lang='lat' dir='ltr'><strong>et</strong></span> <span class='ocrx_word' id='word_1_32' title='bbox 1328 522 1664 583; x_wconf 82' lang='lat' dir='ltr'><strong>mandativus</strong></span> <span class='ocrx_word' id='word_1_33' title='bbox 1691 520 1846 594; x_wconf 69' lang='lat' dir='ltr'><strong>[Hs.,</strong></span> <span class='ocrx_word' id='word_1_34' title='bbox 1867 536 2020 576; x_wconf 89' lang='lat' dir='ltr'><strong>com-</strong></span> 
     </span>
    </p>
   </div>
   <div class='ocr_carea' id='block_1_6' title="bbox 445 609 2019 690">
    <p class='ocr_par' dir='ltr' id='par_1_6' title="bbox 445 609 2019 690">
     <span class='ocr_line' id='line_1_6' title="bbox 445 609 2019 690; baseline -0.01 -13"><span class='ocrx_word' id='word_1_35' title='bbox 445 614 809 690; x_wconf 83' lang='lat' dir='ltr'><strong>mendativus]</strong></span> <span class='ocrx_word' id='word_1_36' title='bbox 860 614 1090 682; x_wconf 80' lang='lat' dir='ltr'><strong>dicitur,</strong></span> <span class='ocrx_word' id='word_1_37' title='bbox 1124 619 1214 678; x_wconf 92' lang='lat' dir='ltr'><strong>ut,</strong></span> <span class='ocrx_word' id='word_1_38' title='bbox 1260 610 1563 667; x_wconf 76' lang='lat' dir='ltr'><strong>commendo</strong></span> <span class='ocrx_word' id='word_1_39' title='bbox 1624 610 1823 664; x_wconf 87' lang='lat' dir='ltr'><strong>homini</strong></span> <span class='ocrx_word' id='word_1_40' title='bbox 1872 609 2019 663; x_wconf 72' lang='lat' dir='ltr'><strong>illam</strong></span> 
     </span>
    </p>
   </div>
   <div class='ocr_carea' id='block_1_7' title="bbox 452 699 2018 774">
    <p class='ocr_par' dir='ltr' id='par_1_7' title="bbox 452 699 2018 774">
     <span class='ocr_line' id='line_1_7' title="bbox 452 699 2018 774; baseline -0.008 -10"><span class='ocrx_word' id='word_1_41' title='bbox 452 723 579 771; x_wconf 80' lang='lat' dir='ltr'><strong>rent.</strong></span> <span class='ocrx_word' id='word_1_42' title='bbox 608 706 814 774; x_wconf 86' lang='lat' dir='ltr'><strong>Quarto</strong></span> <span class='ocrx_word' id='word_1_43' title='bbox 852 703 970 760; x_wconf 89' lang='lat' dir='ltr'><strong>loco</strong></span> <span class='ocrx_word' id='word_1_44' title='bbox 996 711 1081 759; x_wconf 89' lang='lat' dir='ltr'><strong>est</strong></span> <span class='ocrx_word' id='word_1_45' title='bbox 1098 700 1456 767; x_wconf 71' lang='lat' dir='ltr'><strong>accusativus,</strong></span> <span class='ocrx_word' id='word_1_46' title='bbox 1491 700 1581 771; x_wconf 86' lang='lat' dir='ltr'><strong>qni</strong></span> <span class='ocrx_word' id='word_1_47' title='bbox 1610 707 1669 755; x_wconf 90' lang='lat' dir='ltr'><strong>et</strong></span> <span class='ocrx_word' id='word_1_48' title='bbox 1692 699 2018 763; x_wconf 88' lang='lat' dir='ltr'><strong>causativus,</strong></span> 
     </span>
    </p>
   </div>
   <div class='ocr_carea' id='block_1_8' title="bbox 450 787 2024 871">
    <p class='ocr_par' dir='ltr' id='par_1_8' title="bbox 450 787 2024 871">
     <span class='ocr_line' id='line_1_8' title="bbox 450 787 2024 871; baseline -0.006 -20"><span class='ocrx_word' id='word_1_49' title='bbox 450 804 528 862; x_wconf 88' lang='lat' dir='ltr'><strong>ut,</strong></span> <span class='ocrx_word' id='word_1_50' title='bbox 557 809 746 850; x_wconf 79' lang='lat' dir='ltr'><strong>accuso</strong></span> <span class='ocrx_word' id='word_1_51' title='bbox 768 793 1055 871; x_wconf 74' lang='lat' dir='ltr'><strong>hominem.</strong></span> <span class='ocrx_word' id='word_1_52' title='bbox 1083 790 1220 848; x_wconf 82' lang='lat' dir='ltr'><strong>Tum</strong></span> <span class='ocrx_word' id='word_1_53' title='bbox 1246 790 1546 856; x_wconf 72' lang='lat' dir='ltr'><strong>vocativus,</strong></span> <span class='ocrx_word' id='word_1_54' title='bbox 1576 788 1669 860; x_wconf 89' lang='lat' dir='ltr'><strong>qui</strong></span> <span class='ocrx_word' id='word_1_55' title='bbox 1693 796 1749 844; x_wconf 91' lang='lat' dir='ltr'><strong>et</strong></span> <span class='ocrx_word' id='word_1_56' title='bbox 1781 787 2024 843; x_wconf 86' lang='lat' dir='ltr'><strong>salutati-</strong></span> 
     </span>
    </p>
   </div>
   <div class='ocr_carea' id='block_1_9' title="bbox 448 878 2018 958">
    <p class='ocr_par' dir='ltr' id='par_1_9' title="bbox 448 878 2018 958">
     <span class='ocr_line' id='line_1_9' title="bbox 448 878 2018 958; baseline -0.007 -16"><span class='ocrx_word' id='word_1_57' title='bbox 448 901 550 942; x_wconf 88' lang='lat' dir='ltr'><strong>vus</strong></span> <span class='ocrx_word' id='word_1_58' title='bbox 575 894 798 945; x_wconf 84' lang='lat' dir='ltr'><strong>vocatur</strong></span> <span class='ocrx_word' id='word_1_59' title='bbox 825 883 981 958; x_wconf 52' lang='lat' dir='ltr'><strong>illa,</strong></span> <span class='ocrx_word' id='word_1_60' title='bbox 1011 882 1359 939; x_wconf 85' lang='lat' dir='ltr'><strong>salutatorius</strong></span> <span class='ocrx_word' id='word_1_61' title='bbox 1392 879 1633 954; x_wconf 89' lang='lat' dir='ltr'><strong>dicitur],</strong></span> <span class='ocrx_word' id='word_1_62' title='bbox 1662 887 1724 934; x_wconf 89' lang='lat' dir='ltr'><strong>ut</strong></span> <span class='ocrx_word' id='word_1_63' title='bbox 1760 895 1793 934; x_wconf 92' lang='lat' dir='ltr'><strong>o</strong></span> <span class='ocrx_word' id='word_1_64' title='bbox 1820 878 2018 943; x_wconf 68' lang='lat' dir='ltr'><strong>.Enea,</strong></span> 
     </span>
    </p>
   </div>
   <div class='ocr_carea' id='block_1_10' title="bbox 448 961 2025 1044">
    <p class='ocr_par' dir='ltr' id='par_1_10' title="bbox 448 961 2025 1044">
     <span class='ocr_line' id='line_1_10' title="bbox 448 961 2025 1044; baseline -0.005 -10"><span class='ocrx_word' id='word_1_65' title='bbox 448 988 507 1035; x_wconf 88' lang='lat' dir='ltr'><strong>et</strong></span> <span class='ocrx_word' id='word_1_66' title='bbox 530 977 671 1033; x_wconf 75' lang='lat' dir='ltr'><strong>salue</strong></span> <span class='ocrx_word' id='word_1_67' title='bbox 710 974 886 1031; x_wconf 64' lang='lat' dir='ltr'><strong>1Enea</strong></span> <span class='ocrx_word' id='word_1_68' title='bbox 906 977 926 1031; x_wconf 91' lang='lat'><strong>.&#39;</strong></span> <span class='ocrx_word' id='word_1_69' title='bbox 944 961 1255 1033; x_wconf 71' lang='lat' dir='ltr'><strong>Novissime</strong></span> <span class='ocrx_word' id='word_1_70' title='bbox 1285 974 1550 1030; x_wconf 75' lang='lat' dir='ltr'><strong>ablativus</strong></span> <span class='ocrx_word' id='word_1_71' title='bbox 1580 973 1817 1044; x_wconf 88' lang='lat' dir='ltr'><strong>ponitur,</strong></span> <span class='ocrx_word' id='word_1_72' title='bbox 1846 972 1938 1042; x_wconf 92' lang='lat' dir='ltr'><strong>qni</strong></span> <span class='ocrx_word' id='word_1_73' title='bbox 1966 980 2025 1027; x_wconf 89' lang='lat' dir='ltr'><strong>et</strong></span> 
     </span>
    </p>
   </div>
   <div class='ocr_carea' id='block_1_11' title="bbox 447 1063 2021 1142">
    <p class='ocr_par' dir='ltr' id='par_1_11' title="bbox 447 1063 2021 1142">
     <span class='ocr_line' id='line_1_11' title="bbox 447 1063 2021 1142; baseline -0.007 -14"><span class='ocrx_word' id='word_1_74' title='bbox 447 1070 864 1142; x_wconf 84' lang='lat' dir='ltr'><strong>comparativus,</strong></span> <span class='ocrx_word' id='word_1_75' title='bbox 888 1067 1199 1137; x_wconf 75' lang='lat' dir='ltr'><strong>signiﬁcans</strong></span> <span class='ocrx_word' id='word_1_76' title='bbox 1222 1065 1424 1137; x_wconf 85' lang='lat' dir='ltr'><strong>aliquid</strong></span> <span class='ocrx_word' id='word_1_77' title='bbox 1449 1065 1658 1122; x_wconf 88' lang='lat' dir='ltr'><strong>absumi</strong></span> <span class='ocrx_word' id='word_1_78' title='bbox 1685 1063 1770 1119; x_wconf 91' lang='lat' dir='ltr'><strong>vel</strong></span> <span class='ocrx_word' id='word_1_79' title='bbox 1799 1077 2021 1133; x_wconf 87' lang='lat' dir='ltr'><strong>compa-</strong></span> 
     </span>
    </p>
   </div>
   <div class='ocr_carea' id='block_1_12' title="bbox 450 1153 2023 1230">
    <p class='ocr_par' dir='ltr' id='par_1_12' title="bbox 450 1153 2023 1230">
     <span class='ocr_line' id='line_1_12' title="bbox 450 1153 2023 1230; baseline -0.006 -12"><span class='ocrx_word' id='word_1_80' title='bbox 450 1164 561 1218; x_wconf 90' lang='lat' dir='ltr'><strong>rari</strong></span> <span class='ocrx_word' id='word_1_81' title='bbox 592 1153 924 1230; x_wconf 53' lang='lat' dir='ltr'><strong>:&#39;ut,‘aufero</strong></span> <span class='ocrx_word' id='word_1_82' title='bbox 951 1160 1018 1214; x_wconf 81' lang='lat' dir='ltr'><strong>ab</strong></span> <span class='ocrx_word' id='word_1_83' title='bbox 1046 1157 1567 1229; x_wconf 81' lang='lat' dir='ltr'><strong>Heetore~gladium;</strong></span> <span class='ocrx_word' id='word_1_84' title='bbox 1594 1164 1672 1224; x_wconf 91' lang='lat' dir='ltr'><strong>et,</strong></span> <span class='ocrx_word' id='word_1_85' title='bbox 1697 1155 1887 1225; x_wconf 76' lang='lat' dir='ltr'><strong>fortior</strong></span> <span class='ocrx_word' id='word_1_86' title='bbox 1912 1154 2023 1209; x_wconf 82' lang='lat' dir='ltr'><strong>He-</strong></span> 
     </span>
    </p>
   </div>
   <div class='ocr_carea' id='block_1_13' title="bbox 448 1249 1701 1311">
    <p class='ocr_par' dir='ltr' id='par_1_13' title="bbox 448 1249 1701 1311">
     <span class='ocr_line' id='line_1_13' title="bbox 448 1249 1701 1311; baseline -0.005 -4"><span class='ocrx_word' id='word_1_87' title='bbox 448 1262 591 1307; x_wconf 79' lang='lat' dir='ltr'><strong>ctore</strong></span> <span class='ocrx_word' id='word_1_88' title='bbox 616 1249 842 1305; x_wconf 80' lang='lat' dir='ltr'><strong>Achilles</strong></span> <span class='ocrx_word' id='word_1_89' title='bbox 864 1259 961 1303; x_wconf 86' lang='lat' dir='ltr'><strong>est.</strong></span> <span class='ocrx_word' id='word_1_90' title='bbox 1094 1306 1097 1311; x_wconf 89' lang='lat'><strong><em>_</em></strong></span> <span class='ocrx_word' id='word_1_91' title='bbox 1684 1276 1701 1281; x_wconf 56' lang='grc' dir='ltr'><strong><em>κ</em></strong></span> 
     </span>
    </p>
   </div>
   <div class='ocr_carea' id='block_1_14' title="bbox 520 1334 2024 1410">
    <p class='ocr_par' dir='ltr' id='par_1_14' title="bbox 520 1334 2024 1410">
     <span class='ocr_line' id='line_1_14' title="bbox 520 1334 2024 1410; baseline -0.004 -15"><span class='ocrx_word' id='word_1_92' title='bbox 520 1341 620 1396; x_wconf 78' lang='lat' dir='ltr'><strong>Fu.</strong></span> <span class='ocrx_word' id='word_1_93' title='bbox 648 1339 904 1405; x_wconf 82' lang='lat' dir='ltr'><strong>Ordinem</strong></span> <span class='ocrx_word' id='word_1_94' title='bbox 923 1353 1156 1410; x_wconf 88' lang='lat' dir='ltr'><strong>quoque,</strong></span> <span class='ocrx_word' id='word_1_95' title='bbox 1184 1353 1285 1394; x_wconf 90' lang='lat' dir='ltr'><strong>cur</strong></span> <span class='ocrx_word' id='word_1_96' title='bbox 1303 1338 1384 1393; x_wconf 87' lang='lat' dir='ltr'><strong>sic</strong></span> <span class='ocrx_word' id='word_1_97' title='bbox 1401 1336 1561 1407; x_wconf 86' lang='lat' dir='ltr'><strong>positi</strong></span> <span class='ocrx_word' id='word_1_98' title='bbox 1580 1335 1709 1403; x_wconf 90' lang='lat' dir='ltr'><strong>sint,</strong></span> <span class='ocrx_word' id='word_1_99' title='bbox 1729 1334 1931 1406; x_wconf 81' lang='lat' dir='ltr'><strong>profer.</strong></span> <span class='ocrx_word' id='word_1_100' title='bbox 1951 1365 2024 1375; x_wconf 97' lang='lat'><strong>—</strong></span> 
     </span>
    </p>
   </div>
   <div class='ocr_carea' id='block_1_15' title="bbox 450 1423 2023 1506">
    <p class='ocr_par' dir='ltr' id='par_1_15' title="bbox 450 1423 2023 1506">
     <span class='ocr_line' id='line_1_15' title="bbox 450 1423 2023 1506; baseline -0.004 -13"><span class='ocrx_word' id='word_1_101' title='bbox 450 1433 617 1493; x_wconf 74' lang='lat' dir='ltr'><strong>Suo.</strong></span> <span class='ocrx_word' id='word_1_102' title='bbox 643 1423 1013 1489; x_wconf 78' lang='lat' dir='ltr'><strong>Numinativus</strong></span> <span class='ocrx_word' id='word_1_103' title='bbox 1035 1433 1265 1506; x_wconf 85' lang='lat' dir='ltr'><strong>primum</strong></span> <span class='ocrx_word' id='word_1_104' title='bbox 1293 1433 1396 1489; x_wconf 88' lang='lat' dir='ltr'><strong>sibi</strong></span> <span class='ocrx_word' id='word_1_105' title='bbox 1424 1432 1601 1489; x_wconf 86' lang='lat' dir='ltr'><strong>locum</strong></span> <span class='ocrx_word' id='word_1_106' title='bbox 1622 1440 1868 1505; x_wconf 83' lang='lat' dir='ltr'><strong>usurpat,</strong></span> <span class='ocrx_word' id='word_1_107' title='bbox 1895 1432 2023 1504; x_wconf 85' lang='lat' dir='ltr'><strong>quia</strong></span> 
     </span>
    </p>
   </div>
   <div class='ocr_carea' id='block_1_16' title="bbox 445 1522 2024 1597">
    <p class='ocr_par' dir='ltr' id='par_1_16' title="bbox 445 1522 2024 1597">
     <span class='ocr_line' id='line_1_16' title="bbox 445 1522 2024 1597; baseline -0.001 -17"><span class='ocrx_word' id='word_1_108' title='bbox 445 1525 683 1597; x_wconf 89' lang='lat' dir='ltr'><strong>primum</strong></span> <span class='ocrx_word' id='word_1_109' title='bbox 718 1532 911 1580; x_wconf 90' lang='lat' dir='ltr'><strong>natura</strong></span> <span class='ocrx_word' id='word_1_110' title='bbox 950 1525 1094 1580; x_wconf 91' lang='lat' dir='ltr'><strong>hunc</strong></span> <span class='ocrx_word' id='word_1_111' title='bbox 1124 1523 1368 1594; x_wconf 75' lang='lat' dir='ltr'><strong>protulit.</strong></span> <span class='ocrx_word' id='word_1_112' title='bbox 1398 1522 1677 1580; x_wconf 85' lang='lat' dir='ltr'><strong>Genitivus</strong></span> <span class='ocrx_word' id='word_1_113' title='bbox 1704 1523 2024 1590; x_wconf 86' lang='lat' dir='ltr'><strong>secundum,</strong></span> 
     </span>
    </p>
   </div>
   <div class='ocr_carea' id='block_1_17' title="bbox 446 1613 2025 1688">
    <p class='ocr_par' dir='ltr' id='par_1_17' title="bbox 446 1613 2025 1688">
     <span class='ocr_line' id='line_1_17' title="bbox 446 1613 2025 1688; baseline -0.002 -17"><span class='ocrx_word' id='word_1_114' title='bbox 446 1616 572 1688; x_wconf 83' lang='lat' dir='ltr'><strong>quia</strong></span> <span class='ocrx_word' id='word_1_115' title='bbox 599 1615 846 1671; x_wconf 85' lang='lat' dir='ltr'><strong>naturale</strong></span> <span class='ocrx_word' id='word_1_116' title='bbox 872 1614 1146 1671; x_wconf 90' lang='lat' dir='ltr'><strong>vinculum</strong></span> <span class='ocrx_word' id='word_1_117' title='bbox 1180 1613 1397 1686; x_wconf 88' lang='lat' dir='ltr'><strong>generis</strong></span> <span class='ocrx_word' id='word_1_118' title='bbox 1433 1614 1693 1684; x_wconf 78' lang='lat' dir='ltr'><strong>possedit,</strong></span> <span class='ocrx_word' id='word_1_119' title='bbox 1730 1628 2025 1685; x_wconf 86' lang='lat' dir='ltr'><strong>omnesque</strong></span> 
     </span>
    </p>
   </div>
   <div class='ocr_carea' id='block_1_18' title="bbox 2118 512 3691 585">
    <p class='ocr_par' dir='ltr' id='par_1_18' title="bbox 2118 512 3691 585">
     <span class='ocr_line' id='line_1_18' title="bbox 2118 512 3691 585; baseline 0 -16"><span class='ocrx_word' id='word_1_120' title='bbox 2118 514 2203 569; x_wconf 84' lang='lat' dir='ltr'><strong>hic</strong></span> <span class='ocrx_word' id='word_1_121' title='bbox 2225 523 2379 585; x_wconf 85' lang='lat' dir='ltr'><strong>poeta</strong></span> <span class='ocrx_word' id='word_1_122' title='bbox 2400 529 2421 579; x_wconf 87' lang='lat'><strong><em>;</em></strong></span> <span class='ocrx_word' id='word_1_123' title='bbox 2442 513 2699 584; x_wconf 72' lang='lat' dir='ltr'><strong>genitivo,</strong></span> <span class='ocrx_word' id='word_1_124' title='bbox 2726 512 2887 582; x_wconf 81' lang='lat' dir='ltr'><strong>hujus</strong></span> <span class='ocrx_word' id='word_1_125' title='bbox 2898 522 3098 582; x_wconf 66' lang='lat' dir='ltr'><strong>poetic;</strong></span> <span class='ocrx_word' id='word_1_126' title='bbox 3132 513 3332 577; x_wconf 90' lang='lat' dir='ltr'><strong>dativo,</strong></span> <span class='ocrx_word' id='word_1_127' title='bbox 3355 514 3479 566; x_wconf 78' lang='lat' dir='ltr'><strong>huic</strong></span> <span class='ocrx_word' id='word_1_128' title='bbox 3491 525 3691 583; x_wconf 72' lang='lat' dir='ltr'><strong>poem;</strong></span> 
     </span>
    </p>
   </div>
   <div class='ocr_carea' id='block_1_19' title="bbox 2118 602 3692 676">
    <p class='ocr_par' dir='ltr' id='par_1_19' title="bbox 2118 602 3692 676">
     <span class='ocr_line' id='line_1_19' title="bbox 2118 602 3692 676; baseline 0 -17"><span class='ocrx_word' id='word_1_129' title='bbox 2118 606 2258 659; x_wconf 75' lang='lat' dir='ltr'><strong>hunc</strong></span> <span class='ocrx_word' id='word_1_130' title='bbox 2279 614 2522 676; x_wconf 84' lang='lat' dir='ltr'><strong>poetam;</strong></span> <span class='ocrx_word' id='word_1_131' title='bbox 2552 621 2583 657; x_wconf 93' lang='lat' dir='ltr'><strong>o</strong></span> <span class='ocrx_word' id='word_1_132' title='bbox 2608 612 2782 673; x_wconf 88' lang='lat' dir='ltr'><strong>poeta,</strong></span> <span class='ocrx_word' id='word_1_133' title='bbox 2823 603 2889 656; x_wconf 87' lang='lat' dir='ltr'><strong>ab</strong></span> <span class='ocrx_word' id='word_1_134' title='bbox 2908 602 3006 656; x_wconf 77' lang='lat' dir='ltr'><strong>hoc</strong></span> <span class='ocrx_word' id='word_1_135' title='bbox 3029 613 3205 673; x_wconf 84' lang='lat' dir='ltr'><strong>poeta.</strong></span> <span class='ocrx_word' id='word_1_136' title='bbox 3239 602 3610 659; x_wconf 80' lang='lat' dir='ltr'><strong>Nominativus</strong></span> <span class='ocrx_word' id='word_1_137' title='bbox 3636 614 3692 660; x_wconf 84' lang='lat' dir='ltr'><strong>ct</strong></span> 
     </span>
    </p>
   </div>
   <div class='ocr_carea' id='block_1_20' title="bbox 2119 692 3691 766">
    <p class='ocr_par' dir='ltr' id='par_1_20' title="bbox 2119 692 3691 766">
     <span class='ocr_line' id='line_1_20' title="bbox 2119 692 3691 766; baseline 0.001 -18"><span class='ocrx_word' id='word_1_138' title='bbox 2119 696 2399 750; x_wconf 80' lang='lat' dir='ltr'><strong>vocativus</strong></span> <span class='ocrx_word' id='word_1_139' title='bbox 2426 693 2652 764; x_wconf 78' lang='lat' dir='ltr'><strong>pluralis</strong></span> <span class='ocrx_word' id='word_1_140' title='bbox 2681 693 2737 748; x_wconf 91' lang='lat' dir='ltr'><strong>in</strong></span> <span class='ocrx_word' id='word_1_141' title='bbox 2762 709 2807 747; x_wconf 69' lang='grc' dir='ltr'>αι</span> <span class='ocrx_word' id='word_1_142' title='bbox 2828 692 3265 766; x_wconf 75' lang='lat' dir='ltr'><strong>[diphthongon].</strong></span> <span class='ocrx_word' id='word_1_143' title='bbox 3302 692 3591 758; x_wconf 38' lang='lat' dir='ltr'><strong>,Genitivus</strong></span> <span class='ocrx_word' id='word_1_144' title='bbox 3635 696 3691 750; x_wconf 90' lang='lat' dir='ltr'><strong>iu</strong></span> 
     </span>
    </p>
   </div>
   <div class='ocr_carea' id='block_1_21' title="bbox 2119 782 3691 857">
    <p class='ocr_par' dir='ltr' id='par_1_21' title="bbox 2119 782 3691 857">
     <span class='ocr_line' id='line_1_21' title="bbox 2119 782 3691 857; baseline 0.003 -18"><span class='ocrx_word' id='word_1_145' title='bbox 2119 802 2293 839; x_wconf 85' lang='lat' dir='ltr'><strong>arum.</strong></span> <span class='ocrx_word' id='word_1_146' title='bbox 2324 783 2702 857; x_wconf 84' lang='lat' dir='ltr'><strong>[Accusativus</strong></span> <span class='ocrx_word' id='word_1_147' title='bbox 2728 784 2783 838; x_wconf 93' lang='lat' dir='ltr'><strong>in</strong></span> <span class='ocrx_word' id='word_1_148' title='bbox 2812 782 2920 855; x_wconf 89' lang='lat' dir='ltr'><strong>as.]</strong></span> <span class='ocrx_word' id='word_1_149' title='bbox 2958 784 3180 839; x_wconf 86' lang='lat' dir='ltr'><strong>Dativus</strong></span> <span class='ocrx_word' id='word_1_150' title='bbox 3219 793 3276 839; x_wconf 92' lang='lat' dir='ltr'><strong>et</strong></span> <span class='ocrx_word' id='word_1_151' title='bbox 3317 784 3587 842; x_wconf 85' lang='lat' dir='ltr'><strong>ablativus</strong></span> <span class='ocrx_word' id='word_1_152' title='bbox 3635 788 3691 843; x_wconf 86' lang='lat' dir='ltr'><strong>in</strong></span> 
     </span>
    </p>
   </div>
   <div class='ocr_carea' id='block_1_22' title="bbox 2117 874 3693 949">
    <p class='ocr_par' dir='ltr' id='par_1_22' title="bbox 2117 874 3693 949">
     <span class='ocr_line' id='line_1_22' title="bbox 2117 874 3693 949; baseline -0.002 -18"><span class='ocrx_word' id='word_1_153' title='bbox 2117 877 2165 931; x_wconf 90' lang='lat' dir='ltr'><strong>is</strong></span> <span class='ocrx_word' id='word_1_154' title='bbox 2188 874 2318 949; x_wconf 83' lang='lat' dir='ltr'><strong>(nisi</strong></span> <span class='ocrx_word' id='word_1_155' title='bbox 2354 877 2426 930; x_wconf 87' lang='lat' dir='ltr'><strong>sit</strong></span> <span class='ocrx_word' id='word_1_156' title='bbox 2448 874 2788 930; x_wconf 83' lang='lat' dir='ltr'><strong>discernendi</strong></span> <span class='ocrx_word' id='word_1_157' title='bbox 2806 874 3025 945; x_wconf 78' lang='lat' dir='ltr'><strong>generis</strong></span> <span class='ocrx_word' id='word_1_158' title='bbox 3049 888 3235 939; x_wconf 86' lang='lat' dir='ltr'><strong>causa,</strong></span> <span class='ocrx_word' id='word_1_159' title='bbox 3269 882 3329 927; x_wconf 91' lang='lat' dir='ltr'><strong>ut</strong></span> <span class='ocrx_word' id='word_1_160' title='bbox 3350 876 3569 940; x_wconf 85' lang='lat' dir='ltr'><strong>deabus,</strong></span> <span class='ocrx_word' id='word_1_161' title='bbox 3622 875 3693 946; x_wconf 77' lang='lat' dir='ltr'><strong>ﬁ-</strong></span> 
     </span>
    </p>
   </div>
   <div class='ocr_carea' id='block_1_23' title="bbox 2118 962 3689 1039">
    <p class='ocr_par' dir='ltr' id='par_1_23' title="bbox 2118 962 3689 1039">
     <span class='ocr_line' id='line_1_23' title="bbox 2118 962 3689 1039; baseline -0.001 -18"><span class='ocrx_word' id='word_1_162' title='bbox 2118 964 2591 1039; x_wconf 83' lang='lat' dir='ltr'><strong>liabus,_natabus,</strong></span> <span class='ocrx_word' id='word_1_163' title='bbox 2614 962 2864 1036; x_wconf 81' lang='lat' dir='ltr'><strong>equabus)</strong></span> <span class='ocrx_word' id='word_1_164' title='bbox 2887 963 2941 1017; x_wconf 86' lang='lat' dir='ltr'><strong>hi</strong></span> <span class='ocrx_word' id='word_1_165' title='bbox 2965 972 3149 1035; x_wconf 65' lang='lat' dir='ltr'><strong>poeta,</strong></span> <span class='ocrx_word' id='word_1_166' title='bbox 3179 964 3368 1017; x_wconf 79' lang='lat' dir='ltr'><strong>horum</strong></span> <span class='ocrx_word' id='word_1_167' title='bbox 3394 974 3689 1035; x_wconf 80' lang='lat' dir='ltr'><strong>poetarum,</strong></span> 
     </span>
    </p>
   </div>
   <div class='ocr_carea' id='block_1_24' title="bbox 2117 1051 3682 1125">
    <p class='ocr_par' dir='ltr' id='par_1_24' title="bbox 2117 1051 3682 1125">
     <span class='ocr_line' id='line_1_24' title="bbox 2117 1051 3682 1125; baseline -0.002 -16"><span class='ocrx_word' id='word_1_168' title='bbox 2117 1054 2201 1109; x_wconf 81' lang='lat' dir='ltr'><strong>his</strong></span> <span class='ocrx_word' id='word_1_169' title='bbox 2218 1053 2406 1125; x_wconf 87' lang='lat' dir='ltr'><strong>poetis,</strong></span> <span class='ocrx_word' id='word_1_170' title='bbox 2432 1054 2528 1108; x_wconf 79' lang='lat' dir='ltr'><strong>hos</strong></span> <span class='ocrx_word' id='word_1_171' title='bbox 2554 1061 2758 1121; x_wconf 87' lang='lat' dir='ltr'><strong>poetas,</strong></span> <span class='ocrx_word' id='word_1_172' title='bbox 2788 1068 2819 1106; x_wconf 93' lang='lat' dir='ltr'><strong>o</strong></span> <span class='ocrx_word' id='word_1_173' title='bbox 2849 1062 3038 1123; x_wconf 71' lang='lat' dir='ltr'><strong>poetis,</strong></span> <span class='ocrx_word' id='word_1_174' title='bbox 3060 1051 3125 1105; x_wconf 89' lang='lat' dir='ltr'><strong>ab</strong></span> <span class='ocrx_word' id='word_1_175' title='bbox 3148 1052 3229 1106; x_wconf 86' lang='lat' dir='ltr'><strong>his</strong></span> <span class='ocrx_word' id='word_1_176' title='bbox 3254 1054 3440 1123; x_wconf 88' lang='lat' dir='ltr'><strong>poetis.</strong></span> <span class='ocrx_word' id='word_1_177' title='bbox 3680 1063 3682 1066; x_wconf 75' lang='lat'><strong><em>&#39;</em></strong></span> 
     </span>
    </p>
   </div>
   <div class='ocr_carea' id='block_1_25' title="bbox 2190 1134 3692 1215">
    <p class='ocr_par' dir='ltr' id='par_1_25' title="bbox 2190 1134 3692 1215">
     <span class='ocr_line' id='line_1_25' title="bbox 2190 1134 3692 1215; baseline 0 -13"><span class='ocrx_word' id='word_1_178' title='bbox 2190 1145 2452 1201; x_wconf 76' lang='lat' dir='ltr'><strong>Secunda:</strong></span> <span class='ocrx_word' id='word_1_179' title='bbox 2476 1134 2855 1199; x_wconf 78' lang='lat' dir='ltr'><strong>declinationis</strong></span> <span class='ocrx_word' id='word_1_180' title='bbox 2880 1144 3150 1215; x_wconf 70' lang='lat' dir='ltr'><strong>genitivus</strong></span> <span class='ocrx_word' id='word_1_181' title='bbox 3173 1144 3227 1197; x_wconf 89' lang='lat' dir='ltr'><strong>in</strong></span> <span class='ocrx_word' id='word_1_182' title='bbox 3254 1143 3513 1202; x_wconf 85' lang='lat' dir='ltr'><strong>idesinit.</strong></span> <span class='ocrx_word' id='word_1_183' title='bbox 3542 1146 3692 1202; x_wconf 85' lang='lat' dir='ltr'><strong>Dati-</strong></span> 
     </span>
    </p>
   </div>
   <div class='ocr_carea' id='block_1_26' title="bbox 2117 1232 3685 1302">
    <p class='ocr_par' dir='ltr' id='par_1_26' title="bbox 2117 1232 3685 1302">
     <span class='ocr_line' id='line_1_26' title="bbox 2117 1232 3685 1302; baseline 0 -11"><span class='ocrx_word' id='word_1_184' title='bbox 2117 1250 2219 1291; x_wconf 84' lang='lat' dir='ltr'><strong>vus</strong></span> <span class='ocrx_word' id='word_1_185' title='bbox 2242 1242 2301 1288; x_wconf 91' lang='lat' dir='ltr'><strong>et</strong></span> <span class='ocrx_word' id='word_1_186' title='bbox 2326 1233 2593 1291; x_wconf 76' lang='lat' dir='ltr'><strong>ablativus</strong></span> <span class='ocrx_word' id='word_1_187' title='bbox 2618 1233 2675 1287; x_wconf 90' lang='lat' dir='ltr'><strong>in</strong></span> <span class='ocrx_word' id='word_1_188' title='bbox 2708 1249 2740 1287; x_wconf 79' lang='grc' dir='ltr'><strong><em>ο</em></strong></span> <span class='ocrx_word' id='word_1_189' title='bbox 2759 1233 3099 1302; x_wconf 87' lang='lat' dir='ltr'><strong>productam.</strong></span> <span class='ocrx_word' id='word_1_190' title='bbox 3122 1232 3547 1290; x_wconf 81' lang='lat' dir='ltr'><strong>Accusativusin</strong></span> <span class='ocrx_word' id='word_1_191' title='bbox 3576 1253 3685 1301; x_wconf 79' lang='lat' dir='ltr'><strong>unt,</strong></span> 
     </span>
    </p>
   </div>
   <div class='ocr_carea' id='block_1_27' title="bbox 2117 1325 3687 1399">
    <p class='ocr_par' dir='ltr' id='par_1_27' title="bbox 2117 1325 3687 1399">
     <span class='ocr_line' id='line_1_27' title="bbox 2117 1325 3687 1399; baseline 0.002 -18"><span class='ocrx_word' id='word_1_192' title='bbox 2117 1326 2227 1383; x_wconf 84' lang='lat' dir='ltr'><strong>nisi</strong></span> <span class='ocrx_word' id='word_1_193' title='bbox 2260 1326 2370 1381; x_wconf 92' lang='lat' dir='ltr'><strong>sint</strong></span> <span class='ocrx_word' id='word_1_194' title='bbox 2394 1333 2610 1392; x_wconf 88' lang='lat' dir='ltr'><strong>neutra,</strong></span> <span class='ocrx_word' id='word_1_195' title='bbox 2631 1339 2863 1397; x_wconf 86' lang='lat' dir='ltr'><strong>quorum</strong></span> <span class='ocrx_word' id='word_1_196' title='bbox 2894 1325 3235 1380; x_wconf 84' lang='lat' dir='ltr'><strong>accusativus</strong></span> <span class='ocrx_word' id='word_1_197' title='bbox 3258 1327 3459 1398; x_wconf 87' lang='lat' dir='ltr'><strong>ubique</strong></span> <span class='ocrx_word' id='word_1_198' title='bbox 3501 1329 3687 1399; x_wconf 83' lang='lat' dir='ltr'><strong>sequi-</strong></span> 
     </span>
    </p>
   </div>
   <div class='ocr_carea' id='block_1_28' title="bbox 2119 1414 3687 1486">
    <p class='ocr_par' dir='ltr' id='par_1_28' title="bbox 2119 1414 3687 1486">
     <span class='ocr_line' id='line_1_28' title="bbox 2119 1414 3687 1486; baseline 0.001 -14"><span class='ocrx_word' id='word_1_199' title='bbox 2119 1424 2211 1472; x_wconf 87' lang='lat' dir='ltr'><strong>tur</strong></span> <span class='ocrx_word' id='word_1_200' title='bbox 2237 1432 2396 1473; x_wconf 90' lang='lat' dir='ltr'><strong>suum</strong></span> <span class='ocrx_word' id='word_1_201' title='bbox 2430 1415 2843 1482; x_wconf 85' lang='lat' dir='ltr'><strong>nominativum,</strong></span> <span class='ocrx_word' id='word_1_202' title='bbox 2874 1428 2970 1469; x_wconf 87' lang='lat' dir='ltr'><strong>seu</strong></span> <span class='ocrx_word' id='word_1_203' title='bbox 3019 1414 3075 1470; x_wconf 92' lang='lat' dir='ltr'><strong>in</strong></span> <span class='ocrx_word' id='word_1_204' title='bbox 3123 1415 3386 1486; x_wconf 85' lang='lat' dir='ltr'><strong>singulari</strong></span> <span class='ocrx_word' id='word_1_205' title='bbox 3440 1434 3687 1485; x_wconf 86' lang='lat' dir='ltr'><strong>numero,</strong></span> 
     </span>
    </p>
   </div>
   <div class='ocr_carea' id='block_1_29' title="bbox 2120 1506 3690 1579">
    <p class='ocr_par' dir='ltr' id='par_1_29' title="bbox 2120 1506 3690 1579">
     <span class='ocr_line' id='line_1_29' title="bbox 2120 1506 3690 1579; baseline 0.001 -15"><span class='ocrx_word' id='word_1_206' title='bbox 2120 1523 2217 1564; x_wconf 90' lang='lat' dir='ltr'><strong>seu</strong></span> <span class='ocrx_word' id='word_1_207' title='bbox 2244 1509 2300 1564; x_wconf 91' lang='lat' dir='ltr'><strong>in</strong></span> <span class='ocrx_word' id='word_1_208' title='bbox 2316 1507 2533 1579; x_wconf 86' lang='lat' dir='ltr'><strong>plurali.</strong></span> <span class='ocrx_word' id='word_1_209' title='bbox 2557 1507 2848 1563; x_wconf 82' lang='lat' dir='ltr'><strong>Vocativus</strong></span> <span class='ocrx_word' id='word_1_210' title='bbox 2885 1506 3078 1563; x_wconf 85' lang='lat' dir='ltr'><strong>similis</strong></span> <span class='ocrx_word' id='word_1_211' title='bbox 3120 1516 3207 1563; x_wconf 89' lang='lat' dir='ltr'><strong>est</strong></span> <span class='ocrx_word' id='word_1_212' title='bbox 3252 1510 3583 1566; x_wconf 87' lang='lat' dir='ltr'><strong>nominativo</strong></span> <span class='ocrx_word' id='word_1_213' title='bbox 3631 1512 3690 1567; x_wconf 90' lang='lat' dir='ltr'><strong>in</strong></span> 
     </span>
    </p>
   </div>
   <div class='ocr_carea' id='block_1_30' title="bbox 2122 1597 3694 1672">
    <p class='ocr_par' dir='ltr' id='par_1_30' title="bbox 2122 1597 3694 1672">
     <span class='ocr_line' id='line_1_30' title="bbox 2122 1597 3694 1672; baseline -0.001 -13"><span class='ocrx_word' id='word_1_214' title='bbox 2122 1598 2231 1658; x_wconf 83' lang='lat' dir='ltr'><strong>illis</strong></span> <span class='ocrx_word' id='word_1_215' title='bbox 2275 1600 2530 1657; x_wconf 89' lang='lat' dir='ltr'><strong>omnibus</strong></span> <span class='ocrx_word' id='word_1_216' title='bbox 2553 1598 2709 1672; x_wconf 76' lang='grc' dir='ltr'><strong>μισ..</strong></span> <span class='ocrx_word' id='word_1_217' title='bbox 2758 1597 3090 1671; x_wconf 79' lang='lat' dir='ltr'><strong>nominibus]</strong></span> <span class='ocrx_word' id='word_1_218' title='bbox 3123 1614 3247 1669; x_wconf 61' lang='lat' dir='ltr'><strong>qua;</strong></span> <span class='ocrx_word' id='word_1_219' title='bbox 3272 1601 3326 1655; x_wconf 91' lang='lat' dir='ltr'><strong>in</strong></span> <span class='ocrx_word' id='word_1_220' title='bbox 3354 1617 3404 1654; x_wconf 84' lang='grc' dir='ltr'><strong>ιιι</strong></span> <span class='ocrx_word' id='word_1_221' title='bbox 3440 1602 3524 1656; x_wconf 89' lang='lat' dir='ltr'><strong>vel</strong></span> <span class='ocrx_word' id='word_1_222' title='bbox 3551 1618 3577 1655; x_wconf 93' lang='lat' dir='ltr'><strong>r</strong></span> <span class='ocrx_word' id='word_1_223' title='bbox 3598 1603 3694 1658; x_wconf 88' lang='lat' dir='ltr'><strong>de—</strong></span> 
     </span>
    </p>
   </div>
   <div class='ocr_carea' id='block_1_31' title="bbox 447 1689 3693 1778">
    <p class='ocr_par' dir='ltr' id='par_1_31' title="bbox 447 1689 3693 1778">
     <span class='ocr_line' id='line_1_31' title="bbox 447 1689 3693 1778; baseline -0.002 -27"><span class='ocrx_word' id='word_1_224' title='bbox 447 1706 693 1777; x_wconf 67' lang='lat' dir='ltr'><strong>obuquos</strong></span> <span class='ocrx_word' id='word_1_225' title='bbox 714 1713 956 1776; x_wconf 63' lang='lat' dir='ltr'><strong>generat,</strong></span> <span class='ocrx_word' id='word_1_226' title='bbox 979 1705 1200 1763; x_wconf 69' lang='lat' dir='ltr'><strong>naqu</strong></span> <span class='ocrx_word' id='word_1_227' title='bbox 1223 1705 1464 1772; x_wconf 66' lang='grc' dir='ltr'><strong>ωηίυηι,</strong></span> <span class='ocrx_word' id='word_1_228' title='bbox 1486 1705 1611 1772; x_wconf 70' lang='lat' dir='ltr'><strong>quia</strong></span> <span class='ocrx_word' id='word_1_229' title='bbox 1631 1705 2023 1778; x_wconf 60' lang='lat' dir='ltr'><strong>mgis‘amicig</strong></span> <span class='ocrx_word' id='word_1_230' title='bbox 2050 1760 2099 1778; x_wconf 74' lang='lat'>_</span> <span class='ocrx_word' id='word_1_231' title='bbox 2123 1693 2348 1755; x_wconf 84' lang='lat' dir='ltr'><strong>sinunt;</strong></span> <span class='ocrx_word' id='word_1_232' title='bbox 2379 1691 2424 1745; x_wconf 90' lang='lat' dir='ltr'><strong>si</strong></span> <span class='ocrx_word' id='word_1_233' title='bbox 2450 1705 2579 1746; x_wconf 87' lang='lat' dir='ltr'><strong>vero</strong></span> <span class='ocrx_word' id='word_1_234' title='bbox 2615 1690 2674 1778; x_wconf 70' lang='lat' dir='ltr'><strong>in</strong></span> <span class='ocrx_word' id='word_1_235' title='bbox 2693 1689 2777 1743; x_wconf 83' lang='lat' dir='ltr'><strong>ius</strong></span> <span class='ocrx_word' id='word_1_236' title='bbox 2801 1690 3017 1778; x_wconf 78' lang='lat' dir='ltr'><strong>nomina</strong></span> <span class='ocrx_word' id='word_1_237' title='bbox 3045 1689 3301 1744; x_wconf 81' lang='lat' dir='ltr'><strong>desinunt</strong></span> <span class='ocrx_word' id='word_1_238' title='bbox 3327 1692 3567 1760; x_wconf 82' lang='lat' dir='ltr'><strong>propria,</strong></span> <span class='ocrx_word' id='word_1_239' title='bbox 3598 1707 3693 1778; x_wconf 45' lang='lat' dir='ltr'><strong>vof</strong></span> 
     </span>
    </p>
   </div>
   <div class='ocr_carea' id='block_1_32' title="bbox 449 1760 2017 1866">
    <p class='ocr_par' dir='ltr' id='par_1_32' title="bbox 449 1760 2017 1866">
     <span class='ocr_line' id='line_1_32' title="bbox 449 1760 2017 1866; baseline 0.001 -13"><span class='ocrx_word' id='word_1_240' title='bbox 449 1760 747 1853; x_wconf 40' lang='lat' dir='ltr'><strong>convenit.&quot;</strong></span> <span class='ocrx_word' id='word_1_241' title='bbox 764 1794 1120 1852; x_wconf 82' lang='lat' dir='ltr'><strong>Accusativus</strong></span> <span class='ocrx_word' id='word_1_242' title='bbox 1146 1801 1408 1866; x_wconf 83' lang='lat' dir='ltr'><strong>&#39;quartum</strong></span> <span class='ocrx_word' id='word_1_243' title='bbox 1422 1760 1463 1861; x_wconf 45' lang='lat'><strong>,&#39;</strong></span> <span class='ocrx_word' id='word_1_244' title='bbox 1485 1760 1613 1866; x_wconf 75' lang='lat' dir='ltr'><strong>quia</strong></span> <span class='ocrx_word' id='word_1_245' title='bbox 1660 1760 1754 1850; x_wconf 66' lang='lat' dir='ltr'><strong>adv</strong></span> <span class='ocrx_word' id='word_1_246' title='bbox 1771 1796 2017 1854; x_wconf 90' lang='lat' dir='ltr'><strong>inimicos</strong></span> 
     </span>
    </p>
   </div>
   <div class='ocr_carea' id='block_1_33' title="bbox 2103 1760 3689 1866">
    <p class='ocr_par' dir='ltr' id='par_1_33' title="bbox 2123 1776 3689 1866">
     <span class='ocr_line' id='line_1_33' title="bbox 2123 1776 3689 1866; baseline -0.002 -27"><span class='ocrx_word' id='word_1_247' title='bbox 2123 1784 2334 1840; x_wconf 89' lang='lat' dir='ltr'><strong>cativus</strong></span> <span class='ocrx_word' id='word_1_248' title='bbox 2364 1781 2417 1835; x_wconf 88' lang='lat' dir='ltr'><strong>in</strong></span> <span class='ocrx_word' id='word_1_249' title='bbox 2446 1780 2484 1845; x_wconf 88' lang='lat' dir='ltr'><strong>i,</strong></span> <span class='ocrx_word' id='word_1_250' title='bbox 2512 1787 2574 1834; x_wconf 92' lang='lat' dir='ltr'><strong>ut</strong></span> <span class='ocrx_word' id='word_1_251' title='bbox 2634 1776 2905 1849; x_wconf 81' lang='lat' dir='ltr'><strong>Virgilius,</strong></span> <span class='ocrx_word' id='word_1_252' title='bbox 2944 1776 3129 1849; x_wconf 81' lang='lat' dir='ltr'><strong>Virgili</strong></span> <span class='ocrx_word' id='word_1_253' title='bbox 3161 1778 3345 1866; x_wconf 90' lang='lat' dir='ltr'><strong>[ﬁnit].</strong></span> <span class='ocrx_word' id='word_1_254' title='bbox 3462 1777 3689 1854; x_wconf 85' lang='lat' dir='ltr'><strong>[autem]</strong></span> 
     </span>
    </p>
   </div>
   <div class='ocr_carea' id='block_1_34' title="bbox 450 1875 2023 1958">
    <p class='ocr_par' dir='ltr' id='par_1_34' title="bbox 450 1875 2023 1958">
     <span class='ocr_line' id='line_1_34' title="bbox 450 1875 2023 1958; baseline 0.003 -17"><span class='ocrx_word' id='word_1_255' title='bbox 450 1886 647 1958; x_wconf 60' lang='lat' dir='ltr'><strong>sapius</strong></span> <span class='ocrx_word' id='word_1_256' title='bbox 661 1875 953 1957; x_wconf 67' lang='lat' dir='ltr'><strong>profertur.</strong></span> <span class='ocrx_word' id='word_1_257' title='bbox 976 1885 1178 1942; x_wconf 88' lang='lat' dir='ltr'><strong>Deinde</strong></span> <span class='ocrx_word' id='word_1_258' title='bbox 1196 1886 1493 1952; x_wconf 85' lang='lat' dir='ltr'><strong>vocativus,</strong></span> <span class='ocrx_word' id='word_1_259' title='bbox 1512 1886 1637 1957; x_wconf 89' lang='lat' dir='ltr'><strong>quia</strong></span> <span class='ocrx_word' id='word_1_260' title='bbox 1657 1886 2023 1957; x_wconf 78' lang='lat' dir='ltr'><strong>imperfectior</strong></span> 
     </span>
    </p>
   </div>
   <div class='ocr_carea' id='block_1_35' title="bbox 450 1976 2019 2047">
    <p class='ocr_par' dir='ltr' id='par_1_35' title="bbox 450 1976 2019 2047">
     <span class='ocr_line' id='line_1_35' title="bbox 450 1976 2019 2047; baseline 0 -14"><span class='ocrx_word' id='word_1_261' title='bbox 450 1985 534 2033; x_wconf 91' lang='lat' dir='ltr'><strong>est</strong></span> <span class='ocrx_word' id='word_1_262' title='bbox 555 1977 679 2033; x_wconf 91' lang='lat' dir='ltr'><strong>aliis</strong></span> <span class='ocrx_word' id='word_1_263' title='bbox 705 1994 864 2034; x_wconf 89' lang='lat' dir='ltr'><strong>sensu</strong></span> <span class='ocrx_word' id='word_1_264' title='bbox 896 1988 911 2032; x_wconf 66' lang='grc' dir='ltr'><em>τ</em></span> <span class='ocrx_word' id='word_1_265' title='bbox 940 1985 997 2034; x_wconf 89' lang='lat' dir='ltr'><strong>et</strong></span> <span class='ocrx_word' id='word_1_266' title='bbox 1021 1977 1090 2032; x_wconf 89' lang='lat' dir='ltr'><strong>ad</strong></span> <span class='ocrx_word' id='word_1_267' title='bbox 1117 1977 1405 2033; x_wconf 85' lang='lat' dir='ltr'><strong>secundam</strong></span> <span class='ocrx_word' id='word_1_268' title='bbox 1434 1976 1767 2033; x_wconf 88' lang='lat' dir='ltr'><strong>solummodo</strong></span> <span class='ocrx_word' id='word_1_269' title='bbox 1788 1978 2019 2047; x_wconf 76' lang='lat' dir='ltr'><strong>pertine‘</strong></span> 
     </span>
    </p>
   </div>
   <div class='ocr_carea' id='block_1_36' title="bbox 452 2066 2018 2138">
    <p class='ocr_par' dir='ltr' id='par_1_36' title="bbox 452 2066 2018 2138">
     <span class='ocr_line' id='line_1_36' title="bbox 452 2066 2018 2138; baseline -0.001 -14"><span class='ocrx_word' id='word_1_270' title='bbox 452 2083 759 2138; x_wconf 88' lang='lat' dir='ltr'><strong>personam,</strong></span> <span class='ocrx_word' id='word_1_271' title='bbox 793 2068 921 2124; x_wconf 91' lang='lat' dir='ltr'><strong>dum</strong></span> <span class='ocrx_word' id='word_1_272' title='bbox 950 2066 1041 2124; x_wconf 90' lang='lat' dir='ltr'><strong>alii</strong></span> <span class='ocrx_word' id='word_1_273' title='bbox 1078 2082 1240 2131; x_wconf 89' lang='lat' dir='ltr'><strong>casus</strong></span> <span class='ocrx_word' id='word_1_274' title='bbox 1269 2066 1339 2122; x_wconf 89' lang='lat' dir='ltr'><strong>ad</strong></span> <span class='ocrx_word' id='word_1_275' title='bbox 1376 2080 1565 2123; x_wconf 86' lang='lat' dir='ltr'><strong>omnes</strong></span> <span class='ocrx_word' id='word_1_276' title='bbox 1599 2081 1856 2138; x_wconf 82' lang='lat' dir='ltr'><strong>personas</strong></span> <span class='ocrx_word' id='word_1_277' title='bbox 1889 2066 2018 2137; x_wconf 84' lang='lat' dir='ltr'><strong>jun-</strong></span> 
     </span>
    </p>
   </div>
   <div class='ocr_carea' id='block_1_37' title="bbox 452 2152 2017 2232">
    <p class='ocr_par' dir='ltr' id='par_1_37' title="bbox 452 2152 2017 2232">
     <span class='ocr_line' id='line_1_37' title="bbox 452 2152 2017 2232; baseline -0.001 -17"><span class='ocrx_word' id='word_1_278' title='bbox 452 2170 668 2230; x_wconf 83' lang='lat' dir='ltr'><strong>guntur,</strong></span> <span class='ocrx_word' id='word_1_279' title='bbox 700 2152 900 2232; x_wconf 75' lang='lat' dir='ltr'><strong>ut,ego</strong></span> <span class='ocrx_word' id='word_1_280' title='bbox 926 2161 1087 2215; x_wconf 81' lang='lat' dir='ltr'><strong>homo</strong></span> <span class='ocrx_word' id='word_1_281' title='bbox 1103 2177 1241 2227; x_wconf 88' lang='lat' dir='ltr'><strong>sum,</strong></span> <span class='ocrx_word' id='word_1_282' title='bbox 1271 2170 1329 2214; x_wconf 91' lang='lat' dir='ltr'><strong>tu</strong></span> <span class='ocrx_word' id='word_1_283' title='bbox 1352 2159 1505 2214; x_wconf 72' lang='lat' dir='ltr'><strong>homo</strong></span> <span class='ocrx_word' id='word_1_284' title='bbox 1526 2154 1601 2223; x_wconf 82' lang='lat' dir='ltr'><strong>es,</strong></span> <span class='ocrx_word' id='word_1_285' title='bbox 1630 2158 1719 2214; x_wconf 84' lang='lat' dir='ltr'><strong>ille</strong></span> <span class='ocrx_word' id='word_1_286' title='bbox 1743 2159 1895 2215; x_wconf 85' lang='lat' dir='ltr'><strong>homo</strong></span> <span class='ocrx_word' id='word_1_287' title='bbox 1919 2168 2017 2214; x_wconf 86' lang='lat' dir='ltr'><strong>est.</strong></span> 
     </span>
    </p>
   </div>
   <div class='ocr_carea' id='block_1_38' title="bbox 457 2234 2017 2314">
    <p class='ocr_par' dir='ltr' id='par_1_38' title="bbox 457 2234 2017 2314">
     <span class='ocr_line' id='line_1_38' title="bbox 457 2234 2017 2314; baseline -0.002 -9"><span class='ocrx_word' id='word_1_288' title='bbox 457 2247 584 2313; x_wconf 70' lang='lat' dir='ltr'><strong>Mei,</strong></span> <span class='ocrx_word' id='word_1_289' title='bbox 607 2248 705 2313; x_wconf 80' lang='lat' dir='ltr'><strong>lui,</strong></span> <span class='ocrx_word' id='word_1_290' title='bbox 725 2249 868 2304; x_wconf 85' lang='lat' dir='ltr'><strong>illius</strong></span> <span class='ocrx_word' id='word_1_291' title='bbox 894 2248 1120 2305; x_wconf 81' lang='lat' dir='ltr'><strong>hominis</strong></span> <span class='ocrx_word' id='word_1_292' title='bbox 1152 2258 1249 2304; x_wconf 81' lang='lat' dir='ltr'><strong>est.</strong></span> <span class='ocrx_word' id='word_1_293' title='bbox 1289 2247 1442 2314; x_wconf 69' lang='lat' dir='ltr'><strong>Mihi,</strong></span> <span class='ocrx_word' id='word_1_294' title='bbox 1469 2234 1582 2314; x_wconf 86' lang='lat' dir='ltr'><strong>tibi,</strong></span> <span class='ocrx_word' id='word_1_295' title='bbox 1605 2239 1685 2307; x_wconf 75' lang='lat' dir='ltr'><strong>illi</strong></span> <span class='ocrx_word' id='word_1_296' title='bbox 1707 2248 1907 2304; x_wconf 83' lang='lat' dir='ltr'><strong>homini</strong></span> <span class='ocrx_word' id='word_1_297' title='bbox 1927 2248 2017 2302; x_wconf 90' lang='lat' dir='ltr'><strong>da.</strong></span> 
     </span>
    </p>
   </div>
   <div class='ocr_carea' id='block_1_39' title="bbox 457 2337 2022 2407">
    <p class='ocr_par' dir='ltr' id='par_1_39' title="bbox 457 2337 2022 2407">
     <span class='ocr_line' id='line_1_39' title="bbox 457 2337 2022 2407; baseline -0.001 -13"><span class='ocrx_word' id='word_1_298' title='bbox 457 2338 565 2404; x_wconf 73' lang='lat' dir='ltr'><strong>lle,</strong></span> <span class='ocrx_word' id='word_1_299' title='bbox 591 2348 658 2405; x_wconf 88' lang='lat' dir='ltr'><strong>te,</strong></span> <span class='ocrx_word' id='word_1_300' title='bbox 684 2337 832 2393; x_wconf 83' lang='lat' dir='ltr'><strong>illum</strong></span> <span class='ocrx_word' id='word_1_301' title='bbox 857 2339 1116 2395; x_wconf 80' lang='lat' dir='ltr'><strong>hominem</strong></span> <span class='ocrx_word' id='word_1_302' title='bbox 1140 2356 1350 2395; x_wconf 83' lang='lat' dir='ltr'><strong>accuso.</strong></span> <span class='ocrx_word' id='word_1_303' title='bbox 1374 2345 1416 2393; x_wconf 82' lang='grc' dir='ltr'><em>Α</em></span> <span class='ocrx_word' id='word_1_304' title='bbox 1442 2356 1547 2407; x_wconf 84' lang='lat' dir='ltr'><strong>me,</strong></span> <span class='ocrx_word' id='word_1_305' title='bbox 1576 2356 1609 2392; x_wconf 87' lang='lat' dir='ltr'><strong>a</strong></span> <span class='ocrx_word' id='word_1_306' title='bbox 1629 2352 1698 2405; x_wconf 90' lang='lat' dir='ltr'><strong>te,</strong></span> <span class='ocrx_word' id='word_1_307' title='bbox 1725 2338 1791 2394; x_wconf 91' lang='lat' dir='ltr'><strong>ab</strong></span> <span class='ocrx_word' id='word_1_308' title='bbox 1816 2338 1907 2393; x_wconf 82' lang='lat' dir='ltr'><strong>illo</strong></span> <span class='ocrx_word' id='word_1_309' title='bbox 1927 2339 2022 2393; x_wconf 85' lang='lat' dir='ltr'><strong>ho-</strong></span> 
     </span>
    </p>
   </div>
   <div class='ocr_carea' id='block_1_40' title="bbox 456 2414 2020 2498">
    <p class='ocr_par' dir='ltr' id='par_1_40' title="bbox 456 2414 2020 2498">
     <span class='ocr_line' id='line_1_40' title="bbox 456 2414 2020 2498; baseline -0.001 -15"><span class='ocrx_word' id='word_1_310' title='bbox 456 2430 593 2484; x_wconf 86' lang='lat' dir='ltr'><strong>mine</strong></span> <span class='ocrx_word' id='word_1_311' title='bbox 612 2429 706 2483; x_wconf 85' lang='lat' dir='ltr'><strong>hoc</strong></span> <span class='ocrx_word' id='word_1_312' title='bbox 728 2426 944 2498; x_wconf 87' lang='lat' dir='ltr'><strong>protuli.</strong></span> <span class='ocrx_word' id='word_1_313' title='bbox 972 2427 1131 2483; x_wconf 88' lang='lat' dir='ltr'><strong>Solus</strong></span> <span class='ocrx_word' id='word_1_314' title='bbox 1152 2429 1430 2484; x_wconf 84' lang='lat' dir='ltr'><strong>vocativus</strong></span> <span class='ocrx_word' id='word_1_315' title='bbox 1446 2414 1581 2488; x_wconf 83' lang='lat' dir='ltr'><strong>dicit</strong></span> <span class='ocrx_word' id='word_1_316' title='bbox 1614 2445 1688 2482; x_wconf 66' lang='lat' dir='ltr'><strong>:~o</strong></span> <span class='ocrx_word' id='word_1_317' title='bbox 1707 2429 1863 2483; x_wconf 85' lang='lat' dir='ltr'><strong>homo</strong></span> <span class='ocrx_word' id='word_1_318' title='bbox 1886 2416 2020 2484; x_wconf 69' lang='lat' dir='ltr'><strong>uerti.</strong></span> 
     </span>
    </p>
   </div>
   <div class='ocr_carea' id='block_1_41' title="bbox 458 2514 2025 2591">
    <p class='ocr_par' dir='ltr' id='par_1_41' title="bbox 458 2514 2025 2591">
     <span class='ocr_line' id='line_1_41' title="bbox 458 2514 2025 2591; baseline -0.001 -16"><span class='ocrx_word' id='word_1_319' title='bbox 458 2514 564 2575; x_wconf 67' lang='grc' dir='ltr'><strong>θεά</strong></span> <span class='ocrx_word' id='word_1_320' title='bbox 583 2520 864 2586; x_wconf 85' lang='lat' dir='ltr'><strong>ablativus,</strong></span> <span class='ocrx_word' id='word_1_321' title='bbox 892 2519 983 2588; x_wconf 88' lang='lat' dir='ltr'><strong>qui</strong></span> <span class='ocrx_word' id='word_1_322' title='bbox 1012 2519 1298 2591; x_wconf 59' lang='lat' dir='ltr'><strong>novissime</strong></span> <span class='ocrx_word' id='word_1_323' title='bbox 1312 2526 1563 2590; x_wconf 84' lang='lat' dir='ltr'><strong>repertus</strong></span> <span class='ocrx_word' id='word_1_324' title='bbox 1608 2525 1713 2583; x_wconf 87' lang='lat' dir='ltr'><strong>est,</strong></span> <span class='ocrx_word' id='word_1_325' title='bbox 1733 2518 2025 2588; x_wconf 83' lang='lat' dir='ltr'><strong>novissime</strong></span> 
     </span>
    </p>
   </div>
   <div class='ocr_carea' id='block_1_42' title="bbox 453 2610 1545 2681">
    <p class='ocr_par' dir='ltr' id='par_1_42' title="bbox 453 2610 1545 2681">
     <span class='ocr_line' id='line_1_42' title="bbox 453 2610 1545 2681; baseline -0.002 -17"><span class='ocrx_word' id='word_1_326' title='bbox 453 2610 687 2681; x_wconf 83' lang='lat' dir='ltr'><strong>ponitur.</strong></span> <span class='ocrx_word' id='word_1_327' title='bbox 1054 2666 1056 2669; x_wconf 30' lang='grc' dir='ltr'><strong><em>τ</em></strong></span> <span class='ocrx_word' id='word_1_328' title='bbox 1484 2634 1489 2640; x_wconf 64' lang='grc' dir='ltr'><strong>ο</strong></span> <span class='ocrx_word' id='word_1_329' title='bbox 1544 2640 1545 2643; x_wconf 60' lang='grc' dir='ltr'><strong>η</strong></span> 
     </span>
    </p>
   </div>
   <div class='ocr_carea' id='block_1_43' title="bbox 522 2690 2024 2770">
    <p class='ocr_par' dir='ltr' id='par_1_43' title="bbox 522 2690 2024 2770">
     <span class='ocr_line' id='line_1_43' title="bbox 522 2690 2024 2770; baseline 0 -17"><span class='ocrx_word' id='word_1_330' title='bbox 522 2698 620 2754; x_wconf 79' lang='lat' dir='ltr'><strong>Fu.</strong></span> <span class='ocrx_word' id='word_1_331' title='bbox 645 2698 784 2754; x_wconf 84' lang='lat' dir='ltr'><strong>Num</strong></span> <span class='ocrx_word' id='word_1_332' title='bbox 823 2700 1003 2755; x_wconf 89' lang='lat' dir='ltr'><strong>omnia</strong></span> <span class='ocrx_word' id='word_1_333' title='bbox 1030 2690 1261 2755; x_wconf 85' lang='lat' dir='ltr'><strong>nomina</strong></span> <span class='ocrx_word' id='word_1_334' title='bbox 1297 2712 1396 2770; x_wconf 87' lang='lat' dir='ltr'><strong>per</strong></span> <span class='ocrx_word' id='word_1_335' title='bbox 1450 2712 1639 2754; x_wconf 89' lang='lat' dir='ltr'><strong>omnes</strong></span> <span class='ocrx_word' id='word_1_336' title='bbox 1673 2713 1832 2755; x_wconf 89' lang='lat' dir='ltr'><strong>casus</strong></span> <span class='ocrx_word' id='word_1_337' title='bbox 1857 2696 2024 2755; x_wconf 87' lang='lat' dir='ltr'><strong>decli-</strong></span> 
     </span>
    </p>
   </div>
   <div class='ocr_carea' id='block_1_44' title="bbox 452 2774 2037 2860">
    <p class='ocr_par' dir='ltr' id='par_1_44' title="bbox 452 2774 2037 2860">
     <span class='ocr_line' id='line_1_44' title="bbox 452 2774 2037 2860; baseline 0.002 -15"><span class='ocrx_word' id='word_1_338' title='bbox 452 2789 574 2845; x_wconf 89' lang='lat' dir='ltr'><strong>nari</strong></span> <span class='ocrx_word' id='word_1_339' title='bbox 610 2774 869 2859; x_wconf 54' lang='lat' dir='ltr'><strong>possunt?</strong></span> <span class='ocrx_word' id='word_1_340' title='bbox 893 2819 965 2829; x_wconf 90' lang='lat'><strong>-—</strong></span> <span class='ocrx_word' id='word_1_341' title='bbox 984 2789 1149 2845; x_wconf 80' lang='lat' dir='ltr'><strong>Suo.</strong></span> <span class='ocrx_word' id='word_1_342' title='bbox 1181 2788 1297 2845; x_wconf 86' lang='lat' dir='ltr'><strong>Non</strong></span> <span class='ocrx_word' id='word_1_343' title='bbox 1341 2796 1596 2859; x_wconf 90' lang='lat' dir='ltr'><strong>possunt,</strong></span> <span class='ocrx_word' id='word_1_344' title='bbox 1625 2788 1751 2860; x_wconf 88' lang='lat' dir='ltr'><strong>quia</strong></span> <span class='ocrx_word' id='word_1_345' title='bbox 1780 2778 1911 2845; x_wconf 73' lang='lat' dir='ltr'><strong>sunt</strong></span> <span class='ocrx_word' id='word_1_346' title='bbox 1931 2804 2037 2850; x_wconf 67' lang='grc' dir='ltr'>ιιοο,</span> 
     </span>
    </p>
   </div>
   <div class='ocr_carea' id='block_1_45' title="bbox 452 2866 2028 2955">
    <p class='ocr_par' dir='ltr' id='par_1_45' title="bbox 452 2866 2028 2955">
     <span class='ocr_line' id='line_1_45' title="bbox 452 2866 2028 2955; baseline 0.003 -23"><span class='ocrx_word' id='word_1_347' title='bbox 452 2878 598 2932; x_wconf 89' lang='lat' dir='ltr'><strong>mina</strong></span> <span class='ocrx_word' id='word_1_348' title='bbox 613 2889 744 2948; x_wconf 74' lang='lat' dir='ltr'><strong>qua:</strong></span> <span class='ocrx_word' id='word_1_349' title='bbox 786 2880 1176 2955; x_wconf 81' lang='lat' dir='ltr'><strong>nominativum</strong></span> <span class='ocrx_word' id='word_1_350' title='bbox 1208 2879 1387 2935; x_wconf 82' lang='lat' dir='ltr'><strong>solum</strong></span> <span class='ocrx_word' id='word_1_351' title='bbox 1430 2879 1649 2946; x_wconf 85' lang='lat' dir='ltr'><strong>habent,</strong></span> <span class='ocrx_word' id='word_1_352' title='bbox 1685 2888 1741 2934; x_wconf 89' lang='lat' dir='ltr'><strong>et</strong></span> <span class='ocrx_word' id='word_1_353' title='bbox 1774 2866 2028 2948; x_wconf 56' lang='lat' dir='ltr'><strong>dicplttur</strong></span> 
     </span>
    </p>
   </div>
   <div class='ocr_carea' id='block_1_46' title="bbox 451 2967 2026 3040">
    <p class='ocr_par' dir='ltr' id='par_1_46' title="bbox 451 2967 2026 3040">
     <span class='ocr_line' id='line_1_46' title="bbox 451 2967 2026 3040; baseline 0.003 -19"><span class='ocrx_word' id='word_1_354' title='bbox 451 2976 654 3038; x_wconf 84' lang='lat' dir='ltr'><strong>aptata,</strong></span> <span class='ocrx_word' id='word_1_355' title='bbox 691 2976 751 3022; x_wconf 88' lang='lat' dir='ltr'><strong>ut</strong></span> <span class='ocrx_word' id='word_1_356' title='bbox 789 2969 893 3039; x_wconf 83' lang='lat' dir='ltr'><strong>fas,</strong></span> <span class='ocrx_word' id='word_1_357' title='bbox 920 2967 1012 3040; x_wconf 86' lang='lat' dir='ltr'><strong>git,</strong></span> <span class='ocrx_word' id='word_1_358' title='bbox 1045 2986 1175 3040; x_wconf 78' lang='lat' dir='ltr'><strong>pus,</strong></span> <span class='ocrx_word' id='word_1_359' title='bbox 1201 2970 1267 3023; x_wconf 88' lang='lat' dir='ltr'><strong>ir.</strong></span> <span class='ocrx_word' id='word_1_360' title='bbox 1300 2967 1441 3027; x_wconf 85' lang='lat' dir='ltr'><strong>Sunt</strong></span> <span class='ocrx_word' id='word_1_361' title='bbox 1487 2984 1607 3038; x_wconf 75' lang='lat' dir='ltr'><strong>qua:</strong></span> <span class='ocrx_word' id='word_1_362' title='bbox 1633 2969 2026 3025; x_wconf 88' lang='lat' dir='ltr'><strong>nominativum</strong></span> 
     </span>
    </p>
   </div>
   <div class='ocr_carea' id='block_1_47' title="bbox 330 3055 2019 3135">
    <p class='ocr_par' dir='ltr' id='par_1_47' title="bbox 330 3055 2019 3135">
     <span class='ocr_line' id='line_1_47' title="bbox 330 3055 2019 3135; baseline 0 -20"><span class='ocrx_word' id='word_1_363' title='bbox 330 3112 339 3115; x_wconf 26' lang='grc' dir='ltr'><strong>ι</strong></span> <span class='ocrx_word' id='word_1_364' title='bbox 396 3055 403 3063; x_wconf 83' lang='grc'><strong>’</strong></span> <span class='ocrx_word' id='word_1_365' title='bbox 450 3072 557 3113; x_wconf 89' lang='lat' dir='ltr'><strong>non</strong></span> <span class='ocrx_word' id='word_1_366' title='bbox 582 3059 801 3126; x_wconf 81' lang='lat' dir='ltr'><strong>habent,</strong></span> <span class='ocrx_word' id='word_1_367' title='bbox 829 3068 908 3133; x_wconf 85' lang='lat' dir='ltr'><strong>ut,</strong></span> <span class='ocrx_word' id='word_1_368' title='bbox 930 3059 1098 3125; x_wconf 77' lang='lat' dir='ltr'><strong>Iouis,</strong></span> <span class='ocrx_word' id='word_1_369' title='bbox 1123 3059 1265 3124; x_wconf 71' lang='lat' dir='ltr'><strong>Ioui,</strong></span> <span class='ocrx_word' id='word_1_370' title='bbox 1291 3058 1493 3125; x_wconf 77' lang='lat' dir='ltr'><strong>Jovem,</strong></span> <span class='ocrx_word' id='word_1_371' title='bbox 1514 3075 1549 3111; x_wconf 88' lang='lat' dir='ltr'><strong>a</strong></span> <span class='ocrx_word' id='word_1_372' title='bbox 1571 3057 1721 3129; x_wconf 73' lang='lat' dir='ltr'><strong>Jove.</strong></span> <span class='ocrx_word' id='word_1_373' title='bbox 1751 3058 1890 3135; x_wconf 66' lang='lat' dir='ltr'><strong>Sunt</strong></span> <span class='ocrx_word' id='word_1_374' title='bbox 1914 3060 2019 3117; x_wconf 83' lang='lat' dir='ltr'><strong>alia</strong></span> 
     </span>
    </p>
   </div>
   <div class='ocr_carea' id='block_1_48' title="bbox 449 3146 2015 3220">
    <p class='ocr_par' dir='ltr' id='par_1_48' title="bbox 449 3146 2015 3220">
     <span class='ocr_line' id='line_1_48' title="bbox 449 3146 2015 3220; baseline 0.001 -18"><span class='ocrx_word' id='word_1_375' title='bbox 449 3148 504 3202; x_wconf 91' lang='lat' dir='ltr'><strong>in</strong></span> <span class='ocrx_word' id='word_1_376' title='bbox 541 3147 735 3218; x_wconf 88' lang='lat' dir='ltr'><strong>quibus</strong></span> <span class='ocrx_word' id='word_1_377' title='bbox 777 3157 889 3204; x_wconf 86' lang='lat' dir='ltr'><strong>tres</strong></span> <span class='ocrx_word' id='word_1_378' title='bbox 930 3156 1134 3204; x_wconf 87' lang='lat' dir='ltr'><strong>tantum</strong></span> <span class='ocrx_word' id='word_1_379' title='bbox 1183 3148 1384 3217; x_wconf 84' lang='lat' dir='ltr'><strong>obliqui</strong></span> <span class='ocrx_word' id='word_1_380' title='bbox 1434 3146 1807 3213; x_wconf 88' lang='lat' dir='ltr'><strong>inveniuntur;</strong></span> <span class='ocrx_word' id='word_1_381' title='bbox 1850 3149 2015 3220; x_wconf 72' lang='lat' dir='ltr'><strong>frugi,</strong></span> 
     </span>
    </p>
   </div>
   <div class='ocr_carea' id='block_1_49' title="bbox 451 3233 2019 3310">
    <p class='ocr_par' dir='ltr' id='par_1_49' title="bbox 451 3233 2019 3310">
     <span class='ocr_line' id='line_1_49' title="bbox 451 3233 2019 3310; baseline 0.001 -18"><span class='ocrx_word' id='word_1_382' title='bbox 451 3233 673 3309; x_wconf 79' lang='lat' dir='ltr'><strong>frugem,</strong></span> <span class='ocrx_word' id='word_1_383' title='bbox 703 3256 736 3292; x_wconf 91' lang='lat' dir='ltr'><strong>a</strong></span> <span class='ocrx_word' id='word_1_384' title='bbox 764 3238 932 3310; x_wconf 77' lang='lat' dir='ltr'><strong>fruge.</strong></span> <span class='ocrx_word' id='word_1_385' title='bbox 979 3239 1115 3302; x_wconf 81' lang='lat' dir='ltr'><strong>Alia,</strong></span> <span class='ocrx_word' id='word_1_386' title='bbox 1162 3238 1215 3292; x_wconf 89' lang='lat' dir='ltr'><strong>in</strong></span> <span class='ocrx_word' id='word_1_387' title='bbox 1265 3239 1461 3309; x_wconf 79' lang='lat' dir='ltr'><strong>quibus</strong></span> <span class='ocrx_word' id='word_1_388' title='bbox 1501 3237 1630 3303; x_wconf 89' lang='lat' dir='ltr'><strong>duo,</strong></span> <span class='ocrx_word' id='word_1_389' title='bbox 1667 3246 1729 3293; x_wconf 92' lang='lat' dir='ltr'><strong>ut</strong></span> <span class='ocrx_word' id='word_1_390' title='bbox 1774 3239 1955 3307; x_wconf 76' lang='lat' dir='ltr'><strong>uicem,</strong></span> <span class='ocrx_word' id='word_1_391' title='bbox 1986 3255 2019 3294; x_wconf 85' lang='lat' dir='ltr'><strong>a</strong></span> 
     </span>
    </p>
   </div>
   <div class='ocr_carea' id='block_1_50' title="bbox 450 3330 1713 3400">
    <p class='ocr_par' dir='ltr' id='par_1_50' title="bbox 450 3330 1713 3400">
     <span class='ocr_line' id='line_1_50' title="bbox 450 3330 1713 3400; baseline -0.002 -16"><span class='ocrx_word' id='word_1_392' title='bbox 450 3330 575 3384; x_wconf 74' lang='lat' dir='ltr'><strong>uice.</strong></span> <span class='ocrx_word' id='word_1_393' title='bbox 600 3330 738 3395; x_wconf 84' lang='lat' dir='ltr'><strong>Alia,</strong></span> <span class='ocrx_word' id='word_1_394' title='bbox 767 3331 820 3385; x_wconf 93' lang='lat' dir='ltr'><strong>in</strong></span> <span class='ocrx_word' id='word_1_395' title='bbox 850 3330 1043 3400; x_wconf 88' lang='lat' dir='ltr'><strong>quibus</strong></span> <span class='ocrx_word' id='word_1_396' title='bbox 1065 3345 1224 3395; x_wconf 90' lang='lat' dir='ltr'><strong>unus,</strong></span> <span class='ocrx_word' id='word_1_397' title='bbox 1248 3334 1307 3385; x_wconf 79' lang='grc' dir='ltr'><strong>ιιι</strong></span> <span class='ocrx_word' id='word_1_398' title='bbox 1327 3339 1525 3399; x_wconf 84' lang='lat' dir='ltr'><strong>sponte,</strong></span> <span class='ocrx_word' id='word_1_399' title='bbox 1554 3345 1713 3400; x_wconf 66' lang='lat' dir='ltr'><strong>sirpe.</strong></span> 
     </span>
    </p>
   </div>
   <div class='ocr_carea' id='block_1_51' title="bbox 519 3402 2022 3487">
    <p class='ocr_par' dir='ltr' id='par_1_51' title="bbox 519 3402 2022 3487">
     <span class='ocr_line' id='line_1_51' title="bbox 519 3402 2022 3487; baseline -0.001 -14"><span class='ocrx_word' id='word_1_400' title='bbox 519 3419 616 3473; x_wconf 79' lang='lat' dir='ltr'><strong>Fu.</strong></span> <span class='ocrx_word' id='word_1_401' title='bbox 650 3420 791 3487; x_wconf 86' lang='lat' dir='ltr'><strong>Quot</strong></span> <span class='ocrx_word' id='word_1_402' title='bbox 820 3420 1008 3475; x_wconf 75' lang='lat' dir='ltr'><strong>forma:</strong></span> <span class='ocrx_word' id='word_1_403' title='bbox 1028 3402 1268 3480; x_wconf 70' lang='lat' dir='ltr'><strong>casuales</strong></span> <span class='ocrx_word' id='word_1_404' title='bbox 1299 3420 1455 3480; x_wconf 76' lang='lat' dir='ltr'><strong>sunt?</strong></span> <span class='ocrx_word' id='word_1_405' title='bbox 1476 3450 1548 3467; x_wconf 82' lang='lat'><strong>-—</strong></span> <span class='ocrx_word' id='word_1_406' title='bbox 1570 3418 1735 3479; x_wconf 69' lang='lat' dir='ltr'><strong>Sno.</strong></span> <span class='ocrx_word' id='word_1_407' title='bbox 1760 3415 1868 3473; x_wconf 78' lang='lat' dir='ltr'><strong>Sex</strong></span> <span class='ocrx_word' id='word_1_408' title='bbox 1893 3424 2022 3471; x_wconf 86' lang='lat' dir='ltr'><strong>sunt</strong></span> 
     </span>
    </p>
   </div>
   <div class='ocr_carea' id='block_1_52' title="bbox 452 3495 2018 3585">
    <p class='ocr_par' dir='ltr' id='par_1_52' title="bbox 452 3495 2018 3585">
     <span class='ocr_line' id='line_1_52' title="bbox 452 3495 2018 3585; baseline -0.003 -22"><span class='ocrx_word' id='word_1_409' title='bbox 452 3511 666 3585; x_wconf 84' lang='lat' dir='ltr'><strong>nomina</strong></span> <span class='ocrx_word' id='word_1_410' title='bbox 692 3519 1019 3579; x_wconf 87' lang='lat' dir='ltr'><strong>monoptota,</strong></span> <span class='ocrx_word' id='word_1_411' title='bbox 1050 3495 1313 3579; x_wconf 19' lang='lat' dir='ltr'><strong>quaesima</strong></span> <span class='ocrx_word' id='word_1_412' title='bbox 1344 3509 1723 3585; x_wconf 75' lang='lat' dir='ltr'><strong>terminatione</strong></span> <span class='ocrx_word' id='word_1_413' title='bbox 1745 3498 1848 3576; x_wconf 76' lang='lat' dir='ltr'><strong>pro</strong></span> <span class='ocrx_word' id='word_1_414' title='bbox 1870 3504 2018 3563; x_wconf 89' lang='lat' dir='ltr'><strong>omni</strong></span> 
     </span>
    </p>
   </div>
   <div class='ocr_carea' id='block_1_53' title="bbox 450 3583 2018 3669">
    <p class='ocr_par' dir='ltr' id='par_1_53' title="bbox 450 3583 2018 3669">
     <span class='ocr_line' id='line_1_53' title="bbox 450 3583 2018 3669; baseline -0.003 -15"><span class='ocrx_word' id='word_1_415' title='bbox 450 3583 579 3663; x_wconf 69' lang='lat' dir='ltr'><strong>caSu</strong></span> <span class='ocrx_word' id='word_1_416' title='bbox 608 3590 924 3669; x_wconf 76' lang='lat' dir='ltr'><strong>funguntur,</strong></span> <span class='ocrx_word' id='word_1_417' title='bbox 948 3606 1010 3652; x_wconf 89' lang='lat' dir='ltr'><strong>ut</strong></span> <span class='ocrx_word' id='word_1_418' title='bbox 1033 3598 1248 3668; x_wconf 80' lang='lat' dir='ltr'><strong>gummi,</strong></span> <span class='ocrx_word' id='word_1_419' title='bbox 1279 3583 1520 3668; x_wconf 78' lang='lat' dir='ltr'><strong>nequam.</strong></span> <span class='ocrx_word' id='word_1_420' title='bbox 1552 3596 1664 3652; x_wconf 89' lang='lat' dir='ltr'><strong>Sub</strong></span> <span class='ocrx_word' id='word_1_421' title='bbox 1698 3611 1806 3667; x_wconf 89' lang='lat' dir='ltr'><strong>qua</strong></span> <span class='ocrx_word' id='word_1_422' title='bbox 1834 3594 2018 3667; x_wconf 81' lang='lat' dir='ltr'><strong>regula</strong></span> 
     </span>
    </p>
   </div>
   <div class='ocr_carea' id='block_1_54' title="bbox 407 3685 2017 3755">
    <p class='ocr_par' dir='ltr' id='par_1_54' title="bbox 407 3685 2017 3755">
     <span class='ocr_line' id='line_1_54' title="bbox 407 3685 2017 3755; baseline -0.006 -8"><span class='ocrx_word' id='word_1_423' title='bbox 407 3728 428 3747; x_wconf 57' lang='grc' dir='ltr'>κ</span> <span class='ocrx_word' id='word_1_424' title='bbox 449 3696 575 3746; x_wconf 87' lang='lat' dir='ltr'><strong>sunt</strong></span> <span class='ocrx_word' id='word_1_425' title='bbox 599 3689 763 3744; x_wconf 91' lang='lat' dir='ltr'><strong>etiam</strong></span> <span class='ocrx_word' id='word_1_426' title='bbox 787 3688 1007 3742; x_wconf 80' lang='lat' dir='ltr'><strong>nomina</strong></span> <span class='ocrx_word' id='word_1_427' title='bbox 1029 3685 1329 3741; x_wconf 86' lang='lat' dir='ltr'><strong>litterarum</strong></span> <span class='ocrx_word' id='word_1_428' title='bbox 1357 3690 1412 3741; x_wconf 87' lang='lat' dir='ltr'><strong>et</strong></span> <span class='ocrx_word' id='word_1_429' title='bbox 1451 3698 1799 3742; x_wconf 79' lang='lat' dir='ltr'><strong>numerorum</strong></span> <span class='ocrx_word' id='word_1_430' title='bbox 1824 3700 1856 3739; x_wconf 88' lang='lat' dir='ltr'><strong>a</strong></span> <span class='ocrx_word' id='word_1_431' title='bbox 1881 3699 2017 3755; x_wconf 87' lang='lat' dir='ltr'><strong>qua-</strong></span> 
     </span>
    </p>
   </div>
   <div class='ocr_carea' id='block_1_55' title="bbox 453 3774 2022 3850">
    <p class='ocr_par' dir='ltr' id='par_1_55' title="bbox 453 3774 2022 3850">
     <span class='ocr_line' id='line_1_55' title="bbox 453 3774 2022 3850; baseline -0.004 -14"><span class='ocrx_word' id='word_1_432' title='bbox 453 3786 576 3836; x_wconf 82' lang='lat' dir='ltr'><strong>tuor</strong></span> <span class='ocrx_word' id='word_1_433' title='bbox 601 3792 769 3850; x_wconf 89' lang='lat' dir='ltr'><strong>usque</strong></span> <span class='ocrx_word' id='word_1_434' title='bbox 789 3776 857 3833; x_wconf 80' lang='lat' dir='ltr'><strong>ad</strong></span> <span class='ocrx_word' id='word_1_435' title='bbox 890 3784 1126 3833; x_wconf 89' lang='lat' dir='ltr'><strong>centum.</strong></span> <span class='ocrx_word' id='word_1_436' title='bbox 1155 3774 1369 3847; x_wconf 84' lang='lat' dir='ltr'><strong>Diptota</strong></span> <span class='ocrx_word' id='word_1_437' title='bbox 1391 3784 1537 3842; x_wconf 88' lang='lat' dir='ltr'><strong>sunt,</strong></span> <span class='ocrx_word' id='word_1_438' title='bbox 1560 3791 1681 3846; x_wconf 71' lang='lat' dir='ltr'><strong>qum</strong></span> <span class='ocrx_word' id='word_1_439' title='bbox 1706 3776 1842 3832; x_wconf 90' lang='lat' dir='ltr'><strong>duos</strong></span> <span class='ocrx_word' id='word_1_440' title='bbox 1862 3789 2022 3830; x_wconf 86' lang='lat' dir='ltr'><strong>casus</strong></span> 
     </span>
    </p>
   </div>
   <div class='ocr_carea' id='block_1_56' title="bbox 451 3860 2022 3943">
    <p class='ocr_par' dir='ltr' id='par_1_56' title="bbox 451 3860 2022 3943">
     <span class='ocr_line' id='line_1_56' title="bbox 451 3860 2022 3943; baseline -0.005 -16"><span class='ocrx_word' id='word_1_441' title='bbox 451 3870 692 3927; x_wconf 86' lang='lat' dir='ltr'><strong>diversos</strong></span> <span class='ocrx_word' id='word_1_442' title='bbox 716 3869 920 3925; x_wconf 84' lang='lat' dir='ltr'><strong>habent</strong></span> <span class='ocrx_word' id='word_1_443' title='bbox 935 3908 951 3933; x_wconf 92' lang='lat'><strong>,</strong></span> <span class='ocrx_word' id='word_1_444' title='bbox 984 3877 1045 3923; x_wconf 87' lang='lat' dir='ltr'><strong>ut</strong></span> <span class='ocrx_word' id='word_1_445' title='bbox 1069 3860 1202 3932; x_wconf 60' lang='grc' dir='ltr'>ξονι,</span> <span class='ocrx_word' id='word_1_446' title='bbox 1225 3881 1255 3920; x_wconf 88' lang='lat' dir='ltr'><strong>a</strong></span> <span class='ocrx_word' id='word_1_447' title='bbox 1283 3876 1467 3943; x_wconf 84' lang='lat' dir='ltr'><strong>sorte:</strong></span> <span class='ocrx_word' id='word_1_448' title='bbox 1494 3866 1579 3923; x_wconf 90' lang='lat' dir='ltr'><strong>vel</strong></span> <span class='ocrx_word' id='word_1_449' title='bbox 1604 3881 1791 3923; x_wconf 88' lang='lat' dir='ltr'><strong>omnes</strong></span> <span class='ocrx_word' id='word_1_450' title='bbox 1814 3865 2022 3921; x_wconf 87' lang='lat' dir='ltr'><strong>duabus</strong></span> 
     </span>
    </p>
   </div>
   <div class='ocr_carea' id='block_1_57' title="bbox 451 3952 2022 4024">
    <p class='ocr_par' dir='ltr' id='par_1_57' title="bbox 451 3952 2022 4024">
     <span class='ocr_line' id='line_1_57' title="bbox 451 3952 2022 4024; baseline -0.004 -6"><span class='ocrx_word' id='word_1_451' title='bbox 451 3971 658 4018; x_wconf 90' lang='lat' dir='ltr'><strong>tantum</strong></span> <span class='ocrx_word' id='word_1_452' title='bbox 687 3952 1089 4017; x_wconf 86' lang='lat' dir='ltr'><strong>diversitatibus</strong></span> <span class='ocrx_word' id='word_1_453' title='bbox 1110 3959 1391 4024; x_wconf 88' lang='lat' dir='ltr'><strong>discretos,</strong></span> <span class='ocrx_word' id='word_1_454' title='bbox 1414 3967 1477 4013; x_wconf 93' lang='lat' dir='ltr'><strong>ut</strong></span> <span class='ocrx_word' id='word_1_455' title='bbox 1518 3974 1684 4013; x_wconf 83' lang='lat' dir='ltr'><strong>cornu</strong></span> <span class='ocrx_word' id='word_1_456' title='bbox 1714 3971 1904 4012; x_wconf 88' lang='lat' dir='ltr'><strong>omnes</strong></span> <span class='ocrx_word' id='word_1_457' title='bbox 1929 3971 2022 4011; x_wconf 84' lang='lat' dir='ltr'><strong>ca—</strong></span> 
     </span>
    </p>
   </div>
   <div class='ocr_carea' id='block_1_58' title="bbox 412 4038 2017 4121">
    <p class='ocr_par' dir='ltr' id='par_1_58' title="bbox 412 4038 2017 4121">
     <span class='ocr_line' id='line_1_58' title="bbox 412 4038 2017 4121; baseline -0.005 -14"><span class='ocrx_word' id='word_1_458' title='bbox 412 4088 415 4093; x_wconf 61' lang='grc' dir='ltr'><strong>ι</strong></span> <span class='ocrx_word' id='word_1_459' title='bbox 451 4067 545 4107; x_wconf 89' lang='lat' dir='ltr'><strong>sus</strong></span> <span class='ocrx_word' id='word_1_460' title='bbox 573 4052 739 4106; x_wconf 89' lang='lat' dir='ltr'><strong>habet</strong></span> <span class='ocrx_word' id='word_1_461' title='bbox 761 4051 817 4104; x_wconf 90' lang='lat' dir='ltr'><strong>in</strong></span> <span class='ocrx_word' id='word_1_462' title='bbox 836 4038 1231 4121; x_wconf 31' lang='lat' dir='ltr'><strong>brevem.[ls.,</strong></span> <span class='ocrx_word' id='word_1_463' title='bbox 1253 4048 1473 4115; x_wconf 84' lang='lat' dir='ltr'><strong>habent,</strong></span> <span class='ocrx_word' id='word_1_464' title='bbox 1497 4055 1614 4102; x_wconf 91' lang='lat' dir='ltr'><strong>tres</strong></span> <span class='ocrx_word' id='word_1_465' title='bbox 1633 4046 1933 4115; x_wconf 17' lang='lat' dir='ltr'><strong>invhrevem</strong></span> <span class='ocrx_word' id='word_1_466' title='bbox 1959 4061 2017 4111; x_wconf 94' lang='grc' dir='ltr'><strong>ιι,</strong></span> 
     </span>
    </p>
   </div>
   <div class='ocr_carea' id='block_1_59' title="bbox 450 4135 2021 4209">
    <p class='ocr_par' dir='ltr' id='par_1_59' title="bbox 450 4135 2021 4209">
     <span class='ocr_line' id='line_1_59' title="bbox 450 4135 2021 4209; baseline -0.003 -14"><span class='ocrx_word' id='word_1_467' title='bbox 450 4148 509 4195; x_wconf 84' lang='lat' dir='ltr'><strong>et</strong></span> <span class='ocrx_word' id='word_1_468' title='bbox 530 4148 642 4195; x_wconf 89' lang='lat' dir='ltr'><strong>tres</strong></span> <span class='ocrx_word' id='word_1_469' title='bbox 662 4140 715 4193; x_wconf 91' lang='lat' dir='ltr'><strong>in</strong></span> <span class='ocrx_word' id='word_1_470' title='bbox 742 4138 954 4209; x_wconf 79' lang='lat' dir='ltr'><strong>longum</strong></span> <span class='ocrx_word' id='word_1_471' title='bbox 976 4135 1055 4209; x_wconf 90' lang='lat' dir='ltr'><strong>u].</strong></span> <span class='ocrx_word' id='word_1_472' title='bbox 1075 4136 1191 4190; x_wconf 73' lang='lat' dir='ltr'><strong>Alia</strong></span> <span class='ocrx_word' id='word_1_473' title='bbox 1209 4137 1443 4207; x_wconf 81' lang='lat' dir='ltr'><strong>triptota,</strong></span> <span class='ocrx_word' id='word_1_474' title='bbox 1466 4136 1643 4208; x_wconf 85' lang='lat' dir='ltr'><strong>qualia</strong></span> <span class='ocrx_word' id='word_1_475' title='bbox 1681 4145 1809 4191; x_wconf 91' lang='lat' dir='ltr'><strong>sunt</strong></span> <span class='ocrx_word' id='word_1_476' title='bbox 1827 4146 2021 4191; x_wconf 85' lang='lat' dir='ltr'><strong>neutra</strong></span> 
     </span>
    </p>
   </div>
   <div class='ocr_carea' id='block_1_60' title="bbox 452 4226 2023 4297">
    <p class='ocr_par' dir='ltr' id='par_1_60' title="bbox 452 4226 2023 4297">
     <span class='ocr_line' id='line_1_60' title="bbox 452 4226 2023 4297; baseline -0.004 -10"><span class='ocrx_word' id='word_1_477' title='bbox 452 4233 508 4287; x_wconf 91' lang='lat' dir='ltr'><strong>in</strong></span> <span class='ocrx_word' id='word_1_478' title='bbox 528 4229 761 4286; x_wconf 87' lang='lat' dir='ltr'><strong>secunda</strong></span> <span class='ocrx_word' id='word_1_479' title='bbox 800 4227 1178 4294; x_wconf 73' lang='lat' dir='ltr'><strong>d‘eclinatidue,</strong></span> <span class='ocrx_word' id='word_1_480' title='bbox 1203 4242 1323 4297; x_wconf 64' lang='lat' dir='ltr'><strong>quae</strong></span> <span class='ocrx_word' id='word_1_481' title='bbox 1353 4238 1463 4283; x_wconf 89' lang='lat' dir='ltr'><strong>tres</strong></span> <span class='ocrx_word' id='word_1_482' title='bbox 1489 4227 1833 4283; x_wconf 83' lang='lat' dir='ltr'><strong>diversitates</strong></span> <span class='ocrx_word' id='word_1_483' title='bbox 1857 4226 2023 4297; x_wconf 70' lang='lat'><strong>279</strong></span> 
     </span>
    </p>
   </div>
   <div class='ocr_carea' id='block_1_61' title="bbox 452 4316 2021 4389">
    <p class='ocr_par' dir='ltr' id='par_1_61' title="bbox 452 4316 2021 4389">
     <span class='ocr_line' id='line_1_61' title="bbox 452 4316 2021 4389; baseline -0.005 -11"><span class='ocrx_word' id='word_1_484' title='bbox 452 4336 674 4379; x_wconf 80' lang='lat' dir='ltr'><strong>casuum</strong></span> <span class='ocrx_word' id='word_1_485' title='bbox 694 4320 913 4385; x_wconf 87' lang='lat' dir='ltr'><strong>habent,</strong></span> <span class='ocrx_word' id='word_1_486' title='bbox 936 4326 995 4373; x_wconf 91' lang='lat' dir='ltr'><strong>ut</strong></span> <span class='ocrx_word' id='word_1_487' title='bbox 1016 4317 1282 4389; x_wconf 83' lang='lat' dir='ltr'><strong>templum,</strong></span> <span class='ocrx_word' id='word_1_488' title='bbox 1304 4317 1497 4387; x_wconf 84' lang='lat' dir='ltr'><strong>templi,</strong></span> <span class='ocrx_word' id='word_1_489' title='bbox 1520 4317 1729 4389; x_wconf 88' lang='lat' dir='ltr'><strong>templo,</strong></span> <span class='ocrx_word' id='word_1_490' title='bbox 1760 4326 1817 4372; x_wconf 89' lang='lat' dir='ltr'><strong>et</strong></span> <span class='ocrx_word' id='word_1_491' title='bbox 1839 4316 2021 4371; x_wconf 90' lang='lat' dir='ltr'><strong>omnia</strong></span> 
     </span>
    </p>
   </div>
   <div class='ocr_carea' id='block_1_62' title="bbox 2120 1854 3691 1933">
    <p class='ocr_par' dir='ltr' id='par_1_62' title="bbox 2120 1854 3691 1933">
     <span class='ocr_line' id='line_1_62' title="bbox 2120 1854 3691 1933; baseline -0.002 -5"><span class='ocrx_word' id='word_1_492' title='bbox 2120 1872 2486 1928; x_wconf 86' lang='lat' dir='ltr'><strong>nominativus</strong></span> <span class='ocrx_word' id='word_1_493' title='bbox 2523 1869 2577 1923; x_wconf 91' lang='lat' dir='ltr'><strong>in</strong></span> <span class='ocrx_word' id='word_1_494' title='bbox 2609 1885 2693 1933; x_wconf 87' lang='lat' dir='ltr'><strong>us,</strong></span> <span class='ocrx_word' id='word_1_495' title='bbox 2740 1868 3019 1922; x_wconf 87' lang='lat' dir='ltr'><strong>vocativus</strong></span> <span class='ocrx_word' id='word_1_496' title='bbox 3045 1868 3099 1921; x_wconf 92' lang='lat' dir='ltr'><strong>in</strong></span> <span class='ocrx_word' id='word_1_497' title='bbox 3136 1883 3165 1921; x_wconf 92' lang='lat' dir='ltr'><strong>e</strong></span> <span class='ocrx_word' id='word_1_498' title='bbox 3218 1854 3415 1922; x_wconf 73' lang='lat' dir='ltr'><strong>desinit</strong></span> <span class='ocrx_word' id='word_1_499' title='bbox 3451 1878 3556 1925; x_wconf 88' lang='lat' dir='ltr'><strong>:ut</strong></span> <span class='ocrx_word' id='word_1_500' title='bbox 3606 1871 3691 1925; x_wconf 83' lang='lat' dir='ltr'><strong>hic</strong></span> 
     </span>
    </p>
   </div>
   <div class='ocr_carea' id='block_1_63' title="bbox 2119 1958 3747 2035">
    <p class='ocr_par' dir='ltr' id='par_1_63' title="bbox 2119 1958 3747 2035">
     <span class='ocr_line' id='line_1_63' title="bbox 2119 1958 3747 2035; baseline -0.001 -16"><span class='ocrx_word' id='word_1_501' title='bbox 2119 1979 2363 2035; x_wconf 78' lang='lat' dir='ltr'><strong>magnus,</strong></span> <span class='ocrx_word' id='word_1_502' title='bbox 2391 1978 2591 2033; x_wconf 72' lang='lat' dir='ltr'><strong>magni,</strong></span> <span class='ocrx_word' id='word_1_503' title='bbox 2617 1976 2826 2031; x_wconf 85' lang='lat' dir='ltr'><strong>magno,</strong></span> <span class='ocrx_word' id='word_1_504' title='bbox 2853 1976 3120 2030; x_wconf 83' lang='lat' dir='ltr'><strong>magnum,</strong></span> <span class='ocrx_word' id='word_1_505' title='bbox 3146 1975 3177 2013; x_wconf 89' lang='grc' dir='ltr'><strong><em>ο</em></strong></span> <span class='ocrx_word' id='word_1_506' title='bbox 3202 1976 3407 2030; x_wconf 82' lang='lat' dir='ltr'><strong>magne,</strong></span> <span class='ocrx_word' id='word_1_507' title='bbox 3423 1962 3455 2014; x_wconf 75' lang='lat' dir='ltr'><strong>is</strong></span> <span class='ocrx_word' id='word_1_508' title='bbox 3480 1979 3688 2034; x_wconf 77' lang='lat' dir='ltr'><strong>magno.</strong></span> <span class='ocrx_word' id='word_1_509' title='bbox 3744 1958 3747 1961; x_wconf 71' lang='grc'><em>’</em></span> 
     </span>
    </p>
   </div>
   <div class='ocr_carea' id='block_1_64' title="bbox 2120 2050 3689 2121">
    <p class='ocr_par' dir='ltr' id='par_1_64' title="bbox 2120 2050 3689 2121">
     <span class='ocr_line' id='line_1_64' title="bbox 2120 2050 3689 2121; baseline 0 -12"><span class='ocrx_word' id='word_1_510' title='bbox 2120 2054 2493 2111; x_wconf 85' lang='lat' dir='ltr'><strong>Nominativus</strong></span> <span class='ocrx_word' id='word_1_511' title='bbox 2517 2062 2573 2107; x_wconf 89' lang='lat' dir='ltr'><strong>et</strong></span> <span class='ocrx_word' id='word_1_512' title='bbox 2600 2052 2881 2107; x_wconf 87' lang='lat' dir='ltr'><strong>vocativus</strong></span> <span class='ocrx_word' id='word_1_513' title='bbox 2916 2050 3174 2121; x_wconf 83' lang='lat' dir='ltr'><strong>plurales,</strong></span> <span class='ocrx_word' id='word_1_514' title='bbox 3222 2052 3326 2119; x_wconf 88' lang='lat' dir='ltr'><strong>nisi</strong></span> <span class='ocrx_word' id='word_1_515' title='bbox 3376 2052 3430 2107; x_wconf 88' lang='lat' dir='ltr'><strong>iu</strong></span> <span class='ocrx_word' id='word_1_516' title='bbox 3468 2064 3689 2120; x_wconf 72' lang='lat' dir='ltr'><strong>neutro,</strong></span> 
     </span>
    </p>
   </div>
   <div class='ocr_carea' id='block_1_65' title="bbox 2088 2138 3761 2219">
    <p class='ocr_par' dir='ltr' id='par_1_65' title="bbox 2088 2138 3761 2219">
     <span class='ocr_line' id='line_1_65' title="bbox 2088 2138 3761 2219; baseline 0.002 -20"><span class='ocrx_word' id='word_1_517' title='bbox 2088 2144 2565 2219; x_wconf 78' lang='lat' dir='ltr'><strong>~periﬁniuntur.</strong></span> <span class='ocrx_word' id='word_1_518' title='bbox 2596 2142 2880 2200; x_wconf 85' lang='lat' dir='ltr'><strong>Genitivus</strong></span> <span class='ocrx_word' id='word_1_519' title='bbox 2928 2142 2984 2197; x_wconf 90' lang='lat' dir='ltr'><strong>in</strong></span> <span class='ocrx_word' id='word_1_520' title='bbox 3030 2157 3184 2196; x_wconf 83' lang='lat' dir='ltr'><strong>orum</strong></span> <span class='ocrx_word' id='word_1_521' title='bbox 3233 2141 3378 2214; x_wconf 76' lang='lat' dir='ltr'><strong>[Ms.,</strong></span> <span class='ocrx_word' id='word_1_522' title='bbox 3420 2145 3476 2199; x_wconf 88' lang='lat' dir='ltr'><strong>in</strong></span> <span class='ocrx_word' id='word_1_523' title='bbox 3528 2138 3688 2219; x_wconf 77' lang='lat' dir='ltr'><strong>rum].</strong></span> <span class='ocrx_word' id='word_1_524' title='bbox 3760 2198 3761 2203; x_wconf 46' lang='grc' dir='ltr'><strong>η</strong></span> 
     </span>
    </p>
   </div>
   <div class='ocr_carea' id='block_1_66' title="bbox 2123 2232 3696 2297">
    <p class='ocr_par' dir='ltr' id='par_1_66' title="bbox 2123 2232 3696 2297">
     <span class='ocr_line' id='line_1_66' title="bbox 2123 2232 3696 2297; baseline -0.008 -4"><span class='ocrx_word' id='word_1_525' title='bbox 2123 2237 2342 2293; x_wconf 88' lang='lat' dir='ltr'><strong>Dativus</strong></span> <span class='ocrx_word' id='word_1_526' title='bbox 2361 2243 2417 2291; x_wconf 89' lang='lat' dir='ltr'><strong>et</strong></span> <span class='ocrx_word' id='word_1_527' title='bbox 2438 2233 2711 2290; x_wconf 85' lang='lat' dir='ltr'><strong>ablativus</strong></span> <span class='ocrx_word' id='word_1_528' title='bbox 2731 2234 2786 2288; x_wconf 91' lang='lat' dir='ltr'><strong>in</strong></span> <span class='ocrx_word' id='word_1_529' title='bbox 2810 2232 2876 2297; x_wconf 89' lang='lat' dir='ltr'><strong>is,</strong></span> <span class='ocrx_word' id='word_1_530' title='bbox 2906 2232 3250 2287; x_wconf 69' lang='lat' dir='ltr'><strong>accusativus</strong></span> <span class='ocrx_word' id='word_1_531' title='bbox 3285 2232 3340 2287; x_wconf 86' lang='lat' dir='ltr'><strong>in</strong></span> <span class='ocrx_word' id='word_1_532' title='bbox 3370 2249 3447 2288; x_wconf 89' lang='lat' dir='ltr'><strong>os.</strong></span> <span class='ocrx_word' id='word_1_533' title='bbox 3472 2232 3548 2288; x_wconf 79' lang='lat' dir='ltr'><strong>lli</strong></span> <span class='ocrx_word' id='word_1_534' title='bbox 3578 2251 3696 2289; x_wconf 56' lang='lat' dir='ltr'><strong>ma-</strong></span> 
     </span>
    </p>
   </div>
   <div class='ocr_carea' id='block_1_67' title="bbox 2121 2318 3793 2404">
    <p class='ocr_par' dir='ltr' id='par_1_67' title="bbox 2121 2318 3793 2404">
     <span class='ocr_line' id='line_1_67' title="bbox 2121 2318 3793 2404; baseline -0.003 -18"><span class='ocrx_word' id='word_1_535' title='bbox 2121 2332 2231 2404; x_wconf 86' lang='lat' dir='ltr'><strong>gni,</strong></span> <span class='ocrx_word' id='word_1_536' title='bbox 2254 2344 2588 2400; x_wconf 77' lang='lat' dir='ltr'><strong>magnorum,</strong></span> <span class='ocrx_word' id='word_1_537' title='bbox 2610 2326 2839 2397; x_wconf 81' lang='lat' dir='ltr'><strong>magnis,</strong></span> <span class='ocrx_word' id='word_1_538' title='bbox 2862 2340 3101 2394; x_wconf 85' lang='lat' dir='ltr'><strong>magnos,</strong></span> <span class='ocrx_word' id='word_1_539' title='bbox 3123 2339 3154 2378; x_wconf 87' lang='grc' dir='ltr'><strong><em>ο</em></strong></span> <span class='ocrx_word' id='word_1_540' title='bbox 3178 2325 3381 2396; x_wconf 85' lang='lat' dir='ltr'><strong>magni,</strong></span> <span class='ocrx_word' id='word_1_541' title='bbox 3409 2340 3443 2378; x_wconf 88' lang='lat' dir='ltr'><strong>a</strong></span> <span class='ocrx_word' id='word_1_542' title='bbox 3462 2328 3687 2397; x_wconf 80' lang='lat' dir='ltr'><strong>magnis.</strong></span> <span class='ocrx_word' id='word_1_543' title='bbox 3785 2318 3793 2326; x_wconf 79' lang='grc'><em>’</em></span> 
     </span>
    </p>
   </div>
   <div class='ocr_carea' id='block_1_68' title="bbox 2192 2406 3689 2487">
    <p class='ocr_par' dir='ltr' id='par_1_68' title="bbox 2192 2406 3689 2487">
     <span class='ocr_line' id='line_1_68' title="bbox 2192 2406 3689 2487; baseline -0.004 -9"><span class='ocrx_word' id='word_1_544' title='bbox 2192 2422 2389 2479; x_wconf 78' lang='lat' dir='ltr'><strong>Tertia:</strong></span> <span class='ocrx_word' id='word_1_545' title='bbox 2416 2418 2789 2476; x_wconf 85' lang='lat' dir='ltr'><strong>declinationis</strong></span> <span class='ocrx_word' id='word_1_546' title='bbox 2812 2406 3085 2487; x_wconf 66' lang='lat' dir='ltr'><strong>genitivus</strong></span> <span class='ocrx_word' id='word_1_547' title='bbox 3114 2415 3169 2469; x_wconf 90' lang='lat' dir='ltr'><strong>in</strong></span> <span class='ocrx_word' id='word_1_548' title='bbox 3195 2415 3260 2470; x_wconf 90' lang='lat' dir='ltr'><strong>is.</strong></span> <span class='ocrx_word' id='word_1_549' title='bbox 3290 2414 3513 2471; x_wconf 85' lang='lat' dir='ltr'><strong>Dativus</strong></span> <span class='ocrx_word' id='word_1_550' title='bbox 3556 2417 3610 2471; x_wconf 88' lang='lat' dir='ltr'><strong>in</strong></span> <span class='ocrx_word' id='word_1_551' title='bbox 3649 2419 3689 2473; x_wconf 87' lang='lat' dir='ltr'><strong>i.</strong></span> 
     </span>
    </p>
   </div>
   <div class='ocr_carea' id='block_1_69' title="bbox 2125 2504 3695 2577">
    <p class='ocr_par' dir='ltr' id='par_1_69' title="bbox 2125 2504 3695 2577">
     <span class='ocr_line' id='line_1_69' title="bbox 2125 2504 3695 2577; baseline -0.008 -7"><span class='ocrx_word' id='word_1_552' title='bbox 2125 2511 2476 2570; x_wconf 79' lang='lat' dir='ltr'><strong>Accusativus</strong></span> <span class='ocrx_word' id='word_1_553' title='bbox 2517 2508 2574 2564; x_wconf 90' lang='lat' dir='ltr'><strong>in</strong></span> <span class='ocrx_word' id='word_1_554' title='bbox 2592 2525 2673 2567; x_wconf 83' lang='lat' dir='ltr'><strong>em</strong></span> <span class='ocrx_word' id='word_1_555' title='bbox 2701 2525 2720 2573; x_wconf 89' lang='lat'><strong><em>;</em></strong></span> <span class='ocrx_word' id='word_1_556' title='bbox 2756 2507 2810 2562; x_wconf 89' lang='lat' dir='ltr'><strong>in</strong></span> <span class='ocrx_word' id='word_1_557' title='bbox 2840 2504 3027 2577; x_wconf 88' lang='lat' dir='ltr'><strong>paucis</strong></span> <span class='ocrx_word' id='word_1_558' title='bbox 3056 2505 3227 2571; x_wconf 75' lang='lat' dir='ltr'><strong>inim,</strong></span> <span class='ocrx_word' id='word_1_559' title='bbox 3275 2514 3358 2571; x_wconf 90' lang='lat' dir='ltr'><strong>ut,</strong></span> <span class='ocrx_word' id='word_1_560' title='bbox 3387 2506 3599 2571; x_wconf 85' lang='lat' dir='ltr'><strong>turrim,</strong></span> <span class='ocrx_word' id='word_1_561' title='bbox 3620 2507 3695 2560; x_wconf 89' lang='lat' dir='ltr'><strong>si-</strong></span> 
     </span>
    </p>
   </div>
   <div class='ocr_carea' id='block_1_70' title="bbox 2123 2581 3695 2677">
    <p class='ocr_par' dir='ltr' id='par_1_70' title="bbox 2123 2581 3695 2677">
     <span class='ocr_line' id='line_1_70' title="bbox 2123 2581 3695 2677; baseline -0.006 -16"><span class='ocrx_word' id='word_1_562' title='bbox 2123 2607 2216 2661; x_wconf 85' lang='lat' dir='ltr'><strong>tim</strong></span> <span class='ocrx_word' id='word_1_563' title='bbox 2241 2581 2463 2677; x_wconf 40' lang='lat' dir='ltr'><strong>[enim</strong></span> <span class='ocrx_word' id='word_1_564' title='bbox 2500 2599 2775 2673; x_wconf 84' lang='lat' dir='ltr'><strong>puppim]:</strong></span> <span class='ocrx_word' id='word_1_565' title='bbox 2808 2599 3084 2668; x_wconf 76' lang='lat' dir='ltr'><strong>vocativus</strong></span> <span class='ocrx_word' id='word_1_566' title='bbox 3102 2596 3297 2668; x_wconf 82' lang='lat' dir='ltr'><strong>similis</strong></span> <span class='ocrx_word' id='word_1_567' title='bbox 3328 2606 3415 2653; x_wconf 89' lang='lat' dir='ltr'><strong>est</strong></span> <span class='ocrx_word' id='word_1_568' title='bbox 3450 2598 3695 2654; x_wconf 90' lang='lat' dir='ltr'><strong>nomina-</strong></span> 
     </span>
    </p>
   </div>
   <div class='ocr_carea' id='block_1_71' title="bbox 2124 2689 3694 2769">
    <p class='ocr_par' dir='ltr' id='par_1_71' title="bbox 2124 2689 3694 2769">
     <span class='ocr_line' id='line_1_71' title="bbox 2124 2689 3694 2769; baseline -0.007 -18"><span class='ocrx_word' id='word_1_569' title='bbox 2124 2696 2257 2751; x_wconf 90' lang='lat' dir='ltr'><strong>tivo.</strong></span> <span class='ocrx_word' id='word_1_570' title='bbox 2283 2693 2575 2749; x_wconf 72' lang='lat' dir='ltr'><strong>Ablativus&#39;</strong></span> <span class='ocrx_word' id='word_1_571' title='bbox 2594 2691 2653 2744; x_wconf 92' lang='lat' dir='ltr'><strong>in</strong></span> <span class='ocrx_word' id='word_1_572' title='bbox 2676 2689 2997 2759; x_wconf 86' lang='lat' dir='ltr'><strong>quibusdam</strong></span> <span class='ocrx_word' id='word_1_573' title='bbox 3023 2702 3124 2769; x_wconf 81' lang='lat' dir='ltr'><strong>per</strong></span> <span class='ocrx_word' id='word_1_574' title='bbox 3149 2705 3177 2742; x_wconf 91' lang='lat' dir='ltr'><strong>e</strong></span> <span class='ocrx_word' id='word_1_575' title='bbox 3196 2697 3522 2758; x_wconf 85' lang='lat' dir='ltr'><strong>correptam,</strong></span> <span class='ocrx_word' id='word_1_576' title='bbox 3547 2695 3605 2741; x_wconf 91' lang='lat' dir='ltr'><strong>ut</strong></span> <span class='ocrx_word' id='word_1_577' title='bbox 3628 2705 3694 2740; x_wconf 85' lang='lat' dir='ltr'><strong>:a</strong></span> 
     </span>
    </p>
   </div>
   <div class='ocr_carea' id='block_1_72' title="bbox 2123 2776 3690 2856">
    <p class='ocr_par' dir='ltr' id='par_1_72' title="bbox 2123 2776 3690 2856">
     <span class='ocr_line' id='line_1_72' title="bbox 2123 2776 3690 2856; baseline -0.008 -15"><span class='ocrx_word' id='word_1_578' title='bbox 2123 2793 2271 2856; x_wconf 81' lang='lat' dir='ltr'><strong>patre</strong></span> <span class='ocrx_word' id='word_1_579' title='bbox 2297 2799 2315 2838; x_wconf 93' lang='lat'><em>:</em></span> <span class='ocrx_word' id='word_1_580' title='bbox 2338 2783 2394 2838; x_wconf 89' lang='lat' dir='ltr'><strong>in</strong></span> <span class='ocrx_word' id='word_1_581' title='bbox 2415 2778 2738 2852; x_wconf 88' lang='lat' dir='ltr'><strong>quibusdam</strong></span> <span class='ocrx_word' id='word_1_582' title='bbox 2764 2794 2862 2850; x_wconf 89' lang='lat' dir='ltr'><strong>per</strong></span> <span class='ocrx_word' id='word_1_583' title='bbox 2895 2777 2947 2842; x_wconf 87' lang='lat' dir='ltr'><strong>i;</strong></span> <span class='ocrx_word' id='word_1_584' title='bbox 2974 2785 3051 2841; x_wconf 92' lang='lat' dir='ltr'><strong>ut,</strong></span> <span class='ocrx_word' id='word_1_585' title='bbox 3079 2776 3251 2830; x_wconf 85' lang='lat' dir='ltr'><strong>Tiberi</strong></span> <span class='ocrx_word' id='word_1_586' title='bbox 3288 2778 3432 2849; x_wconf 81' lang='lat' dir='ltr'><strong>[Ed.,</strong></span> <span class='ocrx_word' id='word_1_587' title='bbox 3455 2776 3690 2849; x_wconf 71' lang='lat' dir='ltr'><strong>Liberi].</strong></span> 
     </span>
    </p>
   </div>
   <div class='ocr_carea' id='block_1_73' title="bbox 2125 2862 3692 2945">
    <p class='ocr_par' dir='ltr' id='par_1_73' title="bbox 2125 2862 3692 2945">
     <span class='ocr_line' id='line_1_73' title="bbox 2125 2862 3692 2945; baseline -0.005 -15"><span class='ocrx_word' id='word_1_588' title='bbox 2125 2875 2185 2930; x_wconf 90' lang='lat' dir='ltr'><strong>ln</strong></span> <span class='ocrx_word' id='word_1_589' title='bbox 2212 2872 2532 2945; x_wconf 87' lang='lat' dir='ltr'><strong>quihusdam</strong></span> <span class='ocrx_word' id='word_1_590' title='bbox 2552 2885 2651 2942; x_wconf 88' lang='lat' dir='ltr'><strong>per</strong></span> <span class='ocrx_word' id='word_1_591' title='bbox 2678 2862 2783 2924; x_wconf 86' lang='lat' dir='ltr'><strong>eet</strong></span> <span class='ocrx_word' id='word_1_592' title='bbox 2804 2869 2842 2934; x_wconf 91' lang='lat' dir='ltr'><strong>i,</strong></span> <span class='ocrx_word' id='word_1_593' title='bbox 2870 2875 2950 2933; x_wconf 91' lang='lat' dir='ltr'><strong>ut,</strong></span> <span class='ocrx_word' id='word_1_594' title='bbox 2973 2884 3007 2921; x_wconf 88' lang='lat' dir='ltr'><strong>a</strong></span> <span class='ocrx_word' id='word_1_595' title='bbox 3028 2866 3176 2937; x_wconf 78' lang='lat' dir='ltr'><strong>felice</strong></span> <span class='ocrx_word' id='word_1_596' title='bbox 3192 2874 3248 2922; x_wconf 81' lang='lat' dir='ltr'><strong>et</strong></span> <span class='ocrx_word' id='word_1_597' title='bbox 3267 2867 3427 2937; x_wconf 68' lang='lat' dir='ltr'><strong>felici.</strong></span> <span class='ocrx_word' id='word_1_598' title='bbox 3459 2866 3562 2921; x_wconf 80' lang='lat' dir='ltr'><strong>llic</strong></span> <span class='ocrx_word' id='word_1_599' title='bbox 3580 2884 3692 2932; x_wconf 71' lang='lat' dir='ltr'><strong>rex,</strong></span> 
     </span>
    </p>
   </div>
   <div class='ocr_carea' id='block_1_74' title="bbox 2127 2958 3696 3038">
    <p class='ocr_par' dir='ltr' id='par_1_74' title="bbox 2127 2958 3696 3038">
     <span class='ocr_line' id='line_1_74' title="bbox 2127 2958 3696 3038; baseline -0.006 -16"><span class='ocrx_word' id='word_1_600' title='bbox 2127 2968 2283 3038; x_wconf 85' lang='lat' dir='ltr'><strong>regis,</strong></span> <span class='ocrx_word' id='word_1_601' title='bbox 2301 2966 2430 3036; x_wconf 78' lang='lat' dir='ltr'><strong>regi,</strong></span> <span class='ocrx_word' id='word_1_602' title='bbox 2445 2979 2635 3034; x_wconf 82' lang='lat' dir='ltr'><strong>regem,</strong></span> <span class='ocrx_word' id='word_1_603' title='bbox 2651 2977 2765 3027; x_wconf 72' lang='lat' dir='ltr'><strong>rex,</strong></span> <span class='ocrx_word' id='word_1_604' title='bbox 2780 2978 2813 3014; x_wconf 88' lang='lat' dir='ltr'><strong>a</strong></span> <span class='ocrx_word' id='word_1_605' title='bbox 2829 2976 2965 3030; x_wconf 87' lang='lat' dir='ltr'><strong>rege.</strong></span> <span class='ocrx_word' id='word_1_606' title='bbox 2980 2958 3353 3014; x_wconf 85' lang='lat' dir='ltr'><strong>Nomiuativus</strong></span> <span class='ocrx_word' id='word_1_607' title='bbox 3368 2967 3426 3014; x_wconf 89' lang='lat' dir='ltr'><strong>ct</strong></span> <span class='ocrx_word' id='word_1_608' title='bbox 3437 2959 3696 3013; x_wconf 59' lang='lat' dir='ltr'><strong>accusatio</strong></span> 
     </span>
    </p>
   </div>
   <div class='ocr_carea' id='block_1_75' title="bbox 2126 3048 3695 3129">
    <p class='ocr_par' dir='ltr' id='par_1_75' title="bbox 2126 3048 3695 3129">
     <span class='ocr_line' id='line_1_75' title="bbox 2126 3048 3695 3129; baseline -0.004 -18"><span class='ocrx_word' id='word_1_609' title='bbox 2126 3071 2226 3111; x_wconf 83' lang='lat' dir='ltr'><strong>vus</strong></span> <span class='ocrx_word' id='word_1_610' title='bbox 2239 3054 2318 3127; x_wconf 80' lang='lat' dir='ltr'><strong>[et</strong></span> <span class='ocrx_word' id='word_1_611' title='bbox 2337 3050 2638 3123; x_wconf 88' lang='lat' dir='ltr'><strong>vocativus]</strong></span> <span class='ocrx_word' id='word_1_612' title='bbox 2652 3051 2889 3122; x_wconf 87' lang='lat' dir='ltr'><strong>plurales</strong></span> <span class='ocrx_word' id='word_1_613' title='bbox 2912 3050 2967 3104; x_wconf 90' lang='lat' dir='ltr'><strong>in</strong></span> <span class='ocrx_word' id='word_1_614' title='bbox 2988 3066 3042 3104; x_wconf 88' lang='lat' dir='ltr'><strong>es</strong></span> <span class='ocrx_word' id='word_1_615' title='bbox 3060 3051 3401 3129; x_wconf 74' lang='lat' dir='ltr'><strong>productam.</strong></span> <span class='ocrx_word' id='word_1_616' title='bbox 3426 3048 3483 3103; x_wconf 86' lang='grc' dir='ltr'><strong>ιιι</strong></span> <span class='ocrx_word' id='word_1_617' title='bbox 3508 3051 3695 3120; x_wconf 88' lang='lat' dir='ltr'><strong>paucis</strong></span> 
     </span>
    </p>
   </div>
   <div class='ocr_carea' id='block_1_76' title="bbox 2074 3139 3697 3216">
    <p class='ocr_par' dir='ltr' id='par_1_76' title="bbox 2074 3139 3697 3216">
     <span class='ocr_line' id='line_1_76' title="bbox 2074 3139 3697 3216; baseline -0.004 -15"><span class='ocrx_word' id='word_1_618' title='bbox 2074 3139 2096 3165; x_wconf 74' lang='lat'>&quot;</span> <span class='ocrx_word' id='word_1_619' title='bbox 2123 3144 2461 3201; x_wconf 86' lang='lat' dir='ltr'><strong>accusativus</strong></span> <span class='ocrx_word' id='word_1_620' title='bbox 2487 3140 2608 3216; x_wconf 83' lang='lat' dir='ltr'><strong>[F.,</strong></span> <span class='ocrx_word' id='word_1_621' title='bbox 2637 3139 3021 3212; x_wconf 76' lang='lat' dir='ltr'><strong>nominativus]</strong></span> <span class='ocrx_word' id='word_1_622' title='bbox 3050 3140 3103 3194; x_wconf 89' lang='lat' dir='ltr'><strong>in</strong></span> <span class='ocrx_word' id='word_1_623' title='bbox 3133 3140 3201 3205; x_wconf 88' lang='lat' dir='ltr'><strong>is,</strong></span> <span class='ocrx_word' id='word_1_624' title='bbox 3226 3148 3286 3193; x_wconf 93' lang='lat' dir='ltr'><strong>ut</strong></span> <span class='ocrx_word' id='word_1_625' title='bbox 3322 3140 3504 3206; x_wconf 85' lang='lat' dir='ltr'><strong>turris.</strong></span> <span class='ocrx_word' id='word_1_626' title='bbox 3534 3139 3697 3195; x_wconf 86' lang='lat' dir='ltr'><strong>Geni-</strong></span> 
     </span>
    </p>
   </div>
   <div class='ocr_carea' id='block_1_77' title="bbox 2122 3230 3697 3303">
    <p class='ocr_par' dir='ltr' id='par_1_77' title="bbox 2122 3230 3697 3303">
     <span class='ocr_line' id='line_1_77' title="bbox 2122 3230 3697 3303; baseline -0.004 -12"><span class='ocrx_word' id='word_1_627' title='bbox 2122 3237 2264 3291; x_wconf 87' lang='lat' dir='ltr'><strong>tivus</strong></span> <span class='ocrx_word' id='word_1_628' title='bbox 2293 3237 2347 3290; x_wconf 91' lang='lat' dir='ltr'><strong>in</strong></span> <span class='ocrx_word' id='word_1_629' title='bbox 2375 3251 2481 3298; x_wconf 87' lang='lat' dir='ltr'><strong>um,</strong></span> <span class='ocrx_word' id='word_1_630' title='bbox 2510 3233 2567 3288; x_wconf 91' lang='lat' dir='ltr'><strong>in</strong></span> <span class='ocrx_word' id='word_1_631' title='bbox 2592 3233 2911 3303; x_wconf 89' lang='lat' dir='ltr'><strong>quibusdam</strong></span> <span class='ocrx_word' id='word_1_632' title='bbox 2941 3232 2996 3283; x_wconf 90' lang='lat' dir='ltr'><strong>in</strong></span> <span class='ocrx_word' id='word_1_633' title='bbox 3020 3231 3151 3296; x_wconf 87' lang='lat' dir='ltr'><strong>ium,</strong></span> <span class='ocrx_word' id='word_1_634' title='bbox 3180 3238 3243 3283; x_wconf 89' lang='lat' dir='ltr'><strong>ut</strong></span> <span class='ocrx_word' id='word_1_635' title='bbox 3268 3230 3526 3285; x_wconf 83' lang='lat' dir='ltr'><strong>turrium.</strong></span> <span class='ocrx_word' id='word_1_636' title='bbox 3548 3231 3697 3286; x_wconf 84' lang='lat' dir='ltr'><strong>Dati-</strong></span> 
     </span>
    </p>
   </div>
   <div class='ocr_carea' id='block_1_78' title="bbox 2123 3318 3694 3393">
    <p class='ocr_par' dir='ltr' id='par_1_78' title="bbox 2123 3318 3694 3393">
     <span class='ocr_line' id='line_1_78' title="bbox 2123 3318 3694 3393; baseline -0.003 -12"><span class='ocrx_word' id='word_1_637' title='bbox 2123 3342 2218 3381; x_wconf 89' lang='lat' dir='ltr'><strong>vus</strong></span> <span class='ocrx_word' id='word_1_638' title='bbox 2243 3334 2297 3380; x_wconf 88' lang='lat' dir='ltr'><strong>et</strong></span> <span class='ocrx_word' id='word_1_639' title='bbox 2325 3323 2593 3379; x_wconf 86' lang='lat' dir='ltr'><strong>ablativus</strong></span> <span class='ocrx_word' id='word_1_640' title='bbox 2617 3321 2673 3375; x_wconf 88' lang='lat' dir='ltr'><strong>in</strong></span> <span class='ocrx_word' id='word_1_641' title='bbox 2698 3321 2817 3386; x_wconf 86' lang='lat' dir='ltr'><strong>bus,</strong></span> <span class='ocrx_word' id='word_1_642' title='bbox 2842 3328 2931 3385; x_wconf 90' lang='lat' dir='ltr'><strong>ut,</strong></span> <span class='ocrx_word' id='word_1_643' title='bbox 2965 3318 3019 3373; x_wconf 85' lang='lat' dir='ltr'><strong>hi</strong></span> <span class='ocrx_word' id='word_1_644' title='bbox 3044 3335 3208 3390; x_wconf 85' lang='lat' dir='ltr'><strong>reges,</strong></span> <span class='ocrx_word' id='word_1_645' title='bbox 3235 3335 3436 3389; x_wconf 84' lang='lat' dir='ltr'><strong>regum,</strong></span> <span class='ocrx_word' id='word_1_646' title='bbox 3466 3321 3694 3393; x_wconf 86' lang='lat' dir='ltr'><strong>regibus,</strong></span> 
     </span>
    </p>
   </div>
   <div class='ocr_carea' id='block_1_79' title="bbox 2120 3396 3361 3491">
    <p class='ocr_par' dir='ltr' id='par_1_79' title="bbox 2120 3396 3361 3491">
     <span class='ocr_line' id='line_1_79' title="bbox 2120 3396 3361 3491; baseline -0.007 -20"><span class='ocrx_word' id='word_1_647' title='bbox 2120 3432 2286 3487; x_wconf 86' lang='lat' dir='ltr'><strong>reges,</strong></span> <span class='ocrx_word' id='word_1_648' title='bbox 2312 3430 2343 3469; x_wconf 87' lang='grc' dir='ltr'><strong><em>ο</em></strong></span> <span class='ocrx_word' id='word_1_649' title='bbox 2369 3396 2530 3482; x_wconf 70' lang='lat' dir='ltr'><strong>reges,</strong></span> <span class='ocrx_word' id='word_1_650' title='bbox 2556 3429 2590 3464; x_wconf 91' lang='lat' dir='ltr'><strong>a</strong></span> <span class='ocrx_word' id='word_1_651' title='bbox 2612 3403 2841 3491; x_wconf 81' lang='lat' dir='ltr'><strong>regibus.</strong></span> <span class='ocrx_word' id='word_1_652' title='bbox 3008 3400 3011 3407; x_wconf 75' lang='grc'><em>’</em></span> <span class='ocrx_word' id='word_1_653' title='bbox 3320 3468 3321 3473; x_wconf 27' lang='grc' dir='ltr'><strong>η</strong></span> <span class='ocrx_word' id='word_1_654' title='bbox 3358 3488 3361 3489; x_wconf 13' lang='grc' dir='ltr'><em>ν</em></span> 
     </span>
    </p>
   </div>
   <div class='ocr_carea' id='block_1_80' title="bbox 2189 3492 3697 3577">
    <p class='ocr_par' dir='ltr' id='par_1_80' title="bbox 2189 3492 3697 3577">
     <span class='ocr_line' id='line_1_80' title="bbox 2189 3492 3697 3577; baseline -0.001 -17"><span class='ocrx_word' id='word_1_655' title='bbox 2189 3492 2406 3573; x_wconf 59' lang='lat' dir='ltr'><strong>Quartus</strong></span> <span class='ocrx_word' id='word_1_656' title='bbox 2455 3502 2831 3559; x_wconf 87' lang='lat' dir='ltr'><strong>declinationis</strong></span> <span class='ocrx_word' id='word_1_657' title='bbox 2872 3501 3142 3573; x_wconf 88' lang='lat' dir='ltr'><strong>genitivus</strong></span> <span class='ocrx_word' id='word_1_658' title='bbox 3194 3493 3501 3577; x_wconf 65' lang='lat' dir='ltr'><strong>singularis</strong></span> <span class='ocrx_word' id='word_1_659' title='bbox 3528 3505 3584 3559; x_wconf 94' lang='lat' dir='ltr'><strong>in</strong></span> <span class='ocrx_word' id='word_1_660' title='bbox 3635 3522 3697 3560; x_wconf 89' lang='lat' dir='ltr'><strong>us</strong></span> 
     </span>
    </p>
   </div>
   <div class='ocr_carea' id='block_1_81' title="bbox 2117 3583 3691 3668">
    <p class='ocr_par' dir='ltr' id='par_1_81' title="bbox 2117 3583 3691 3668">
     <span class='ocr_line' id='line_1_81' title="bbox 2117 3583 3691 3668; baseline -0.003 -17"><span class='ocrx_word' id='word_1_661' title='bbox 2117 3597 2456 3668; x_wconf 74' lang='lat' dir='ltr'><strong>productam.</strong></span> <span class='ocrx_word' id='word_1_662' title='bbox 2482 3594 2705 3649; x_wconf 88' lang='lat' dir='ltr'><strong>Dativus</strong></span> <span class='ocrx_word' id='word_1_663' title='bbox 2724 3593 2778 3649; x_wconf 93' lang='lat' dir='ltr'><strong>in</strong></span> <span class='ocrx_word' id='word_1_664' title='bbox 2800 3593 2875 3647; x_wconf 87' lang='lat' dir='ltr'><strong>ui.</strong></span> <span class='ocrx_word' id='word_1_665' title='bbox 2898 3583 3328 3650; x_wconf 80' lang='lat' dir='ltr'><strong>Accusativnsin</strong></span> <span class='ocrx_word' id='word_1_666' title='bbox 3353 3612 3463 3649; x_wconf 86' lang='lat' dir='ltr'><strong>um.</strong></span> <span class='ocrx_word' id='word_1_667' title='bbox 3510 3594 3691 3668; x_wconf 72' lang='lat' dir='ltr'><strong>Voca-</strong></span> 
     </span>
    </p>
   </div>
   <div class='ocr_carea' id='block_1_82' title="bbox 2119 3683 3693 3763">
    <p class='ocr_par' dir='ltr' id='par_1_82' title="bbox 2119 3683 3693 3763">
     <span class='ocr_line' id='line_1_82' title="bbox 2119 3683 3693 3763; baseline -0.004 -20"><span class='ocrx_word' id='word_1_668' title='bbox 2119 3685 2479 3763; x_wconf 87' lang='lat' dir='ltr'><strong>tivussimilis</strong></span> <span class='ocrx_word' id='word_1_669' title='bbox 2497 3694 2582 3742; x_wconf 90' lang='lat' dir='ltr'><strong>est</strong></span> <span class='ocrx_word' id='word_1_670' title='bbox 2619 3684 2968 3740; x_wconf 86' lang='lat' dir='ltr'><strong>nominativo.</strong></span> <span class='ocrx_word' id='word_1_671' title='bbox 2996 3683 3282 3739; x_wconf 76' lang='lat' dir='ltr'><strong>Ahlativus</strong></span> <span class='ocrx_word' id='word_1_672' title='bbox 3308 3684 3376 3738; x_wconf 91' lang='lat' dir='ltr'><strong>in-</strong></span> <span class='ocrx_word' id='word_1_673' title='bbox 3399 3691 3433 3738; x_wconf 87' lang='grc' dir='ltr'><strong>ιι</strong></span> <span class='ocrx_word' id='word_1_674' title='bbox 3459 3683 3693 3755; x_wconf 47' lang='lat' dir='ltr'><strong>produc}</strong></span> 
     </span>
    </p>
   </div>
   <div class='ocr_carea' id='block_1_83' title="bbox 2120 3769 3775 3845">
    <p class='ocr_par' dir='ltr' id='par_1_83' title="bbox 2120 3769 3775 3845">
     <span class='ocr_line' id='line_1_83' title="bbox 2120 3769 3775 3845; baseline -0.002 -11"><span class='ocrx_word' id='word_1_675' title='bbox 2120 3788 2251 3834; x_wconf 85' lang='lat' dir='ltr'><strong>tam.</strong></span> <span class='ocrx_word' id='word_1_676' title='bbox 2278 3777 2742 3844; x_wconf 71' lang='grc' dir='ltr'>Ηι,ι1ιὶειειιαιιιε,</span> <span class='ocrx_word' id='word_1_677' title='bbox 2792 3773 2955 3843; x_wconf 84' lang='lat' dir='ltr'><strong>hujus</strong></span> <span class='ocrx_word' id='word_1_678' title='bbox 2996 3783 3230 3841; x_wconf 88' lang='lat' dir='ltr'><strong>senatus,</strong></span> <span class='ocrx_word' id='word_1_679' title='bbox 3278 3774 3401 3829; x_wconf 80' lang='lat' dir='ltr'><strong>huic</strong></span> <span class='ocrx_word' id='word_1_680' title='bbox 3457 3778 3690 3845; x_wconf 84' lang='lat' dir='ltr'><strong>senatui,</strong></span> <span class='ocrx_word' id='word_1_681' title='bbox 3765 3769 3775 3775; x_wconf 67' lang='grc'><em>’</em></span> 
     </span>
    </p>
   </div>
   <div class='ocr_carea' id='block_1_84' title="bbox 2117 3864 3791 3935">
    <p class='ocr_par' dir='ltr' id='par_1_84' title="bbox 2117 3864 3791 3935">
     <span class='ocr_line' id='line_1_84' title="bbox 2117 3864 3791 3935; baseline -0.001 -7"><span class='ocrx_word' id='word_1_682' title='bbox 2117 3875 2258 3928; x_wconf 86' lang='lat' dir='ltr'><strong>hunc</strong></span> <span class='ocrx_word' id='word_1_683' title='bbox 2284 3874 2542 3935; x_wconf 69' lang='lat' dir='ltr'><strong>senatum,</strong></span> <span class='ocrx_word' id='word_1_684' title='bbox 2579 3864 2963 3934; x_wconf 25' lang='lat' dir='ltr'><strong>o‘senatus,ab</strong></span> <span class='ocrx_word' id='word_1_685' title='bbox 3008 3868 3105 3922; x_wconf 85' lang='lat' dir='ltr'><strong>hoc</strong></span> <span class='ocrx_word' id='word_1_686' title='bbox 3132 3878 3338 3923; x_wconf 85' lang='lat' dir='ltr'><strong>senatu.</strong></span> <span class='ocrx_word' id='word_1_687' title='bbox 3396 3869 3696 3927; x_wconf 86' lang='lat' dir='ltr'><strong>Nominati-</strong></span> <span class='ocrx_word' id='word_1_688' title='bbox 3790 3902 3791 3905; x_wconf 59' lang='grc' dir='ltr'><strong>η</strong></span> 
     </span>
    </p>
   </div>
   <div class='ocr_carea' id='block_1_85' title="bbox 2117 3957 3693 4032">
    <p class='ocr_par' dir='ltr' id='par_1_85' title="bbox 2117 3957 3693 4032">
     <span class='ocr_line' id='line_1_85' title="bbox 2117 3957 3693 4032; baseline -0.001 -14"><span class='ocrx_word' id='word_1_689' title='bbox 2117 3958 2218 4018; x_wconf 75' lang='lat' dir='ltr'><strong>vus</strong></span> <span class='ocrx_word' id='word_1_690' title='bbox 2236 3970 2293 4018; x_wconf 89' lang='lat' dir='ltr'><strong>et</strong></span> <span class='ocrx_word' id='word_1_691' title='bbox 2311 3960 2651 4016; x_wconf 84' lang='lat' dir='ltr'><strong>accusativus</strong></span> <span class='ocrx_word' id='word_1_692' title='bbox 2685 3967 2741 4014; x_wconf 91' lang='lat' dir='ltr'><strong>et</strong></span> <span class='ocrx_word' id='word_1_693' title='bbox 2759 3958 3041 4015; x_wconf 83' lang='lat' dir='ltr'><strong>vocativus</strong></span> <span class='ocrx_word' id='word_1_694' title='bbox 3069 3957 3353 4032; x_wconf 86' lang='lat' dir='ltr'><strong>[plurales]</strong></span> <span class='ocrx_word' id='word_1_695' title='bbox 3386 3961 3440 4014; x_wconf 88' lang='lat' dir='ltr'><strong>in</strong></span> <span class='ocrx_word' id='word_1_696' title='bbox 3466 3978 3528 4014; x_wconf 86' lang='lat' dir='ltr'><strong>us</strong></span> <span class='ocrx_word' id='word_1_697' title='bbox 3562 3975 3693 4031; x_wconf 52' lang='lat' dir='ltr'><strong>prce</strong></span> 
     </span>
    </p>
   </div>
   <div class='ocr_carea' id='block_1_86' title="bbox 2088 4033 3694 4122">
    <p class='ocr_par' dir='ltr' id='par_1_86' title="bbox 2088 4033 3694 4122">
     <span class='ocr_line' id='line_1_86' title="bbox 2088 4033 3694 4122; baseline -0.001 -15"><span class='ocrx_word' id='word_1_698' title='bbox 2088 4033 2358 4122; x_wconf 66' lang='grc' dir='ltr'><strong>,ιιιιειιῖιῐι⁸</strong></span> <span class='ocrx_word' id='word_1_699' title='bbox 2391 4049 2669 4107; x_wconf 82' lang='lat' dir='ltr'><strong>Genitivus</strong></span> <span class='ocrx_word' id='word_1_700' title='bbox 2697 4050 2751 4104; x_wconf 91' lang='lat' dir='ltr'><strong>in</strong></span> <span class='ocrx_word' id='word_1_701' title='bbox 2771 4064 2919 4104; x_wconf 84' lang='lat' dir='ltr'><strong>uum.</strong></span> <span class='ocrx_word' id='word_1_702' title='bbox 2956 4047 3182 4103; x_wconf 77' lang='lat' dir='ltr'><strong>Datims</strong></span> <span class='ocrx_word' id='word_1_703' title='bbox 3228 4055 3284 4103; x_wconf 90' lang='lat' dir='ltr'><strong>et</strong></span> <span class='ocrx_word' id='word_1_704' title='bbox 3327 4048 3594 4107; x_wconf 86' lang='lat' dir='ltr'><strong>ablativus</strong></span> <span class='ocrx_word' id='word_1_705' title='bbox 3639 4050 3694 4105; x_wconf 88' lang='lat' dir='ltr'><strong>in</strong></span> 
     </span>
    </p>
   </div>
   <div class='ocr_carea' id='block_1_87' title="bbox 2103 4133 3696 4215">
    <p class='ocr_par' dir='ltr' id='par_1_87' title="bbox 2103 4133 3696 4215">
     <span class='ocr_line' id='line_1_87' title="bbox 2103 4133 3696 4215; baseline -0.004 -10"><span class='ocrx_word' id='word_1_706' title='bbox 2103 4148 2236 4215; x_wconf 23' lang='lat' dir='ltr'><strong>~ibus,</strong></span> <span class='ocrx_word' id='word_1_707' title='bbox 2276 4158 2358 4213; x_wconf 87' lang='lat' dir='ltr'><strong>ut,</strong></span> <span class='ocrx_word' id='word_1_708' title='bbox 2398 4133 2454 4201; x_wconf 81' lang='lat' dir='ltr'><strong>hi</strong></span> <span class='ocrx_word' id='word_1_709' title='bbox 2486 4156 2719 4212; x_wconf 82' lang='lat' dir='ltr'><strong>senatus,</strong></span> <span class='ocrx_word' id='word_1_710' title='bbox 2754 4145 2943 4215; x_wconf 65' lang='lat' dir='ltr'><strong>horum</strong></span> <span class='ocrx_word' id='word_1_711' title='bbox 2984 4153 3282 4205; x_wconf 85' lang='lat' dir='ltr'><strong>senatuum,</strong></span> <span class='ocrx_word' id='word_1_712' title='bbox 3307 4144 3595 4211; x_wconf 84' lang='lat' dir='ltr'><strong>senatibus,</strong></span> <span class='ocrx_word' id='word_1_713' title='bbox 3617 4161 3696 4199; x_wconf 87' lang='lat' dir='ltr'><strong>se-</strong></span> 
     </span>
    </p>
   </div>
   <div class='ocr_carea' id='block_1_88' title="bbox 2122 4230 3485 4304">
    <p class='ocr_par' dir='ltr' id='par_1_88' title="bbox 2122 4230 3485 4304">
     <span class='ocr_line' id='line_1_88' title="bbox 2122 4230 3485 4304; baseline -0.006 -11"><span class='ocrx_word' id='word_1_714' title='bbox 2122 4248 2300 4304; x_wconf 89' lang='lat' dir='ltr'><strong>natus,</strong></span> <span class='ocrx_word' id='word_1_715' title='bbox 2335 4254 2366 4292; x_wconf 90' lang='grc' dir='ltr'><strong><em>ο</em></strong></span> <span class='ocrx_word' id='word_1_716' title='bbox 2391 4246 2622 4300; x_wconf 85' lang='lat' dir='ltr'><strong>senatus,</strong></span> <span class='ocrx_word' id='word_1_717' title='bbox 2652 4252 2685 4288; x_wconf 89' lang='lat' dir='ltr'><strong>a</strong></span> <span class='ocrx_word' id='word_1_718' title='bbox 2709 4230 2995 4288; x_wconf 81' lang='lat' dir='ltr'><strong>senatibus:</strong></span> <span class='ocrx_word' id='word_1_719' title='bbox 3484 4284 3485 4287; x_wconf 40' lang='grc' dir='ltr'><strong>η</strong></span> 
     </span>
    </p>
   </div>
   <div class='ocr_carea' id='block_1_89' title="bbox 2191 4321 3694 4394">
    <p class='ocr_par' dir='ltr' id='par_1_89' title="bbox 2191 4321 3694 4394">
     <span class='ocr_line' id='line_1_89' title="bbox 2191 4321 3694 4394; baseline -0.002 -13"><span class='ocrx_word' id='word_1_720' title='bbox 2191 4328 2403 4394; x_wconf 69' lang='lat' dir='ltr'><strong>Quinta:</strong></span> <span class='ocrx_word' id='word_1_721' title='bbox 2427 4323 2803 4380; x_wconf 85' lang='lat' dir='ltr'><strong>declinationis</strong></span> <span class='ocrx_word' id='word_1_722' title='bbox 2829 4322 3168 4393; x_wconf 87' lang='lat' dir='ltr'><strong>genitivuset</strong></span> <span class='ocrx_word' id='word_1_723' title='bbox 3194 4321 3409 4377; x_wconf 86' lang='lat' dir='ltr'><strong>dativus</strong></span> <span class='ocrx_word' id='word_1_724' title='bbox 3455 4322 3694 4394; x_wconf 88' lang='lat' dir='ltr'><strong>singula-</strong></span> 
     </span>
    </p>
   </div>
   <div class='ocr_carea' id='block_1_90' title="bbox 453 4404 2017 4492">
    <p class='ocr_par' dir='ltr' id='par_1_90' title="bbox 453 4404 2017 4483">
     <span class='ocr_line' id='line_1_90' title="bbox 453 4404 2017 4483; baseline -0.008 -13"><span class='ocrx_word' id='word_1_725' title='bbox 453 4421 653 4477; x_wconf 34' lang='lat' dir='ltr'><strong>nentra,</strong></span> <span class='ocrx_word' id='word_1_726' title='bbox 684 4409 909 4483; x_wconf 80' lang='lat' dir='ltr'><strong>pluralia</strong></span> <span class='ocrx_word' id='word_1_727' title='bbox 941 4423 1039 4478; x_wconf 90' lang='lat' dir='ltr'><strong>per</strong></span> <span class='ocrx_word' id='word_1_728' title='bbox 1065 4404 1251 4475; x_wconf 79' lang='lat' dir='ltr'><strong>omnes</strong></span> <span class='ocrx_word' id='word_1_729' title='bbox 1286 4407 1691 4472; x_wconf 86' lang='lat' dir='ltr'><strong>declinationes,</strong></span> <span class='ocrx_word' id='word_1_730' title='bbox 1725 4405 1919 4469; x_wconf 79' lang='lat' dir='ltr'><strong>sidera,</strong></span> <span class='ocrx_word' id='word_1_731' title='bbox 1949 4406 2017 4459; x_wconf 86' lang='lat' dir='ltr'><strong>si-</strong></span> 
     </span>
    </p>
   </div>
   <div class='ocr_carea' id='block_1_91' title="bbox 2103 4404 3694 4492">
    <p class='ocr_par' dir='ltr' id='par_1_91' title="bbox 2124 4410 3694 4475">
     <span class='ocr_line' id='line_1_91' title="bbox 2124 4410 3694 4475; baseline -0.005 0"><span class='ocrx_word' id='word_1_732' title='bbox 2124 4420 2202 4475; x_wconf 88' lang='lat' dir='ltr'><strong>ris</strong></span> <span class='ocrx_word' id='word_1_733' title='bbox 2226 4419 2280 4472; x_wconf 92' lang='lat' dir='ltr'><strong>in</strong></span> <span class='ocrx_word' id='word_1_734' title='bbox 2308 4419 2357 4470; x_wconf 90' lang='lat' dir='ltr'><strong>ei</strong></span> <span class='ocrx_word' id='word_1_735' title='bbox 2385 4417 2606 4471; x_wconf 88' lang='lat' dir='ltr'><strong>divisas.</strong></span> <span class='ocrx_word' id='word_1_736' title='bbox 2632 4413 2989 4470; x_wconf 77' lang='lat' dir='ltr'><strong>Accusativus</strong></span> <span class='ocrx_word' id='word_1_737' title='bbox 3014 4414 3068 4467; x_wconf 89' lang='lat' dir='ltr'><strong>in</strong></span> <span class='ocrx_word' id='word_1_738' title='bbox 3091 4429 3191 4466; x_wconf 80' lang='lat' dir='ltr'><strong>ent.</strong></span> <span class='ocrx_word' id='word_1_739' title='bbox 3223 4410 3517 4467; x_wconf 77' lang='lat' dir='ltr'><strong>Vocatiws</strong></span> <span class='ocrx_word' id='word_1_740' title='bbox 3542 4413 3694 4468; x_wconf 84' lang='lat' dir='ltr'><strong>simi-</strong></span> 
     </span>
    </p>
   </div>
   <div class='ocr_carea' id='block_1_92' title="bbox 453 4496 2017 4571">
    <p class='ocr_par' dir='ltr' id='par_1_92' title="bbox 453 4496 2017 4571">
     <span class='ocr_line' id='line_1_92' title="bbox 453 4496 2017 4571; baseline -0.008 -10"><span class='ocrx_word' id='word_1_741' title='bbox 453 4506 659 4571; x_wconf 85' lang='lat' dir='ltr'><strong>derum,</strong></span> <span class='ocrx_word' id='word_1_742' title='bbox 692 4502 969 4566; x_wconf 74' lang='lat' dir='ltr'><strong>sideribus.</strong></span> <span class='ocrx_word' id='word_1_743' title='bbox 1000 4499 1118 4554; x_wconf 82' lang='lat' dir='ltr'><strong>Alia</strong></span> <span class='ocrx_word' id='word_1_744' title='bbox 1163 4506 1459 4571; x_wconf 69' lang='lat' dir='ltr'><strong>tetraptota,</strong></span> <span class='ocrx_word' id='word_1_745' title='bbox 1492 4496 1668 4568; x_wconf 85' lang='lat' dir='ltr'><strong>qualia</strong></span> <span class='ocrx_word' id='word_1_746' title='bbox 1688 4503 1813 4550; x_wconf 91' lang='lat' dir='ltr'><strong>sunt</strong></span> <span class='ocrx_word' id='word_1_747' title='bbox 1836 4496 2017 4551; x_wconf 84' lang='lat' dir='ltr'><strong>omnia</strong></span> 
     </span>
    </p>
   </div>
   <div class='ocr_carea' id='block_1_93' title="bbox 453 4586 2021 4665">
    <p class='ocr_par' dir='ltr' id='par_1_93' title="bbox 453 4586 2021 4665">
     <span class='ocr_line' id='line_1_93' title="bbox 453 4586 2021 4665; baseline -0.006 -16"><span class='ocrx_word' id='word_1_748' title='bbox 453 4593 511 4649; x_wconf 90' lang='lat' dir='ltr'><strong>in</strong></span> <span class='ocrx_word' id='word_1_749' title='bbox 539 4609 567 4646; x_wconf 91' lang='lat' dir='ltr'><strong>r</strong></span> <span class='ocrx_word' id='word_1_750' title='bbox 597 4592 748 4664; x_wconf 56' lang='grc' dir='ltr'><strong>μὴ,</strong></span> <span class='ocrx_word' id='word_1_751' title='bbox 779 4591 863 4665; x_wconf 89' lang='lat' dir='ltr'><strong>er]</strong></span> <span class='ocrx_word' id='word_1_752' title='bbox 904 4590 1204 4648; x_wconf 87' lang='lat' dir='ltr'><strong>desinentia</strong></span> <span class='ocrx_word' id='word_1_753' title='bbox 1253 4587 1501 4644; x_wconf 70' lang='lat' dir='ltr'><strong>secunda:</strong></span> <span class='ocrx_word' id='word_1_754' title='bbox 1542 4586 1941 4651; x_wconf 67' lang='lat' dir='ltr'><strong>declinationis,</strong></span> <span class='ocrx_word' id='word_1_755' title='bbox 1960 4592 2021 4640; x_wconf 90' lang='lat' dir='ltr'><strong>ut</strong></span> 
     </span>
    </p>
   </div>
   <div class='ocr_carea' id='block_1_94' title="bbox 454 4676 2019 4756">
    <p class='ocr_par' dir='ltr' id='par_1_94' title="bbox 454 4676 2019 4756">
     <span class='ocr_line' id='line_1_94' title="bbox 454 4676 2019 4756; baseline -0.004 -20"><span class='ocrx_word' id='word_1_756' title='bbox 454 4698 605 4756; x_wconf 79' lang='lat' dir='ltr'><strong>puer,</strong></span> <span class='ocrx_word' id='word_1_757' title='bbox 645 4683 816 4751; x_wconf 80' lang='lat' dir='ltr'><strong>pueri,</strong></span> <span class='ocrx_word' id='word_1_758' title='bbox 859 4698 1042 4750; x_wconf 88' lang='lat' dir='ltr'><strong>puero,</strong></span> <span class='ocrx_word' id='word_1_759' title='bbox 1082 4696 1321 4751; x_wconf 85' lang='lat' dir='ltr'><strong>puerum.</strong></span> <span class='ocrx_word' id='word_1_760' title='bbox 1344 4680 1463 4734; x_wconf 81' lang='lat' dir='ltr'><strong>Alia</strong></span> <span class='ocrx_word' id='word_1_761' title='bbox 1492 4688 1813 4751; x_wconf 86' lang='lat' dir='ltr'><strong>pentaptota,</strong></span> <span class='ocrx_word' id='word_1_762' title='bbox 1840 4676 2019 4748; x_wconf 74' lang='lat' dir='ltr'><strong>qualia</strong></span> 
     </span>
    </p>
   </div>
   <div class='ocr_carea' id='block_1_95' title="bbox 455 4770 2022 4835">
    <p class='ocr_par' dir='ltr' id='par_1_95' title="bbox 455 4770 2022 4835">
     <span class='ocr_line' id='line_1_95' title="bbox 455 4770 2022 4835; baseline -0.006 -4"><span class='ocrx_word' id='word_1_763' title='bbox 455 4782 585 4831; x_wconf 88' lang='lat' dir='ltr'><strong>sunt</strong></span> <span class='ocrx_word' id='word_1_764' title='bbox 605 4772 897 4828; x_wconf 90' lang='lat' dir='ltr'><strong>masculina</strong></span> <span class='ocrx_word' id='word_1_765' title='bbox 915 4770 1163 4825; x_wconf 70' lang='lat' dir='ltr'><strong>secundm</strong></span> <span class='ocrx_word' id='word_1_766' title='bbox 1186 4772 1554 4829; x_wconf 77' lang='lat' dir='ltr'><strong>dedicationis</strong></span> <span class='ocrx_word' id='word_1_767' title='bbox 1589 4773 1645 4827; x_wconf 91' lang='lat' dir='ltr'><strong>in</strong></span> <span class='ocrx_word' id='word_1_768' title='bbox 1665 4788 1726 4826; x_wconf 83' lang='lat' dir='ltr'><strong>us</strong></span> <span class='ocrx_word' id='word_1_769' title='bbox 1754 4770 1925 4835; x_wconf 89' lang='lat' dir='ltr'><strong>ﬁnita,</strong></span> <span class='ocrx_word' id='word_1_770' title='bbox 1963 4776 2022 4822; x_wconf 89' lang='lat' dir='ltr'><strong>ut</strong></span> 
     </span>
    </p>
   </div>
   <div class='ocr_carea' id='block_1_96' title="bbox 456 4862 2017 4934">
    <p class='ocr_par' dir='ltr' id='par_1_96' title="bbox 456 4862 2017 4934">
     <span class='ocr_line' id='line_1_96' title="bbox 456 4862 2017 4934; baseline -0.003 -11"><span class='ocrx_word' id='word_1_771' title='bbox 456 4867 661 4932; x_wconf 81' lang='lat' dir='ltr'><strong>doctus,</strong></span> <span class='ocrx_word' id='word_1_772' title='bbox 687 4863 847 4929; x_wconf 86' lang='lat' dir='ltr'><strong>docti,</strong></span> <span class='ocrx_word' id='word_1_773' title='bbox 873 4862 1046 4927; x_wconf 85' lang='lat' dir='ltr'><strong>docto,</strong></span> <span class='ocrx_word' id='word_1_774' title='bbox 1084 4862 1318 4927; x_wconf 84' lang='lat' dir='ltr'><strong>doctum,</strong></span> <span class='ocrx_word' id='word_1_775' title='bbox 1338 4862 1506 4917; x_wconf 89' lang='lat' dir='ltr'><strong>docte.</strong></span> <span class='ocrx_word' id='word_1_776' title='bbox 1534 4862 1832 4934; x_wconf 73' lang='lat' dir='ltr'><strong>Hexaptota</strong></span> <span class='ocrx_word' id='word_1_777' title='bbox 1874 4873 2017 4927; x_wconf 85' lang='lat' dir='ltr'><strong>sunt,</strong></span> 
     </span>
    </p>
   </div>
   <div class='ocr_carea' id='block_1_97' title="bbox 457 4952 2019 5028">
    <p class='ocr_par' dir='ltr' id='par_1_97' title="bbox 457 4952 2019 5028">
     <span class='ocr_line' id='line_1_97' title="bbox 457 4952 2019 5028; baseline -0.001 -18"><span class='ocrx_word' id='word_1_778' title='bbox 457 4962 577 5028; x_wconf 66' lang='lat' dir='ltr'><strong>qua:</strong></span> <span class='ocrx_word' id='word_1_779' title='bbox 598 4970 694 5011; x_wconf 74' lang='lat' dir='ltr'><strong>sex</strong></span> <span class='ocrx_word' id='word_1_780' title='bbox 714 4955 953 5009; x_wconf 87' lang='lat' dir='ltr'><strong>diversos</strong></span> <span class='ocrx_word' id='word_1_781' title='bbox 978 4952 1177 5007; x_wconf 88' lang='lat' dir='ltr'><strong>habent</strong></span> <span class='ocrx_word' id='word_1_782' title='bbox 1204 4967 1385 5018; x_wconf 89' lang='lat' dir='ltr'><strong>casus,</strong></span> <span class='ocrx_word' id='word_1_783' title='bbox 1405 4959 1467 5016; x_wconf 86' lang='lat' dir='ltr'><strong>ut</strong></span> <span class='ocrx_word' id='word_1_784' title='bbox 1485 4958 1570 5007; x_wconf 90' lang='lat' dir='ltr'><strong>est</strong></span> <span class='ocrx_word' id='word_1_785' title='bbox 1596 4967 1611 5006; x_wconf 89' lang='lat'>:</span> <span class='ocrx_word' id='word_1_786' title='bbox 1638 4968 1775 5027; x_wconf 81' lang='lat' dir='ltr'><strong>unus</strong></span> <span class='ocrx_word' id='word_1_787' title='bbox 1790 4992 1806 5020; x_wconf 92' lang='lat'><strong>,</strong></span> <span class='ocrx_word' id='word_1_788' title='bbox 1844 4956 2019 5021; x_wconf 87' lang='lat' dir='ltr'><strong>unius,</strong></span> 
     </span>
    </p>
   </div>
   <div class='ocr_carea' id='block_1_98' title="bbox 458 5044 1617 5114">
    <p class='ocr_par' dir='ltr' id='par_1_98' title="bbox 458 5044 1617 5114">
     <span class='ocr_line' id='line_1_98' title="bbox 458 5044 1617 5114; baseline -0.009 -9"><span class='ocrx_word' id='word_1_789' title='bbox 458 5046 577 5112; x_wconf 71' lang='lat' dir='ltr'><strong>tuli,</strong></span> <span class='ocrx_word' id='word_1_790' title='bbox 599 5061 783 5112; x_wconf 87' lang='lat' dir='ltr'><strong>unum,</strong></span> <span class='ocrx_word' id='word_1_791' title='bbox 808 5061 934 5114; x_wconf 76' lang='lat' dir='ltr'><strong>una,</strong></span> <span class='ocrx_word' id='word_1_792' title='bbox 964 5044 1029 5099; x_wconf 88' lang='lat' dir='ltr'><strong>ab</strong></span> <span class='ocrx_word' id='word_1_793' title='bbox 1059 5061 1182 5098; x_wconf 88' lang='lat' dir='ltr'><strong>uno.</strong></span> <span class='ocrx_word' id='word_1_794' title='bbox 1614 5058 1617 5059; x_wconf 63' lang='lat'><strong><em>&#39;</em></strong></span> 
     </span>
    </p>
   </div>
   <div class='ocr_carea' id='block_1_99' title="bbox 530 5132 2025 5203">
    <p class='ocr_par' dir='ltr' id='par_1_99' title="bbox 530 5132 2025 5203">
     <span class='ocr_line' id='line_1_99' title="bbox 530 5132 2025 5203; baseline 0.002 -14"><span class='ocrx_word' id='word_1_795' title='bbox 530 5134 629 5189; x_wconf 79' lang='lat' dir='ltr'><strong>Fu.</strong></span> <span class='ocrx_word' id='word_1_796' title='bbox 658 5133 738 5189; x_wconf 83' lang='lat' dir='ltr'><strong>Ne</strong></span> <span class='ocrx_word' id='word_1_797' title='bbox 758 5134 830 5189; x_wconf 80' lang='lat' dir='ltr'><strong>sit</strong></span> <span class='ocrx_word' id='word_1_798' title='bbox 851 5134 950 5189; x_wconf 86' lang='lat' dir='ltr'><strong>tibi</strong></span> <span class='ocrx_word' id='word_1_799' title='bbox 976 5147 1264 5190; x_wconf 89' lang='lat' dir='ltr'><strong>onerosum</strong></span> <span class='ocrx_word' id='word_1_800' title='bbox 1284 5132 1613 5203; x_wconf 85' lang='lat' dir='ltr'><strong>singulon</strong></span> <span class='ocrx_word' id='word_1_801' title='bbox 1642 5142 1867 5189; x_wconf 73' lang='lat' dir='ltr'><strong>cas‘uum</strong></span> <span class='ocrx_word' id='word_1_802' title='bbox 1915 5144 2025 5191; x_wconf 88' lang='lat' dir='ltr'><strong>ter-</strong></span> 
     </span>
    </p>
   </div>
   <div class='ocr_carea' id='block_1_100' title="bbox 464 5225 2022 5313">
    <p class='ocr_par' dir='ltr' id='par_1_100' title="bbox 464 5225 2022 5313">
     <span class='ocr_line' id='line_1_100' title="bbox 464 5225 2022 5313; baseline -0.003 -30"><span class='ocrx_word' id='word_1_803' title='bbox 464 5228 780 5310; x_wconf 71' lang='lat' dir='ltr'><strong>minationes</strong></span> <span class='ocrx_word' id='word_1_804' title='bbox 820 5237 909 5294; x_wconf 79' lang='lat' dir='ltr'><strong>per</strong></span> <span class='ocrx_word' id='word_1_805' title='bbox 944 5240 1133 5281; x_wconf 86' lang='lat' dir='ltr'><strong>omnes</strong></span> <span class='ocrx_word' id='word_1_806' title='bbox 1180 5226 1415 5295; x_wconf 89' lang='lat' dir='ltr'><strong>quinque</strong></span> <span class='ocrx_word' id='word_1_807' title='bbox 1464 5225 1847 5282; x_wconf 87' lang='lat' dir='ltr'><strong>declinationes</strong></span> 
     </span>
    </p>
   </div>
   <div class='ocr_carea' id='block_1_101' title="bbox 464 5321 2026 5394">
    <p class='ocr_par' dir='ltr' id='par_1_101' title="bbox 464 5321 2026 5394">
     <span class='ocr_line' id='line_1_101' title="bbox 464 5321 2026 5394; baseline 0 -17"><span class='ocrx_word' id='word_1_808' title='bbox 464 5338 750 5394; x_wconf 79' lang='lat' dir='ltr'><strong>exponere.</strong></span> <span class='ocrx_word' id='word_1_809' title='bbox 766 5334 835 5363; x_wconf 81' lang='lat'><strong>-&#39;-</strong></span> <span class='ocrx_word' id='word_1_810' title='bbox 855 5322 1024 5378; x_wconf 68' lang='lat' dir='ltr'><strong>Suo.</strong></span> <span class='ocrx_word' id='word_1_811' title='bbox 1045 5321 1365 5393; x_wconf 88' lang='lat' dir='ltr'><strong>Lougiorem</strong></span> <span class='ocrx_word' id='word_1_812' title='bbox 1382 5338 1468 5379; x_wconf 90' lang='lat' dir='ltr'><strong>me</strong></span> <span class='ocrx_word' id='word_1_813' title='bbox 1496 5322 1629 5377; x_wconf 84' lang='lat' dir='ltr'><strong>facis</strong></span> <span class='ocrx_word' id='word_1_814' title='bbox 1652 5321 1835 5377; x_wconf 89' lang='lat' dir='ltr'><strong>multis</strong></span> <span class='ocrx_word' id='word_1_815' title='bbox 1858 5323 2026 5380; x_wconf 84' lang='lat' dir='ltr'><strong>inter-</strong></span> 
     </span>
    </p>
   </div>
   <div class='ocr_carea' id='block_1_102' title="bbox 425 5415 846 5485">
    <p class='ocr_par' dir='ltr' id='par_1_102' title="bbox 425 5415 846 5485">
     <span class='ocr_line' id='line_1_102' title="bbox 425 5415 846 5485; baseline -0.007 -16"><span class='ocrx_word' id='word_1_816' title='bbox 425 5477 429 5481; x_wconf 93' lang='lat'>_</span> <span class='ocrx_word' id='word_1_817' title='bbox 464 5415 846 5485; x_wconf 85' lang='lat' dir='ltr'><strong>rogationibus.</strong></span> 
     </span>
    </p>
   </div>
   <div class='ocr_carea' id='block_1_103' title="bbox 532 5504 2024 5577">
    <p class='ocr_par' dir='ltr' id='par_1_103' title="bbox 532 5504 2024 5577">
     <span class='ocr_line' id='line_1_103' title="bbox 532 5504 2024 5577; baseline -0.001 -17"><span class='ocrx_word' id='word_1_818' title='bbox 532 5506 633 5560; x_wconf 81' lang='lat' dir='ltr'><strong>Fu.</strong></span> <span class='ocrx_word' id='word_1_819' title='bbox 681 5506 821 5573; x_wconf 84' lang='lat' dir='ltr'><strong>Quid</strong></span> <span class='ocrx_word' id='word_1_820' title='bbox 860 5504 907 5562; x_wconf 92' lang='lat' dir='ltr'><strong>si</strong></span> <span class='ocrx_word' id='word_1_821' title='bbox 954 5504 1220 5561; x_wconf 86' lang='lat' dir='ltr'><strong>utiliorem</strong></span> <span class='ocrx_word' id='word_1_822' title='bbox 1262 5506 1314 5560; x_wconf 92' lang='lat' dir='ltr'><strong>in</strong></span> <span class='ocrx_word' id='word_1_823' title='bbox 1357 5508 1675 5561; x_wconf 75' lang='lat' dir='ltr'><strong>necessariis</strong></span> <span class='ocrx_word' id='word_1_824' title='bbox 1706 5504 2024 5577; x_wconf 78' lang='lat' dir='ltr'><strong>regulis?—</strong></span> 
     </span>
    </p>
   </div>
   <div class='ocr_carea' id='block_1_104' title="bbox 468 5595 2024 5669">
    <p class='ocr_par' dir='ltr' id='par_1_104' title="bbox 468 5595 2024 5669">
     <span class='ocr_line' id='line_1_104' title="bbox 468 5595 2024 5669; baseline 0.003 -18"><span class='ocrx_word' id='word_1_825' title='bbox 468 5595 636 5653; x_wconf 77' lang='lat' dir='ltr'><strong>Suo.</strong></span> <span class='ocrx_word' id='word_1_826' title='bbox 668 5598 865 5655; x_wconf 64' lang='lat' dir='ltr'><strong>Prima</strong></span> <span class='ocrx_word' id='word_1_827' title='bbox 894 5597 1270 5654; x_wconf 85' lang='lat' dir='ltr'><strong>declinationis</strong></span> <span class='ocrx_word' id='word_1_828' title='bbox 1302 5600 1566 5669; x_wconf 87' lang='lat' dir='ltr'><strong>genitivus</strong></span> <span class='ocrx_word' id='word_1_829' title='bbox 1594 5606 1648 5651; x_wconf 87' lang='lat' dir='ltr'><strong>et</strong></span> <span class='ocrx_word' id='word_1_830' title='bbox 1674 5598 1884 5651; x_wconf 82' lang='lat' dir='ltr'><strong>dativus</strong></span> <span class='ocrx_word' id='word_1_831' title='bbox 1903 5599 1960 5653; x_wconf 91' lang='lat' dir='ltr'><strong>in</strong></span> <span class='ocrx_word' id='word_1_832' title='bbox 1978 5617 2024 5655; x_wconf 76' lang='grc' dir='ltr'><em>ω</em></span> 
     </span>
    </p>
   </div>
   <div class='ocr_carea' id='block_1_105' title="bbox 469 5686 2055 5759">
    <p class='ocr_par' dir='ltr' id='par_1_105' title="bbox 469 5686 2055 5759">
     <span class='ocr_line' id='line_1_105' title="bbox 469 5686 2055 5759; baseline 0.003 -19"><span class='ocrx_word' id='word_1_833' title='bbox 469 5686 834 5759; x_wconf 72' lang='lat' dir='ltr'><strong>diphthongon</strong></span> <span class='ocrx_word' id='word_1_834' title='bbox 866 5687 1247 5745; x_wconf 84' lang='lat' dir='ltr'><strong>:aecusativus</strong></span> <span class='ocrx_word' id='word_1_835' title='bbox 1280 5688 1333 5743; x_wconf 87' lang='lat' dir='ltr'><strong>in</strong></span> <span class='ocrx_word' id='word_1_836' title='bbox 1363 5706 1469 5743; x_wconf 85' lang='lat' dir='ltr'><strong>am.</strong></span> <span class='ocrx_word' id='word_1_837' title='bbox 1502 5688 1790 5745; x_wconf 75' lang='lat' dir='ltr'><strong>Vocativus</strong></span> <span class='ocrx_word' id='word_1_838' title='bbox 1811 5686 2024 5758; x_wconf 89' lang='lat' dir='ltr'><strong>[similis</strong></span> <span class='ocrx_word' id='word_1_839' title='bbox 2054 5722 2055 5725; x_wconf 60' lang='grc' dir='ltr'><strong>η</strong></span> 
     </span>
    </p>
   </div>
   <div class='ocr_carea' id='block_1_106' title="bbox 2122 4501 3693 4576">
    <p class='ocr_par' dir='ltr' id='par_1_106' title="bbox 2122 4501 3693 4576">
     <span class='ocr_line' id='line_1_106' title="bbox 2122 4501 3693 4576; baseline -0.003 -13"><span class='ocrx_word' id='word_1_840' title='bbox 2122 4510 2190 4564; x_wconf 89' lang='lat' dir='ltr'><strong>lis</strong></span> <span class='ocrx_word' id='word_1_841' title='bbox 2213 4515 2298 4564; x_wconf 87' lang='lat' dir='ltr'><strong>est</strong></span> <span class='ocrx_word' id='word_1_842' title='bbox 2322 4507 2673 4563; x_wconf 86' lang='lat' dir='ltr'><strong>nominativo.</strong></span> <span class='ocrx_word' id='word_1_843' title='bbox 2698 4505 2977 4561; x_wconf 85' lang='lat' dir='ltr'><strong>Ablativus</strong></span> <span class='ocrx_word' id='word_1_844' title='bbox 3008 4505 3062 4559; x_wconf 91' lang='lat' dir='ltr'><strong>in</strong></span> <span class='ocrx_word' id='word_1_845' title='bbox 3085 4521 3112 4559; x_wconf 89' lang='lat' dir='ltr'><strong>e</strong></span> <span class='ocrx_word' id='word_1_846' title='bbox 3144 4504 3418 4574; x_wconf 49' lang='lat' dir='ltr'><strong>profertur</strong></span> <span class='ocrx_word' id='word_1_847' title='bbox 3442 4501 3607 4576; x_wconf 63' lang='grc' dir='ltr'><strong>μη,</strong></span> <span class='ocrx_word' id='word_1_848' title='bbox 3638 4504 3693 4559; x_wconf 93' lang='lat' dir='ltr'><strong>in</strong></span> 
     </span>
    </p>
   </div>
   <div class='ocr_carea' id='block_1_107' title="bbox 2119 4598 3701 4671">
    <p class='ocr_par' dir='ltr' id='par_1_107' title="bbox 2119 4598 3701 4671">
     <span class='ocr_line' id='line_1_107' title="bbox 2119 4598 3701 4671; baseline -0.002 -16"><span class='ocrx_word' id='word_1_849' title='bbox 2119 4618 2148 4655; x_wconf 89' lang='lat' dir='ltr'><strong>e</strong></span> <span class='ocrx_word' id='word_1_850' title='bbox 2167 4598 2535 4671; x_wconf 78' lang='lat' dir='ltr'><strong>productam].</strong></span> <span class='ocrx_word' id='word_1_851' title='bbox 2562 4598 2653 4665; x_wconf 90' lang='lat' dir='ltr'><strong>Ut,</strong></span> <span class='ocrx_word' id='word_1_852' title='bbox 2676 4598 2787 4654; x_wconf 78' lang='lat' dir='ltr'><strong>Iuro</strong></span> <span class='ocrx_word' id='word_1_853' title='bbox 2812 4614 2914 4661; x_wconf 86' lang='lat' dir='ltr'><strong>res,</strong></span> <span class='ocrx_word' id='word_1_854' title='bbox 2946 4598 3105 4667; x_wconf 85' lang='lat' dir='ltr'><strong>hujus</strong></span> <span class='ocrx_word' id='word_1_855' title='bbox 3146 4598 3242 4661; x_wconf 83' lang='lat' dir='ltr'><strong>rei,</strong></span> <span class='ocrx_word' id='word_1_856' title='bbox 3278 4598 3373 4663; x_wconf 90' lang='lat' dir='ltr'><strong>rei,</strong></span> <span class='ocrx_word' id='word_1_857' title='bbox 3403 4598 3529 4662; x_wconf 76' lang='lat' dir='ltr'><strong>rem,</strong></span> <span class='ocrx_word' id='word_1_858' title='bbox 3552 4624 3557 4629; x_wconf 59' lang='grc' dir='ltr'>ν</span> <span class='ocrx_word' id='word_1_859' title='bbox 3583 4613 3701 4663; x_wconf 69' lang='grc' dir='ltr'><strong>ω,</strong></span> 
     </span>
    </p>
   </div>
   <div class='ocr_carea' id='block_1_108' title="bbox 2119 4689 3691 4761">
    <p class='ocr_par' dir='ltr' id='par_1_108' title="bbox 2119 4689 3691 4761">
     <span class='ocr_line' id='line_1_108' title="bbox 2119 4689 3691 4761; baseline -0.001 -16"><span class='ocrx_word' id='word_1_860' title='bbox 2119 4708 2154 4745; x_wconf 91' lang='lat' dir='ltr'><strong>a</strong></span> <span class='ocrx_word' id='word_1_861' title='bbox 2197 4707 2271 4744; x_wconf 91' lang='lat' dir='ltr'><strong>re.</strong></span> <span class='ocrx_word' id='word_1_862' title='bbox 2292 4689 2666 4747; x_wconf 84' lang='lat' dir='ltr'><strong>Nomiuativus</strong></span> <span class='ocrx_word' id='word_1_863' title='bbox 2688 4697 2744 4745; x_wconf 87' lang='lat' dir='ltr'><strong>et</strong></span> <span class='ocrx_word' id='word_1_864' title='bbox 2769 4690 3111 4744; x_wconf 89' lang='lat' dir='ltr'><strong>accusativus</strong></span> <span class='ocrx_word' id='word_1_865' title='bbox 3139 4698 3195 4742; x_wconf 88' lang='lat' dir='ltr'><strong>et</strong></span> <span class='ocrx_word' id='word_1_866' title='bbox 3238 4690 3517 4753; x_wconf 84' lang='lat' dir='ltr'><strong>vocativus</strong></span> <span class='ocrx_word' id='word_1_867' title='bbox 3568 4689 3691 4761; x_wconf 89' lang='lat' dir='ltr'><strong>plu-</strong></span> 
     </span>
    </p>
   </div>
   <div class='ocr_carea' id='block_1_109' title="bbox 2121 4764 3695 4851">
    <p class='ocr_par' dir='ltr' id='par_1_109' title="bbox 2121 4764 3695 4851">
     <span class='ocr_line' id='line_1_109' title="bbox 2121 4764 3695 4851; baseline -0.003 -12"><span class='ocrx_word' id='word_1_868' title='bbox 2121 4783 2264 4838; x_wconf 87' lang='lat' dir='ltr'><strong>rales</strong></span> <span class='ocrx_word' id='word_1_869' title='bbox 2285 4783 2339 4838; x_wconf 88' lang='lat' dir='ltr'><strong>in</strong></span> <span class='ocrx_word' id='word_1_870' title='bbox 2364 4800 2441 4838; x_wconf 92' lang='lat' dir='ltr'><strong>es.</strong></span> <span class='ocrx_word' id='word_1_871' title='bbox 2466 4781 2748 4837; x_wconf 85' lang='lat' dir='ltr'><strong>Genitivus</strong></span> <span class='ocrx_word' id='word_1_872' title='bbox 2769 4781 2823 4834; x_wconf 93' lang='lat' dir='ltr'><strong>in</strong></span> <span class='ocrx_word' id='word_1_873' title='bbox 2839 4796 2926 4833; x_wconf 85' lang='lat' dir='ltr'><strong>um</strong></span> <span class='ocrx_word' id='word_1_874' title='bbox 2949 4777 3096 4851; x_wconf 69' lang='lat' dir='ltr'><strong>[Ms.,</strong></span> <span class='ocrx_word' id='word_1_875' title='bbox 3120 4779 3177 4832; x_wconf 89' lang='lat' dir='ltr'><strong>in</strong></span> <span class='ocrx_word' id='word_1_876' title='bbox 3198 4778 3359 4850; x_wconf 86' lang='lat' dir='ltr'><strong>rum].</strong></span> <span class='ocrx_word' id='word_1_877' title='bbox 3391 4764 3695 4835; x_wconf 71' lang='lat' dir='ltr'><strong>Dsdvus‘ct</strong></span> 
     </span>
    </p>
   </div>
   <div class='ocr_carea' id='block_1_110' title="bbox 2121 4855 3693 4937">
    <p class='ocr_par' dir='ltr' id='par_1_110' title="bbox 2121 4855 3693 4937">
     <span class='ocr_line' id='line_1_110' title="bbox 2121 4855 3693 4937; baseline -0.003 -8"><span class='ocrx_word' id='word_1_878' title='bbox 2121 4872 2383 4930; x_wconf 86' lang='lat' dir='ltr'><strong>ablativus</strong></span> <span class='ocrx_word' id='word_1_879' title='bbox 2408 4868 2460 4926; x_wconf 89' lang='lat' dir='ltr'><strong>in</strong></span> <span class='ocrx_word' id='word_1_880' title='bbox 2477 4870 2571 4924; x_wconf 90' lang='lat' dir='ltr'><strong>bus</strong></span> <span class='ocrx_word' id='word_1_881' title='bbox 2588 4887 2606 4924; x_wconf 92' lang='lat'><strong><em>:</em></strong></span> <span class='ocrx_word' id='word_1_882' title='bbox 2630 4877 2691 4923; x_wconf 92' lang='lat' dir='ltr'><strong>ut</strong></span> <span class='ocrx_word' id='word_1_883' title='bbox 2706 4869 2788 4923; x_wconf 75' lang='grc' dir='ltr'>Ιιιε</span> <span class='ocrx_word' id='word_1_884' title='bbox 2815 4884 2919 4932; x_wconf 86' lang='lat' dir='ltr'><strong>res,</strong></span> <span class='ocrx_word' id='word_1_885' title='bbox 2937 4883 3133 4932; x_wconf 86' lang='lat' dir='ltr'><strong>rerum,</strong></span> <span class='ocrx_word' id='word_1_886' title='bbox 3158 4867 3331 4936; x_wconf 86' lang='lat' dir='ltr'><strong>rebus,</strong></span> <span class='ocrx_word' id='word_1_887' title='bbox 3353 4885 3462 4934; x_wconf 87' lang='lat' dir='ltr'><strong>res,</strong></span> <span class='ocrx_word' id='word_1_888' title='bbox 3488 4855 3525 4922; x_wconf 23' lang='lat' dir='ltr'><strong>oi</strong></span> <span class='ocrx_word' id='word_1_889' title='bbox 3539 4886 3643 4937; x_wconf 91' lang='lat' dir='ltr'><strong>res,</strong></span> <span class='ocrx_word' id='word_1_890' title='bbox 3659 4889 3693 4925; x_wconf 80' lang='grc' dir='ltr'><strong>α</strong></span> 
     </span>
    </p>
   </div>
   <div class='ocr_carea' id='block_1_111' title="bbox 2122 4956 3694 5023">
    <p class='ocr_par' dir='ltr' id='par_1_111' title="bbox 2122 4956 3694 5023">
     <span class='ocr_line' id='line_1_111' title="bbox 2122 4956 3694 5023; baseline 0.001 -8"><span class='ocrx_word' id='word_1_891' title='bbox 2122 4963 2294 5017; x_wconf 85' lang='lat' dir='ltr'><strong>rebus.</strong></span> <span class='ocrx_word' id='word_1_892' title='bbox 2318 4960 2478 5023; x_wconf 83' lang='lat' dir='ltr'><strong>Num,</strong></span> <span class='ocrx_word' id='word_1_893' title='bbox 2508 4958 2735 5022; x_wconf 83' lang='lat' dir='ltr'><strong>France,</strong></span> <span class='ocrx_word' id='word_1_894' title='bbox 2783 4956 2960 5011; x_wconf 89' lang='lat' dir='ltr'><strong>adhuc</strong></span> <span class='ocrx_word' id='word_1_895' title='bbox 2988 4963 3072 5011; x_wconf 88' lang='lat' dir='ltr'><strong>sat</strong></span> <span class='ocrx_word' id='word_1_896' title='bbox 3110 4956 3277 5011; x_wconf 89' lang='lat' dir='ltr'><strong>habes</strong></span> <span class='ocrx_word' id='word_1_897' title='bbox 3326 4958 3393 5012; x_wconf 88' lang='lat' dir='ltr'><strong>de</strong></span> <span class='ocrx_word' id='word_1_898' title='bbox 3444 4960 3694 5017; x_wconf 84' lang='lat' dir='ltr'><strong>nomine?</strong></span> 
     </span>
    </p>
   </div>
   <div class='ocr_carea' id='block_1_112' title="bbox 2190 5038 3695 5119">
    <p class='ocr_par' dir='ltr' id='par_1_112' title="bbox 2190 5038 3695 5119">
     <span class='ocr_line' id='line_1_112' title="bbox 2190 5038 3695 5119; baseline -0.001 -12"><span class='ocrx_word' id='word_1_899' title='bbox 2190 5038 2289 5107; x_wconf 73' lang='lat' dir='ltr'><strong>Fu.</strong></span> <span class='ocrx_word' id='word_1_900' title='bbox 2319 5050 2414 5104; x_wconf 88' lang='lat' dir='ltr'><strong>Sat</strong></span> <span class='ocrx_word' id='word_1_901' title='bbox 2452 5040 2781 5111; x_wconf 85' lang='lat' dir='ltr'><strong>habuissem,</strong></span> <span class='ocrx_word' id='word_1_902' title='bbox 2813 5045 2980 5111; x_wconf 78' lang='lat' dir='ltr'><strong>Saxo,</strong></span> <span class='ocrx_word' id='word_1_903' title='bbox 3025 5046 3071 5101; x_wconf 88' lang='lat' dir='ltr'><strong>si</strong></span> <span class='ocrx_word' id='word_1_904' title='bbox 3120 5061 3226 5101; x_wconf 91' lang='lat' dir='ltr'><strong>nou</strong></span> <span class='ocrx_word' id='word_1_905' title='bbox 3283 5048 3529 5118; x_wconf 86' lang='lat' dir='ltr'><strong>ciniphes</strong></span> <span class='ocrx_word' id='word_1_906' title='bbox 3574 5065 3695 5119; x_wconf 73' lang='lat' dir='ltr'><strong>qua:</strong></span> 
     </span>
    </p>
   </div>
   <div class='ocr_carea' id='block_1_113' title="bbox 2122 5124 3694 5211">
    <p class='ocr_par' dir='ltr' id='par_1_113' title="bbox 2122 5124 3694 5211">
     <span class='ocr_line' id='line_1_113' title="bbox 2122 5124 3694 5211; baseline -0.003 -12"><span class='ocrx_word' id='word_1_907' title='bbox 2122 5152 2248 5200; x_wconf 90' lang='lat' dir='ltr'><strong>sunt</strong></span> <span class='ocrx_word' id='word_1_908' title='bbox 2273 5142 2326 5195; x_wconf 90' lang='lat' dir='ltr'><strong>in</strong></span> <span class='ocrx_word' id='word_1_909' title='bbox 2355 5140 2515 5195; x_wconf 90' lang='lat' dir='ltr'><strong>domo</strong></span> <span class='ocrx_word' id='word_1_910' title='bbox 2541 5138 2977 5211; x_wconf 64' lang='lat' dir='ltr'><strong>magistr-laurea</strong></span> <span class='ocrx_word' id='word_1_911' title='bbox 3003 5124 3136 5193; x_wconf 83' lang='lat' dir='ltr'><strong>mihi</strong></span> <span class='ocrx_word' id='word_1_912' title='bbox 3162 5138 3694 5207; x_wconf 71' lang='lat' dir='ltr'><strong>qumstiuncuiissuis</strong></span> 
     </span>
    </p>
   </div>
   <div class='ocr_carea' id='block_1_114' title="bbox 2122 5218 3693 5299">
    <p class='ocr_par' dir='ltr' id='par_1_114' title="bbox 2122 5218 3693 5299">
     <span class='ocr_line' id='line_1_114' title="bbox 2122 5218 3693 5299; baseline -0.002 -13"><span class='ocrx_word' id='word_1_913' title='bbox 2122 5229 2453 5299; x_wconf 87' lang='lat' dir='ltr'><strong>implessent.</strong></span> <span class='ocrx_word' id='word_1_914' title='bbox 2483 5227 2686 5299; x_wconf 70' lang='lat' dir='ltr'><strong>Tamen</strong></span> <span class='ocrx_word' id='word_1_915' title='bbox 2715 5228 2759 5282; x_wconf 89' lang='lat' dir='ltr'><strong>si</strong></span> <span class='ocrx_word' id='word_1_916' title='bbox 2788 5226 2966 5299; x_wconf 90' lang='lat' dir='ltr'><strong>placet</strong></span> <span class='ocrx_word' id='word_1_917' title='bbox 2988 5218 3327 5283; x_wconf 84' lang='lat' dir='ltr'><strong>transeamus</strong></span> <span class='ocrx_word' id='word_1_918' title='bbox 3344 5230 3411 5281; x_wconf 90' lang='lat' dir='ltr'><strong>ad</strong></span> <span class='ocrx_word' id='word_1_919' title='bbox 3424 5228 3547 5279; x_wconf 87' lang='lat' dir='ltr'><strong>alia.</strong></span> <span class='ocrx_word' id='word_1_920' title='bbox 3572 5229 3693 5283; x_wconf 87' lang='lat' dir='ltr'><strong>Illas</strong></span> 
     </span>
    </p>
   </div>
   <div class='ocr_carea' id='block_1_115' title="bbox 2122 5308 3693 5394">
    <p class='ocr_par' dir='ltr' id='par_1_115' title="bbox 2122 5308 3693 5394">
     <span class='ocr_line' id='line_1_115' title="bbox 2122 5308 3693 5394; baseline -0.002 -18"><span class='ocrx_word' id='word_1_921' title='bbox 2122 5337 2334 5394; x_wconf 90' lang='lat' dir='ltr'><strong>quoque</strong></span> <span class='ocrx_word' id='word_1_922' title='bbox 2352 5308 2531 5375; x_wconf 82' lang='lat' dir='ltr'><strong>modo</strong></span> <span class='ocrx_word' id='word_1_923' title='bbox 2554 5322 2849 5384; x_wconf 76' lang='lat' dir='ltr'><strong>excutiam.</strong></span> <span class='ocrx_word' id='word_1_924' title='bbox 2878 5320 2959 5376; x_wconf 87' lang='lat' dir='ltr'><strong>Tu</strong></span> <span class='ocrx_word' id='word_1_925' title='bbox 2985 5321 3153 5374; x_wconf 87' lang='lat' dir='ltr'><strong>transi</strong></span> <span class='ocrx_word' id='word_1_926' title='bbox 3180 5334 3288 5389; x_wconf 91' lang='lat' dir='ltr'><strong>quo</strong></span> <span class='ocrx_word' id='word_1_927' title='bbox 3314 5319 3471 5383; x_wconf 88' lang='lat' dir='ltr'><strong>velis,</strong></span> <span class='ocrx_word' id='word_1_928' title='bbox 3491 5331 3693 5387; x_wconf 82' lang='lat' dir='ltr'><strong>sequar</strong></span> 
     </span>
    </p>
   </div>
   <div class='ocr_carea' id='block_1_116' title="bbox 2123 5408 2666 5481">
    <p class='ocr_par' dir='ltr' id='par_1_116' title="bbox 2123 5408 2666 5481">
     <span class='ocr_line' id='line_1_116' title="bbox 2123 5408 2666 5481; baseline -0.015 -12"><span class='ocrx_word' id='word_1_929' title='bbox 2123 5425 2178 5469; x_wconf 87' lang='lat' dir='ltr'><strong>te</strong></span> <span class='ocrx_word' id='word_1_930' title='bbox 2198 5427 2306 5481; x_wconf 90' lang='lat' dir='ltr'><strong>quo</strong></span> <span class='ocrx_word' id='word_1_931' title='bbox 2331 5408 2497 5463; x_wconf 83' lang='lat' dir='ltr'><strong>vadis.</strong></span> <span class='ocrx_word' id='word_1_932' title='bbox 2664 5445 2666 5447; x_wconf 61' lang='grc'><strong>›</strong></span> 
     </span>
    </p>
   </div>
   <div class='ocr_carea' id='block_1_117' title="bbox 2632 5497 3199 5555">
    <p class='ocr_par' dir='ltr' id='par_1_117' title="bbox 2632 5497 3199 5555">
     <span class='ocr_line' id='line_1_117' title="bbox 2632 5497 3199 5555; baseline -0.014 1"><span class='ocrx_word' id='word_1_933' title='bbox 2632 5501 2720 5555; x_wconf 85' lang='lat' dir='ltr'><strong>DE</strong></span> <span class='ocrx_word' id='word_1_934' title='bbox 2762 5497 3172 5555; x_wconf 75' lang='lat' dir='ltr'><strong>PRONOMINE.</strong></span> <span class='ocrx_word' id='word_1_935' title='bbox 3196 5534 3199 5539; x_wconf 85' lang='grc'><strong><em>-</em></strong></span> 
     </span>
    </p>
   </div>
   <div class='ocr_carea' id='block_1_118' title="bbox 2123 5584 3695 5659">
    <p class='ocr_par' dir='ltr' id='par_1_118' title="bbox 2123 5584 3695 5659">
     <span class='ocr_line' id='line_1_118' title="bbox 2123 5584 3695 5659; baseline -0.004 -12"><span class='ocrx_word' id='word_1_936' title='bbox 2123 5653 2130 5659; x_wconf 86' lang='lat'><strong>_</strong></span> <span class='ocrx_word' id='word_1_937' title='bbox 2192 5593 2293 5647; x_wconf 77' lang='lat' dir='ltr'><strong>Fs.</strong></span> <span class='ocrx_word' id='word_1_938' title='bbox 2324 5590 2631 5645; x_wconf 82' lang='lat' dir='ltr'><strong>Pronomcn</strong></span> <span class='ocrx_word' id='word_1_939' title='bbox 2654 5592 2783 5659; x_wconf 89' lang='lat' dir='ltr'><strong>quid</strong></span> <span class='ocrx_word' id='word_1_940' title='bbox 2812 5590 2933 5645; x_wconf 87' lang='lat' dir='ltr'><strong>est?</strong></span> <span class='ocrx_word' id='word_1_941' title='bbox 2967 5612 3038 5627; x_wconf 59' lang='grc' dir='ltr'><strong>ε-</strong></span> <span class='ocrx_word' id='word_1_942' title='bbox 3074 5586 3237 5640; x_wconf 63' lang='lat' dir='ltr'><strong>Saxo.</strong></span> <span class='ocrx_word' id='word_1_943' title='bbox 3269 5585 3402 5637; x_wconf 82' lang='lat' dir='ltr'><strong>Pars</strong></span> <span class='ocrx_word' id='word_1_944' title='bbox 3430 5584 3695 5640; x_wconf 82' lang='lat' dir='ltr'><strong>orationis</strong></span> 
     </span>
    </p>
   </div>
   <div class='ocr_carea' id='block_1_119' title="bbox 2124 5674 3688 5751">
    <p class='ocr_par' dir='ltr' id='par_1_119' title="bbox 2124 5674 3688 5751">
     <span class='ocr_line' id='line_1_119' title="bbox 2124 5674 3688 5751; baseline -0.008 -12"><span class='ocrx_word' id='word_1_945' title='bbox 2124 5699 2248 5741; x_wconf 90' lang='lat' dir='ltr'><strong>cum</strong></span> <span class='ocrx_word' id='word_1_946' title='bbox 2284 5698 2412 5739; x_wconf 90' lang='lat' dir='ltr'><strong>casu</strong></span> <span class='ocrx_word' id='word_1_947' title='bbox 2444 5682 2678 5749; x_wconf 89' lang='lat' dir='ltr'><strong>positum</strong></span> <span class='ocrx_word' id='word_1_948' title='bbox 2709 5680 2863 5751; x_wconf 55' lang='grc' dir='ltr'><strong>μὴ,</strong></span> <span class='ocrx_word' id='word_1_949' title='bbox 2906 5674 3105 5749; x_wconf 81' lang='lat' dir='ltr'><strong>posita]</strong></span> <span class='ocrx_word' id='word_1_950' title='bbox 3154 5674 3387 5729; x_wconf 88' lang='lat' dir='ltr'><strong>nominis</strong></span> <span class='ocrx_word' id='word_1_951' title='bbox 3432 5674 3576 5737; x_wconf 85' lang='lat' dir='ltr'><strong>vice,</strong></span> <span class='ocrx_word' id='word_1_952' title='bbox 3618 5693 3688 5733; x_wconf 79' lang='lat' dir='ltr'><strong>ne</strong></span> 
     </span>
    </p>
   </div>
  </div>
