4266 6216
628 323 728 380 871

1467 315 1528 370 3.
1578 314 1641 368 ι’.
1681 310 1903 366 Αιιιιλι
1945 309 2072 364 εει]
2116 304 2395 362 Αιευικι
2434 304 2718 363 OPERUM
2757 305 2935 362 rans
2976 305 3081 362 vu.
3747 307 3856 364 ετ,

626 437 820 507 saepius
842 436 1097 490 itentum
1118 447 1312 486 nomen
1346 427 1620 483 fastidium
1647 427 1810 482 faciat
1837 426 1990 498 [Ἀθη
2040 425 2185 480 faee-
2215 430 2265 486 Α
2292 439 2368 487 ce,
2409 423 2547 478 illice
2566 465 2581 488 ,
2609 425 2750 493 quod
2778 439 2875 492 per
2904 437 3176 493 apocopen
3206 420 3477 490 profertur
3499 422 3637 487 illic.
3669 423 3856 480 ultima

625 521 728 594 ret]
756 519 993 576 audienti
1016 517 1098 573 vel
1127 516 1368 586 legenti‘:
1400 522 1454 567 et
1483 514 1664 567 finitas
1686 511 1877 580 recipit
1902 524 2179 580 personas.

696 608 1127 667 Fu.Pronomini
1183 614 1310 674 quot
1346 605 1596 658 accidunt
1655 599 1806 673 (ML,
1862 597 2186 669 accedunt]?

623 733 698 744 —
721 699 886 755 Saxo.
918 697 1022 752 Sex
1055 715 1069 750 :
1105 696 1339 766 Species,
1369 708 1622 763 persona,
1679 704 1865 761 genus,
1913 702 2184 750 numerus,

626 795 819 866 ﬁgura,
846 805 1023 847 casus.
1764 803 1773 806 ‘

697 884 860 954 280
886 881 984 935 Fa.
1016 878 1234 948 Species
1258 873 1633 947 pronominum
1656 878 1788 940 quot
1814 869 1974 924 sunt?
1997 896 2067 907 —
2096 865 2191 919 Sa-

626 991 713 1029 xo.
742 975 887 1028 Duae.
914 970 1048 1037 Quia
1076 976 1199 1024 sunt
1221 966 1540 1036 pronomina
1555 970 1647 1016 aut
1677 960 1965 1040 privativa,
1985 964 2077 1011 aut
2093 956 2188 1010 de—

629 1064 877 1123 rivativa.
1597 1065 1600 1068 ’

700 1152 796 1206 Fit.
825 1149 1100 1205 Primitiva
1129 1152 1261 1217 quot
1288 1144 1446 1198 sunt?
1471 1172 1537 1182 -—
1567 1142 1734 1196 Suo.
1756 1139 1910 1194 Octo.
1945 1138 2074 1208 Ego,
2109 1148 2187 1202 tu,

625 1245 731 1305 sui,
758 1242 865 1306 ille,
893 1243 1022 1311 ipse,
1047 1241 1165 1302 istc,
1203 1238 1309 1299 hic,
1337 1237 1401 1288 is.
2014 1293 2019 1298 ,

696 1333 793 1388 Fn.
813 1331 1111 1386 Derivativa
1130 1334 1261 1396 quot
1285 1324 1447 1380 sunt?
1471 1352 1538 1363 —
1556 1320 1722 1374 Suo.
1750 1318 1984 1388 Septem.
2020 1317 2187 1380 Meus,

625 1429 768 1484 tuus,
793 1437 940 1482 suus,
972 1425 1360 1479 noster,uester,
1377 1422 1597 1473 nostras,
1624 1419 1838 1462 vestras.

696 1510 774 1564 Fn
828 1509 978 1564 Unde
1005 1491 1128 1561 hch
1166 1500 1522 1577 [pronomina]
1546 1497 1890 1554 derivantur?
1913 1527 1983 1536 —
2019 1495 2186 1550 Saxo.

629 1599 673 1653 A
696 1587 945 1669 genitivis
972 1595 1386 1665 primitivorum.
1417 1593 1459 1644 Α
1488 1591 1586 1643 mei
1615 1603 1785 1650 meus,
1811 1602 1842 1640 a
1886 1587 1963 1639 tui
2017 1586 2142 1639 tu'us
2175 1603 2187 1636 :

629 1705 660 1742 a
683 1689 764 1743 sui
784 1703 911 1742 suus
941 1704 953 1738 :
983 1701 1014 1739 a
1047 1695 1276 1738 nostrum
1301 1689 1485 1736 noster
1511 1688 1564 1734 et
1589 1689 1800 1733 nostras
1833 1696 1846 1730 :
1880 1693 1910 1730 a
1960 1686 2187 1730 oestrum

2292 514 2544 586 [syllaba]
2573 514 2936 571 circumflexa.

2849 625 2938 681 DE
2982 624 3284 680 NUMERO.

2355 740 2455 794 Fa.
2486 740 2705 796 Numeri
2728 743 3105 814 pronominum
3136 754 3266 813 quot
3289 743 3704 801 sonu—Suo.
3717 746 3853 802 Duo.

2289 829 2612 900 Singularis,
2636 840 2696 886 ut
2726 834 2837 886 istc.
2871 832 3120 898 Pluralis,
3152 840 3212 888 ut
3235 835 3340 888 isti.

2360 921 2496 976 Sunt
2514 933 2569 978 et
2593 939 2816 978 numero
2843 925 3166 987 communia,
3198 934 3254 978 ut
3287 927 3393 990 sui,
3423 925 3541 992 sibi,
3587 944 3661 989 se,
3695 945 3728 981 ιι
3777 943 3858 996 ω,

2288 1025 2406 1078 qua:
2429 1013 2756 1069 nominativo
2785 1023 2991 1076 carent,
3021 1015 3143 1083 quia
3174 1016 3220 1070 si
3248 1023 3390 1071 esset
3413 1016 3471 1070 lii
3497 1016 3576 1070 vel
3611 1019 3657 1071 si
3681 1017 3856 1074 nomi-

2289 1101 2523 1166 nativus,
2548 1101 2935 1156 dubitationem
2960 1101 3173 1158 fecisset
3201 1105 3343 1159 inter
3367 1106 3420 1158 hi
3467 1105 3609 1160 aliud
3659 1121 3857 1176 prono-

2293 1205 2434 1252 men,
2457 1195 2523 1244 ἐι
2548 1191 2594 1242 si
2628 1188 3054 1257 conjunctionem
3074 1204 3118 1246 ε.
3164 1193 3257 1247 Vel
3306 1196 3432 1264 quia
3484 1197 3731 1251 transitio
3771 1198 3857 1254 vel

2291 1280 2647 1350 reciprocatio
2683 1296 2926 1350 personae
2974 1283 3029 1336 in
3085 1287 3298 1342 nomine
3351 1303 3456 1343 non
3498 1297 3677 1358 potest
3711 1303 3855 1357 esse,

2289 1371 2429 1439 quod
2459 1358 2542 1423 sui
2561 1384 2772 1439 semper
2795 1372 2954 1426 habet
2979 1391 2992 1426 :
3031 1374 3422 1452 Reeiprocatio,
3449 1385 3526 1442 ut,
3559 1379 3643 1433 sui
3674 1380 3860 1435 ιιιεωὶ-

2292 1464 2386 1516 uit.
2427 1463 2716 1529 Trausitio,
2745 1473 2824 1529 ut,
2855 1481 2949 1518 suo
2975 1481 3117 1520 servo
3147 1466 3395 1540 loquitur.
3605 1475 3608 1478 ’

2853 1591 2939 1649 DE
2987 1595 3291 1654 CASIBUS.

2315 1742 2318 1745 -
2363 1702 2463 1782 Fac.
2490 1704 2659 1759 Casus
2695 1707 3068 1775 pronominum
3115 1709 3312 1779 profer.
3365 1741 3434 1751 ——
3464 1709 3628 1768 Suo.
3687 1713 3859 1769 Casus

629 1792 808 1835 vester
831 1787 886 1832 et
905 1785 1129 1832 vestras.
1164 1774 1286 1828 Haec
1322 1779 1446 1826 sunt
1502 1769 1809 1838 quindecim
1861 1766 2181 1836 pronomina
2215 1771 2258 1831 Β
2283 1769 2658 1862 Ρωηὸωίηωη
2679 1805 2803 1851 sum
2829 1805 2887 1851 ut
2909 1798 3206 1864 nominum,
3228 1801 3330 1856 nisi
3368 1801 3509 1871 (mod
3534 1804 3706 1872 prima
3739 1820 3860 1873 νει..

632 1869 686 1922 in
707 1870 900 1936 quibus
935 1866 1078 1920 nulla
1107 1862 1369 1919 dubitatio
1388 1862 1490 1915 est.

701 1959 798 2012 Fn.
832 1957 1076 2012 Persona:
1121 1956 1493 2023 pronominum
1544 1961 1675 2019 quot
1720 1950 1877 2003 sunt?
1922 1979 1990 1988 —-
2022 1948 2210 2024 Suo.‘

633 2051 783 2105 Tres.
817 2050 919 2104 Sel
949 2040 1120 2118 prima
1148 2061 1371 2115 persona
1401 2053 1454 2097 et
1481 2042 1709 2097 secunda
1738 2042 1978 2112 singulas
1995 2042 2193 2095 habent
2229 2059 2234 2062 -

632 2156 809 2202 voces,
839 2140 963 2207 quia
990 2146 1284 2205 praesentes
1308 2147 1516 2205 semper
1541 2141 1667 2214 sunt
1690 2133 1830 2185 inter
1849 2146 1929 2194 se,
1955 2139 2014 2183 ut
2044 2147 2055 2181 :
2079 2122 2194 2198 ego;

563 2240 568 2244 '
633 2240 710 2283 tu.
738 2229 918 2283 Tertia
945 2241 1074 2279 vero
1103 2239 1197 2280 sex
1222 2225 1380 2278 habet
1406 2237 1584 2285 voces,
1613 2221 1736 2290 quia
1757 2222 2038 2287 tertiarum
2073 2235 2194 2290 per—

638 2334 891 2375 sonarum
932 2317 1175 2386 plurima:
1214 2305 1336 2368 sunt
1391 2314 1750 2377 diversitates,
1806 2321 1886 2376 ut,
1939 2313 2042 2374 sui,
2079 2312 2188 2374 ille,

632 2412 760 2480 ipse,
785 2407 1020 2470 istc,hic,
1037 2408 1099 2458 is.
1119 2406 1183 2458 Et
1213 2405 1368 2458 tertia
1398 2418 1623 2472 persona
1654 2404 1809 2457 modo
1827 2417 2066 2470 praesens
2089 2410 2192 2465 est,

635 2509 696 2554 ut
738 2503 832 2554 iste
859 2515 875 2552 :
901 2498 1056 2552 modo
1084 2499 1296 2560 absens,
1327 2506 1387 2548 ut
1410 2495 1515 2547 ille.

917 2634 1004 2687 DE
1039 2630 1419 2688 GENBRlBUS
1446 2628 1910 2685 PRONOMINUM.

707 2724 746 2778 F
752 2741 804 2777 ιι.
828 2722 1032 2776 Genera
1061 2722 1432 2792 pronominum
1458 2728 1588 2788 quot
1611 2721 1835 2772 sunt?—
1851 2719 2012 2776 Saxo.
2029 2721 2193 2786 Quin-

636 2834 760 2886 que.
811 2816 1178 2877 Masculinum.
1238 2822 1318 2875 ut,
1363 2813 1478 2875 hic;
1533 2811 1867 2878 femininum,
1912 2820 1986 2873 ut,
2041 2812 2192 2873 haec;

639 2917 903 2970 neutrum,
927 2913 1004 2970 ut,
1034 2907 1164 2969 hoc;
1195 2919 1492 2965 commune,
1548 2911 1625 2968 ut,
1683 2914 1907 2965 nostras,
1963 2912 2191 2966 vestras;

643 3000 805 3054 trium
834 3011 1108 3067 generum,
1150 3002 1208 3049 ut
1227 3012 1338 3064 ego,
1363 3004 1436 3047 tu.
1469 2994 1532 3048 Et
1556 2993 1735 3048 omnia
1765 2994 2078 3062 pronomina
2102 3009 2193 3047 ne-

639 3103 790 3144 cesse
810 3097 891 3140 est
914 3087 1013 3139 tria
1042 3100 1234 3154 genera
1263 3085 1480 3147 habere,
1509 3085 1590 3138 vel
1620 3085 1671 3136 in
1716 3098 1818 3136 una
1845 3099 1974 3138 voce
2003 3083 2190 3142 confu-

2292 1901 2422 1940 soaa
2451 1896 2505 1941 et
2532 1890 2690 1942 tertia
2717 1890 2835 1957 plus
2871 1891 3109 1962 quinque
3135 1893 3352 1948 casibus
3373 1896 3574 1951 habere
3599 1913 3705 1952 non
3731 1912 3858 1966 poe-

2292 1982 2436 2039 sunt,
2465 1977 2588 2044 quia
2614 1979 2895 2034 vocativus
2923 1981 2976 2032 in
3001 1981 3078 2034 eis
3105 1981 3220 2036 ﬁeri
3249 1999 3354 2037 non
3380 1992 3584 2052 potest,
3616 1985 3708 2054 qui
3731 2001 3858 2056 pro-

2291 2067 2442 2133 prius
2467 2075 2552 2121 est
2582 2071 2829 2124 secundae
2852 2085 3114 2139 personae,
3142 2073 3298 2144 281
3319 2084 3542 2144 excepto
3571 2094 3713 2131 meus
3734 2093 3857 2148 pos-

2294 2160 2550 2214 sessivum
2581 2161 2731 2233 [Ms.,
2750 2164 3092 2237 possessivo],
3123 2169 3264 2235 qu’od
3284 2169 3358 2221 mi
3379 2169 3507 2224 facit
3531 2172 3856 2239 vocativum,

2293 2249 2426 2304 duas
2445 2250 2638 2306 breves
2665 2270 2692 2306 e
2713 2271 2740 2306 e
2777 2253 2831 2306 in
2860 2253 3065 2326 [unam]
3089 2258 3106 2308 i
3143 2256 3355 2326 longam
3393 2259 3672 2326 euphonia:
3694 2275 3857 2316 causa

2295 2349 2631 2394 convertens.
2666 2341 2830 2410 Cujus
2853 2342 3075 2412 pluralis
3101 2360 3312 2415 quoque
3340 2347 3641 2401 vocativum
3663 2347 3855 2405 habet:

2295 2445 2325 2481 ο
2350 2439 2545 2483 noster.

2364 2520 2459 2574 Fu.
2492 2521 2630 2587 Quot
2657 2522 2841 2578 forma:
2883 2526 3122 2581 casuales
3153 2526 3283 2581 ﬁunt
3312 2527 3363 2581 in
3412 2530 3860 2598 pronominibus?

2293 2642 2364 2653 —
2392 2612 2554 2666 Saxo.
2599 2614 2735 2667 Sunt
2760 2617 3074 2683 pronomina
3120 2627 3446 2686 monoptota,
3476 2629 3533 2674 ut
3562 2638 3758 2687 eccum,
3784 2622 3861 2676 el-

2297 2699 2428 2765 lum,
2480 2717 2700 2767 mecum,
2751 2714 2935 2758 tecum.
2969 2706 3084 2759 Alia
3110 2708 3350 2776 triptota,
3375 2719 3428 2762 ut
3461 2712 3563 2773 sui,
3603 2712 3731 2774 sibi,
3779 2730 3854 2778 ετ,

2296 2805 2487 2856 meum,
2516 2802 2682 2856 tuum,
2711 2811 2862 2846 suum
2892 2793 3077 2866 [Edit.,
3108 2813 3306 2850 mecum
3328 2839 3341 2860 ,
3387 2809 3554 2852 tecum
3573 2841 3587 2861 ,
3632 2802 3851 2873 secum].

2293 2879 2408 2941 Alia
2427 2891 2736 2951 tetraptota,
2751 2893 2888 2946 tuus.
2907 2902 3054 2946 suus.
3077 2886 3226 2948 illud,
3250 2889 3410 2941 istud.
3426 2888 3541 2942 Alia
3567 2899 3850 2959 pentapto-
3886 2896 3889 2897 ⁷

2297 2980 2348 3024 ta
2368 3013 2382 3032 ,
2422 2973 2530 3036 ille,
2565 2975 2691 3043 ipse,
2725 2975 2837 3028 istc.
2870 2975 3001 3030 Nam
3034 2979 3330 3046 sextaptota
3358 2994 3462 3034 non
3504 2980 3851 3035 inveniuntur

2296 3066 2634 3134 pronomina.

641 3193 716 3239 sa,
748 3185 824 3239 ut,
853 3192 965 3246 ego,
1027 3132 1117 3238 εἴη
1165 3174 1244 3227 vel
1290 3174 1342 3227 in
1388 3174 1613 3227 diversis
1656 3174 1900 3231 distincta
1939 3174 2194 3232 termina-
2220 3132 2270 3196 Ο
2366 3151 2463 3205 Fa'
2512 3153 2644 3207 Dum
2693 3158 3006 3224 Pronomina
3053 3173 3208 3212 Casus
3251 3158 3450 3214 habent
3487 3168 3543 3234 ξε
3579 3175 3853 3227 "umeros,

641 3267 891 3330 tionibus,
923 3275 980 3318 ut
1002 3282 1164 3330 meus,
1185 3281 1320 3328 mea,
1347 3280 1534 3317 meum.
1567 3264 1698 3328 Quia
1736 3278 1831 3332 pro
1859 3263 2192 3332 uniuscujus-

640 3370 747 3427 que
779 3357 853 3411 rei
869 3356 1095 3423 propriis
1124 3357 1457 3423 accipiuntur
1487 3353 2186 3427 nominibus[pronomina].

1219 3487 1304 3540 DE
1346 3487 1633 3548 FIGURIS.

714 3579 808 3631 Fit.
853 3578 1101 3646 Figuram
1145 3579 1517 3647 pronominum
1571 3579 1675 3631 dic.
1727 3608 1796 3618 —-
1859 3577 2023 3634 Sno.
2058 3578 2196 3633 Sunt

646 3671 957 3741 pronomina
988 3669 1270 3737 simplicia,
1301 3679 1359 3722 ut
1387 3671 1502 3734 iste,
1556 3672 1656 3722 hic.
1705 3670 1840 3724 Sunt
1866 3671 2154 3737 composita
2178 3711 2192 3733 ,

644 3768 706 3814 ιιι
732 3761 869 3821 istic,
897 3760 1036 3825 quod
1058 3773 1122 3811 ex
1153 3759 1246 3811 iste
1265 3768 1318 3812 et
1347 3760 1428 3811 hic
1455 3762 1806 3829 componitur.
1868 3760 2013 3814 Idem
2051 3777 2197 3815 com-

644 3853 860 3923 ponitur
889 3863 956 3902 ex
987 3852 1029 3902 is
1064 3851 1375 3917 pronomine
1408 3859 1462 3902 et
1513 3851 1716 3903 demum
1772 3856 2084 3919 proverbio;
2143 3865 2196 3908 et

643 3948 729 3993 est
753 3939 973 3992 numero
1003 3952 1303 4002 commune,
1335 3946 1393 3991 ut
1421 3938 1557 3992 idem
1599 3941 1677 3992 vir
1720 3949 1774 3995 et
1795 3942 1930 3994 idem
1955 3944 2048 3994 viri
2074 3959 2091 3996 :
2142 3945 2195 3996 in

644 4026 979 4082 maseulinoi
1001 4027 1277 4096 producta,
1333 4027 1384 4080 in
1407 4029 1902 4099 neutroieorrepta
1940 4049 1950 4082 :
1987 4040 2039 4084 et
2083 4030 2198 4098 ejus

645 4115 955 4170 femininum
982 4117 1178 4170 eadem.
1227 4116 1540 4172 Geminatur
1577 4133 1786 4186 quoque
1817 4122 1932 4190 ejus
1983 4137 2198 4191 compo—

647 4209 768 4262 sitio
784 4207 836 4261 in
855 4217 1064 4270 neutro,
1089 4210 1354 4270 etdicitur
1376 4211 1512 4262 idem
1536 4210 1670 4263 idem
1699 4210 1846 4282 [Ms.,
1870 4213 2194 4284 identidem],

649 4293 704 4348 id
735 4305 837 4360 est,
863 4297 1001 4350 idem
1028 4306 1080 4350 et
1111 4297 1269 4351 idem.

718 4383 1114 4454 Componuntur
1137 4388 1448 4454 pronomina
1479 4390 1896 4454 cumadverbiis,
1923 4399 1980 4444 ut
1998 4408 2191 4456 eccum,

650 4474 706 4531 id
730 4484 831 4538 est,
857 4492 978 4530 ecce
999 4480 1148 4531 eum!
1178 4477 1352 4542 cllum,
1381 4495 1504 4534 ecce
1530 4481 1695 4541 illum.
1735 4483 1946 4537 Etcum
1991 4498 2194 4552 rumpo-
2227 4462 2274 4521 D

649 4564 861 4629 sitione‘,
878 4568 967 4620 sed
981 4581 1077 4634 per
1089 4569 1462 4636 anastropben,
1477 4578 1537 4622 ut
1558 4586 1774 4634 mecum,
1792 4583 1977 4637 tecum,
1992 4588 2193 4636 secum;

649 4665 841 4710 etcum
870 4659 1103 4720 nomine,
1142 4667 1198 4709 ut
1221 4657 1537 4726 hujusmodi,
1570 4661 1880 4736 istiusmodi.

719 4745 816 4800 Fu.
857 4746 1005 4803 Unde
1034 4756 1115 4800 est
1142 4747 1225 4802 illa
1255 4749 1570 4816 compositio
1595 4767 1608 4802 :
1631 4761 1824 4820 egomet
1844 4760 1897 4805 ct
1943 4752 2197 4821 hujusce?

651 4865 721 4876 —-
747 4837 910 4896 Suo.
940 4839 1055 4894 Non
1083 4851 1166 4894 est
1195 4843 1529 4910 compositio,
1564 4846 1654 4898 sed
1685 4861 1962 4915 paragOge,
1990 4848 2041 4901 id
2091 4856 2190 4912 est,

657 4925 880 4992 adiectio
908 4928 1142 4997 syllabae.
1175 4929 1240 4982 Et
1274 4938 1632 4998 suntqnatuor
1666 4933 1922 4998 ejusmodi
1941 4935 2195 5002 adiectio-

656 5032 771 5081 nes,
798 5026 917 5081 met,
942 5035 1017 5081 ce,
1059 5029 1124 5082 te,
1149 5031 1253 5089 pte,
1280 5027 1360 5084 ut,
1388 5033 1602 5089 egomet,
1627 5031 1750 5087 tute,
1775 5034 1990 5093 meapte,
2020 5026 2200 5095 hujus-

724 5159 751 5188 ι
777 5146 1045 5222 Cod._ms_.
1091 5145 1146 5199 S.
1175 5149 1492 5222 Emmerami
1544 5151 1632 5214 hic
1682 5153 1752 5205 ita
1789 5155 1979 5222 pergit,
2013 5164 2067 5208 et
2086 5155 2202 5210 ﬁnit

661 5215 804 5292 hunc
837 5216 1116 5292 articulum
1147 5231 1159 5267 :
1194 5235 1210 5265 ι
1241 5218 1383 5292 ideo,
1414 5222 1536 5288 quia
1562 5223 1768 5289 quoties
1792 5215 2199 5292 hoe'pronomen

660 5286 890 5364 ponitur,
915 5287 1145 5364 ostendit
1169 5286 1374 5364 tertiam
1716 5293 1792 5345 vel
1828 5286 1992 5361 ipsum
2042 5310 2199 5364 agere

660 5354 815 5408 simul
851 5365 904 5408 ct
931 5357 1038 5422 pati
1063 5371 1091 5407 a
1124 5370 1199 5418 se,
1229 5363 1284 5407 ut
1309 5373 1322 5406 :
1349 5354 1548 5424 poenitet
1581 5359 1726 5414 illum
1752 5354 2196 5424 διιὶξίηυὶάειῖὶὺὶ.

664 5432 868 5499 accusat
907 5439 978 5475 se.
1011 5424 1102 5476 Vel
1131 5433 1184 5479 et
1222 5425 1386 5499 ipsam
1412 5441 1566 5492 agere
1586 5437 1638 5499 et
1661 5431 1817 5483 aliam
1864 5435 2200 5488 extrinsecus

663 5496 717 5542 in
745 5507 885 5569 eam,
915 5499 971 5543 ut
1001 5509 1012 5541 :
1044 5503 1183 5561 rogat
1210 5505 1264 5546 ut
1292 5496 1370 5548 sui
1411 5511 1568 5548 causa
1606 5498 1803 5569 faciat;
1854 5504 1975 5569 petit
2006 5513 2060 5554 ut
2103 5506 2201 5556 sibi

663 5561 910 5632 concedas
940 5577 957 5624 ;
989 5571 1226 5632 precatur
1261 5574 1315 5618 ut
1353 5581 1406 5618 te
1436 5561 1715 5620 custodias.
1762 5561 1910 5632 Quod
1953 5587 2073 5625 cum
2123 5574 2195 5629 ﬁt.

666 5625 720 5679 id
745 5636 845 5690 est,
870 5625 1079 5698 quando
1103 5633 1286 5684 eadem
1308 5648 1531 5700 persona
1556 5645 1611 5691 et
1637 5637 1743 5707 agit
1774 5625 1820 5689 Et
1859 5642 2075 5704 patitur,
2118 5625 2198 5695 vel

2292 3258 2511 3300 necesse
2531 3255 2613 3301 est
2641 3263 2733 3302 eos
2771 3249 2968 3304 habere
2993 3259 3048 3323 et
3075 3251 3480 3315 declinationes,
3513 3267 3740 3320 quarum
3768 3266 3853 3309 re-

2293 3333 2443 3404 gulas
2491 3343 2551 3388 ut
2595 3328 2860 3391 edis-seras
2910 3337 3105 3408 ﬂagito.
3143 3371 3210 3380 —-
3241 3340 3404 3395 Saxo.
3471 3342 3748 3412 Improbus
3793 3357 3853 3398 es

2293 3433 2582 3479 scrutator.

2361 3514 2459 3568 Fn.
2507 3515 2643 3581 Quin
2695 3516 2847 3587 [Ms.,
2896 3518 3053 3590 Quia]
3108 3528 3162 3572 tu
3204 3527 3360 3574 tenax
3409 3535 3467 3574 es
3517 3519 3854 3590 largitor.—

2295 3605 2454 3658 Suo.
2475 3604 2710 3670 Quatuor
2721 3615 2845 3659 sunt
2861 3609 3240 3663 declinationes
3264 3611 3655 3678 pronominum.
3673 3609 3854 3664 Prima

2293 3702 2374 3747 est
2400 3708 2518 3762 qum
2566 3695 2618 3747 in
2658 3695 2828 3749 tribus
2867 3696 3258 3765 primitivorum
3308 3699 3550 3766 personis
3592 3699 3852 3763 cernitur,

2293 3785 2442 3852 cujus
2476 3784 2741 3853 genitivus
2783 3771 2846 3838 et
2864 3786 3068 3840 dativus
3092 3787 3142 3840 in
3174 3788 3219 3852 i,
3242 3789 3581 3842 accusativus
3609 3797 3664 3842 et
3700 3787 3847 3842 abla-

2294 3876 2435 3928 tivus
2463 3875 2515 3928 in
2541 3891 2568 3927 c
2611 3874 2946 3942 productam,
2971 3885 3048 3938 ut,
3087 3892 3196 3946 ego,
3225 3879 3348 3941 mei,
3377 3879 3524 3943 mihi,
3561 3894 3658 3941 me,
3689 3895 3722 3931 a
3751 3893 3855 3932 me.
3879 3920 3886 3928 .

2298 3961 2397 4026 Tu,
2428 3962 2522 4026 tui,
2554 3962 2662 4024 tibi,
2705 3972 2770 4023 te,
2813 3981 2844 4014 a
2893 3954 2959 4016 te.
3006 3962 3116 4027 Sui,
3148 3965 3259 4028 sibi,
3292 3983 3376 4029 se,
3406 3984 3438 4019 a
3464 3983 3536 4020 se.
3567 3966 3762 4024 Prima:
3800 3981 3855 4026 et

2293 4052 2537 4107 secundm
2564 4067 2804 4122 persona:
2832 4052 3088 4122 plurales,
3137 4056 3519 4114 nominativum
3551 4067 3603 4112 et
3627 4073 3852 4116 accusa-

2297 4141 2460 4194 tivum
2491 4141 2543 4194 in
2567 4158 2653 4205 as;
2684 4143 2974 4211 genitivum
3021 4144 3073 4197 in
3103 4161 3188 4197 um
3225 4145 3308 4199 vel
3336 4147 3388 4200 in
3428 4149 3480 4210 i;
3517 4147 3756 4203 dativum
3799 4159 3852 4205 et

2294 4231 2580 4285 ablativum
2625 4232 2678 4284 in
2712 4234 2792 4296 is;
2828 4241 2887 4285 ut
2918 4250 3030 4298 nos,
3057 4245 3304 4301 nostrum
3336 4238 3416 4290 vel
3464 4241 3654 4304 nostri,
3685 4241 3850 4305 nobis,

2295 4336 2407 4381 nos,
2431 4337 2462 4371 a
2509 4310 2963 4381 nobisX-Similiter
3002 4331 3055 4377 et
3088 4342 3196 4378 vos.
3250 4327 3427 4381 Tertia
3481 4344 3704 4395 persona
3742 4345 3852 4384 non

2297 4407 2453 4461 habet
2481 4409 2888 4476 nominativum,
2909 4421 2963 4465 et
2990 4427 3086 4481 per
3111 4422 3332 4469 cancros
3359 4431 3514 4472 casus
3550 4417 3849 4476 communis

2297 4503 2380 4550 est
2415 4497 2643 4561 numeri,
2678 4498 2730 4555 it!
2757 4507 2839 4552 est
2869 4503 2969 4552 sui.

2368 4586 2464 4639 Fa.
2520 4587 2669 4642 Unde
2712 4603 2951 4657 persona:
3005 4592 3370 4664 intelliguntur
3427 4596 3842 4666 pronominum?

2297 4702 2368 4713 ——
2393 4673 2553 4729 Suo.
2586 4676 2642 4729 In
2688 4679 2875 4746 primis
2926 4681 3186 4750 syllabis:
3217 4684 3269 4742 in
3307 4689 3561 4745 extremis
3595 4706 3752 4746 casus
3795 4705 3849 4747 et

2299 4768 2524 4820 numeri.
2574 4768 2816 4824 Secunda
2863 4773 3145 4830 declinatio
3175 4787 3254 4830 est
3286 4779 3338 4831 in
3372 4780 3590 4848 reliquis
3617 4784 3850 4851 quinque

2297 4861 2600 4928 primitivis,
2633 4878 2856 4932 quorum
2903 4867 3164 4934 genitivus
3212 4869 3265 4921 in
3304 4870 3417 4933 ius,
3462 4871 3670 4928 dativus
3699 4873 3750 4927 in
3793 4876 3847 4941 i,

2299 4951 2493 5004 desinit
2516 4963 2612 5019 per
2651 4955 2752 5006 tria
2778 4968 2968 5022 genera
3006 4974 3018 5006 :
3065 4965 3256 5024 prater
3284 4945 3402 5011 huic
3446 4959 3637 5025 solum,
3665 4979 3733 5017 ne
3759 4965 3849 5018 hui

2289 5039 2598 5108 jnterjeetio
2639 5049 2872 5110 putetur.
2901 5042 3248 5103 Accusativus
3289 5057 3465 5102 autem
3495 5055 3548 5102 et
3587 5049 3851 5131 ablativus

2301 5183 2331 5222 a
2367 5184 2424 5246 se
2453 5169 2536 5246 vel
2566 5169 2632 5246 ab
2661 5171 2762 5246 alia
2796 5189 2900 5246 non
2928 5174 3126 5244 indiget
3160 5178 3484 5234 nominativo
3511 5196 3656 5246 casn,
3680 5185 3850 5238 sedeo

2303 5239 2388 5289 cui
2416 5238 2713 5314 soletj‘ungi
2743 5243 2960 5314 verbum
2990 5238 3128 5311 quod
3172 5256 3345 5300 actum
3397 5238 3749 5314 demonstrat,
3795 5253 3848 5306 id

2303 5315 2402 5368 est,
2436 5309 2686 5382 genitivo,
2722 5311 2799 5382 vel
2832 5309 3029 5382 dativo,
3061 5315 3141 5366 vel
3172 5319 3494 5382 accusativo,
3528 5320 3610 5371 vel
3650 5309 3844 5376 ablati-

2301 5390 2384 5453 _vo,
2416 5391 2550 5442 quos
2578 5386 2630 5453 et
2654 5379 2814 5431 habet
2842 5381 3277 5453 hocpronomen.
3313 5379 3489 5453 Ipsum
3534 5389 3675 5442 enim
3731 5405 3846 5448 vcr-

2300 5442 2424 5516 bum
2457 5448 2919 5516 agentispersona:
2953 5442 3005 5506 iit
3036 5468 3092 5505 se
3138 5442 3515 5508 nominativum
3564 5459 3742 5513 habet.
3771 5442 3845 5516 ἐἰ

2301 5461 2424 5495 num
2457 5461 2919 5567 afenuslfersonaz
2953 5466 3005 5506 In
3036 5468 3092 5505 se
3138 5461 3515 5508 nominativum
3564 5461 3742 5513 habet.
3788 5461 3845 5516 Si

2301 5513 2440 5564 enim
2508 5530 2588 5567 reo
2617 5534 2626 5566 :
2699 5532 2726 5567 ο
2761 5528 2814 5570 at
2847 5528 2893 5571 te
2917 5529 2972 5570 ut
2997 5515 3065 5573 ad
3092 5538 3145 5575 se
3171 5526 3362 5583 venias,
3379 5525 3493 5577 sine
3511 5525 3671 5582 dubio
3697 5529 3848 5583 intel-

2302 5579 2420 5637 lictis
2442 5581 2495 5634 in
2519 5599 2581 5635 eo
2612 5533 2760 5637 uuog
2781 5587 2886 5637 dixi
2907 5627 2920 5637 .
2974 5601 3139 5637 radat.
3199 5592 3355 5637 simul
3381 5603 3434 5637 ot
3480 5595 3581 5637 illa.
3637 5599 3726 5637 nni
3763 5604 3847 5637 nat

2302 5579 2495 5666 ligisin
2519 5599 2581 5666 eo
2612 5579 2752 5652 quod
2781 5587 2920 5650 dixi,
2974 5601 3139 5659 regat,
3199 5579 3434 5646 simulet
3480 5579 3850 5666 illm—quiest

2302 5660 2677 5706 nominativus.
2719 5673 2735 5704 ι
