4266 6192
378 311 479 365 8⁸13

1468 296 1927 353 DiDASCALICA.
1964 324 2033 332 ——-
2074 292 2548 350 GRAMMATICA.

3495 291 3599 347 874

378 419 684 491 singularis,
711 427 765 473 et
795 402 1165 473 omnes'casus
1194 415 1427 486 plurales
1460 418 1514 469 in
1556 413 1857 469 masculino
1883 418 1939 465 ct
1966 409 2016 470 Α
2044 407 2419 476 inquisitiones
2464 408 2630 462 Verbi.
2684 406 2761 460 Tu
2815 415 2867 461 te
2914 408 2980 460 ad
3025 407 3395 477 responsiones
3444 423 3592 477 ρπβ·
3644 464 3647 467 η

334 542 339 549 ~
378 518 569 565 neutro
605 508 850 563 secundat
882 507 1274 572 declinationis,
1314 507 1586 559 nominum
1614 502 1940 559 terminatio-

380 612 476 652 nes
519 604 731 662 servat;
772 598 825 650 in
862 594 1117 651 feminino
1154 594 1326 666 [vero]
1363 595 1570 663 primm.
1603 593 1672 648 Ut
1710 591 1818 654 ille,
1868 590 1934 643 il-

379 685 503 750 lius,
526 685 628 751 illi,
662 685 831 749 illum,
854 688 919 739 ab
946 685 1058 739 illo.
1089 685 1158 740 Et
1197 684 1478 753 pluraliter
1509 702 1521 735 :
1558 682 1670 745 Illi,
1705 681 1936 743 illorum,

379 779 505 846 illis,
529 779 665 845 illos,
690 779 754 833 ab
775 778 915 835 ius...
931 778 1061 846 Illa,
1100 780 1261 846 illius,
1284 781 1386 846 am,
1412 780 1578 843 illam,
1606 780 1669 833 ab
1691 778 1803 832 illa.
1849 778 1939 849 [Ει

378 869 679 941 pluraliter]
712 868 846 933 ιιιω,
873 868 1108 935 illarum,
1152 870 1278 933 illis,
1306 870 1450 935 illas,
1497 869 1561 922 ab
1610 869 1737 922 illis.
1772 867 1935 931 Illud,

378 957 545 1023 illius,
575 958 673 1024 illi,
704 958 855 1023 illud,
878 959 943 1012 ab
973 958 1086 1013 illo.
1118 957 1207 1031 [Et
1231 956 1530 1029 pluraliter]
1554 956 1681 1021 Illa,
1702 956 1937 1022 illorum,

378 1048 504 1113 illis,
536 1048 649 1113 illa,
675 1050 740 1102 ab
778 1048 904 1104 illis.
948 1048 1039 1104 Sic
1070 1057 1126 1104 et
1155 1049 1354 1117 reliqua
1393 1058 1621 1117 quatucr
1666 1046 1936 1101 declinan-

382 1147 504 1203 tur;
546 1139 648 1193 nisi
688 1140 771 1191 ltic
828 1148 882 1192 et
916 1139 1026 1192 lure
1074 1148 1128 1193 et
1180 1140 1298 1203 hoc,
1333 1137 1519 1210 [quod]
1561 1154 1588 1190 c
1617 1152 1714 1207 per
1752 1150 1939 1190 omnes

378 1232 674 1302 singulares
690 1247 849 1287 casus
874 1231 1119 1297 assumit,
1147 1238 1343 1301 praeter
1364 1229 1675 1299 genitivum.

452 1340 630 1395 Tertia
656 1342 942 1396 declinatio
959 1348 1043 1396 est
1070 1341 1443 1411 pronominum
1490 1340 1541 1394 in
1582 1340 1816 1410 quinque
1849 1340 1943 1394 de-

382 1431 652 1497 rivativis,
702 1447 821 1501 quae
869 1431 1163 1486 secundum
1221 1430 1461 1500 regulam
1502 1431 1780 1485 nominum
1820 1445 1934 1484 mo-

376 1516 569 1572 bilium
611 1519 665 1573 in
702 1527 928 1589 utroque
957 1533 1182 1574 numero
1210 1519 1547 1575 declinantur
1583 1537 1595 1573 :
1629 1520 1683 1573 in
1724 1533 1939 1573 mascu-

380 1608 492 1663 lino
505 1615 561 1662 et
572 1616 764 1662 neutro
790 1610 1103 1675 secundam,
1118 1609 1171 1676 in
1188 1607 1445 1665 feminino
1459 1609 1686 1678 primam
1711 1598 1941 1678 sequens

380 1700 813 1754 declinationem.
857 1699 925 1753 Et
960 1706 1086 1753 sunt
1126 1699 1241 1754 hinc
1282 1716 1295 1752 :
1345 1714 1510 1764 meus,
1558 1708 1712 1763 tuus,
1767 1714 1933 1765 suus,

383 1797 569 1851 noster,
601 1786 781 1841 vestEr.

451 1878 649 1944 Quarta
676 1877 959 1934 declinatio
985 1886 1067 1934 est
1099 1879 1463 1935 communium
1503 1896 1516 1932 :
1560 1887 1616 1933 et
1660 1878 1934 1934 declinan-

380 1976 472 2021 tur
498 1969 636 2022 sicut
664 1970 718 2024 in
760 1969 971 2027 duobus
1000 1968 1243 2039 reliquis,
1282 1983 1401 2038 qua:
1444 1977 1740 2038 sequuntur
1767 1969 1937 2024 tertia:

383 2050 754 2112 declinationis
794 2058 1031 2111 nomina.
1074 2057 1163 2121 Ut,
1187 2058 1273 2110 hic
1310 2065 1367 2111 at
1398 2056 1509 2111 licet:
1559 2066 1795 2123 nostras,
1854 2074 1936 2111 ve—

378 2156 515 2199 stras
545 2160 563 2197 :
604 2154 658 2199 et
686 2146 783 2199 hoc
822 2158 1080 2211 nostrate,
1124 2155 1371 2213 oestron;
1418 2147 1694 2211 aostratis,
1746 2155 1938 2200 vestra-

382 2235 449 2288 tis
478 2248 524 2288 ι.
1781 2280 1787 2286 .

454 2323 595 2394 [(Ex
647 2327 771 2397 ms.)
799 2325 913 2380 ἢ(
930 2325 1108 2393 Quare
1141 2341 1252 2382 non
1299 2326 1636 2385 declinantur
1663 2330 1779 2381 hinc
1813 2341 1939 2395 pro-

380 2405 596 2468 nomiu'a
635 2430 650 2467 :
690 2414 904 2480 Eccam,
959 2432 1132 2469 eccam
1163 2429 1182 2466 :
1227 2414 1405 2480 ellum,
1450 2415 1650 2470 ellum?
1674 2445 1745 2456 --
1771 2415 1933 2471 Saxo.

381 2501 513 2568 Quia
534 2517 598 2559 ex
623 2503 842 2574 obliquo
864 2513 920 2558 et
938 2503 1295 2560 indeclinabili
1319 2512 1469 2575 parte
1494 2504 1935 2578 componuntur.]

382 2592 519 2647 Ecce
541 2592 707 2648 habes
730 2608 849 2662 qua:
871 2593 922 2646 vi
941 2593 1237 2648 extorsisti.

450 2703 549 2757 Fs.
593 2703 779 2759 Helius
816 2713 900 2761 est
934 2706 987 2759 vi
1014 2712 1352 2776 extorquere,
1389 2722 1551 2776 quam
1577 2721 1687 2761 non
1716 2706 1936 2763 habere.

383 2792 479 2847 Dic
507 2800 685 2847 tamen
711 2793 777 2847 de
796 2810 827 2846 ο
847 2834 863 2859 ,
889 2794 982 2865 qui
1003 2795 1251 2849 vocativo
1274 2797 1423 2849 casui
1467 2796 1521 2849 in
1548 2796 1858 2855 nominibus
1883 2804 1941 2853 et

382 2882 785 2953 pronominibus
808 2882 1180 2952 et'participiis
1206 2888 1481 2953 iungitur;
1509 2891 1594 2939 est
1618 2896 1937 2954 pronomen,

382 2988 452 3027 an
500 2973 731 3027 non?—
757 2972 920 3029 Suo.
970 2971 1087 3028 Non
1132 2982 1216 3028 est
1257 2988 1572 3043 pronomen,
1617 2974 1711 3029 sed
1751 2974 1940 3029 adver-

381 3062 530 3116 bium
557 3062 781 3117 vocandi
826 3062 909 3117 vel
958 3063 1207 3132 optandi;
1255 3062 1494 3132 ejusdem
1530 3065 1938 3135 signiﬁcationis
1961 3084 2007 3146 ο

383 3154 508 3208 dum
545 3154 694 3218 dicis,
725 3155 851 3208 heus
875 3155 1082 3224 juvenis
1106 3195 1121 3220 ,
1166 3162 1224 3210 et
1246 3172 1276 3208 ο
1294 3156 1521 3225 juvenis.
1570 3157 1637 3212 Et
1676 3156 1808 3213 nulli
1834 3158 1930 3212 alii

383 3256 625 3313 personae
643 3251 818 3314 potest
838 3244 1014 3316 jungi,
1036 3242 1141 3301 nisi
1166 3246 1436 3303 secundas.
1460 3234 1463 3237 ’

454 3354 553 3410 Fs.
582 3355 787 3411 Memor
816 3365 950 3423 esto,
982 3357 1183 3414 dixisse
1213 3356 1595 3426 te-quindecim
1621 3362 1937 3427 pronomina

383 3458 520 3498 esse.
571 3443 676 3499 Sed
706 3445 835 3513 quid
860 3454 943 3500 est
976 3447 1118 3514 quod
1160 3447 1398 3500 Donatus
1448 3448 1588 3501 inter
1621 3448 1939 3515 pronomina

380 3534 577 3601 posuit,
615 3534 751 3604 quis,
789 3535 979 3606 qualis,
1022 3535 1164 3601 talis,
1208 3548 1363 3606 quot,
1393 3546 1491 3602 tot,
1520 3547 1742 3609 quotus,
1778 3548 1937 3604 totus,

384 3620 670 3693 (quantus,
731 3622 967 3694 tantus]?
1008 3653 1084 3667 —
1120 3622 1284 3680 Suo.
1334 3626 1550 3682 Memini
1602 3644 1690 3691 me
1740 3629 1941 3686 dixisse

384 3714 686 3783 quindecim
710 3729 830 3771 esse
850 3718 1189 3785 pronomina,
1212 3718 1267 3773 in
1294 3712 1489 3789 quibus
1518 3720 1658 3776 nulla
1678 3721 1938 3777 dubitatio

382 3816 541 3862 esset.
580 3807 655 3861 De
706 3808 828 3862 istis
867 3808 1010 3862 enim
1046 3822 1167 3880 qua:
1204 3810 1396 3880 ponis,
1431 3810 1695 3865 dubitatio
1742 3820 1827 3865 est
1869 3811 1959 3863 an‘

382 3897 491 3950 sint
510 3898 846 3967 pronomina,
877 3913 944 3952 an
974 3900 1213 3955 nomina.
1250 3897 1559 3954 Priscianus
1597 3898 1802 3953 Latina:
1828 3899 1940 3955 elo-

382 3987 613 4054 quentiae
649 3987 810 4041 decus
837 3988 1053 4042 nomina
1082 3988 1467 4059 interrogativa
1492 3988 1576 4043 vel
1600 3988 1823 4045 relativa
1850 3992 1937 4047 vel

383 4073 641 4130 redditiva
669 4088 731 4129 ea
756 4076 974 4131 omnino
1021 4074 1172 4148 (ita,
1197 4076 1437 4150 nomina]
1476 4078 1627 4145 dicit,
1662 4087 1719 4134 et
1745 4094 1939 4149 prono-

386 4167 529 4221 mina
558 4174 717 4235 negat
762 4181 882 4225 esse
914 4152 1097 4237 posse,
1131 4169 1258 4239 quia
1302 4166 1482 4225 ﬁnitas
1532 4184 1791 4239 personas
1832 4187 1937 4225 non

385 4258 605 4322 habent,
646 4257 786 4325 quod
821 4258 1099 4326 proprium
1140 4264 1225 4311 est
1265 4258 1597 4325 pronominis
1640 4274 1761 4313 cum
1809 4274 1938 4314 casu

381 4350 550 4419 iuncti
574 4368 590 4402 :
626 4350 767 4403 sicut
789 4357 845 4403 et
869 4347 971 4401 alia
998 4361 1188 4401 novem
1231 4346 1447 4401 nomina
1476 4346 1691 4401 mobilia
1718 4350 1937 4417 quidam

384 4454 568 4495 errore
591 4438 793 4494 seducti
814 4437 1127 4508 pronomina
1148 4436 1333 4491 dicunt
1356 4449 1493 4501 esse,
1516 4436 1641 4506 quia
1667 4440 1964 4506 pronomi-.

384 4542 510 4582 num
529 4526 935 4582 declinationem
964 4526 1182 4589 habent,
1212 4527 1264 4581 id
1291 4533 1396 4591 est,
1434 4542 1589 4593 unus,
1622 4527 1762 4583 allus
1780 4568 1797 4595 ,
1826 4528 1939 4584 nal-

385 4612 489 4681 lus,
530 4613 696 4679 solus,
724 4622 885 4678 totus,
928 4613 1100 4677 alias,
1142 4613 1293 4681 alter,
1343 4623 1481 4675 uter.
1531 4626 1755 4673 neuter:
1804 4634 1938 4690 quos

386 4702 567 4759 multae
592 4700 837 4759 lectionis
856 4701 995 4757 ratio
1014 4701 1261 4758 revincit.

454 4814 619 4889 ω
641 4813 725 4870 An
762 4829 928 4878 meas,
948 4820 1088 4879 titus,
1111 4828 1258 4879 suas,
1283 4814 1499 4870 nomina
1526 4815 1752 4875 dicenda
1776 4829 1936 4885 sunt;

385 4906 512 4976 quia
538 4919 635 4974 per
660 4918 848 4962 amnes
872 4918 1033 4960 casus
1069 4904 1343 4960 nominum
1378 4914 1677 4975 sequunuir
1702 4908 1939 4966 declina—

384 4990 624 5049 tionem?
670 4990 939 5060 Quantum
987 4992 1053 5048 ad
1102 4993 1361 5064 puerilem
1407 5003 1648 5054 nostram
1702 4997 1941 5071 disputa—

383 5079 885 5152 tionemqu
929 5081 1102 5138 visum
1155 5083 1738 5166 est,do_prouomlne
1774 5086 1941 5145 habes

307 5190 313 5195 ’
386 5168 726 5227 ωωοίωιατ.
752 5167 861 5227 Sed
884 5176 1055 5226 totum
1078 5173 1131 5227 te
1160 5172 1393 5231 transfer
1423 5175 1494 5231 ad
1518 5175 1763 5233 verbum.

453 5259 554 5318 Pa.
586 5258 769 5319 Placet
798 5258 942 5332 quod
1228 5261 1356 5320 licet
1400 5265 1525 5338 plus
1570 5265 1935 5338 indiguissem.

385 5348 633 5406 Attamen
688 5356 1138 5416 totumme,ut
1192 5352 1427 5419 uades,
1486 5352 1806 5411 transieram
1870 5357 1939 5413 ad

456 5499 1096 5569 eiCod.ms.:iQuarta
1126 5502 1939 5566 declinatioestlnduobusre-

389 5568 566 5639 liquis,
588 5583 707 5639 qua:
733 5568 1031 5638 sequuntur
1065 5582 1120 5626 et
1141 5572 1494 5637 declinantur,
1529 5576 1668 5632 sicut
1692 5591 1964 5634 oommu-.

388 5636 474 5692 nia
519 5636 731 5694 nomina
784 5636 957 5692 tertia;
999 5639 1401 5708 declinationis;
1448 5636 1542 5710 ut,
1598 5644 1682 5699 hic
1729 5654 1784 5701 et
1827 5646 1939 5703 lues

780 5728 1057 5791 ΡΑτιιοι..
1101 5730 1199 5792 Cl.

2036 527 2108 537 -—
2131 496 2295 553 Sno.
2311 497 2545 553 Faciam.

2632 585 2720 641 DE
2765 586 3009 641 VERBO.

2108 698 2208 755 Fa.
2239 699 2420 756 Primo
2457 700 2696 755 omnium
2736 700 2885 755 verbi
2927 698 3291 755 deﬁnitionem
3319 704 3405 758 dic
3445 704 3599 757 mihi.

2035 820 2110 830 —-
2134 787 2298 845 Suo.
2333 789 2501 859 Magis
2529 790 2922 860 interrogemus
2964 791 3278 859 magistrum
3301 832 3315 856 ,
3373 806 3493 862 qua:
3533 793 3604 846 sit

2037 877 2189 933 verbi
2219 877 2459 933 deﬁnitio
2492 876 2786 932 secundum
2828 876 3222 946 philosophiam

2108 966 2221 1022 Dis.
2256 966 2338 1021 An
2374 968 2555 1032 habet,
2609 968 2885 1037 magister,
2924 966 3075 1036 juxta
3124 968 3472 1039 philosophice
3523 986 3603 1023 ra-

2038 1055 2238 1111 tionem
2282 1056 2395 1110 hinc
2436 1065 2546 1110 tam
2591 1056 2903 1125 principalis
2933 1071 3056 1125 pars
3083 1056 3446 1112 deﬁnitionem
3479 1075 3604 1127 pro-

2037 1147 2233 1215 priam,
2263 1147 2426 1201 veluti
2460 1160 2653 1201 nomen
2691 1144 2931 1217 [habet]?
2957 1145 3093 1200 MAG.
3143 1145 3314 1202 Habet
3352 1150 3601 1205 subtilem

2038 1237 2403 1292 deﬁnitionem
2433 1248 2487 1291 et
2518 1236 2771 1301 nobilem,
2797 1246 2852 1293 et
2887 1245 2969 1290 est
2996 1236 3297 1304 hujusmodi
3328 1254 3341 1289 :
3369 1239 3600 1293 Verbum

2038 1336 2122 1383 est
2147 1345 2249 1384 vox
2283 1328 2638 1400 signiﬁcativa
2666 1328 2959 1383 secundum
2999 1329 3273 1398 placitum,
3305 1344 3426 1383 cum
3471 1340 3601 1385 tem-

2039 1434 2190 1487 pore,
2212 1419 2489 1474 deﬁnitum
2511 1418 2714 1488 aliquid
2735 1418 3047 1489 signilicans
3068 1426 3121 1473 et
3138 1420 3385 1473 accidens
3403 1419 3598 1489 [Edit.,

2040 1508 2345 1582 accedens].
3102 1580 3105 1581 ν

2108 1598 2221 1653 Dis.
2247 1598 2490 1667 Expone,
2529 1607 2703 1669 pater,
2754 1598 2895 1653 hanc
2922 1599 3077 1653 nobis
3124 1597 3507 1653 deﬁnitionem.
3532 1628 3603 1639 -

2041 1686 2179 1742 Mss.
2234 1686 2368 1740 Dum
2412 1686 2534 1742 dico
2560 1729 2576 1752 ,
2622 1687 2766 1756 lego,
2814 1696 2993 1743 actum
3042 1688 3281 1759 signiﬁco
3324 1688 3549 1759 legentis
3585 1704 3600 1741 :

2038 1792 2198 1847 quem
2246 1785 2425 1832 actum
2465 1776 2569 1831 alia
2611 1775 2829 1832 Graecus
2878 1778 3145 1847 signiﬁcat
3178 1793 3338 1843 voce;
3378 1786 3435 1833 et
3481 1778 3604 1833 ideo

2039 1867 2262 1923 verbum
2291 1868 2584 1922 secundum
2626 1867 2877 1936 placitum
2912 1876 2996 1923 est
3041 1886 3054 1922 :
3085 1877 3382 1939 (eamusque
3434 1876 3605 1923 attra—

2037 1955 2135 2009 hit.
2187 1956 2490 2025 Deﬁnilum,
2532 1956 2585 2011 id
2632 1965 2738 2021 est,
2787 1965 2994 2012 certum
3040 1958 3241 2027 aliquid
3293 1958 3598 2029 signiﬁcat:

2036 2055 2087 2100 et
2127 2046 2398 2111 accidens;
2446 2046 2642 2102 accidit
2683 2048 2830 2101 enim
2858 2047 3001 2103 actio
3036 2048 3118 2101 vel
3160 2050 3340 2117 passio
3375 2048 3598 2103 homini.

2038 2137 2143 2194 Sed
2167 2147 2402 2193 vestram
2417 2154 2512 2194 vos
2534 2140 2731 2195 intrate
2746 2140 3190 2209 disputationem;
3222 2144 3337 2199 haec
3363 2142 3517 2197 alias.
3533 2172 3596 2181 ——

2036 2229 2149 2283 Dis.
2177 2228 2297 2284 Fiat
2313 2239 2370 2285 ut
2388 2216 2569 2297 jubes.

2108 2322 2205 2376 Fit.
2237 2321 2444 2385 Profer,
2498 2321 2673 2389 Saxo,
2719 2323 3105 2393 proprietatem
3143 2310 3313 2378 verbi.
3342 2355 3409 2364 —
3433 2323 3597 2379 Suo.

2038 2413 2275 2467 Verbum
2337 2422 2418 2468 cst
2467 2428 2595 2484 pars
2644 2414 2909 2470 orationis
2971 2430 3094 2468 cum
3160 2416 3489 2484 temporibus
3549 2424 3605 2477 et

2036 2501 2239 2567 modis,
2287 2502 2403 2557 sine
2446 2517 2615 2567 casu,
2670 2502 2861 2574 agendi
2911 2504 2993 2559 vel
3047 2504 3285 2575 patiendi
3330 2506 3600 2577 signiﬁca-

2038 2590 2226 2643 tivum.

2106 2678 2204 2732 Fu.
2243 2677 2299 2733 Si
2342 2680 2507 2735 verba
2554 2690 2735 2736 actum
2782 2681 2865 2736 vel
2906 2682 3208 2751 passionem
3250 2684 3554 2754 signiﬁcant
3579 2728 3594 2749 ,
3646 2732 3653 2741 .

2036 2768 2474 2823 unde°dicuntur
2527 2769 2761 2823 neutra?
2796 2799 2865 2810 -
2920 2770 3080 2825 Suo.
3122 2770 3239 2825 Non
3292 2773 3411 2828 ideo
3459 2779 3604 2844 quod

2038 2857 2350 2911 actum'vel
2402 2858 2703 2927 passionem
2757 2856 2911 2931 [non]
2955 2858 3262 2929 signiﬁcent
3311 2859 3505 2933 [Edit.,
3536 2881 3604 2920 ne

2037 2946 2403 3018 signiﬁcent],
2444 2949 2539 3002 sed
2588 2948 2709 3003 ideo
2762 2951 2884 3018 quia
2937 2966 3101 3004 unum
3157 2952 3347 3007 horum
3396 2954 3601 3022 signiti-

2039 3043 2181 3089 cant.
2223 3034 2356 3089 Nam
2375 3036 2549 3090 activa
2574 3037 2627 3090 in
2653 3047 2839 3093 nostro
2878 3049 3003 3095 actu
3048 3042 3270 3097 alterius
3297 3045 3599 3113 passionem

2038 3123 2373 3194 signiﬁcant,
2431 3122 2614 3195 [sicut
2657 3134 2713 3179 et
2760 3129 2972 3197 passiva
3028 3130 3078 3183 in
3133 3140 3313 3184 nostra
3353 3134 3603 3201 passione

1988 3234 1993 3239 ο
2038 3220 2216 3267 actum
2243 3214 2469 3283 alterius
2492 3213 2839 3286 signiﬁcant].
2867 3216 3001 3271 Nam
3028 3218 3153 3273 dum
3194 3221 3314 3277 dico
3343 3238 3357 3275 :
3384 3240 3503 3277 amo
3531 3237 3601 3290 te,

2036 3290 2261 3369 patiaris
2303 3300 2457 3372 [Mm
2511 3300 2735 3374 pateris]
2768 3314 2947 3359 actum
2978 3321 3179 3373 meum,
3222 3309 3276 3363 id
3323 3320 3428 3377 est,
3460 3316 3604 3382 quod

2038 3402 2161 3449 amo
2188 3397 2255 3444 te.
2288 3389 2356 3443 Et
2375 3389 2501 3444 dum
2536 3390 2657 3446 dico
2690 3410 2702 3444 :
2732 3409 2881 3447 amor
2908 3410 2939 3447 a
2967 3405 3015 3449 te
3037 3436 3051 3459 ,
3092 3399 3268 3465 patior
3295 3415 3393 3471 ego
3422 3415 3603 3458 actum

2038 3489 2208 3543 tuum,
2236 3481 2290 3535 id
2316 3489 2416 3545 est,
2440 3484 2581 3551 quod
2607 3492 2665 3537 tu
2705 3498 2855 3539 amas
2881 3500 2985 3540 me.
3015 3486 3214 3543 Neutra
3244 3506 3370 3546 vero
3395 3495 3602 3549 unifor-

2036 3572 2197 3626 miter
2240 3571 2565 3642 signiﬁcant,
2606 3574 2689 3628 vel
2738 3583 3022 3641 agentem;
3055 3585 3115 3630 ut
3160 3579 3391 3646 ambulo,
3423 3598 3604 3648 curro,

2036 3666 2298 3735 prandeo;
2329 3666 2412 3720 vel
2456 3666 2782 3735 patientem,
2825 3675 2886 3721 ut
2926 3669 3121 3733 ardeo,
3172 3687 3345 3734 aeneo,
3395 3674 3602 3746 mpulo.

2038 3753 2145 3808 Sed
2163 3764 2220 3808 et
2245 3755 2459 3810 casibus
2494 3771 2600 3810 non
2626 3766 2808 3825 egent,
2836 3759 3031 3829 quibus
3066 3761 3242 3816 activa
3270 3761 3354 3817 vel
3384 3765 3597 3831 passiva

2039 3852 2216 3914 egent.
2260 3844 2393 3899 Nam
2438 3848 2614 3902 activa
2660 3851 2968 3925 accusativo
3014 3854 3163 3907 casui
3197 3852 3515 3925 junguntur,
3542 3866 3605 3911 ut

2040 3947 2157 3993 emo
2178 3943 2261 4001 te;
2287 3951 2429 4006 saepe
2454 3946 2511 3992 et
2535 3939 2793 4010 genitivo,
2817 3924 2875 3996 tit
2899 3958 3094 3997 mmor
3128 3961 3245 3999 sunt
3283 3949 3361 4000 tui
3377 3955 3480 4011 :et
3510 3950 3604 4004 da-

2039 4026 2171 4089 tivo,
2217 4035 2277 4080 ut
2323 4027 2441 4080 dico
2489 4028 2601 4081 tibi.
2652 4030 2872 4085 Passiva
2926 4032 3160 4090 ablativo
3200 4034 3522 4107 junguntur,
3549 4051 3608 4095 ut

2038 4130 2188 4168 amor
2213 4134 2247 4168 α
2282 4124 2350 4168 te.
2386 4116 2587 4171 Neutra
2612 4120 2857 4174 absoluta
2887 4130 3013 4175 sunt
3053 4131 3108 4177 et
3139 4138 3235 4193 per
3261 4140 3319 4180 se
3343 4126 3604 4202 [plenum]

2037 4216 2253 4255 sensum
2280 4202 2602 4271 signiﬁcant,
2624 4214 2683 4261 ut
2709 4208 2841 4272 vivo,
2861 4210 3021 4277 spiro,
3049 4228 3224 4281 pergo.

2107 4287 2207 4341 Fs.
2252 4290 2424 4344 Verbo
2470 4301 2601 4360 quot
2640 4295 2923 4351 accidunt?
2958 4329 3028 4339 —-
3055 4286 3218 4355 Sim.
3250 4300 3486 4374 Septem.
3521 4308 3607 4363 Si-

1968 4378 2333 4470 Dgniﬁcatio,
2379 4396 2498 4451 qua;
2541 4391 2595 4439 et
2630 4399 2797 4454 genus
2844 4387 3059 4452 dicitur,
3113 4398 3342 4462 tempus,
3386 4397 3598 4463 modus,

2040 4468 2269 4539 species,
2297 4468 2490 4539 ﬁgura.
2512 4487 2767 4541 persona,
2794 4491 3074 4533 numerus.

2112 4554 2445 4627 Signiﬁcatio
2483 4562 2770 4618 verborum
2813 4568 3030 4635 proprie
3063 4568 3119 4621 in
3168 4568 3501 4637 actionevel
3548 4571 3603 4628 in

2038 4649 2290 4740 passione
2315 4658 2421 4717 est,
2458 4666 2578 4721 qua
2607 4654 2902 4711 semiudum
2932 4657 3231 4728 analogiam
3254 4658 3463 4718 duabus
3490 4671 3601 4740 ter-

2040 4739 2315 4796 minantur
2340 4741 2558 4805 litteris,
2584 4758 2617 4795 ο
2643 4749 2700 4798 et
2726 4760 2771 4795 r.
2799 4744 2856 4801 in
2884 4762 2915 4799 ο
2936 4748 3114 4804 activa
3138 4757 3198 4805 et
3229 4749 3511 4807 neutralis.
3542 4739 3602 4808 In

2041 4842 2070 4880 ι’
2090 4829 2325 4899 passiva,
2349 4830 2674 4901 deponentia
2700 4838 2756 4888 et
2774 4836 3101 4893 communia.
3138 4836 3208 4893 Et
3232 4836 3349 4894 hac
3364 4846 3491 4895 sunt
3513 4856 3603 4913 ge-

2039 4935 2169 4977 nera
2192 4922 2481 4978 verborum
2504 4922 2761 4997 quinque.

2107 5013 2295 5070 Activa
2347 5020 2495 5080 sunt,
2523 5028 2646 5086 qua
2690 5031 2902 5090 nuper
2946 5025 3127 5076 aetum
3154 5015 3481 5091 signiﬁcant,
3519 5033 3600 5087 ut,

2037 5118 2159 5160 amo
2183 5110 2251 5156 ts.
2284 5098 2528 5175 [Passiva
2578 5112 2725 5171 sunt,
2759 5121 2882 5179 qua
2926 5120 3138 5175 semper
3179 5108 3484 5179 passionem
3535 5112 3605 5167 si-

2038 5188 2311 5261 gniﬁcat.
2339 5197 2422 5257 ut,
2448 5208 2654 5251 mra
2681 5191 2755 5269 te]
2788 5212 2802 5248 :
2833 5201 3013 5251 ιιωω
3042 5194 3089 5251 si
3128 5196 3254 5269 quis
3287 5196 3449 5257 altius
3473 5212 3603 5255 con-

2042 5280 2244 5338 sideret
2269 5288 2327 5337 et
2347 5281 2407 5337 in
2433 5283 2631 5340 activis
2647 5284 2830 5340 verbis
2854 5284 3186 5355 passionem,
3205 5292 3263 5342 et
3281 5288 3337 5343 in
3375 5286 3605 5356 passivis

2043 5368 2331 5436 actionem,
2374 5370 2517 5429 sicut
2555 5386 2717 5441 supra
2762 5371 3034 5434 diximus,
3088 5373 3345 5431 inveniet.
3398 5371 3601 5429 Neutra

2043 5527 2278 5643 iuraras,
2316 5526 2372 5578 et
2394 5521 2491 5576 hoc
2529 5531 2786 5590 nostrats,
2829 5522 3091 5578 nostratis.
3128 5520 3385 5581 Similiter
3426 5531 3483 5578 et
3524 5540 3608 5578 ve-

2043 5606 2066 5643 s
2094 5603 2199 5643 ras.

2042 5603 2199 5643 τινας.

3147 5744 3274 5809 28.
