4266 6198
459 1858 524 1924 ἢ

529 3793 536 3802 ι
646 3767 825 3822 brevis
852 3766 938 3834 di;
968 3765 1106 3829 dico,
1134 3766 1289 3829 dicis,
1319 3765 1477 3834 longa
1506 3764 1593 3828 di;
1623 3763 1823 3834 appello
1852 3774 1907 3819 et
1930 3765 2194 3835 compello,
2244 3805 2248 3812 .

583 323 686 378 875

600 538 794 596 solum.
827 540 922 588 aut
946 530 1252 600 passionem
1282 526 1457 582 solum
1483 524 1812 594 signiﬁcant.
1848 524 2061 589 Actum,
2091 529 2170 588 ut,

601 627 882 691 manduca,
908 637 1059 676 curro
1097 618 1246 691 [Msa
1292 615 1526 687 ambula]
1556 633 1568 668 :
1599 616 1925 683 passionem,
1977 622 2054 672 ut.
2087 631 2176 668 va-

600 715 878 787 puloote,
921 710 1098 783 [aenea
1127 726 1163 761 a
1202 705 1296 779 te].
1353 705 1490 760 Sunt
1536 720 1748 774 quoque
1785 703 2049 759 neutralia
2100 703 2176 757 in-

605 805 868 860 trinsecus
899 802 954 861 in
997 798 1190 867 seipsis
1213 796 1467 850 habentia
1516 794 1823 863 passionem
1843 831 1858 858 ,
1888 799 1943 848 et
1969 806 2078 845 non
2106 792 2174 845 ab

603 897 708 952 alio
758 893 1115 955 extrinsecus,
1162 897 1242 953 ut,
1291 888 1470 950 rubea,
1502 886 1693 954 ferveo,
1743 883 1909 948 calca,
1959 892 2174 952 a'groto,

606 1005 721 1043 rue.
743 984 1068 1054 Deponentia
1093 994 1306 1050 quoque
1345 992 1507 1032 unam
1537 991 1751 1045 semper
1779 976 1979 1030 habent
2004 974 2176 1044 signi-

607 1078 928 1141 ﬁcationem,
959 1081 1054 1128 aut
1074 1073 1330 1134 activam,
1362 1078 1445 1134 ut,
1473 1084 1662 1139 sequar
1693 1077 1763 1133 te,
1786 1065 2061 1136 prwuolor
2078 1077 2128 1120 te
2157 1081 2175 1119 :

606 1169 691 1224 vel
715 1168 830 1223 sine
854 1165 1151 1234 adiectione
1177 1168 1444 1227 casus,ut,
1473 1158 1662 1222 luctor,
1690 1160 1915 1229 loquar:
1941 1166 2034 1210 aut
2051 1171 2179 1226 pas-

603 1259 808 1322 sivam,
838 1262 898 1309 ut
921 1293 938 1320 ,
985 1243 1175 1308 noscar
1202 1270 1235 1305 a
1264 1260 1312 1304 te
1334 1291 1349 1314 ,
1396 1249 1570 1319 patior
1597 1266 1631 1301 a
1680 1257 1749 1311 te,
1792 1264 1994 1302 merear
2027 1266 2061 1301 a
2106 1257 2174 1301 te.

610 1343 924 1401 Communia
964 1343 1098 1399 duas
1120 1341 1322 1396 habent
1360 1339 1413 1393 in
1443 1353 1549 1390 una
1578 1351 1711 1391 voce
1754 1335 2180 1406 signiﬁcationes

613 1437 819 1510 agentis
839 1441 899 1489 et
921 1432 1196 1503 patientis,
1223 1436 1301 1494 ut,
1331 1426 1540 1482 osculor
1561 1436 1629 1496 te,
1661 1425 1870 1497 osculor
1917 1443 1950 1478 a
1976 1436 2044 1480 te.

680 1524 780 1579 Fn.
804 1522 946 1591 Quot
971 1521 1146 1575 modis
1169 1518 1508 1574 declinantur
1535 1515 1718 1569 verba.
1740 1545 1811 1553 —
1843 1513 2006 1568 Saxa.
2036 1513 2180 1569 Duo-

616 1616 716 1668 bus
764 1612 956 1667 modis.
1001 1608 1135 1663 Nam
1162 1615 1354 1662 neutra
1403 1605 1726 1668 activorum,
1776 1600 2098 1668 deponentia
2127 1611 2183 1657 et

1417 323 1477 378 B.
1520 323 1580 377 ιε’.
1622 319 1848 376 ΑιιιιΝι
1886 318 2022 376 εει]
2061 317 2339 374 Αιευιὶίι
2376 317 2662 374 OPERUM
2698 315 2876 372 PARS
2915 316 3019 371 Vi].

586 442 935 502 -uniformiter
985 451 1199 507 semper
1223 392 1593 506 proferuntur,
1626 433 1680 487 id
1720 441 1826 495 est,
1865 440 1956 484 aut
1985 439 2166 484 actum
2194 431 2246 489 Α
2271 427 2488 482 teritum
2515 438 2570 483 et
2597 427 2859 482 futurum.
2887 427 3143 493 Quamvis
3170 427 3349 497 itaque
3373 443 3610 500 prtesens
3633 437 3845 502 tempus

3735 318 3841 374 876

2276 517 2511 573 instabili
2547 527 2698 574 motu
2731 517 3056 572 naturaliter
3089 518 3401 573 exsolvatur
3437 517 3456 591 [
3483 518 3586 574 Hs.
3606 562 3621 584 ,
3653 519 3845 576 volva-

2276 609 2428 682 tur],
2456 619 2510 667 et
2533 601 2660 680 pars
2682 609 2800 679 ejus
2822 611 2934 681 jam
2960 617 3273 680 praetereat,
3303 625 3536 682 parsque
3564 622 3846 684 sequatur,

2277 710 2455 756 tamen
2487 702 2558 756 ad
2591 701 2986 755 ordinationem
3021 698 3211 772 [Edit.
3230 739 3245 764 ,
3270 702 3647 774 omationem]
3677 704 3850 758 diver-

2277 807 2459 847 sorum
2494 799 2768 861 gestorum
2804 799 3046 860 tempora
3075 790 3385 845 dividimus.

2347 881 2447 936 Fn.
2485 881 2626 936 Num
2647 880 2710 936 in
2739 883 2992 938 omnibus
3019 883 3192 938 modis
3219 884 3399 938 omnia
3431 891 3669 953 tempora
3702 886 3853 941 inve-

2278 974 2544 1030 niuntur?
2574 1004 2646 1015 —
2683 971 2847 1043 ειη).
2900 974 3268 1044 Nequaquam.
3316 974 3450 1028 Nam
3502 975 3856 1045 imperativus

2278 1063 2513 1119 naturali
2542 1057 3000 1119 nwessitate-non
3031 1065 3192 1120 habet
3216 1066 3571 1134 prmteritu‘m.
3621 1067 3757 1133 Quia
3786 1083 3853 1122 ea

2280 1153 2394 1207 sola
2425 1153 2754 1221 imperamus
2779 1168 2900 1221 qua:
2931 1153 2983 1206 in
3013 1155 3277 1222 praesenti
3297 1165 3422 1210 sunt
3449 1156 3531 1211 vei
3563 1157 3616 1210 in
3647 1157 3851 1214 futuro.

2281 1243 2542 1298 Caeterum
2570 1243 2893 1297 indicativus
2917 1245 3369 1322 etsubjunctivns
3394 1261 3489 1314 per
3511 1249 3691 1302 omnia
3721 1258 3856 1303 tem—

2281 1349 2414 1404 pora
2442 1342 2686 1388 currunt.
2720 1332 3003 1401 Optativus
3039 1319 3253 1403 quoque
3279 1319 3337 1389 et
3360 1336 3683 1404 inﬁnitivus,
3732 1339 3857 1395 licet

2283 1423 2504 1478 confusa
2549 1439 2714 1489 voce,
2764 1424 2818 1478 in
2870 1425 3189 1494 quibusdam
3219 1436 3400 1483 tamen
3425 1417 3606 1485 omnia
3655 1432 3858 1487 habent

2284 1522 2522 1584 tempora
2539 1555 2556 1581 ,
2589 1525 2647 1568 ut
2672 1514 2876 1570 utinam
2906 1515 3125 1585 legerem
3156 1535 3293 1572 nunc
3317 1529 3365 1573 et
3393 1521 3505 1574 heri
3529 1539 3547 1585 ;
3574 1530 3628 1574 ct
3656 1522 3857 1576 utinam

2284 1603 2520 1682 legissem
2550 1614 2686 1668 ante,
2719 1613 2856 1665 ante,
2887 1614 2942 1659 et
2966 1614 3086 1660 ante
3109 1609 3490 1678 quinquaginta
3515 1627 3699 1664 annos.
3726 1611 3857 1665 item

616 1703 919 1760 communia
941 1700 1277 1772 passivarum
1298 1696 1538 1766 regulam
1565 1695 1618 1749 in
1636 1694 1991 1750 declinatione
2012 1694 2182 1747 maxi-
2218 1764 2257 1772 _
2287 1692 2451 1764 legere
2493 1710 2573 1747 me
2611 1691 2725 1750 volo
2768 1702 2824 1748 et
2863 1693 3089 1749 valebam
3114 1709 3136 1747 :
3178 1705 3234 1751 et
3275 1697 3460 1767 legisse
3505 1716 3585 1753 me
3630 1701 3768 1755 valui
3801 1686 3873 1756 et.

511 1795 526 1836 -'
618 1795 705 1848 m‘e
744 1764 1059 1861 sequuntur.
1102 1787 1238 1843 Sunt
1267 1764 1524 1857 praeterea
1572 1793 1765 1840 neutra
1801 1785 2037 1849 passiva,
2068 1764 2262 1852 quae"B
2291 1783 2572 1839 volueram.

622 1887 676 1940 in
712 1883 983 1955 praeterito
1027 1879 1268 1951 perfecto
1322 1886 1376 1932 et
1423 1875 1951 1947 plusquamperfecto
1989 1875 2186 1943 passivi

623 1974 1031 2031 declinationem
1046 1971 1262 2026 habent.
1285 1969 1351 2022 Et
1375 1975 1502 2022 sunt
1530 1967 1645 2021 haec
1682 1966 1830 2021 sola:
1859 1963 2064 2028 Auden,
2092 1979 2189 2016 au-

622 2081 710 2118 sus
748 2079 885 2119 sum.
913 2059 1174 2132 [Gaudeo,
1200 2059 1405 2130 gavisus
1445 2073 1580 2110 sum.
1607 2054 1780 2120 Soleo,
1805 2054 1988 2108 solitus
2025 2051 2184 2124 sum].

625 2154 787 2219 Fida,
817 2153 946 2222 fisus
973 2167 1109 2205 sum.
1140 2147 1262 2212 Fia,
1292 2148 1462 2216 factus
1503 2162 1616 2199 sum
1647 2159 1666 2197 :
1702 2153 1758 2200 et
1785 2145 1828 2199 si
1860 2159 1964 2214 qua
2001 2158 2069 2197 ex
2107 2143 2190 2196 his

625 2251 1034 2316 componuntur.
1077 2239 1215 2294 Sunt
1247 2238 1351 2291 alia
1393 2237 1607 2308 passivo
1651 2243 1842 2316 neutra
1894 2233 2191 2304 superiori-

624 2337 725 2391 bus
746 2332 1018 2389 contraria
1049 2348 1065 2384 ς
1097 2327 1428 2398 Comperear,
1458 2341 1678 2388 merear,
1701 2325 1964 2390 divertor;
1987 2322 2192 2378 iaciunt

627 2428 769 2483 enim
793 2421 1148 2494 prmteritum,
1177 2416 1444 2487 comperii,
1477 2415 1662 2479 merui,
1693 2414 1893 2468 diverti.

699 2513 860 2584 233
895 2511 996 2566 Fs.
1036 2507 1287 2577 Nunquid
1323 2513 1502 2560 certas
1535 2505 1741 2558 habent
1783 2518 1997 2573 semper
2028 2503 2222 2587 verba

633 2598 1097 2674 signiﬁcationes?
1123 2626 1194 2636 —
1226 2594 1392 2649 Suo.
1430 2593 1777 2663 Nequaquam
1822 2609 2034 2663 semper
2077 2609 2194 2648 cer-

634 2703 741 2746 tas.
786 2688 892 2743 Sed
937 2687 1039 2741 alia
1070 2692 1196 2740 sunt
1235 2700 1355 2754 qua:
1395 2699 1504 2739 una
1542 2698 1671 2738 voce
1700 2683 1793 2738 vel;
1823 2684 2195 2754 coniugatione

637 2781 877 2835 diversas
907 2777 1109 2832 habent
1139 2772 1592 2843 signiﬁcationes,
1621 2780 1681 2825 ut
1709 2772 1856 2837 cola,
1885 2787 1984 2841 pro
2011 2772 2194 2842 diligo,

638 2881 694 2928 et
726 2870 898 2924 habita
918 2908 934 2933 ,
964 2875 1023 2922 et
1057 2883 1152 2919 aro
1183 2864 1466 2932 accipitur.
1504 2862 1806 2926 Committe,
1837 2878 1934 2932 pro
1951 2863 2114 2916 credo
2140 2871 2198 2917 et

639 2956 958 3014 commendo.
986 2953 1186 3015 Cando,
1211 2967 1312 3022 pro
1350 2951 1552 3019 aedifica
1580 2959 1635 3004 et
1659 2951 1787 3004 celo.
1815 2951 2064 3006 Gratulor
2096 2967 2195 3021 pro

640 3048 836 3106 caudea
875 3052 931 3102 et
953 3047 1151 3116 gratias
1195 3060 1291 3113 ago
1322 3045 1559 3113 ponitur.
1602 3041 1746 3096 Sunt.
1776 3041 1877 3096 alia
1911 3057 2028 3110 qua:
2069 3057 2192 3096 cum

638 3137 1009 3209 coniugatione
1030 3143 1235 3190 mutant
1255 3135 1720 3204 signiﬁcationem.
1741 3132 1866 3188 Haec
1886 3134 1938 3187 in
1958 3135 2192 3188 secunda

643 3242 867 3296 persona
906 3225 1231 3281 discernitur
1262 3243 1276 3277 :
1312 3230 1372 3277 ut
1408 3222 1630 3286 mando,
1668 3222 1999 3286 mandas,'a
2041 3238 2195 3276 man-

641 3317 852 3381 (laudo;
884 3316 1104 3380 manda,
1137 3316 1378 3379 mandis,
1429 3329 1461 3367 a
1506 3311 1798 3376 manduco,
1841 3311 2010 3384 [Ms.,
2049 3328 2198 3365 man-

542 3392 547 3399 .
642 3405 899 3477 dendo];
921 3405 1108 3474 funda,
1139 3405 1360 3474 fundas,"
1386 3404 1747 3472 a’fundanda;
1780 3403 1964 3473 (unda,
1996 3405 2195 3473 fundis,

643 3513 671 3549 a
702 3494 967 3564 fundendo
991 3511 1010 3559 ;
1037 3493 1173 3558 volo,
1203 3492 1365 3556 volas,
1395 3507 1426 3545 a
1454 3485 1680 3545 volando
1697 3493 1884 3576 ,jvalo,
1915 3495 2021 3559 vis,
2053 3510 2082 3547 ιι
2113 3511 2200 3547 vo-

643 3589 837 3642 luntate
863 3585 1023 3658 [Ms.,
1049 3585 1264 3640 valendo
1283 3584 1323 3656 ].
1354 3584 1503 3648 Sera,
1533 3600 1698 3648 seras,
1725 3585 1891 3638 seravi
1913 3602 1932 3650 ;
1957 3602 2095 3650 sero,
2122 3602 2202 3639 se-

644 3680 747 3741 ris,
774 3677 877 3732 sevi
903 3693 920 3741 ,'
950 3675 1063 3745 lego
1081 3715 1096 3739 ,
1127 3674 1268 3744 legas
1295 3692 1314 3739 ;
1350 3682 1405 3729 et
1433 3674 1545 3744 lego
1566 3716 1581 3738 ,
1610 3674 1738 3744 legis
1762 3692 1781 3739 ;
1823 3675 1940 3727 dico
1962 3716 1976 3738 ,
2013 3675 2197 3742 dicas,

649 3841 1041 4005 campelWid
1064 3862 1149 3909 est
1165 3894 1179 3917 ,
1212 3855 1385 3908 clamo
1403 3895 1417 3918 ,
1442 3853 1680 3908 acclamo
1703 3854 1958 3924 ;'appello
1976 3896 1990 3919 ,
2017 3851 2201 3929 appel-

649 3945 740 4005 lis,
774 3944 826 3999 id
954 3983 968 4005 ,
1000 3942 1236 4005 applico;
1268 3941 1456 4005 repello
1477 3982 1492 4005 ,
1519 3942 1788 4005 compello,
1818 3944 1874 3998 id
1901 3952 2014 4005 est,
2048 3953 2192 4005 cogat

649 3945 740 4008 lis,
774 3944 826 3999 id
854 3941 968 4008 α
1000 3942 1236 4012 applico;
1268 3941 1456 4013 repello
1477 3982 1492 4007 ,
1519 3942 1788 4012 compello,
1818 3944 1874 3998 id
1901 3952 2014 4007 est,
2048 3953 2216 4023 et)“~

649 4035 796 4099 Haec,
819 4034 1027 4089 France
1043 4075 1057 4099 ,
1081 4035 1147 4089 de
1170 4035 1319 4088 varia
1339 4035 1624 4092 verborum
1651 4024 2038 4103 signiﬁcatione
2061 4034 2202 4098 dicta

650 4114 914 4195 sufﬁciant
938 4139 953 4187 ;
986 4138 1126 4176 nunc
1150 4123 1217 4177 ad
1242 4130 1482 4191 tempora
1508 4137 1670 4176 curro
1698 4121 1717 4193 [
1742 4121 1844 4176 Hs.
1862 4163 1878 4188 ,
1908 4123 2129 4196 curre].

721 4210 820 4264 Fn.
857 4209 993 4263 Fiat.
1031 4209 1215 4265 Prima
1247 4209 1337 4262 die
1372 4209 1537 4275 mihi,
1565 4211 1710 4264 unde
1741 4211 1948 4265 dictum
1973 4215 2043 4266 sit
2072 4223 2203 4268 tem-

649 4303 895 4374 pus?_.-—
927 4298 1089 4354 Suo.
1125 4298 1170 4352 Α
1206 4307 1647 4368 temperamento.
1684 4299 1817 4367 Quia
1847 4302 2026 4356 omnia
2061 4319 2206 4358 mor-

654 4393 786 4446 talia.
809 4399 1015 4459 tempus
1044 4389 1257 4447 habent.

719 4482 818 4537 Fn.
856 4480 1119 4547 Tempora
1151 4487 1285 4546 quot
1315 4478 1481 4532 sunt?
1513 4507 1586 4521 -—
1614 4477 1780 4536 Sno.
1834 4481 1960 4536 Tria
2003 4497 2202 4538 secun-

653 4573 782 4628 dum
833 4578 1122 4624 naturam:
1161 4568 1496 4636 praeteritum
1521 4607 1538 4632 ,
1573 4576 1632 4621 at
1663 4569 1801 4638 legi;
1837 4586 2108 4642 praeeris,
2148 4582 2210 4628 ut

653 4664 805 4734 lego,-
842 4667 897 4716 et
931 4659 1200 4722 futurum,
1231 4657 1504 4728 tit-legens.
1533 4659 1774 4725 Quadam
1812 4669 1988 4716 tamen
2023 4667 2210 4720 neces»

657 4752 812 4807 vitata
846 4747 1188 4819 pueteritam»
1217 4756 1432 4818 tempus
1474 4749 1529 4803 in
1561 4759 1674 4804 tres
1714 4751 1974 4805 dividitur
2007 4753 2211 4808 diman-

660 4841 803 4903 tias;
833 4840 961 4908 quia
992 4839 1241 4906 quaedam
1285 4845 1412 4892 sunt
1438 4851 1558 4907 qua
1597 4839 1774 4895 multo
1812 4843 2210 4901 mta-dia'mus

657 4934 923 4982 transacta
951 4965 967 4993 ,
1025 4933 1086 4979 ut
1137 4926 1380 4994 legeram.
1433 4926 1735 4994 Aliquando
1790 4933 2034 4999 quedam
2078 4939 2211 5002 qua:

563 5022 570 5027 '
652 5015 813 5087 paula
831 5011 1360 5084 ante.'pthi.iuri.
1391 5012 1639 5080 Quadam
1659 5018 1920 5074 "inclinata
1948 5009 2210 5092 [κυδρὴ]-

654 5094 946 5183 etiamin]
966 5105 1097 5170 sunt
1114 5107 1255 5174 ,z-sed
1285 5109 1524 5194 nondum
1559 5095 2204 5183 peﬂeemg-‘a'tt‘legelram.

655 5199 736 5254 Et.
749 5198 873 5256 ideo
892 5199 1129 5269 quisque
1155 5209 1396 5269 tempore
1409 5198 1902 5256 enumerabimus-
1922 5202 2206 5260 iii-verbis.

723 5285 824 5388 et.
860 5284 1014 5388 αφά
1034 5288 1252 5388 Ibo-rum
1276 5296 1508 5388 item
1547 5285 1576 5388 ι
1600 5286 1728 5354 και.
1749 5281 2254 5388 Δειςιιιιξφιηιξῖξίιιις
2310 5281 2629 5378 eam
2660 5281 3069 5383 nemine
3094 5281 3869 5388 amttmiaat...

655 5378 837 5435 verbis
879 5376 1230 5448 principalem
1275 5372 1416 5432 inter
1445 5371 1659 5433 αξιοι-Δ
1705 5371 1849 5434 tenet
1884 5380 2104 5437 locum?
2138 5399 2209 5425 -‘

540 5548 544 5552 ν
657 5467 819 5524 Suo.
849 5467 1124 5531 Pramus,
1154 5467 1364 5547 quiain
1385 5466 1510 5541 ipsa
1537 5484 1751 5544 sumus,
1783 5471 2205 5543 dumioquimur

659 5559 728 5613 de
751 5559 1020 5627 praeterito
1046 5566 1101 5614 et
1128 5555 1326 5612 ititura.
1351 5555 1420 5611 Et
1446 5573 1474 5611 a
1503 5563 1750 5628 praesenti
1777 5561 2044 5617 ducuntur
2070 5582 2215 5634 pm,

731 5685 756 5714 ι
791 5670 1201 5742 Salmcophancs
1230 5669 1544 5740 indulgentia
1575 5674 1753 5729 saeculi
1781 5675 1874 5729 illi.
1906 5675 2129 5734 lissam.

2359 1874 2457 1929 Fu.
2492 1875 2576 1930 An
2626 1877 2684 1931 in
2721 1879 2972 1935 omnibus
3007 1884 3184 1938 verbis
3221 1885 3338 1940 haec
3369 1885 3616 1956 qninaria
3655 1895 3864 1958 tempo-
3911 1920 3915 1922 -

2292 1983 2412 2022 rum
2463 1968 2658 2024 divisio
2703 1969 3018 2026 invenitur?
3057 2003 3128 2014 ---
3177 1973 3342 2034 Suo.
3382 1978 3518 2032 Non.
3555 1979 3692 2046 Quia
3737 1985 3864 2035 s’unt

2291 2059 2466 2113 verba
2487 2073 2606 2127 quae
2640 2060 2906 2117 ratione.
2937 2071 3245 2134 temporum
3277 2081 3380 2121 non
3405 2077 3664 2134 ‘servant,
3691 2079 3751 2124 ut
3777 2071 3861 2125 in-

2291 2157 2540 2211 chaativa
2569 2159 2734 2214 verba
2773 2160 2827 2212 in
2863 2161 3010 2214 anni
3049 2163 3324 2231 praeterito
3353 2161 3594 2234 perfecto
3623 2171 3678 2218 et
3705 2162 3857 2233 plus-

2292 2248 2695 2318 quamperi‘ecto
2741 2249 3019 2305 deﬁciunt.
3061 2254 3191 2307 item
3230 2255 3410 2308 omnia
3447 2254 3858 2324 impersonalia,

2291 2355 2410 2410 qua:
2447 2355 2477 2393 a
2516 2354 2574 2394 se
2609 2349 2930 2406 nascuntur,
2969 2342 3023 2396 in
3061 2341 3238 2398 futuro
3276 2327 3524 2397 inﬁnitivi
3570 2342 3860 2408 deﬁciunt,

2291 2438 2352 2483 ut
2374 2432 2633 2493 pwnitere,
2659 2434 2990 2501 paenituisse;
3015 2442 3070 2487 et
3092 2434 3348 2504 pleraque
3375 2443 3567 2489 neutra
3596 2435 3651 2489 in
3679 2434 3861 2490 intum

2287 2519 2540 2580 inﬁnitivi
2588 2522 2874 2588 deﬁciunt,
2921 2530 2981 2575 ut
3018 2524 3240 2587 horrea,
3286 2526 3534 2590 horrere,
3577 2526 3862 2581 horruisse.

2292 2608 2428 2663 Nam
2459 2611 2702 2678 pamitum
2737 2612 2814 2665 ire
2853 2627 2957 2666 non
2993 2613 3221 2668 dicimus
3243 2654 3256 2679 ,
3295 2624 3401 2668 etc.
3587 2608 3590 2611 ’

2365 2695 2504 2752 Sunt
2538 2713 2752 2766 quoque
2785 2701 2948 2755 verba
2982 2717 3104 2770 quae
3141 2702 3469 2770 prmteritum
3507 2709 3720 2772 tempus
3753 2718 3862 2765 non

2290 2788 2523 2852 habent,
2553 2790 2656 2843 nisi
2685 2805 2752 2845 ex
2778 2791 2899 2847 aliis
2926 2802 3210 2848 sumantur
3239 2792 3404 2866 [Hs.,
3429 2794 3712 2868 sumatur]
3743 2811 3868 2852 ver-

2293 2879 2408 2939 bis.
2439 2891 2499 2933 ut
2531 2884 2764 2951 percutio
2784 2924 2799 2948 ,
2823 2886 3100 2952 percussi:
3131 2883 3267 2940 ferio
3296 2901 3403 2944 non
3433 2886 3598 2941 habet
3623 2888 3869 2956 praeteri-

2295 2978 2442 3034 tum,
2483 2971 2584 3025 nisi
2625 2971 2806 3035 dicas,
2839 2976 3089 3043 percussi.
3121 2973 3213 3029 Sic
3241 2985 3444 3041 statua,
3470 2979 3672 3043 statui;
3707 2980 3869 3045 sisto,

2293 3060 2453 3114 statui
2476 3077 2496 3123 ;
2518 3060 2751 3115 sustolle
2771 3102 2786 3126 ,
2825 3063 3015 3116 sustuli
3035 3081 3053 3128 ;
3091 3071 3147 3118 et
3183 3065 3409 3133 su/I'era,
3441 3067 3634 3120 sustuli
3657 3084 3675 3132 ;
3705 3067 3833 3123 tollo
3854 3107 3870 3136 ,
3898 3108 3906 3115 ς

2289 3150 2437 3216 tuli;
2466 3161 2520 3206 et
2549 3151 2679 3220 fero,
2712 3153 2836 3221 fers,
2871 3153 3001 3221 fert,
3033 3155 3128 3207 tuli
3156 3154 3325 3223 facit;
3356 3157 3584 3222 insanio,
3613 3158 3870 3222 insanivi‘,

2298 3245 2353 3290 et
2380 3239 2525 3306 furca
2561 3241 2817 3304 insanivi;
2854 3247 3027 3308 cerno,
3057 3245 3217 3310 crevi,
3247 3256 3302 3300 et
3329 3263 3524 3311 cresco,
3551 3249 3692 3302 crevi
3721 3247 3869 3303 facit.

2299 3327 2428 3384 item
2460 3345 2672 3399 quoque
2699 3331 3004 3387 inchoativa
3036 3342 3090 3388 et
3126 3335 3438 3390 meditativa
3467 3348 3778 3396 non-solum
3817 3340 3873 3394 in

2297 3424 2569 3492 praeterito
2591 3463 2607 3488 ,
2644 3425 2737 3479 sed
2771 3425 2933 3480 etiam
2974 3426 3026 3479 in
3064 3425 3242 3482 futuro
3282 3428 3533 3483 inﬁnitivi
3568 3428 3868 3485 deﬁciunt:

2298 3522 2581 3583 tepescere,
2612 3515 2895 3583 parturire.
2926 3514 3060 3569 item
3095 3518 3279 3571 verbis
3317 3518 3372 3572 in
3409 3536 3470 3573 ar
3504 3518 3876 3580 desinentibus

2304 3605 2497 3658 desunt
2545 3613 2788 3674 tempora
2831 3605 3104 3679 prmterita
3148 3590 3434 3674 perfecta/
3432 3606 3452 3679 [
3474 3615 3530 3663 et
3561 3609 3874 3679 plusquam-

2300 3692 2640 3765 perfectum]
2686 3704 2741 3748 et
2789 3683 3028 3763 futurum
3075 3696 3405 3766 conjunctivi
3451 3698 3622 3770 [Hs.,
3652 3701 3875 3771 subjun-

2301 3784 2462 3856 ctivi]
2481 3825 2496 3849 ,
2524 3785 2614 3842 sed
2642 3801 2737 3856 per
2763 3786 3046 3855 participia
3069 3787 3238 3859 [κω
3277 3791 3655 3864 participium]
3681 3792 3705 3864 ί
3729 3808 3896 3861 ιιι-ωι-

2304 3875 2448 3928 teriti
2476 3875 2770 3947 temporis]
2800 3883 2854 3929 et
2883 3879 3106 3932 verbum
3136 3880 3534 3934 substantivum
3563 3898 3681 3935 sum
3703 3882 3871 3937 decli-

2304 3974 2522 4032 nantur,
2568 3975 2629 4024 ut
2666 3977 2873 4021 amatus
2914 3984 3031 4022 sunt
3055 4009 3072 4031 ,
3120 3967 3327 4024 amatus
3373 3970 3619 4051 fuerant,
3664 3981 3874 4030 amatus

2300 4071 2390 4109 era
2408 4061 2426 4122 ‘,
2453 4063 2547 4111 etc

2595 4147 2597 4150 ‘
2689 4139 2778 4197 DE
2826 4143 3036 4201 MODiS
3083 4141 3480 4204 VERBORUM.

2373 4230 2474 4286 Fn.
2516 4231 2655 4288 Modi
2693 4237 2980 4291 verborum
3011 4238 3140 4308 quid
3173 4236 3307 4310 [ΑΔ.
3335 4239 3426 4308 qui
3453 4250 3501 4292 et
3531 4239 3682 4312 quot]
3713 4241 3874 4296 sunt?

2304 4352 2375 4364 —-
2405 4321 2569 4379 Sua.
2601 4324 2743 4380 Modi
2772 4336 2898 4382 sunt
2921 4328 3148 4383 diversae
3177 4329 3553 4387 inclinationes
3577 4330 3600 4401 |_
3625 4331 3748 4394 Hm,
3781 4332 3874 4386 de—

2229 4426 2278 4489 p
2304 4413 2642 4487 clinationes]
2667 4416 2831 4473 animi
2847 4456 2861 4479 ,
2891 4417 3069 4472 varias
3094 4417 3212 4485 eius
3240 4418 3462 4474 allectus
3490 4420 3871 4483 demonstran-

2305 4510 2405 4557 tes.
2438 4502 2505 4556 Et
2532 4512 2657 4559 sunt
2683 4504 2921 4575 quinque
2943 4524 2956 4559 :
2977 4506 3316 4571 indicativus,
3344 4508 3435 4576 qui
3461 4515 3516 4562 et
3543 4507 3868 4571 deﬁnitivus,

2305 4607 2410 4661 qua
2442 4591 2746 4654 indicamus
2772 4594 2858 4650 vel
2877 4593 3180 4658 ,deﬁnimus
3209 4596 3335 4664 quid
3365 4603 3555 4666 agatur
3585 4596 3671 4676 vel
3700 4595 3871 4664 patia-

2306 4691 2394 4737 tur
2418 4684 2635 4737 a'nobis
2663 4696 2690 4725 ι
2715 4701 2729 4748 ;
2761 4684 2850 4752 qui
2879 4685 2998 4750 ideo
3024 4688 3239 4754 primus
3273 4687 3512 4756 ponitur.
3539 4687 3662 4756 Quia
3697 4685 3874 4755 perle-

2308 4782 2426 4838 ctus
2453 4782 2537 4835 est
2562 4775 2887 4842 personiset
2915 4777 3243 4844 temporibus
3270 4817 3284 4832 .
3312 4786 3366 4834 et
3395 4777 3485 4838 alii
3514 4777 3664 4836 modi
3693 4793 3770 4832 ex
3803 4791 3872 4833 eo

2309 4863 2543 4931 regulam
2569 4873 2814 4923 sumunt.
2851 4865 2946 4919 Vel
2982 4866 3132 4934 quod,
3156 4881 3223 4922 ex
3257 4883 3321 4925 eo
3352 4869 3633 4944 participia
3666 4865 3754 4932 vel
3775 4885 3872 4931 no-

2309 4949 2452 5004 mina
2487 4954 2571 5011 vel
2599 4955 2765 5020 verba
2805 4947 3159 5020 derivantur;
3194 4965 3256 5013 ut
3292 4973 3322 5016 a
3358 4960 3526 5023 duca,
3560 4960 3762 5018 ducens
3786 4963 3869 5032 ἕρ

2309 5038 2439 5095 duxi
2466 5044 2658 5097 ductus
2680 5083 2697 5107 ,
2724 5055 2778 5101 et
2806 5045 2916 5100 dux
2942 5059 2957 5097 :
2987 5060 3019 5107 a
3049 5031 3216 5108 ferveo
3238 5087 3252 5110 ,
3297 5046 3540 5105 fervens.
3588 5031 3868 5113 tenvem.
3936 5109 3940 5112 .

2309 5127 2505 5185 fervor.
3015 5157 3026 5168 τ

2377 5193 2917 5295 mmmam»
2953 5233 3061 5288 est.
3102 5241 3210 5295 quo
3246 5210 3572 5298 imperamus
3589 5217 3763 5296 aliis.
3806 5238 3869 5282 ut

2310 5400 2328 5471 [
2354 5417 2447 5470 per
2476 5403 2575 5476 se]
2605 5402 2828 5459 alterius
2864 5404 3064 5476 indiget
3095 5410 3269 5480 partis
3307 5410 3376 5463 ad
3415 5409 3862 5480 signiﬁcandum:

2307 5497 2362 5545 ἐι
2390 5494 2530 5554 ideo
2558 5496 2864 5552 secundum
2897 5499 3276 5555 rencs-hama
3312 5499 3380 5555 in.
3418 5500 3720 5557 modis.'lt
3761 5500 3867 5558 hac

2307 5591 2524 5660 orantes
2875 5587 3077 5640 utimur
3099 5604 3113 5652 ;
3139 5593 3202 5640 et
3225 5605 3239 5641 :
