4266 6198
1506 215 1943 272 DIDASCALICA
1955 255 1967 268 .
2009 247 2077 258 —
2112 214 2585 271 GRAMMATICA.

3562 218 3664 272 88!

512 317 613 378 Fu.
639 280 777 389 Quid
795 329 972 377 tamen
993 323 1158 378 distat
1178 325 1336 390 inter,
1357 327 1658 391 amandum,
1682 330 1926 390 amando,
1949 337 2004 382 et
2033 339 2080 397 Α
2097 326 2324 398 iungere
2351 325 2458 382 sibi
2488 326 2588 382 nisi
2623 327 2858 390 tertiam,
2883 336 2964 388 ut,
2982 335 3043 380 tu
3074 337 3120 381 et
3149 327 3234 381 ille
3259 327 3450 384 facitis.
3488 327 3667 382 Tertia

446 419 697 474 metum,
722 418 900 464 amata
913 411 940 464 2
957 441 1023 453 -—
1043 410 1208 472 Suo.
1243 411 1393 480 Quod
1413 415 1700 487 amandum
1717 416 2010 471 necessita-

446 509 555 580 tem
591 501 792 556 amoris
827 501 1124 574 significat;
1158 514 1389 562 amatum
1427 507 1638 574 initium
1672 509 1891 564 amoris.
1923 508 2010 563 Si-

445 591 646 647 militer
695 591 922 646 amando
960 593 1014 648 in
1067 593 1186 664 ipso
1219 608 1430 662 amore;
1482 607 1661 652 amata
1712 613 1813 667 pro
1861 613 2010 653 ama-

446 683 614 748 tione,
637 682 692 738 id
710 691 816 748 est,
841 698 944 754 pro
978 685 1094 753 ipsa
1121 701 1182 741 re
1204 686 1512 758 accipitur.
1910 751 1913 755 _

515 771 614 826 Fs.
637 770 844 828 Passivi
883 762 1036 846 [Εᾶη
1069 775 1291 848 passim]
1318 777 1531 847 regulas
1565 779 1741 848 pande
1758 778 1917 835 mihi.
1941 809 2012 819 —-

447 859 613 918 Suo.
655 861 890 917 Pandam
914 863 1168 930 breviter,
1192 881 1261 920 ne
1278 865 1534 936 prolixior
1559 867 1684 931 sim,
1705 883 1866 937 quam
1886 868 2013 923 huic

445 953 775 1023 puerililndo
799 953 989 1010 deceat
1004 954 1118 1026 (Sic
1141 956 1312 1028 παι).
1343 955 1512 1014 Omne
1531 960 1805 1028 passivum
1829 973 1898 1014 ex
1925 974 2014 1015 ac-

447 1042 561 1098 tivo
595 1042 740 1116 [suo]
776 1043 850 1099 sit
888 1045 1088 1115 ubique
1137 1060 1238 1116 per
1287 1061 1474 1102 omnes
1505 1045 1925 1119 coniugationes.
1965 1046 2012 1104 0

447 1130 600 1189 ﬁnita
627 1131 712 1188 vel
737 1149 788 1187 ut
822 1132 876 1187 in
913 1135 1105 1190 activis
1133 1143 1372 1206 tempore
1395 1138 1646 1206 praesenti
1667 1145 1722 1193 et
1742 1139 2016 1207 praeterito

448 1221 786 1292 imperfecto,
825 1232 882 1279 et
928 1215 1111 1280 futuro
1159 1235 1443 1281 assumunt
1485 1243 1514 1279 r
1560 1227 1614 1281 in
1652 1228 1910 1298 passivis,
1955 1235 2018 1282 ut

450 1306 641 1382 μω,
691 1311 876 1385 amor]
927 1314 1164 1379 amatio,
1199 1314 1450 1381 ornabor;
1503 1325 1715 1394 amato,
1773 1327 2014 1383 amator;

447 1412 663 1457 amanto
685 1443 703 1469 ,
763 1413 1046 1477 amanter;
1110 1407 1384 1472 amabam,
1437 1403 1688 1473 amabat;
1743 1425 1972 1464 amarem
1999 1449 2014 1474 ,

449 1506 689 1558 omarer;
749 1509 935 1556 amem,
977 1511 1162 1561 amer;
1198 1496 1388 1567 legam,
1431 1496 1595 1568 legar,
1643 1507 1747 1555 etc.
1796 1499 2016 1556 Caetera:

450 1597 696 1654 personae
745 1585 1039 1643 secundum
1094 1587 1374 1658 pradictas
1426 1587 1637 1660 regulas
1688 1590 1850 1644 trium
1892 1606 2021 1646 con—

2104 429 2236 470 vero
2270 428 2373 469 nec
2403 414 2632 484 primam
2665 429 2763 470 nec
2815 415 3126 480 secundam,
3173 415 3264 471 sed
3303 415 3524 470 alteram
3563 425 3674 472 ter-

2107 506 2256 568 tiam,
2307 512 2388 568 ιιι,
2431 504 2530 559 ista
2572 514 2621 558 et
2661 504 2750 559 ille
2788 505 3007 572 faciunt.
3049 505 3104 560 ln
3142 506 3468 576 imperativis
3499 507 3668 576 prima

2107 607 2339 663 persona
2365 593 2652 662 singularis
2677 608 2782 648 non
2805 583 2989 664 potest
3020 610 3158 659 esse,
3185 596 3311 664 quia
3354 595 3673 651 naturaliter

2108 683 2398 752 imperans,
2426 683 2495 737 ab
2521 696 2586 737 eo
2606 682 2693 737 cui
2715 681 2944 752 imperat
2969 683 3244 737 dividitur.
3278 682 3486 738 lnlinita
3511 681 3670 757 [Ms.,

2109 771 2394 846 lnﬁnitiva]
2418 788 2634 844 quoque
2653 782 2711 830 et
2733 774 3108 846 impersonalia
3131 785 3186 831 et
3209 775 3467 848 gerundia
3487 784 3674 833 carent

2111 861 2426 918 naturaliter
2449 865 2713 932 personis.

2687 1001 2774 1057 DE
2811 1001 3119 1059 NUMERO.

2184 1110 2280 1164 Fn.
2324 1109 2614 1166 Numerum
2659 1112 2839 1167 verbis
2869 1112 3211 1170 accedentem
3243 1111 3394 1184 [ιιι.
3433 1115 3678 1170 acciden-

2116 1197 2246 1271 tem]
2276 1198 2475 1269 panch
2499 1229 2568 1238 --
2597 1198 2761 1255 Suo.
2799 1198 3063 1256 Numerus
3093 1202 3408 1273 singularis,
3452 1210 3512 1257 ut
3542 1202 3677 1274 (ego,

2113 1286 2355 1358 pluralis,
2403 1296 2461 1341 ut
2497 1287 2734 1358 legimus,
2785 1289 2993 1346 accedit
3026 1290 3193 1345 verbo
3222 1291 3384 1346 veluti
3427 1293 3678 1348 omnibus

2115 1376 2356 1446 partibus
2375 1378 2676 1434 casualibus
2705 1396 2718 1432 :
2749 1379 2843 1434 sed
2868 1379 2921 1433 in
2951 1380 3117 1434 verbo
3141 1381 3239 1436 sub
3257 1398 3362 1436 una
3390 1397 3520 1438 voce
3540 1399 3680 1438 nun-

2118 1484 2281 1539 quam
2307 1469 2595 1540 singularis
2621 1477 2676 1524 et
2712 1469 2936 1541 pluralis
2967 1469 3238 1526 invenitur
3267 1488 3523 1528 numerus
3546 1473 3684 1528 sicut

2120 1559 2173 1612 in
2201 1558 2410 1613 eazteris
2433 1559 2698 1632 partibus,
2729 1567 2786 1614 ut
2809 1558 2943 1624 dies,
2973 1577 3072 1625 res,
3109 1561 3470 1617 nominativus
3497 1563 3682 1634 singu-

443 1647 780 1742 iugatio-num
830 1647 1112 1742 punge-nu;
1170 1679 1426 1746 temporis
1476 1647 1828 1734 aedium”.
1885 1679 2018 1734 Nam
2051 1681 2095 1741 Β
2121 1648 2251 1746 laris
2285 1657 2339 1746 et
2381 1647 2648 1746 pluralis-z-
2677 1649 2786 1746 isti2
2821 1649 3164 1746 illa-dativus
3191 1651 3569 1746 singularis
3595 1668 3686 1707 no-

452 1761 685 1817 secunda
725 1777 952 1833 persona
982 1764 1037 1818 in
1077 1765 1148 1819 ris
1184 1765 1268 1820 vel
1307 1765 1362 1820 in
1405 1783 1458 1819 re
1496 1766 1718 1832 desinit,
1766 1768 1922 1823 tertia
1963 1769 2019 1823 in

452 1859 572 1917 tur;
623 1861 677 1908 et
717 1854 891 1925 prima
930 1855 982 1909 in
1022 1855 1211 1926 plurali
1243 1857 1294 1912 in
1333 1873 1468 1921 mur,
1516 1859 1746 1914 secunda
1778 1859 1832 1914 in
1869 1859 2016 1922 mini,

455 1943 615 1999 tertia
643 1943 697 1999 in
723 1954 862 2001 ritur.
894 1944 1144 2002 Omnium
1168 1949 1448 2005 modorum
1467 1952 1794 2018 praeteritum
1825 1949 2017 2022 [Edil..

453 2032 668 2107 pater]
698 2035 990 2104 perfectum
1014 2041 1070 2093 et
1104 2039 1683 2107 plusquamperfectum
1720 2049 1775 2096 et
1804 2040 2021 2109 subjun-

453 2122 840 2201 ctivifuturum
876 2142 974 2197 per
997 2129 1621 2203 participiumpreteriti
1649 2132 1930 2200 temporis,
1967 2138 2021 2185 et

453 2229 571 2266 sum
597 2213 947 2282 subjectivum
973 2219 1193 2274 verbum
1216 2221 1709 2295 declinatur,287
1738 2231 1796 2278 ut
1813 2231 2020 2278 natatus

454 2324 594 2372 cura,
620 2308 701 2363 vel
724 2309 803 2380 fui
828 2330 839 2363 :
868 2323 1073 2368 amatur
1116 2331 1281 2379 eram,
1313 2315 1395 2370 vel
1438 2315 1660 2385 fueram.
1703 2314 2016 2386 Optativus:

455 2407 660 2452 amatus
685 2416 848 2454 “rem
873 2401 952 2456 vel
981 2402 1212 2472 fuissem.
1238 2403 1614 2474 Subjunctivus
1645 2424 1658 2459 :
1687 2417 1892 2460 amatus
1923 2407 2021 2460 sim

455 2485 539 2540 vel
562 2478 782 2556 fuerim;
804 2504 964 2543 essem
992 2491 1074 2545 vel
1102 2491 1332 2560 fuissem.
1367 2492 1626 2549 Futurum
1655 2512 1666 2546 :
1707 2505 1910 2548 amatus
1934 2510 2021 2548 ero

456 2574 540 2629 vel
568 2575 736 2645 fuero.
762 2577 979 2634 Passiva
1003 2582 1305 2651 imperativi
1341 2583 1587 2639 seciinda:
1615 2599 1856 2655 persona:
1885 2598 2023 2654 pra:-

455 2667 625 2720 sentis
651 2665 952 2742 [temporis]
991 2672 1045 2726 in
1082 2675 1227 2730 omni
1253 2674 1622 2746 conjugationc
1648 2675 1850 2730 similes
1889 2676 2023 2730 acti-

454 2755 537 2810 vis
557 2755 853 2823 infinitivis,
883 2770 941 2815 ut
968 2764 1370 2826 amaregdocere
1425 2765 1614 2835 legere,
1653 2765 1855 2833 audire,
1892 2757 2024 2836 pen-

457 2846 646 2902 ultima
677 2847 852 2920 longa,
876 2852 977 2905 nisi
1007 2853 1163 2907 tertia
1189 2859 1579 2932 ecquandone.
1609 2855 1787 2910 Tertia
1813 2872 1937 2912 vero
1965 2857 2021 2911 in

455 2945 529 2992 tu:
566 2940 712 3004 erit,
754 2942 924 3010 prima
962 2941 1182 3013 pluralis
1227 2947 1281 2999 in
1315 2957 1454 3000 mur.
1495 2948 1725 3002 secunda
1774 2947 1826 3000 in
1859 2946 2017 3013 mini,

2121 1738 2408 1794 minativns
2458 1739 2699 1810 pluralis.
2753 1738 3043 1794 Sciendum
3091 1755 3302 1810 quoque
3347 1748 3429 1795 est
3481 1740 3606 1806 tibi,
3650 1757 3685 1796 o

2120 1829 2359 1896 France,
2400 1830 2542 1901 quod
2581 1845 2913 1900 quaecunque
2943 1832 3103 1886 verba
3142 1833 3385 1902 personis
3412 1833 3682 1899 deficiunt,

2121 1934 2333 2000 semper
2376 1929 2431 1976 et
2474 1935 2699 1975 numero
2727 1919 2990 1976 defectiva
3031 1920 3185 1986 ﬁunt,
3213 1929 3273 1978 ut
3310 1922 3686 1993 impersonalia

2119 2018 2175 2064 et
2222 2009 2506 2065 inlinitiva.
2547 2010 2672 2066 ideo
2715 2011 3126 2096 pronominibus
3174 2003 3372 2066 additis
3411 2022 3691 2068 assumunt

2119 2115 2378 2170 personas
2419 2107 2474 2154 et
2511 2115 2784 2166 numeros,
2835 2109 2912 2166 ut,
2961 2097 3149 2171 legitur
3190 2117 3224 2154 α
3258 2116 3362 2166 me,
3407 2116 3440 2155 α
3478 2099 3622 2155 nobis
3668 2113 3686 2152 :

2121 2187 2286 2260 legere
2313 2200 2361 2244 te
2384 2189 2516 2255 uolo,
2547 2199 2602 2246 et
2632 2189 2798 2262 legere
2823 2207 2918 2259 eos
2938 2190 3071 2246 volo.

2191 2302 2288 2357 Fu.
2324 2301 2431 2359 Sed
2473 2303 2599 2375 quia
2637 2303 2901 2360 defectiva
2947 2319 3069 2358 esse
3112 2305 3275 2360 verba
3327 2305 3687 2370 introduxisti,

2122 2393 2300 2448 subito
2343 2390 2607 2448 defectiva
2645 2406 2742 2463 per
2777 2391 2985 2462 singula
3025 2391 3324 2447 accidentia
3351 2407 3485 2463 opus
3518 2393 3689 2449 habeo

2106 2491 2182 2550 ..ιιι
2199 2483 2404 2554 pandas
2421 2483 2570 2549 mihi,
2585 2484 2817 2540 maxime
2837 2483 2960 2566 quia
2977 2483 3216 2548 Donatus
3231 2484 3488 2557 magister
3509 2493 3692 2540 noster
3755 2497 3758 2499 λ

2122 2575 2238 2630 haec
2261 2575 2414 2632 valde
2441 2577 2668 2632 obscure
2692 2584 2748 2631 et
2784 2576 3020 2632 breviter
3051 2576 3243 2647 tetigit.
3273 2603 3346 2616 -—-
3377 2574 3542 2631 Sno.
3575 2575 3689 2630 Non

2123 2681 2240 2722 sum
2270 2668 2365 2722 tibi
2391 2667 2601 2723 debitor
2637 2665 3113 2726 irrationabilium.
3153 2667 3246 2722 sed
3275 2665 3688 2729 rationabilium.

2121 2764 2384 2812 eteorum
2410 2771 2529 2826 quin
2554 2755 2750 2826 regulis
2779 2753 3110 2823 subiaceant.
3142 2753 3414 2820 Attamen,
3444 2755 3522 2809 uti
3551 2755 3692 2810 scias

2123 2863 2230 2904 non
2257 2862 2341 2902 me
2376 2847 2693 2903 invidiosum
2724 2861 2842 2902 esse
2872 2846 2925 2900 in
2955 2855 3035 2912 te,
3069 2847 3210 2901 sicut
3234 2861 3334 2902 nec
3362 2855 3416 2902 te
3444 2844 3690 2902 fastidio-

2123 2952 2240 2991 sum
2268 2937 2526 3009 intelligo,
2566 2938 2794 3006 pandam
2835 2937 3013 3005 aliqua
3048 2951 3116 2991 es
3157 2935 3279 2991 illis.
3318 2935 3511 3005 Tribus
3546 2920 3692 2991 enini

457 3027 622 3101 [quod
658 3031 710 3087 in
749 3029 1037 3092 indicativo
1061 3045 1114 3092 et
1153 3036 1466 3108 imperativo
1492 3038 1736 3094 similiter
1758 3037 2024 3108 profertur
2050 3015 2096 3078 (ἶ
2128 3044 2142 3081 |

2005 3054 2024 3092 ιι
2050 3015 2096 3078 C
2128 3027 2298 3083 modis
2325 3016 2510 3091 verba,
2537 3027 2616 3081 vel
2643 3027 2794 3098 μη,
2817 3025 2987 3098 velut]
3023 3027 3143 3081 alia:
3177 3036 3360 3096 partes
3385 3024 3566 3098 [fiunt]
3596 3025 3690 3079 de-

459 3117 653 3189 (Edit.,
682 3122 823 3191 quod
857 3125 1202 3193 imperativus
1239 3137 1292 3181 et
1315 3128 1612 3182 inﬁnitivus
1636 3128 1884 3183 similiter
1908 3143 2028 3198 pro-

459 3209 756 3285 feruntur)]
791 3213 844 3268 in
881 3215 1053 3283 prima
1086 3215 1476 3288 conjugatione.
1510 3217 1692 3271 Tertia
1714 3216 1933 3295 pluralis
1971 3217 2030 3271 in

459 3302 651 3372 prima,
700 3305 752 3359 in
793 3315 976 3372 eatur;
1005 3307 1124 3364 aliis
1176 3309 1230 3363 in
1270 3318 1426 3362 antur
1448 3327 1465 3362 :
1499 3317 1554 3362 et
1583 3307 1745 3366 (nutri
1777 3308 2029 3378 temporis

461 3398 692 3452 secunda
723 3413 951 3468 persona
981 3399 1035 3454 in
1061 3410 1159 3463 tor,
1189 3407 1245 3455 et
1286 3402 1444 3456 tertia
1487 3401 1542 3456 in
1575 3409 1664 3455 tur
1684 3413 1706 3451 .·
1732 3408 1784 3455 et
1809 3399 2029 3470 pluralis

460 3486 629 3553 prima
653 3488 705 3542 in
731 3504 816 3555 ur,
838 3497 890 3542 et
909 3490 1144 3546 secunda
1167 3491 1223 3546 in
1245 3493 1432 3556 minor,
1457 3499 1511 3546 et
1543 3495 1698 3545 tertia
1729 3492 1781 3545 in
1809 3503 1945 3555 mor,
1968 3499 2027 3543 ut

461 3591 656 3639 ornare,
689 3573 925 3643 ametur;
959 3597 1214 3647 amemur,
1249 3584 1561 3646 amaminor,
1590 3592 1824 3636 amentor
1851 3598 1870 3636 :
1893 3598 2028 3635 ame-

460 3673 562 3726 tor,
594 3673 829 3728 ametur;
851 3682 1104 3732 amemur,
1133 3671 1438 3733 ameminor,
1473 3680 1726 3723 amentor.
1762 3669 2027 3726 Infinitiva

461 3755 672 3823 passiva
695 3771 907 3826 semper
924 3757 975 3810 in
991 3757 1009 3810 i
1020 3759 1299 3827 praesentis
1316 3760 1662 3829 temporis,ut
1675 3760 1862 3825 antari,
1877 3761 2028 3815 doce-

462 3859 529 3909 ri,
548 3845 663 3915 legi,
680 3845 874 3900 audiri.
890 3843 958 3901 Et
977 3849 1308 3918 pmteritum
1318 3865 1413 3920 per
1431 3850 1770 3922 participium
1785 3849 2028 3906 neutrale

460 3941 516 3984 et
529 3949 638 4011 me
659 3934 740 3989 vel
761 3934 940 4004 fuisse,
963 3946 1020 3992 ut
1039 3938 1246 3993 doctum
1267 3957 1374 3994 esse
1389 3941 1471 3996 vel
1496 3942 1674 4012 fuisse.
1702 3941 1769 3998 Et
1790 3941 2027 3996 futurum

463 4023 518 4076 in
553 4018 642 4085 iri,
689 4031 750 4076 ut
789 4033 1020 4080 amatum
1052 4029 1140 4083 iri.
1178 4025 1315 4085 Ecce
1363 4029 1557 4097 habes,
1604 4030 1836 4095 France,
1885 4031 2027 4101 quod

463 4113 732 4181 quasistl;
774 4114 868 4168 sed
917 4124 1008 4171 tua
1053 4119 1338 4176 curiositas
1377 4130 1431 4178 te
1468 4122 1596 4178 facit
1640 4139 1743 4179 non
1792 4132 2051 4177 amatum‘

463 4200 551 4256 iri.

531 4291 628 4348 Fs.
656 4292 873 4367 NerJua
903 4303 953 4351 te
977 4296 1172 4352 indivia
1197 4311 1407 4370 gratum
1427 4302 1510 4357 iri.
1537 4334 1607 4344 -—
1629 4304 1792 4359 Suo.
1825 4304 2020 4359 Caute!

2126 3117 2366 3182 fectivae;
2403 3127 2495 3172 aut
2527 3126 2740 3182 natura:
2775 3118 3116 3182 necessitate,
3155 3126 3248 3172 aut
3288 3117 3514 3174 fortuna:
3543 3133 3696 3180 casu,

2127 3211 2209 3266 vel
2235 3208 2543 3266 diil'crentia:
2568 3223 2750 3265 causa.
2782 3208 2994 3264 Naturae
3017 3209 3355 3272 necessitate,
3383 3217 3462 3272 ut,
3487 3209 3532 3262 si
3561 3209 3691 3262 veli-

2125 3317 2246 3356 mus
2293 3302 2646 3357 mascnliuutn
2695 3301 2875 3360 dicere
2923 3301 2991 3356 ab
3044 3318 3125 3363 eo,
3161 3302 3303 3370 quod
3343 3300 3470 3372 [est]
3507 3311 3689 3369 nupta,

2127 3401 2313 3462 nupta
2357 3404 2375 3442 :
2425 3391 2568 3446 vela
2598 3405 2882 3462 puerpera,
2925 3408 3228 3468 puerperas,
3272 3401 3535 3464 repugnat
3581 3393 3693 3461 ipsa

2127 3497 2304 3538 rerum
2334 3492 2527 3538 natura
2559 3502 2573 3538 :
2602 3481 2685 3537 vel
2714 3483 3131 3538 inconsonantiae
3166 3499 3359 3548 causa;
3393 3492 3467 3548 ut,
3499 3483 3541 3538 si
3569 3484 3695 3536 veli-

2127 3591 2244 3636 mus
2257 3591 2286 3633 a
2301 3590 2490 3635 cursor
2501 3577 2725 3630 curari:
2747 3574 2927 3630 facere
2948 3574 3261 3628 femininum
3272 3615 3285 3636 ,
3300 3576 3442 3628 sicut
3467 3591 3496 3627 a
3521 3575 3694 3628 victor

2125 3665 2336 3729 uictrix,
2365 3664 2711 3718 inconsonum
2733 3662 2880 3734 [est].
2910 3663 2967 3716 In
2995 3660 3222 3716 fortuna
3249 3677 3399 3726 casu,
3434 3662 3688 3716 inusitata

2125 3761 2180 3806 et
2207 3753 2379 3822 turpia
2407 3753 2670 3812 vitantur,
2713 3759 2768 3805 et
2791 3751 2987 3820 quibus
3014 3760 3266 3804 auctores
3296 3765 3399 3804 non
3432 3759 3689 3814 utuntur;

2126 3844 2396 3921 quomodo
2427 3859 2456 3896 a
2492 3843 2558 3896 do
2605 3842 2702 3896 dor
2739 3841 3031 3903 secundum
3071 3841 3308 3912 regulam
3342 3840 3448 3896 dici
3486 3841 3688 3910 potuit;

2125 3936 2220 3990 sed
2264 3935 2391 4008 quia
2440 3935 2492 3988 in
2535 3933 2843 3989 auctoribus
2889 3947 2995 3987 non
3039 3933 3331 3995 invenitur,
3385 3945 3693 3986 recusamus

2123 4026 2323 4084 dicere.
2365 4025 2688 4080 Diﬂ‘erentiue
2722 4040 2933 4096 quoque
2960 4040 3119 4078 causa
3157 4025 3385 4092 plurima
3429 4024 3696 4086 vitantur,

2128 4127 2206 4182 et,
2233 4117 2362 4185 fero,
2393 4116 2515 4185 fers,
2543 4117 2639 4182 fert
2667 4129 2762 4183 per
2789 4129 3075 4183 syncopam
3114 4114 3228 4168 sine
3257 4115 3272 4166 i
3301 4113 3474 4173 littera
3516 4115 3567 4169 in
3609 4130 3693 4170 se-

2127 4205 2299 4259 cunda
2320 4213 2376 4258 et
2400 4205 2557 4258 tertia
2594 4217 2820 4272 persona
2853 4202 3123 4273 profertur
3143 4243 3157 4267 ,
3187 4220 3252 4257 ne
3279 4205 3322 4259 si
3355 4205 3515 4273 feris,
3550 4205 3691 4272 ferit,

2127 4297 2293 4360 dicas,
2325 4309 2360 4350 a.
2397 4293 2526 4362 ferio
2558 4302 2771 4364 putatur
2816 4295 3019 4349 venire.
3070 4295 3157 4348 Sic
3200 4294 3312 4354 edo.
3353 4313 3427 4357 cs,
3473 4307 3544 4348 es!
3613 4307 3689 4356 et,

461 4399 529 4440 ne
565 4382 748 4441 audiat
767 4357 866 4456 qui
901 4385 1169 4459 ﬂagellare
1198 4357 1360 4447 iam.
1406 4391 1512 4448 Sed
1551 4357 2022 4464 prosequere
2051 4357 2100 4416 D
2127 4357 2285 4452 volo,’
2313 4357 2410 4453 vis,
2443 4357 2573 4451 vult,
2601 4385 2912 4442 dilierentize
2942 4401 3101 4440 causa
3150 4385 3449 4439 anomalam
3494 4385 3692 4440 habent

463 4484 598 4531 tera.

532 4566 628 4622 Pa.
666 4566 737 4623 Ut
770 4583 915 4634 reor,
951 4572 1085 4626 ordo
1123 4573 1476 4630 accidentium
1503 4576 1740 4644 d“poscit
1765 4592 2025 4645 personas

459 4656 748 4712 verborum
778 4656 1123 4730 investigare.
1153 4693 1220 4702 ——
1257 4661 1418 4718 Suo.
1452 4662 1701 4719 Personae
1740 4664 2022 4718 verborum

463 4755 576 4803 tres
612 4756 754 4803 sunt.
786 4747 965 4804 Prima
992 4757 1094 4817 est,
1123 4767 1243 4821 qua
1265 4752 1330 4805 de
1354 4753 1526 4822 seipsa
1556 4753 1791 4822 loquitur
1811 4761 1865 4807 et
1891 4753 2023 4807 alias

462 4838 712 4892 ostendit.
745 4836 1012 4901 Secunda,
1049 4839 1114 4891 ad
1143 4854 1300 4908 quam
1325 4837 1578 4908 loquitur.
1606 4838 1802 4900 Tertia,
1839 4853 1903 4894 oe
1922 4857 2024 4910 qua

469 4919 714 5000 imoitnr.
762 4927 871 4984 Nisi
919 4932 1063 4990 enim
1114 4932 1183 4985 sit
1236 4932 1440 5002 prima,
1489 4945 1604 4998 qua:
1656 4928 1860 4999 profert
1914 4945 2026 4984 ser-

463 5034 692 5082 monem,
725 5022 841 5076 alim
879 5035 998 5078 ea!
1050 5040 1154 5079 non
1190 5034 1428 5095 possunt.
1472 5023 1538 5076 Et
1583 5024 1767 5092 prima:
1808 5022 2024 5091 quidem

463 5114 516 5169 et
559 5114 805 5169 secunda:
857 5117 1147 5172 verberum
1202 5133 1443 5187 persona:
1494 5118 1653 5171 ﬁnita:
1691 5127 1846 5180 sunt;
1889 5133 2025 5186 prze-

464 5213 643 5261 sentes
675 5205 818 5260 enim
861 5205 1252 5262 demonstrant.
1305 5210 1484 5263 Tertia
1517 5225 1643 5264 vero
1670 5207 1873 5263 inﬁnita
1907 5217 2021 5271 est,

465 5298 646 5368 itaque
683 5308 804 5371 eget
849 5298 1163 5370 plerumque
1210 5302 1560 5373 praenomine,
1601 5311 1660 5355 ut
1718 5300 2021 5355 deﬁniatur.

465 5387 530 5441 Et
559 5390 728 5456 prima
783 5390 995 5456 quidem
1037 5396 1213 5460 potest
1253 5381 1352 5444 sibi
1398 5403 1452 5445 et
1497 5395 1785 5446 secundam
1834 5397 1887 5443 et
1925 5399 2027 5444 ter-

470 5474 593 5530 tiam
639 5495 998 5550 conjungere,
1025 5489 1117 5543 ut,
1164 5496 1253 5550 ego
1300 5489 1346 5532 et
1393 5487 1476 5537 tu.
1516 5492 1563 5532 et
1614 5492 1704 5533 nos
1750 5480 2018 5550 facimus;

465 5568 556 5634 ego
591 5579 636 5619 ct
682 5565 768 5622 ilic
800 5572 1037 5638 facinus.
1081 5571 1324 5626 Secunda
1355 5586 1479 5625 vero
1520 5589 1619 5627 non
1647 5569 1865 5644 [potest]
1899 5585 2024 5626 con-

2122 4470 2496 4534 litteraturain.
2546 4478 2610 4530 Et
2653 4477 2764 4532 volo
2813 4476 3129 4529 naturaliter
3166 4476 3480 4543 imperativo
3534 4476 3691 4530 modo

2124 4578 2290 4631 caret,
2323 4569 2445 4634 quia
2481 4568 2733 4634 imperata
2770 4565 3107 4620 necessitatis
3135 4575 3278 4631 sunt,
3315 4582 3419 4622 non
3446 4566 3688 4621 volunta-

2123 4661 2211 4712 tis.
2239 4656 2330 4710 Sic
2358 4656 2461 4725 fac,
2479 4655 2597 4718 duc,
2627 4655 2731 4720 dic,
2755 4656 2852 4726 fer,
2881 4656 3080 4726 placuit
3103 4660 3410 4714 auctoribus
3437 4674 3530 4727 per
3554 4674 3687 4727 apo-

2123 4762 2310 4815 copam
2340 4746 2566 4816 proferri
2599 4746 2906 4801 diﬂ'erentia:
2934 4747 3100 4817 288
3130 4763 3317 4810 causa,
3363 4764 3428 4801 ne
3466 4749 3509 4802 si
3553 4749 3688 4816 face,

2128 4840 2279 4906 duce,
2306 4840 2442 4906 dice,
2468 4840 2592 4909 fere,
2621 4838 2942 4901 diceremus,
2968 4837 3110 4891 aliud
3139 4838 3443 4908 signiﬁcare
3470 4850 3687 4908 putare-

2129 4950 2267 4988 mus.
2316 4933 2446 4987 ltcm
2493 4931 2652 4986 multa
2693 4943 2798 4985 non
2842 4931 3113 4993 dicuntur,
3143 4930 3267 5000 qbia
3297 4932 3351 4985 in
3382 4934 3686 4988 auctoribus

2128 5044 2233 5082 non
2280 5026 2636 5086 inveniuntur,
2670 5022 2734 5076 de
2779 5022 2974 5090 quibus
3018 5039 3115 5092 per
3158 5024 3363 5092 singula
3393 5024 3688 5079 accidentia

2129 5117 2303 5186 aliqua
2333 5125 2434 5169 ture
2461 5115 2686 5183 pandam
2715 5113 2978 5167 aviditati.

2196 5206 2328 5260 Nam
2367 5219 2538 5273 qua’so
2570 5218 2674 5256 non
2718 5205 2878 5258 habet
2907 5203 3039 5258 alios
3072 5203 3256 5257 modos
3299 5202 3398 5256 nisi
3437 5203 3683 5259 indicati-

2129 5310 2279 5358 vum;
2300 5308 2581 5362 personam
2612 5293 2837 5362 primam
2866 5293 2917 5346 in
2945 5301 3165 5360 utroque
3190 5307 3433 5355 numero,
3464 5303 3519 5346 et
3545 5291 3688 5361 [quc-

2126 5385 2270 5457 sere],
2295 5383 2632 5439 inﬁnitivum.
2670 5384 2798 5438 ltem
2834 5391 2946 5435 ovat
2972 5390 3026 5434 et
3055 5382 3190 5449 inﬁt,
3223 5399 3327 5437 non
3359 5383 3553 5438 habent
3581 5383 3682 5438 nisi

2127 5474 2335 5529 tertiam
2360 5488 2674 5545 personam;
2703 5481 2757 5527 ct
2784 5489 2937 5525 ovans
2960 5472 3314 5542 participium.
3342 5473 3467 5526 Item
3491 5471 3680 5535 ausim,

2125 5566 2177 5622 id
2202 5573 2301 5632 est,
2333 5566 2705 5620 auctoritatem
2736 5563 2959 5617 habeam
2987 5579 2996 5614 :
3024 5571 3075 5614 rt
3096 5563 3324 5631 inquam,
3351 5569 3532 5616 contra
3566 5577 3681 5618 ino-
