4266 6192
341 4353 345 4355 Α
452 4287 725 4351 praesens:
756 4278 961 4335 volens.

1490 150 1957 255 DlDASCALlCA.
1996 227 2068 237 —
2103 192 2578 252 GRAMMATICA.
2698 223 2706 237 ι

3522 155 3672 253 ἐδδ

443 317 600 373 Plur.
655 314 994 381 ﬁdebamus,
1039 313 1282 371 edebatis
1303 353 1319 379 ,
1362 308 1612 367 edebant.
1662 306 2076 366 Prwteritum‘A
2099 339 2169 349 —-
2196 306 2360 387 Saxo.
2380 306 2567 385 Vincit
2591 324 2604 360 :
2629 276 2957 378 quapropter
2986 323 3171 413 camus
3202 306 3299 364 via:
3337 307 3481 378 quod
3511 305 3667 380 [Hs.,

439 408 656 482 perfect.
708 406 845 474 Edi,
893 405 1090 473 edisti,
1121 406 1253 462 edit.
1282 403 1439 459 Plur.
1494 402 1743 489 Edimuq,
1790 400 1998 465 edistis,

442 498 671 554 ederunt
689 494 765 552 vel
789 496 970 561 edere.
994 490 1499 566 Plusquamperfect.
1516 490 1767 555 Ederam,
1791 490 2001 555 ederas,

442 588 651 653 ederat.
691 578 900 639 Plural.
925 584 1242 647 Ederamus,
1266 581 1529 660 ‘ederatis,
1558 582 1802 636 ederant.
1833 578 2007 632 Futu-

441 678 582 733 rum.
614 677 805 741 Edam,
825 672 973 743 edes,
995 676 1136 732 edet.
1163 668 1317 728 Plur.
1334 672 1585 734 Edemus,
1606 669 1801 735 edetis,
1822 669 2003 725 edent.
2107 669 2387 738 hucusque
2404 667 2616 724 clausas
2636 667 3015 723 adverbiorum
3038 668 3249 741 regulas
3271 669 3493 727 enuclea
3512 670 3671 726 mihi.
3788 728 3794 734 _

2106 400 2271 466 viam,
2296 395 2440 471 quae]
2467 405 2659 454 restat.

2610 512 2613 515 λ
2640 488 2730 544 DE
2766 486 3133 546 ADVERBIO.
3172 520 3181 535 ε

2176 577 2276 634 Fs.
2320 577 2581 644 Tandem,
2613 575 2779 643 Saxo,
2817 577 2907 633 diu
2938 580 3188 635 obserata
3222 594 3322 635 ora
3349 579 3590 657 reclude,
3619 586 3674 633 et

444 766 811 839 Imperatirus.
842 766 949 832 Es,
970 764 1115 821 edat.
1148 762 1302 819 Plur.
1330 763 1569 820 Edamus
1587 803 1603 828 ,
1631 769 1746 817 este
1763 800 1778 825 ,
1822 752 2004 815 edant'.
2107 790 2181 802 —
2207 758 2369 816 Suo.
2400 758 2642 825 Faciam,
2664 757 2894 815 France.
2922 759 3251 816 Adverbium
3280 769 3366 817 est
3401 776 3528 831 pars
3551 777 3679 816 ora-

444 844 907 920 Ϊιααηιηιέεείο,
931 855 1077 921 edat,
1098 851 1306 908 Plural.
1324 853 1576 917 Edamus,
1606 840 1799 915 estote,
1824 849 2007 912 edant,

442 950 522 1000 vel
546 949 765 1011 edunto,
795 949 1069 1001 eduntote.
1094 944 1384 1015 Optativus.
1408 942 1619 1005 Essem,
1645 953 1814 1006 esses,
1842 945 2008 994 esset.

446 1032 657 1094 Plural.
686 1035 959 1101 Essemus,
982 1036 1202 1112 essetis,
1230 1041 1428 1089 essent.
1456 1029 1759 1115 [Prwterlto
1781 1029 2010 1103 perfecto

442 1140 494 1187 et
514 1128 1061 1204 plusquamperfecto].
1087 1128 1329 1184 Edissem
1349 1168 1366 1193 ,
1390 1127 1615 1189 edisses,
1638 1124 1854 1180 edisset.
1882 1119 2013 1175 Plu-

445 1222 545 1278 ται.
576 1221 908 1287 Edissemus,
931 1219 1198 1285 edissetis,
1224 1219 1483 1279 edisserit.
1506 1213 1782 1289 [Futuro].
1815 1214 2009 1296 Edam,

408 1370 415 1375 .
442 1317 590 1383 edas,
620 1314 765 1371 edat.
797 1309 1006 1368 Plural.
1035 1307 1520 1375 Edamus,edatis,
1547 1306 1729 1361 edant.
1775 1300 2015 1373 Conjun—

443 1405 578 1461 clivo
604 1402 810 1478 [modo]
837 1402 1005 1458 Edam
1026 1442 1042 1467 ,
1083 1400 1219 1455 'edas
1244 1440 1261 1467 ,
1307 1399 1451 1456 edat.
1498 1394 1706 1451 Plural.
1756 1393 2011 1458 Edamus,

443 1493 637 1562 edatis,
668 1490 847 1547 edant.
872 1490 1081 1554 Essem,
1111 1501 1281 1566 esses,
1310 1494 1475 1560 esset.
1488 1481 1709 1539 .Plural.
1734 1482 2007 1544 Essemus,

358 1644 366 1651 ο
441 1581 652 1649 essetis,
675 1584 877 1637 essent.
894 1577 1136 1644 Ederim,
1164 1576 1364 1641 ederis,
1384 1573 1578 1631 ederit.
1612 1570 1823 1627 Plurol.
1871 1569 2013 1625 Ede-

2112 849 2277 905 tionis
2289 863 2503 920 semper
2528 849 2694 904 verbo
2721 849 3028 905 cohaerens:
3052 859 3107 906 et
3134 851 3239 907 boc
3256 854 3367 925 agit
3387 852 3565 908 verbis
3582 853 3678 907 ad.

2110 938 2304 1002 (litum,
2328 939 2472 1009 quod
2496 936 2756 1008 adjectiva
2782 939 2999 994 nomina
3028 941 3363 1011 appellativis
3388 942 3633 1012 adjuncta
3660 983 3673 996 .

2110 1037 2203 1097 ut,
2227 1028 2459 1100 prudens
2484 1027 2641 1083 homo
2664 1027 2950 1097 prudenter
2988 1032 3135 1100 agit,
3182 1030 3310 1100 folia:
3349 1033 3429 1087 vir
3458 1031 3679 1102 feliciter

2113 1119 2255 1175 uiuit.

2182 1207 2282 1263 Fs.
2321 1207 2594 1265 Adverbio
2616 1208 3063 1289 quot‘accidunt?
3083 1240 3155 1293 τ-
3175 1208 3341 1268 Suo.
3364 1211 3489 1267 Tria
3516 1230 3529 1266 :
3559 1228 3680 1282 spe-

2114 1301 2248 1366 cies,
2270 1300 2611 1371 signiﬁcatio,
2635 1300 2831 1373 ﬁgura.
3100 1294 3103 1295 ⁷

2183 1391 2285 1446 Fu.
2325 1390 2573 1462 Speciem
2599 1392 2814 1462 pande.‘
2846 1420 2918 1433 --
2942 1390 3109 1451 Ssxo.
3157 1392 3296 1461 Quia
3341 1404 3468 1451 sunt
3494 1397 3681 1467 primi-

2114 1486 2246 1550 tiva,
2278 1492 2374 1540 aut
2399 1482 2718 1541 derivativa.
2763 1484 3047 1543 Primitiva
3077 1487 3296 1557 quidem
3322 1498 3470 1555 sunt,
3495 1506 3616 1561 qua:
3653 1506 3681 1544 a

2114 1590 2174 1632 se
2198 1573 2385 1648 [ipsis].
2404 1574 2726 1642 nascuntur,
2757 1583 2835 1643 ut,
2886 1593 3013 1643 non,
3067 1578 3165 1641 ita,
3198 1594 3313 1633 ceu.
3353 1577 3682 1646 Derivativa,

444 1672 635 1737 rimus,
666 1667 909 1734 ederitis,
953 1665 1183 1724 ederint.
1222 1658 1487 1726 Edissém,
1518 1662 1743 1726 edisses,
1789 1658 2009 1715 edisset.
2047 1668 2087 1727 Β
2115 1680 2236 1737 qua:
2256 1664 2324 1719 ab
2345 1664 2467 1721 aliis
2486 1664 2758 1721 adverbiis
2784 1675 3102 1734 nascuntur,
3125 1675 3207 1733 ut,
3237 1683 3268 1722 a
3288 1656 3446 1735 clam,
3473 1669 3687 1725 clancu-

444 1758 652 1815 Plurot.
669 1759 1002 1835 Edissemus,
1021 1737 1285 1822 edissetis,
1304 1746 1561 1811 odissent.
1586 1752 1782 1816 Edero,
1808 1750 2009 1817 ederis,

442 1846 636 1905 ederit.
662 1847 813 1903 Plur.
864 1847 1179 1914 Ederimus,
1222 1844 1466 1904 ederitis.
1492 1843 1725 1900 ederint.
1746 1841 2013 1917 ’Inﬁnitiri

397 2044 405 2055 ’
442 2042 572 2081 esse.
612 2024 921 2086 Futurum:
951 2041 1102 2082 esum
1127 2025 1192 2088 iri
1218 2065 1235 2093 ,
1274 2024 1358 2080 vel
1381 2039 1601 2082 esurum
1626 2010 1765 2079 esse.
1812 2022 2014 2093 Imper-

443 2116 623 2173 sonule
659 2134 679 2174 :
722 2118 887 2174 Estur
909 2116 1063 2191 [Hs.,
1113 2110 1316 2190 editur]
1344 2114 1649 2190 [Prwterito
1699 2112 2012 2186 imperfect.]

442 2209 722 2266 edebatur.
773 2206 1076 2283 [Praeterito
1123 2206 1365 2280 perfect.]
1406 2221 1558 2275 esum
1604 2202 1686 2260 est
1711 2247 1726 2270 ,
1762 2203 1842 2260 uel
1890 2202 2011 2258 fuit.

414 2315 418 2319 ⁴
447 2296 748 2369 [PM-107510
761 2293 1277 2371 plusquamperfect.]
1293 2288 1444 2353 esum
1459 2304 1577 2352 erat
1592 2295 1665 2351 vel
1683 2293 1707 2349 ι’
1708 2296 1881 2350 uerat.
1904 2291 2015 2346 Fu-

446 2395 621 2445 turum
645 2386 895 2442 :edetur.
928 2378 1135 2458 Supina
1164 2401 1183 2439 :
1212 2386 1451 2454 Edendi,
1475 2385 1703 2450 edendo,
1727 2384 2011 2440 edendum.

443 2474 636 2542 Esnm,
665 2490 764 2532 esu
798 2475 933 2550 [Al.,
964 2476 1179 2543 Essum,
1213 2476 1382 2550 essu].

523 2564 655 2621 Volo
679 2581 894 2638 quoque
915 2566 1139 2624 verbum
1167 2567 1409 2627 neutrale
1427 2582 1526 2639 per
1543 2554 1813 2639 syncopen
1837 2566 2016 2637 prola-

439 2653 564 2715 tum
593 2659 647 2713 in
668 2658 904 2715 secunda
929 2666 986 2715 et
1002 2658 1055 2714 in
1080 2658 1243 2737 tertia
1262 2670 1512 2731 persona,
1535 2658 1669 2715 etin
1700 2656 2017 2729 imperfecto

449 2744 1208 2821 [lls.,’imperativo]‘dellcit.
1236 2744 1390 2813 Volo,
1425 2747 1527 2811 vis,
1550 2746 1686 2802 vult.
1724 2744 1874 2800 Plur.
1908 2744 2015 2800 Vo-

446 2838 647 2901 lumus,
679 2835 864 2901 vultis,
898 2835 1103 2891 volunt.
1134 2833 1435 2907 Volebam,
1480 2834 1721 2897 volebas,
1778 2833 2012 2908 volebat.

450 2927 604 3006 Plur.
625 2923 961 2995 Volebamus,
984 2923 1266 2987 volebatis.
1291 2922 1561 2981 volebant.
1576 2922 1754 2989 Volui,
1772 2912 2012 2989 voluisti,

2112 1758 2224 1814 lum
2258 1775 2273 1813 :
2302 1765 2359 1814 et
2381 1773 2412 1813 a
2431 1774 2590 1829 prope
2614 1798 2630 1823 ,
2675 1758 2917 1828 propius.
2948 1757 3015 1813 Et
3041 1760 3110 1814 ab
3140 1758 3261 1815 aliis
3298 1762 3544 1830 partibus
3565 1778 3687 1817 ora-

2112 1848 2328 1913 tionis,.
2351 1856 2412 1903 ut
2441 1864 2472 1903 a
2500 1849 2724 1904 nomine
2753 1845 2998 1915 Latinus,
3027 1848 3219 1906 Latine
3243 1867 3257 1904 :
3290 1848 3513 1914 Tullius,
3553 1851 3684 1906 Tul—

332 1957 337 1961 ~
443 1937 595 1992 modi.
616 1946 825 2009 tempus
845 1950 1083 2008 praesens
1127 1956 1142 1993 :
1190 1935 1341 1991 Esse.
1372 1933 1636 1991 Similiter
1658 1932 2007 2011 praeteritum,
2108 1924 2343 2007 lianeJA
2355 1940 2521 1995 verbo
2552 1957 2565 1993 :
2592 1955 2623 1994 a
2641 1956 2824 2010 parco,
2848 1942 3087 2011 parcius.
3112 1941 3155 1996 A
3177 1943 3394 1998 nomine
3410 1952 3465 1999 et
3483 1945 3678 2001 verba:

2111 2045 2141 2085 a
2169 2030 2297 2101 pede
2316 2037 2374 2085 et
2407 2033 2548 2085 tento
2568 2070 2584 2095 ,
2630 2030 2983 2101 pedetentim.
3013 2032 3060 2086 Α
3084 2033 3429 2103 pronomine,
3452 2041 3558 2089 uta
3581 2051 3680 2100 me,

2112 2135 2323 2175 mecum
2348 2107 2500 2191 [ls.,
2525 2119 2791 2194 meatim].
2822 2121 2903 2177 Ab
2924 2120 3017 2176 ille
3034 2130 3090 2178 et
3114 2122 3219 2189 hic,
3252 2123 3378 2179 illic.
3409 2124 3459 2179 Α
3479 2140 3687 2197 μηροο

2115 2210 2327 2271 sitione,
2360 2216 2419 2265 ut
2445 2212 2513 2265 ab
2533 2226 2616 2273 ex,
2644 2218 2827 2267 extra.
2857 2254 2865 2259 .

2182 2299 2274 2356 Fr.
2306 2298 2557 2371 Nunquid
2603 2301 2920 2358 adverbium
2957 2317 3056 2375 per
3100 2302 3161 2360 se
3187 2304 3446 2375 positum
3470 2298 3688 2376 plenum

2114 2398 2292 2460 potest
2333 2391 2533 2447 habere
2589 2392 2843 2449 sensum?
2868 2423 2938 2434 —
2970 2392 3137 2451 Saxo.
3184 2392 3300 2449 Non
3326 2404 3534 2466 potest,
3584 2396 3692 2451 nisi
3800 2398 3803 2399 ⁷

2114 2480 2279 2535 verbo
2305 2479 2389 2535 vel
2431 2481 2716 2552 participio
2747 2481 3009 2559 jungatur
3054 2482 3247 2556 [Edit.,
3289 2484 3566 2558 legatur],
3608 2497 3693 2552 ut,

2115 2568 2241 2623 bene
2266 2568 2400 2638 lego,
2427 2569 2554 2624 bene
2576 2569 2770 2642 legens.

2186 2657 2284 2712 Fu.
2326 2658 2627 2716 Possumne
2668 2659 2788 2717 alia:
2834 2668 3021 2732 partes
3071 2678 3170 2734 pro
3221 2664 3496 2721 adverbiis
3522 2666 3690 2735 poni?

2116 2779 2187 2791 -—
2213 2747 2377 2805 Saxo.
2419 2748 2672 2816 Possunt.
2703 2749 2838 2805 Nam
2871 2752 3089 2808 nomina
3113 2767 3214 2825 per
3246 2753 3489 2809 diversos
3529 2767 3708 2824 casus.

2115 2834 2216 2912 prb
2245 2842 2512 2898 adverbiis
2547 2851 2840 2914 ponuntur.

2188 2933 2288 3006 Fu.
2326 2933 2404 2988 Da
2423 2935 2749 3006 exemplum.
2773 2965 2843 2976 —
2869 2934 3036 2992 Suo.
3061 2934 3343 2994 Genitivus
3367 2938 3687 3008 proadver-

451 2996 639 3072 voluit.
666 3015 820 3072 Plur.
843 3014 1148 3084 Voluimus,
1169 3015 1439 3081 voluistis,
1473 3014 1791 3080 voluerunt,
1820 3012 1897 3069 uel
1917 3028 2014 3069 vo—
2038 2995 2087 3058 α
2116 3023 2206 3080 mo
2224 2998 2554 3095 bonum”;
2580 2995 2785 3091 ᾖοηιεε,
2807 3035 2868 3082 ιη
2883 3025 3075 3082 Cicero
3100 3044 3116 3081 ε
3141 3025 3324 3081 Rom
3346 2995 3410 3083 ,ξε
3434 3028 3521 3081 εἰς.
3547 3027 3689 3082 pali-

367 3161 374 3168 .
452 3107 618 3163 luere.
642 3106 950 3183 Voluerunt,
969 3108 1240 3175 Volueras,
1271 3107 1534 3164 voluerat.
1572 3103 1785 3162 Plural.
1814 3104 2012 3163 Volue-

454 3212 657 3263 ramus,
676 3190 1003 3267 volneratis,
1032 3194 1331 3256 voluerant.
1364 3197 1556 3255 Volam
1576 3200 1617 3265 ,"
1637 3198 1808 3261 voles,
1849 3198 2011 3254 volet.

454 3287 605 3343 Plur.
630 3286 906 3354 Volemus,
947 3280 1138 3344 voletis
1155 3326 1173 3355 ,
1196 3288 1397 3345 volent.
1426 3276 1737 3360 [Optativo].
1786 3284 2013 3351 Vellem,

453 3379 639 3445 velles,
666 3377 845 3436 vellet.
876 3373 1087 3433 Plural.
1111 3376 1404 3441 Vellemus,
1426 3374 1654 3443 velletis,
1676 3375 1892 3432 vellent.
1916 3376 2018 3432 Vo-

452 3467 692 3535 iuissem,
718 3468 999 3537 voluisses,
1028 3467 1302 3526 voluisset.
1352 3464 1563 3524 Plural.
1610 3466 2014 3533 Voluissemus,

452 3557 777 3624 voluissetis,
823 3557 1137 3615 voluissent.
1173 3556 1373 3623 Velim,
1408 3557 1566 3624 velis,
1601 3556 1753 3613 velit.
1803 3554 2013 3611 Plural.

458 3645 708 3711 Velimus,
728 3647 925 3713 velitis,
942 3647 1128 3723 velint.
1141 3642 1366 3712 Vellem,
1388 3645 1571 3712 velles,
1586 3645 1764 3702 vellet.
1799 3644 2011 3700 Plural.

454 3736 744 3803 Vellemus,
774 3736 1000 3799 velletis,
1030 3735 1250 3792 vellent.
1284 3734 1554 3793 Voluerim
1578 3776 1594 3803 ,
1632 3736 1887 3799 volueris,
1922 3750 2015 3791 vo-

454 3825 632 3881 luerit.
677 3824 830 3881 Plur.
862 3816 1221 3891 Voluerimus.
1254 3826 1563 3894 volueritis,
1590 3825 1880 3883 voluerint.
1910 3826 2018 3883 Vo-

400 3952 412 3978 -,
452 3915 707 3981 luissem,
746 3918 1011 3977 voluisses
1030 3958 1047 3984 ,
1076 3918 1354 3977 voluisset.
1384 3917 1594 3975 Plural.
1621 3918 2013 3986 Voluissemus,

452 4006 774 4081 voluissetis,
825 4008 1138 4063 voluissent.
1184 4004 1455 4078 Voluero,‘
1482 4010 1737 4076 volueris,
1765 4011 2013 4067 voluerit.

453 4089 609 4151 Par".
624 4093 984 4161 Voluerimus;
997 4094 1295 4163 volueritis,
1306 4098 1594 4168 voluerint.
1608 4099 1774 4169 Infin.
1790 4098 2014 4172 [modo],

1854 4299 1866 4311 δ

451 4194 681 4259 pms‘ens
706 4200 726 4239 :
758 4185 927 4242 Velle.
955 4184 1291 4248 Praterituns
1321 4203 1341 4244 :
1368 4187 1623 4245 voluisse.
1666 4187 2019 4260 Participium

524 4368 619 4426 Sic
635 4370 950 4426 declinanda
968 4378 1093 4425 sunt
1118 4388 1132 4423 :
1166 4346 1443 4436 Nolo,'non
1473 4369 1574 4435 vis,
1604 4383 1711 4425 non
1734 4368 1877 4431 vult;
1900 4368 2017 4443 nisi

359 4503 369 4516 .
452 4462 598 4531 quod
632 4459 751 4514 nolo
772 4460 1147 4531 imperatin
1179 4461 1363 4527 habet,
1390 4466 1470 4525 ut,
1498 4455 1627 4524 noli,
1655 4456 1836 4519 nolite.
1860 4454 2017 4523 Malo,

455 4549 644 4613 mavis,
673 4547 893 4614 mavult,
927 4555 984 4603 et
1009 4548 1236 4617 reliqua.
1265 4549 1495 4605 Immitis
1518 4563 1579 4620 es
1605 4548 1659 4604 in
1700 4562 1789 4605 me
1809 4589 1823 4614 ,

370 4709 377 4713 _
455 4641 683 4697 France.
707 4640 845 4696 Ecce
871 4638 1030 4710 quale
1052 4652 1189 4695 onus
1208 4640 1511 4709 imposuisti
1530 4638 1684 4706 mihi,
1718 4640 1921 4696 ducens
1936 4656 2022 4703 me

2047 4332 2098 4394 υ

2116 3129 2215 3171 vus
2242 3128 2261 3167 :
2290 3113 2507 3185 uesperi,
2525 3114 2677 3171 sorti.
2711 3112 2965 3181 Virgilius
2985 3111 3196 3186 (Georg.
3224 3130 3299 3179 iV,
3335 3114 3458 3182 165)
3491 3132 3505 3168 :

2114 3229 2240 3280 Sunt
2260 3228 2441 3290 quibus
2460 3227 2523 3279 ad
2545 3234 2728 3297 portam
2751 3225 2877 3291 (AL,
2903 3228 3087 3290 portas]
3106 3228 3287 3279 cecidit
3305 3229 3524 3279 custodia
3547 3232 3690 3280 sorti.

2113 3331 2467 3388 Accusativus
2510 3348 2525 3386 :
2558 3320 2782 3397 Romam
2829 3348 2986 3403 pergo
3032 3331 3162 3406 [vel]
3201 3331 3450 3405 Allienus.
3479 3332 3686 3389 Teren-

2116 3433 2226 3481 hus
2254 3465 2294 3500 .l
2358 3512 2481 3574 Quid
2506 3520 2580 3572 tl,
2599 3476 3086 3571 indoctepdtbenss?

2116 3598 2415 3671 Ablativus.
2442 3611 2641 3685 [Unde]
2673 3611 2929 3699 Virgilius
2955 3606 3123 3680 (Ecl,
3150 3625 3251 3676 vn,
3290 3608 3347 3683 ί)
3374 3624 3394 3665 :

2240 3724 2389 3775 forte
2404 3722 2497 3773 sub
2520 3726 2694 3783 arguta
2722 3722 3013 3771 consederat
3042 3720 3159 3771 ilice
3186 3719 3416 3782 Daphnis.

2186 3825 2284 3879 Fs.
2322 3823 2606 3893 ‘Quoinbdo
2631 3822 2865 3878 discerni
2900 3830 3080 3893 potest
3116 3830 3296 3877 utrum
3324 3821 3539 3878 nomina
3570 3823 3685 3877 sint

2118 3918 2197 3974 sic
2218 3916 2545 3988 composita,
2584 3929 2651 3970 an
2681 3914 2972 3970 adverbia?
2997 3944 3071 3954 —
3103 3911 3266 3969 Suo.
3304 3906 3437 3967 Cum
3471 3912 3690 3965 nomina

2117 4007 2237 4063 loco
2256 4007 2633 4063 adverbiorum
2656 4004 3010 4073 accipiuntur,
3033 4000 3687 4070 manentindeclinabilia,

2117 4100 2244 4154 licet
2266 4098 2493 4153 diversis
2521 4095 2816 4167 iungantur
2841 4095 3058 4149 casibus
3078 4134 3094 4160 ,
3122 4106 3201 4160 ut,
3233 4094 3454 4161 sublime
3477 4092 3678 4161 volans,

2115 4186 2333 4244 sublime
2353 4186 2599 4252 uolantis,
2621 4184 2842 4240 sublime
2867 4185 3083 4251 uolanti,
3100 4196 3207 4243 etc.
3227 4185 3285 4242 Si
3314 4202 3445 4243 vero
3468 4187 3685 4245 nomina

2120 4288 2267 4344 sunt,
2307 4278 2675 4345 declinantur,
2732 4284 2821 4341 ut,
2867 4276 2964 4330 hoc
3014 4276 3235 4331 sublime
3265 4277 3479 4342 volans,
3528 4276 3686 4348 hty'us

2117 4370 2354 4427 sublimis
2384 4367 2629 4432 uolantis,
2650 4368 2771 4421 huic
2800 4367 3009 4422 sublimi
3041 4365 3237 4422 volanti
3255 4408 3268 4430 ,
3298 4376 3405 4422 etc.
3543 4362 3553 4371 ’

2186 4462 2286 4517 Fu.
2320 4459 2458 4516 Num
2489 4459 2608 4517 alite
2638 4468 2819 4531 partes
2853 4475 2953 4530 pro
2989 4459 3260 4517 adverbiis
3286 4461 3598 4531 ponuntur?
3618 4491 3690 4503 -

2120 4551 2284 4614 Suo.
2313 4552 2611 4609 Ponuntur.
2648 4550 2787 4606 Nam
2805 4551 2883 4606 vel
2916 4551 3244 4623 coniunctio,
3285 4560 3362 4617 et,
3388 4566 3501 4622 per,
3538 4558 3591 4605 et
3625 4567 3690 4604 e.r

2117 4644 2545 4716 praepositiones,
2574 4657 2673 4713 pro
2696 4641 2844 4721 valde
2865 4642 3226 4711 accipiuntur,
3254 4650 3315 4695 ut
3334 4641 3522 4697 Cicero
3547 4660 3559 4695 :
3600 4639 3689 4695 Vel

456 4751 553 4805 per
568 4751 779 4815 aspera
793 4742 851 4791 et
871 4724 1357 4827 spinossi-immitto
1380 4746 1468 4787 me
1493 4734 1709 4793 tandem
1732 4728 2044 4804 siiquande‘
2118 4752 2368 4807 magnum
2400 4732 2612 4800 bellum,
2640 4727 2738 4803 pro
2761 4733 2917 4788 valde
2963 4748 3235 4804 magnum.
3268 4732 3541 4800 Excelsus,
3592 4750 3690 4805 pro

498 4909 625 4977 ‘Fs.
651 4915 953 4985 hinnitum,
972 4928 1030 4975 et
1042 4916 1198 4989 juxta
1223 4912 1513 4985 Virgilium
1533 4910 1741 4985 (Edog.
1777 4927 1854 4976 ιι,
1886 4912 1976 4984 65)
2000 4932 2022 4965 ι

686 5100 691 5104 .
806 5079 811 5083 -
949 5050 1387 5116 ..ηεεοιιοοιο
1412 5047 1753 5100 fascelevsbo.

459 5180 529 5197 --
551 5153 715 5215 Suo.
738 5152 857 5223 .Etsi
885 5152 998 5211 hoc.
1011 5152 1161 5215 levas
1180 5193 1200 5223 ,
1428 5168 1497 5210 ne
1524 5152 1668 5209 aliud
1690 5147 1956 5225 imponas.

527 5263 627 5324 Fu.
651 5265 777 5321 Noli
801 5262 1018 5322 timidus
1043 5246 1176 5321 csso
1942 5294 1945 5297 ι
1978 5288 1981 5289 ν
2006 5236 2012 5242 1

791 5339 842 5425 ξ.
870 5413 885 5427 .
912 5376 1064 5425 Labor
1086 5376 1437 5429 omnisivluit
1558 5386 1563 5391 η

703 5437 951 5501 Improbus
976 5439 1024 5488 ⁸⁵.
1224 5474 1229 5493 1
1291 5459 1294 5462 ~
1476 5495 1479 5499 _
1522 5452 1527 5457 '

533 5589 557 5619 ⁸
594 5576 737 5649 Virg.
771 5580 1019 5666 tGeorg.
1042 5575 1175 5640 μδῖ

2121 4826 2275 4913 valde
2295 4827 2500 4885 celsus.

2694 4938 2783 4996 DE
2811 4938 3108 4999 FIGURIS.

2193 5051 2287 5108 Fs.
2339 5050 2550 5119 Figura
2600 5050 2980 5109 adverbiorum
3014 5062 3147 5123 quot
3197 5056 3359 5109 sunt?
3396 5084 3469 5097 --
3517 5054 3695 5109 Suo.

2121 5142 2272 5199 Tres.
2302 5139 2565 5211 Simplex,
2586 5150 2670 5210 ut,
2699 5144 2812 5200 diu.
2842 5144 3179 5229 Composita,
3202 5154 3280 5211 ut,
3304 5145 3552 5199 interdiu.
3580 5143 3692 5200 De-

2120 5231 2438 5302 composita.
2466 5232 2519 5289 id
2544 5243 2631 5290 est
2652 5275 2670 5301 ,
2691 5250 2813 5307 qum
2841 5250 2876 5290 a
2902 5236 3216 5305 compositis
3240 5235 3571 5297 derivantur,
3605 5244 3685 5299 nt,

2040 5374 2045 5381 ,
2119 5323 2189 5375 ab
2214 5321 2443 5385 indocto,
2470 5322 2704 5389 indocte,
2736 5340 2769 5381 a
2792 5324 3147 5387 misericorde.
3172 5324 3608 5383 misericorditer.

2193 5409 2287 5464 Fs.
2329 5407 2667 5481 Signiﬁcatio
2689 5412 3065 5471 adverbiorum
3087 5427 3207 5481 qua:
3242 5400 3328 5467 cst
3353 5411 3512 5496 [allen
3549 5420 3692 5483 quot
