4266 6198
620 238 764 302 ’δετ

1462 202 1521 292 ιι.
1563 237 1625 290 ι’.
1659 232 1881 290 Αιιιιδιι
1919 229 2048 287 seu
2089 226 2363 284 ALCUINI
2398 190 2684 284 ornavit
2717 206 2909 284 mus”
2934 225 3042 283 vn.

3782 223 3886 281 883

634 362 842 433 species
868 354 1094 429 habet]?
1130 384 1201 399 -—
1239 352 1404 409 Saxo.
1457 350 1796 423 Signiﬁcatio
1828 347 2205 404 adverbiorum
2236 345 2286 403 Α
2308 359 2407 433 que
2452 360 2719 414 perparce.
2775 343 2867 400 Sic
2920 360 3135 416 quoque
3163 344 3464 416 jurativum
3492 352 3593 401 est.
3626 332 3884 415 Virgilius

637 458 880 512 diversas
934 452 1143 527 species
1189 449 1371 505 habet.
1425 444 1566 503 Sunt
1594 445 1737 501 enim
1790 442 1954 515 [Ed.,
2002 434 2208 505 autem]

537 590 541 594 ι
633 545 973 617 temporalia,
1019 551 1078 597 ut
1122 541 1343 613 pridem,
1386 554 1589 609 nuper,
1633 532 2030 590 nudiustertius.
2070 528 2211 583 Sunt

634 655 755 711 qua:
782 652 1020 708 praesens
1045 643 1255 690 tantum
1303 640 1515 702 tempus
1542 628 1877 701 signiﬁcant,
1908 633 1996 686 ut,
2048 638 2207 685 nunc,

634 739 845 799 pra'sto.
885 725 1043 788 Sunt.
1075 739 1196 793 qua:
1236 721 1603 793 praeteritum,
1630 725 1717 780 ut,
1763 717 1899 780 heri,
1946 714 2205 767 hesterno.

635 817 933 885 Sunt,quaa
955 814 1214 876 futurum,
1240 820 1299 864 ut
1320 826 1460 873 cras,
1483 808 1746 880 perendie.
1772 804 1910 859 Sunt
1934 803 2038 857 alia
2062 815 2209 856 com-

636 907 824 961 munia
877 904 1210 959 diversorum
1267 909 1589 969 temporum,
1640 905 1733 956 ut,
1791 893 1935 956 olim,
1984 890 2199 959 dudum,

636 994 969 1067 [quondam].
995 990 1369 1056 Prmleritihut
1383 989 1569 1044 Horat.
1601 985 1742 1057 (Sat.
1777 983 1814 1047 l,
1836 996 1875 1048 ι,
1900 988 2003 1037 sat.
2037 978 2092 1045 8)
2120 994 2134 1030 :
2204 986 2207 989 ‘

758 1100 884 1155 Oliin
907 1110 1110 1152 truncus
1129 1088 1259 1150 eram
1281 1098 1505 1158 ﬁculnus,
1533 1094 1709 1146 inutile
1733 1094 1937 1155 lignum.

643 1208 951 1272 Prmsentis,
979 1216 1040 1260 ut
1068 1204 1345 1283 [Virgilius
1369 1202 1582 1275 (Georg.
1610 1198 1830 1270 11,405)
1853 1194 1874 1270 ]
1905 1214 1921 1251 :

754 1317 822 1365 Ac
840 1318 936 1378 jam
956 1316 1070 1366 olim
1092 1327 1229 1365 seras
1252 1317 1411 1377 posuit
1434 1325 1545 1364 cum
1568 1313 1714 1361 vinea
1737 1308 1956 1385 frondes.

634 1409 895 1476 Futurum
921 1420 1062 1473 idem
1090 1417 1239 1489 Virg.
1266 1417 1361 1488 (1E
1369 1435 1420 1471 ιι.
1452 1432 1509 1480 ιι,
1540 1413 1667 1487 207)
1696 1432 1709 1467 :

846 1534 1029 1585 Forsan
1047 1539 1097 1583 et
1122 1533 1227 1581 haec
1250 1530 1361 1579 olim
1382 1529 1663 1577 meminisse
1684 1524 1889 1587 juvabit.

552 1700 553 1703 η
634 1647 847 1701 Dudum
903 1661 918 1697 :
957 1637 1286 1711 prmteritum
1316 1674 1329 1697 ,
1389 1631 1480 1703 [ut
1517 1628 1801 1684 Terentius
1854 1624 2023 1697 (And.
2067 1622 2159 1676 111
2187 1662 2202 1685 ,

636 1757 721 1805 tv,
767 1736 921 1807 3)]:

757 1827 862 1890 Ego
884 1824 1063 1875 dudum
1087 1818 1309 1870 nonnihil
1330 1817 1515 1867 veritus
1536 1826 1663 1861 sum.

630 1932 916 1987 Prmscntis
938 1926 1219 2001 [Virgilius
1248 1922 1402 1995 (/En.
1429 1936 1489 1983 ιι,
1526 1915 1685 1989 l05)]
1731 1934 1742 1968 :

754 2042 906 2105 quue
930 2040 1101 2091 audire
1120 2045 1197 2087 sat
1218 2044 1327 2095 est;
1352 2034 1453 2095 jam
1473 2032 1655 2080 dudum
1675 2028 1855 2077 sumite
1881 2038 2065 2088 pinnas.

630 2146 939 2212 Quondam;
989 2140 1321 2211 prmteritum
1376 2154 1388 2188 :
1447 2134 1726 2200 Quondam
1753 2132 1851 2199 fuit
1879 2131 1980 2183 ista
2005 2130 2058 2181 in
2103 2129 2199 2181 hac

626 2235 890 2306 republica
933 2229 1263 2303 υἱῆας-(Εἰς.
1295 2244 1307 2280 l
1340 2223 1524 2290 Catil.,
1553 2223 1630 2295 5).
1660 2221 1905 2276 Praesens
1937 2218 2201 2289 Virgilius

630 2327 789 2400 (τεη.
821 2342 879 2390 ιι,
905 2322 1029 2393 ⁵567)
1057 2341 1070 2374 ε
1733 2392 1749 2397 η

757 2437 1002 2498 Quondam
1030 2437 1175 2483 etiam
1199 2431 1337 2481 victis
1359 2430 1486 2478 redit
1508 2431 1555 2477 in
1584 2427 1841 2489 prtecordia
1869 2427 2038 2472 virtus.
2062 2452 2068 2458 -

628 2543 895 2597 Futurum
930 2558 943 2593 ς
978 2538 1197 2608 Tempus
1231 2535 1325 2589 erit
1351 2531 1612 2605 quondam
1642 2542 1689 2582 ι.
1722 2528 1982 2583 Similiter
2024 2541 2088 2579 ex
2130 2540 2197 2579 eo

629 2635 924 2704 composita
950 2649 963 2697 ;
1008 2629 1311 2700 aliquando,
1346 2624 1641 2697 nequando,
1669 2636 1788 2691 quae
1818 2619 1871 2674 in
1899 2616 2195 2688 penultimo

629 2724 755 2797 [.ifs.
787 2718 1227 2791 antepenultima]
1264 2725 1547 2773 accentum
1575 2715 1794 2776 habent,
1825 2727 1891 2765 ne
1915 2710 2033 2764 dum
2070 2722 2193 2776 par-

624 2828 705 2870 tes
732 2824 1005 2885 putentur.
1034 2811 1139 2867 Sed
1166 2810 1396 2883 quando,
1451 2818 1506 2863 et
1551 2804 1846 2878 quomodo.
1877 2801 2034 2871 291
2068 2798 2157 2851 ubi
2175 2839 2188 2863 ,

623 2904 911 2974 nudelAl.,
934 2886 1115 2973 unde],
1138 2918 1264 2971 qua,
1301 2914 1423 2971 quo,
1462 2895 1846 2966 interrogativa
1890 2898 2184 2953 acuuntur;

625 2994 845 3049 relativa
868 2998 1162 3063 gravantur
1194 3004 1290 3060 per
1323 3001 1510 3042 omnes
1539 2985 1771 3056 syllabas
1804 3001 1815 3035 :
1850 2989 1903 3036 et
1924 2988 2048 3035 sunt
2076 2978 2189 3051 [eo-

621 3084 764 3155 rum]
790 3081 1101 3137 diﬂ'ercutizn
1122 3086 1369 3149 quatuor.
1399 3075 1593 3141 Quoad
1609 3075 1805 3129 locum.
1828 3070 1947 3135 Ubi,
1971 3073 2022 3123 in
2047 3071 2185 3124 loco.

626 3174 773 3227 Unde
796 3213 809 3235 ,
844 3170 1069 3226 deloco.
1132 3166 1249 3233 Qua
1275 3207 1290 3231 ,
1319 3181 1417 3236 per
1444 3165 1638 3219 locum.
1700 3161 1924 3226 Quando
1978 3172 2191 3226 quoque

520 3250 523 3253 ’
622 3280 719 3333 pro
756 3262 954 3316 causali
1007 3258 1386 3329 conjunctione
1441 3254 1738 3324 accipitur;
1799 3250 1983 3320 Virgil.
2032 3248 2185 3318 (:En'.

623 3354 885 3425 1,265):

746 3467 839 3518 llic
863 3468 969 3529 tibi,
991 3465 1126 3516 fabor
1149 3466 1302 3526 enim,
1323 3462 1514 3525 quando
1536 3462 1640 3510 haec
1658 3468 1709 3509 te
1730 3471 1848 3529 cura
1874 3457 2127 3529 remordet

1726 3520 1870 3582 (Λίδη
1888 3518 2186 3575 momordit).

621 3632 843 3699 Quando
868 3647 967 3703 pro
985 3631 1231 3703 quoniam
1252 3637 1450 3697 posuit.
1483 3623 1588 3679 Sed
1622 3630 1677 3677 et
1714 3620 1818 3676 alia
1846 3627 1973 3674 sunt
1998 3616 2192 3671 localia

622 3731 849 3790 quatuor
876 3720 1205 3777 dill‘erentias
1227 3717 1499 3774 habentia.
1540 3713 1621 3767 Ad
1650 3713 1825 3768 locum
1855 3729 1867 3762 :
1892 3711 2014 3769 huc,
2039 3706 2181 3761 illuc.

623 3812 681 3864 ln
708 3811 845 3875 loco,
872 3812 954 3863 hic
984 3810 1110 3863 illic.
1140 3810 1213 3861 De
1236 3808 1351 3861 loco
1383 3825 1394 3857 :
1421 3807 1563 3870 hinc,
1585 3803 1751 3865 illinc,
1782 3802 1921 3863 inde,
1955 3808 2008 3853 et
2028 3814 2093 3853 ex
2123 3812 2188 3851 eo

619 3902 917 3972 composita
956 3919 969 3952 ε
1004 3899 1241 3962 subinde,
1275 3896 1517 3966 perinde,
1549 3892 1758 3953 exinde,
1802 3889 2039 3958 proinde,
2070 3901 2190 3955 qua

618 3995 797 4047 omnia
825 3991 1177 4061 penultimam
1218 3986 1342 4061 [Μδ.
1365 4027 1379 4049 ,
1434 3977 1931 4053 antepenultimam]
1969 3984 2188 4031 acuunt.

619 4084 723 4137 Per
752 4083 928 4137 locum
970 4100 981 4135 :
1013 4082 1131 4145 hac,
1161 4079 1300 4134 illac.
1328 4076 1469 4132 Sunt
1496 4088 1708 4146 quoque
1734 4087 1763 4125 a
1790 4086 1993 4125 versum
2018 4076 2071 4122 et
2094 4083 2192 4123 no-

622 4173 763 4225 mine
801 4180 850 4224 et
888 4171 1200 4239 pronomine
1243 4168 1537 4238 composita
1594 4164 1748 4237 [Ms.,
1780 4171 1905 4217 sunt
1946 4160 2187 4231 quaedam

622 4277 781 4314 uuam
810 4262 910 4315 loci
936 4261 1382 4327 signiﬁcationem
1410 4258 1683 4313 habentia.
1707 4256 1788 4311 Ad
1809 4254 2003 4318 locum,
2031 4251 2185 4325 ctc.].

619 4355 698 4406 Aul
726 4354 897 4408 locum
931 4372 940 4405 ε
976 4353 1226 4417 Horsum,
1255 4354 1518 4415 deorsum,
1550 4366 1782 4413 sursum,
1803 4348 2181 4411 sinistrorsum,

620 4426 968 4498 dextrorsum.
1000 4444 1214 4497 Italiam
1241 4459 1463 4495 versum.
1495 4441 1847 4509 thuorsum,
1883 4436 1936 4489 id
1954 4444 2058 4499 est,
2080 4450 2186 4503 quo

621 4552 854 4589 versum.
887 4534 1003 4587 Alia
1039 4534 1383 4595 dehortativa,
1434 4539 1510 4593 ιιι,
1559 4546 1649 4592 ne,
1682 4518 1829 4595 quod
1860 4540 1958 4595 pro
1990 4539 2190 4593 neque,

620 4637 672 4679 et
693 4640 789 4694 pro
812 4642 936 4688 llUIl,
962 4633 1015 4677 ct
1053 4639 1150 4693 pro
1181 4622 1332 4677 valde
1356 4622 1637 4690 accipitur.
1668 4618 1857 4672 Cicero
1908 4634 1919 4667 :
1970 4612 2053 4668 Ne
2081 4614 2187 4667 dici

620 4720 824 4786 quidem
849 4736 973 4787 Opus
1005 4727 1098 4779 est,
1131 4731 1248 4787 pro,
1275 4731 1435 4784 neque
1464 4713 1589 4765 diri.
1625 4709 1842 4763 Terent.
1892 4705 1975 4760 Ne
2010 4706 2184 4759 dicant

620 4809 761 4871 dolo,
792 4828 902 4876 pro,
931 4828 1029 4863 non
1061 4810 1251 4863 dicam.
1286 4809 1427 4861 Idem
1460 4827 1470 4859 :
1506 4803 1583 4858 Ne
1620 4800 1714 4856 illa
1740 4800 1887 4855 illum
1910 4796 2053 4852 haud
2075 4812 2184 4850 mo-

623 4902 713 4959 uit,
750 4914 865 4964 pro,
897 4901 1041 4952 valde
1071 4902 1180 4952 illa.
1208 4900 1321 4952 Alia
1357 4896 1712 4965 conﬁrmativa
1744 4908 1759 4944 :
1790 4890 2044 4963 profecto,
2078 4888 2183 4941 sci-

623 4992 762 5052 licet,
803 4992 1005 5058 quippe,
1057 4989 1311 5049 uidelicet,
1367 5004 1562 5055 nempe.
1595 4987 1944 5040 inveniuntur
1973 4995 2186 5052 quoque

624 5083 739 5137 dum
768 5092 944 5152 partes
969 5095 1062 5148 pro
1090 5080 1170 5131 bis
1201 5079 1342 5147 poni,
1375 5085 1449 5137 ut,
1483 5078 1694 5146 quidni,
1723 5094 1817 5130 cur
1847 5093 1908 5130 ne
1932 5116 1945 5139 ,
1977 5076 2049 5128 sic
2077 5082 2181 5136 est,

622 5176 744 5241 quid
794 5175 927 5227 istic.
968 5172 1083 5224 Alia
1104 5213 1115 5231 ,
1161 5170 1413 5238 juratira,
1447 5178 1524 5231 ut,
1555 5168 1781 5237 (edepol,
1814 5180 2055 5230 (ecastor,
2082 5167 2184 5238 [er-

621 5264 741 5333 rlel.
776 5265 971 5317 medias
998 5263 1175 5329 ﬁdius.
1226 5259 1325 5313 Per
1362 5274 1575 5329 quoque
1620 5258 1924 5328 praepositio
1969 5274 2069 5328 pro
2100 5258 2185 5313 his

624 5354 903 5422 accipitur,
935 5363 994 5406 ut
1024 5352 1273 5422 Virgilius
1296 5350 1448 5423 (:En.
1485 5366 1538 5413 ι,
1568 5349 1693 5419 596)
1722 5348 1734 5401 Ξ

748 5466 839 5514 Per
860 5472 929 5524 te,
956 5479 1043 5528 per
1066 5468 1147 5528 qui
1174 5472 1221 5514 te
1248 5467 1393 5514 talem
1418 5457 1662 5525 genuere,
1686 5470 1931 5521 parentes.

627 5548 717 5601 Εςι
748 5564 956 5617 quoque
986 5568 1075 5615 per
1099 5551 1545 5604 mntirmalivuni,
1584 5547 1864 5600 Terentius
1906 5566 1914 5597 :
1956 5548 2027 5600 Tn
2058 5566 2181 5617 quo-

701 5658 725 5687 ⁸
770 5657 908 5728 Virg.
943 5661 1076 5729 apud
1112 5662 1461 5715 Pt‘iscianum.

1688 6164 1797 6177 "tu.

2213 3040 2263 3101 C

2317 432 2525 505 (Eclog.
2559 448 2639 508 sx,
2665 434 2759 505 50)
2792 453 2805 489 :

2434 547 2516 597 Sic
2546 560 2741 623 quoque
2758 547 2987 610 Cyrnus
3002 546 3185 612 fugiant
3209 549 3433 598 examina
3460 554 3617 597 taxos.

2310 648 2428 704 Alia
2456 649 2705 719 optativa,
2746 657 2830 716 ut,
2872 651 3093 715 utinam,
3127 651 3269 720 quod
3316 651 3677 721 compositum
3702 658 3786 704 est
3810 664 3881 706 ex

2310 738 2388 793 uti
2417 745 2473 793 et
2503 738 2646 793 enim
2678 736 2811 808 [Αι.,
2841 737 3011 811 nam].
3043 738 3088 793 0
3129 740 3269 793 etsi.
3301 738 3556 809 Virgilius
3585 756 3600 792 :
3652 736 3806 791 Adsis
3848 754 3881 790 ο

2310 829 2541 884 tandem.
2578 829 2724 885 Idem
2749 828 2905 901 (rEn.
2932 846 3006 893 v1,
3039 830 3164 902 187)
3195 849 3207 885 :

2431 940 2482 1051 gi
2505 953 2632 1049 pulpdc
2655 953 2713 1051 te
2736 941 2874 989 nobis
2896 940 2983 989 ille
3006 953 3189 991 aureus
3209 943 3385 991 arbore
3404 954 3568 993 ramus
3618 957 3625 963 ‘

2476 1014 2501 1048 s
2526 1015 2553 1049 e
2626 1014 2652 1048 s
2680 1039 2694 1051 .

2476 1014 2553 1049 sua
2562 1014 2694 1051 ιιαιι.

2307 1082 2424 1137 Alia
2446 1083 2720 1146 hortativa,
2745 1089 2823 1147 ut,
2849 1084 2954 1149 eia,
2974 1084 3055 1137 aie
3081 1083 3211 1155 [Al.,
3242 1084 3390 1157 age].
3421 1086 3537 1140 Alia
3562 1087 3829 1141 remissiva
3856 1101 3878 1138 .'

2306 1173 2639 1243 pedetentim,
2660 1162 2936 1244 paulatim,
2965 1174 3175 1229 sensim.
3204 1174 3322 1228 Alia
3349 1176 3736 1245 congregatim,
3767 1175 3874 1231 loci

2307 1273 2363 1319 et
2392 1265 2651 1335 temporis
2699 1266 3024 1331 communia,
3054 1272 3146 1330 nt,
3199 1264 3377 1331 simul,
3406 1283 3548 1331 una;
3596 1266 3653 1321 in
3681 1267 3874 1323 eodem

2308 1355 2426 1410 loco
2450 1363 2505 1410 et
2542 1356 2732 1411 eodem
2762 1365 3021 1426 tempore.
3053 1355 3169 1411 Alia
3195 1355 3490 1421 discretiva,
3508 1366 3587 1421 ut,
3615 1374 3872 1424 seorsum,

2307 1463 2474 1509 secus,
2498 1445 2779 1516 separatim
2804 1487 2817 1510 ,
2847 1455 3070 1509 secreto,
3118 1447 3360 1516 utrinque
3405 1445 3609 1519 [divise]
3636 1447 3874 1517 singilla-

2309 1536 2423 1600 tim,
2464 1535 2706 1603 bifariam
2728 1577 2743 1599 ,
2785 1536 3145 1605 omnifariam.
3174 1536 3291 1590 Alia
3317 1577 3332 1600 ,
3370 1536 3759 1603 similitudinis,
3792 1548 3871 1604 ut,

2307 1642 2421 1689 ceu,
2451 1626 2600 1695 quasi
2621 1625 2776 1692 velut,
2807 1624 3157 1691 velut,ueluti,
3188 1627 3285 1690 sic,
3314 1627 3488 1691 sicuti,
3516 1637 3602 1692 ut,
3633 1628 3729 1680 uti.
3754 1628 3873 1683 Alia

2233 1691 2282 1752 Β
2308 1691 2569 1770 ordinalia
2590 1757 2607 1783 ,
2628 1720 2687 1770 ut
2708 1756 2721 1781 ,
2761 1715 2969 1779 deinde,
2999 1717 3262 1781 continuo,
3296 1726 3556 1788 protinus,
3597 1727 3873 1787 preterea.

2303 1808 2421 1879 Alia
2446 1808 2719 1872 intensiva,
2747 1817 2825 1870 ut,
2868 1805 3018 1861 valde
3038 1847 3054 1873 ,
3097 1808 3331 1870 nimium,
3360 1824 3607 1878 prorsus,
3642 1810 3873 1878 penitus,

2303 1899 2533 1952 omnino.
2561 1897 2679 1951 Alia
2704 1900 3075 1966 comparativa,
3102 1906 3183 1960 ut,
3218 1899 3381 1967 magis
3400 1939 3414 1963 ,
3442 1915 3613 1953 minus
3635 1940 3650 1958 .
3686 1900 3833 1953 ocius
3853 1940 3870 1964 ,

2302 1988 2443 2059 quod
2468 2004 2497 2041 a
2526 1987 2712 2043 (ἔπερο
2738 1988 3013 2043 derivatur
3042 1991 3192 2048 ὠκύς.

2372 2078 2469 2131 Fn.
2498 2075 2779 2147 Nunquid,
2810 2092 2930 2148 qua
2962 2078 3030 2132 ab
3056 2078 3176 2134 aliis
3209 2080 3541 2146 derivautur,
3570 2081 3876 2151 primitivu—

2302 2184 2420 2222 rum
2441 2168 2885 2238 signiﬁcationem
2912 2168 2992 2224 vel
3012 2170 3323 2238 qualitatem
3343 2173 3595 2226 servant?
3612 2175 3681 2213 -'.
3703 2170 3868 2225 Suo.

2300 2258 2528 2313 Servant
2554 2260 2756 2330 utique,
2784 2268 2844 2316 ut
2868 2268 2898 2315 a
2922 2259 3113 2325 Tullio,
3139 2260 3406 2326 Tulliane;
3435 2277 3465 2315 a
3496 2277 3726 2331 corpore,
3750 2277 3872 2317 cor-

2297 2352 2587 2420 poraliter;
2629 2351 2865 2419 abalio,
2894 2352 3078 2418 aliter;
3112 2370 3141 2406 a
3185 2369 3352 2423 gra'co
3374 2394 3389 2419 ,
3426 2369 3632 2424 graece;
3668 2369 3699 2408 τι
3738 2354 3868 2420 viro,

2274 2440 2546 2507 ,viriliter.
3092 2514 3095 2515 ν

2365 2530 2462 2584 Fn.
2490 2532 2841 2603 Prosequere.
2867 2564 2931 2573 ——
2953 2532 3117 2590 Suo.
3142 2534 3261 2589 Alia
3287 2545 3413 2591 sunt
3442 2536 3754 2599 numeralia,
3782 2544 3867 2599 ιιι,

2294 2621 2363 2676 ab
2415 2637 2518 2675 uno
2557 2623 2750 2689 semel;
2792 2638 2822 2676 a
2856 2624 3055 2677 duobus
3096 2622 3209 2690 bis,
3240 2642 3358 2695 qua:
3392 2626 3503 2681 sola
3532 2624 3869 2695 inaequaliter

2294 2708 2656 2781 proferuntur.
2689 2709 2880 2766 Crateri
2906 2726 3034 2767 vero
3064 2714 3276 2768 numeri
3314 2728 3345 2766 a
3384 2712 3605 2767 voeabus
3641 2712 3752 2767 suis
3788 2712 3871 2767 fa-

2294 2802 2443 2857 ciunt
2470 2801 2740 2866 adirerbia,
2774 2810 2853 2867 ut,
2883 2818 2913 2857 a
2942 2812 3067 2869 tres,
3102 2812 3213 2870 ter;
3238 2820 3268 2859 a
3290 2814 3532 2876 quatuor,
3565 2791 3783 2875 quater;
3811 2814 3871 2860 et

2292 2897 2371 2951 sic
2397 2897 2566 2953 decies
2601 2896 2851 2970 [millies].
2880 2880 2999 2953 Alia
3024 2896 3429 2951 demonstrativa
3447 2938 3461 2962 ,
3495 2906 3579 2960 ut,
3608 2916 3701 2963 en,
3730 2915 3865 2954 ecce.

2291 2986 2408 3039 Alia
2446 2986 2843 3056 interrogation,
2872 2994 2933 3039 ut
2952 3027 2966 3052 ,
2995 3004 3113 3049 cur,
3134 3003 3327 3057 quare,
3356 2989 3708 3053 quamobrem.
3750 2989 3867 3043 A‘Iia

2294 3077 2548 3146 negativa,
2568 3083 2645 3142 ut,
2665 3092 2789 3140 non,
2810 3072 2975 3142 haud,
2995 3085 3279 3149 nunquam,
3302 3080 3512 3135 minime
3532 3088 3635 3146 est,
3651 3080 3868 3150 quando

2294 3169 2410 3222 dum
2435 3176 2613 3237 partes
2640 3182 2736 3239 pro
2757 3167 2843 3239 his
2869 3168 3225 3238 accipiuntur,
3253 3178 3331 3234 ut,
3365 3169 3508 3223 nullo
3536 3169 3714 3233 modo,
3748 3169 3865 3224 nut-

2292 3260 2527 3315 latentis-

2363 3351 2458 3406 Fn.
2502 3350 2751 3423 Nunquid
2788 3352 3069 3415 adverbia,
3111 3366 3405 3421 synonyma
3430 3351 3515 3405 vel
3543 3352 3868 3424 polyonyma

2292 3451 2514 3512 possunt
2541 3441 2693 3496 esse?
2716 3472 2785 3482 -—
2815 3441 2977 3496 Saxo.
3010 3441 3257 3497 Possunt.
3299 3441 3435 3497 Sunt
3459 3460 3745 3514 synonyma
3764 3486 3776 3509 ,
3809 3446 3861 3499 id

2292 3539 2395 3595 est,
2423 3531 2547 3585 dum
2576 3529 2756 3586 multa:
2784 3545 2945 3585 voces
2977 3547 3147 3585 unam.
3168 3547 3279 3588 rem
3314 3533 3650 3603 signiﬁcant;
3683 3543 3771 3599 ut,
3796 3553 3867 3589 en.

2292 3641 2422 3678 ecce.
2464 3624 2529 3678 Et
2551 3637 2687 3692 pene
2717 3625 2770 3679 in
2809 3624 3057 3679 omnibus
3092 3625 3571 3696 signiﬁcationibus
3601 3628 3860 3681 invenies.

2295 3711 2617 3785 Polyonyma
2638 3756 2653 3780 ,
2683 3724 2771 3777 ut,
2801 3716 2921 3780 ubi,
2949 3732 3049 3785 quo
3067 3756 3080 3780 ,
3105 3733 3207 3787 qua
3226 3721 3554 3787 ,quomodo,
3584 3732 3702 3784 qua:
3736 3725 3863 3770 sunt

2292 3804 2553 3859 inﬁnitiva
2573 3844 2587 3867 ,
2612 3813 2666 3858 et
2692 3806 3070 3873 interrogativa
3092 3813 3145 3857 et
3169 3805 3405 3858 relativa.
3445 3803 3510 3867 0,
3542 3819 3754 3875 quoque
3774 3806 3860 3861 di-

2293 3911 2475 3949 versas
2500 3895 2661 3950 habet
2682 3894 3120 3965 signiﬁcationes.
3154 3894 3249 3948 Est
3271 3894 3584 3951 adverbium
3610 3898 3867 3955 vocandi.

2293 3982 2543 4056 Virgilius
2571 3983 2723 4055 (£12.
2753 4001 2792 4049 ι,
2820 3984 2942 4055 528)
2978 4002 2991 4037 :

2417 4095 2458 4146 0
2488 4098 2679 4158 regina,
2706 4108 2879 4146 novam
2904 4098 2982 4145 cui
2999 4097 3211 4148 condere
3236 4096 3431 4160 Jupiter
3458 4100 3650 4151 urbem.

2290 4202 2385 4256 Est
2405 4200 2723 4257 admirandi.
2754 4199 3024 4257 Iuvenalis
3056 4201 3222 4274 (Sat.,
3245 4218 3298 4264 ι,
3326 4202 3447 4271 157)
3482 4224 3494 4255 :

2412 4311 2453 4362 Ο
2473 4312 2627 4374 qualis
2648 4311 2896 4363 facies.....

2215 4384 2263 4443 υ
2290 4422 2385 4476 Est
2411 4421 2718 4492 indignandi
2738 4462 2755 4486 ,
2783 4430 2874 4488 ut,
2906 4421 2950 4476 Ο
2973 4421 3237 4495 tempora!
3270 4438 3300 4475 o
3332 4422 3534 4476 mores!
3561 4423 3654 4477 Est
3677 4431 3731 4479 et
3756 4439 3851 4497 op-

2289 4512 2455 4567 tandi.
2488 4510 2743 4583 Virgilius
2770 4530 2781 4564 :

2411 4624 2553 4675 Adsis
2568 4637 2597 4675 ο
2615 4624 2808 4677 tandem
2832 4625 2971 4689 (Hs,
3000 4635 3223 4693 tantum}.

2284 4728 2344 4783 in
2394 4730 2515 4786 aliis
2563 4746 2776 4803 quoque
2826 4734 3007 4791 multis
3054 4736 3322 4792 adverbiis
3366 4734 3607 4789 invenies
3656 4734 3853 4790 multas

2286 4821 2701 4891 signiﬁcationes
2746 4827 2800 4879 in
2856 4842 2960 4881 una
3004 4826 3297 4897 eademque
3358 4840 3517 4891 voce;
3580 4827 3849 4897 quomodo

2285 4914 2446 4968 etiam
2471 4930 2501 4967 a
2528 4918 2799 4971 contrario
2818 4918 2871 4970 in
2900 4917 3125 4973 diversis
3148 4914 3365 4971 vocibus
3393 4930 3553 4970 unam
3583 4916 3850 4988 signiﬁca-

2285 5006 2481 5061 tionem
2502 5051 2516 5073 ,
2546 5017 2634 5072 ut,
2663 5009 2973 5079 aliquando,
3016 5006 3137 5060 olim
3160 5046 3174 5068 ,
3206 5006 3430 5072 dudum,
3474 5009 3604 5075 cito,
3635 5026 3849 5080 propere

2287 5098 2429 5169 [Ed.,
2457 5098 2660 5172 prope],
2686 5099 2933 5158 celeriter,
2962 5106 3215 5151 actutum.

2353 5188 2451 5244 Fu.
2489 5191 2570 5245 An
2596 5188 2998 5245 convenientiae
3036 5201 3414 5259 praeponuntur
3450 5190 3731 5253 adverbia,
3762 5190 3847 5244 vel

2284 5282 2689 5355 subponuntur?
2714 5310 2785 5320 —-
2810 5278 2971 5333 Suo.
3010 5278 3287 5337 Manifeste
3322 5284 3497 5352 aptius
3532 5296 3847 5349 praeponun-

2286 5385 2394 5437 tur,
2414 5371 2681 5444 quomodo
2706 5366 2964 5437 adjectiva
2993 5373 3228 5437 nomina,
3256 5380 3336 5434 ut,
3366 5372 3527 5424 bonus
3549 5371 3700 5424 homo
3722 5370 3847 5425 bene

2285 5466 2421 5533 agit;
2449 5462 2594 5533 {ortis
2623 5462 2902 5530 imperator
2927 5461 3127 5529 fortiter
3151 5450 3366 5531 pugnat.
3404 5460 3605 5516 Tamen
3635 5476 3843 5533 praepo-

2285 5563 2426 5607 stere
2462 5551 2799 5604 inveniuntur
2826 5552 2945 5620 poni
2998 5552 3201 5617 multa,
3229 5560 3422 5625 prater
3461 5553 3842 5624 monosyllaba,
