4266 6198
506 277 611 335 889

1582 265 2051 357 DIDASCALICA.
2082 296 2150 305 —
2187 266 2657 331 GRAHMA'HCA.

3620 271 3725 327 890

505 407 589 460 ut,
616 411 738 458 non,
765 394 913 458 dum,
941 409 1027 455 eu,
1057 407 1168 445 cur.
1198 385 1623 444 Demonstrativa
1660 398 1872 454 quoque
1898 389 1953 438 et
1979 382 2061 436 in-
2088 380 2142 440 Δ
2163 381 2481 449 dicendum;
2524 382 2648 449 sed,
2685 383 2797 454 (ego
2837 392 2886 437 et
2910 384 3079 438 scriba
3108 422 3130 449 ,
3169 385 3324 439 doceo
3364 393 3414 439 et
3450 388 3627 444 discis.
3667 390 3727 449 Si

505 485 832 559 terrogatlva
857 492 914 540 et
930 482 1214 546 hortativa,
1236 487 1292 534 et
1321 476 1700 542 similitudinis,
1730 474 1974 542 malive
2013 481 2069 527 et

504 576 739 648 optativa
773 573 1026 630 adverbia
1067 577 1466 642 praeponuntur,
1506 573 1601 632 ut,
1631 583 1697 620 en
1716 606 1732 631 ,
1768 581 1912 628 ecce,
1949 580 2064 628 cur,

502 683 665 740 quare
681 707 697 732 ,
715 666 821 730 eia,
845 680 962 735 age,
987 678 1111 726 ceu,
1133 658 1288 730 quasi
1297 699 1313 724 ,
1338 658 1464 713 heus
1480 696 1496 723 ,
1521 665 1744 710 utmam.
1772 653 1851 709 En
1877 653 2064 717 habes,

503 754 734 819 France,
759 753 828 809 de
854 750 1105 806 adverbio
1128 748 1278 804 satis.

535 844 677 900 Ἐκ.
734 843 852 899 Non
911 841 1086 906 satis;
1143 851 1432 909 pausemus
1486 844 1665 892 tamen
1726 833 1795 889 ad
1853 832 2062 888 horam.

501 968 575 985 --
600 937 763 993 Saxo.
791 934 1106 991 Pausemus.
1165 928 1178 937 ”
1577 1007 1581 1012 ν

1022 1063 1110 1119 ιιι]
1143 1059 1541 1138 munerato.

577 1202 738 1275 292
754 1201 854 1258 Fit.
878 1199 1068 1270 Surge,
1091 1197 1253 1275 saxo.
1269 1195 1513 1268 —Sixo.
1539 1193 1675 1262 Quid
1699 1194 1801 1258 vis,
1825 1193 2068 1249 France?

576 1295 676 1350 Fs.
705 1293 783 1350 Ut
802 1292 1012 1363 regulas
1034 1287 1436 1362 participia-um
1465 1285 1668 1356 pandas
1707 1284 1841 1339 mihi
1884 1284 2062 1339 velim.

503 1416 578 1430 —-
604 1384 766 1442 Saxo.
801 1383 1057 1438 Pandam.
1094 1379 1198 1435 Sed
1236 1378 1324 1432 illa
1356 1391 1484 1446 pars
1513 1373 1704 1445 parum
1739 1373 1868 1444 quid
1906 1373 2070 1428 habet

508 1473 868 1534 obscuritatis.
901 1472 1105 1527 Tamen
1148 1471 1193 1524 si
1224 1467 1350 1538 quid
1382 1481 1515 1536 opus
1550 1466 1744 1530 habes,
1775 1464 2063 1534 interroga.

576 1562 676 1619 Fs.
714 1561 896 1618 Primo
924 1555 1358 1626 interrog-indum
1394 1567 1534 1618 reor,
1564 1542 1701 1606 unde
1726 1547 2068 1621 participium

507 1654 710 1710 dictum
755 1628 958 1707 sit.'——
997 1647 1159 1704 Saxo.
1201 1635 1549 1712 Participium
1575 1641 1777 1696 dictum
1801 1647 1912 1702 est,
1941 1639 2067 1710 quia

2167 471 2505 542 participium
2532 472 2652 527 loco
2679 471 2878 542 prioris
2902 470 3054 528 verbi
3079 486 3269 543 ponas,
3297 475 3434 530 bene
3456 477 3573 532 sine
3598 494 3728 534 con-

2157 562 2435 632 iunctione
2469 563 2758 634 profertur,
2790 573 2882 630 ut,
2911 563 3083 634 legens
3112 565 3302 631 scribo,
3330 565 3518 636 docens
3546 569 3724 625 discis.
3800 577 3802 579 ’

2163 653 2331 725 Igitur
2357 655 2696 725 participium
2724 657 2994 741 inventura
3020 665 3122 719 est,
3146 664 3210 710 ut
3234 657 3289 710 in
3319 659 3651 716 nominativo
3674 669 3729 716 et

2163 743 2408 797 vocativo
2427 743 2544 798 sine
2563 744 2937 815 conjunctione
2951 743 3255 813 proferatur
3273 760 3395 801 cum
3415 747 3520 809 alio
3539 751 3727 817 verbo,

2165 839 2242 895 ut,
2270 825 2441 901 legens
2469 833 2626 915 doceo
2643 873 2658 899 ,
2687 849 2815 902 pro,
2848 835 2964 905 lego
2993 844 3048 889 et
3075 837 3242 892 doceo
3271 829 3401 915 aet,
3422 838 3592 910 legens
3620 842 3726 911 fac,

2109 982 2113 986 _
2163 936 2280 993 pro,
2305 921 2428 992 legc-
2442 930 2497 977 et
2515 913 2617 985 fac,
2641 938 2762 994 qua:
2782 924 2976 994 positio
3005 913 3341 980 intransitiva
3366 930 3468 983 est.
3499 929 3601 984 hac
3622 940 3725 995 est,

2119 1032 2126 1038 ε
2167 1013 2335 1082 ipsam
2361 1014 2596 1069 ostendit
2621 1013 2675 1068 in
2707 1029 2765 1069 se
2792 1029 3008 1070 manere
3036 1030 3335 1085 personam.
3359 1017 3571 1089 Obliqui
3602 1033 3730 1075 vero

2165 1114 2326 1158 casus
2350 1102 2752 1172 participiorum
2777 1102 2844 1157 ad
2869 1104 2973 1158 hoc
2995 1111 3121 1158 sunt
3141 1104 3317 1167 utiles,
3345 1107 3486 1174 quod
3513 1121 3614 1161 non
3645 1124 3730 1162 so-

2166 1193 2275 1246 lum
2295 1192 2413 1248 sine
2432 1192 2804 1262 conjunctione
2829 1192 3195 1264 proferuntur,
3220 1197 3314 1250 sed
3333 1198 3495 1252 etiam
3515 1197 3580 1251 ad
3597 1198 3730 1254 alias

2169 1291 2445 1338 transeant
2479 1297 2767 1352 personas;
2808 1292 2887 1349 ut,
2917 1283 3147 1341 docentis
3183 1286 3373 1354 potior,
3407 1286 3612 1350 docenti
3649 1306 3729 1343 re-

2165 1372 2414 1443 spondeo,
2447 1373 2710 1427 docentem
2736 1373 2916 1437 audio,
2938 1371 3028 1427 illo
3051 1367 3262 1427 docente
3280 1373 3460 1429 didici.
3523 1437 3525 1439 1

2235 1462 2333 1516 [εἰ.
2369 1461 2512 1529 Quot
2533 1460 2782 1517 accidunt
2806 1462 3091 1532 participio
3117 1460 3249 1533 [Αι.,
3274 1465 3536 1518 accedunt
3564 1467 3728 1536 parti-

2166 1551 2476 1623 cipiis]?-—
2499 1551 2660 1608 Saxo.
2701 1549 2828 1607 Sex.
2867 1550 3070 1616 Genus,
3099 1568 3252 1606 casus
3287 1567 3355 1607 ex
3390 1557 3622 1622 nomine,
3657 1560 3729 1610 sis

2167 1641 2431 1713 gniﬁcatia
2454 1682 2469 1707 ,
2507 1650 2707 1712 tempus
2751 1656 2820 1696 ex
2864 1642 3065 1710 verbo,
3111 1657 3355 1730 numerus
3377 1683 3393 1710 ,
3435 1643 3608 1715 ﬁgura
3658 1661 3726 1702 ex

507 1752 717 1818 partem
742 1740 975 1797 nominis
1002 1745 1312 1810 partemque
1343 1732 1493 1787 verbi
1525 1737 1700 1794 tenet,
1737 1738 1794 1784 et
1831 1729 2063 1784 medium
2097 1714 2140 1774 Β
2168 1742 2416 1803 utroque.

509 1836 650 1892 inter
675 1847 739 1888 ea
765 1831 939 1885 locum
966 1828 1156 1893 habet,
1185 1833 1241 1880 et
1262 1839 1474 1893 semper
1509 1821 1565 1876 in
1589 1819 1915 1893 derivatione
1952 1827 2064 1884 est;
2129 1881 2132 1884 ,

508 1925 652 1997 quod
683 1921 827 1980 nulla
860 1919 961 1974 alia
985 1933 1112 1990 pars
1142 1914 1402 1973 orationis
1434 1911 1624 1981 habet,
1651 1910 1776 1968 dum
1800 1908 1918 1964 alia:
1941 1924 2066 1980 par-

511 2027 592 2072 tes
624 2013 928 2084 primitivas
955 2009 1155 2063 habent
1179 2005 1386 2076 species
1405 2044 1422 2069 ,
1447 2002 1591 2056 unde
1627 2000 1956 2065 derivantur,
1987 2006 2066 2062 ut,

510 2121 541 2162 ε
569 2122 705 2175 rege,
735 2101 930 2171 regalis
958 2117 971 2153 :
1000 2113 1029 2153 a
1055 2096 1185 2160 mei,
1214 2109 1367 2149 meus
1393 2110 1409 2147 :
1433 2108 1466 2152 a
1502 2093 1666 2161 ferreo
1685 2132 1699 2156 ,
1735 2090 2006 2155 fervesco;
2037 2105 2068 2143 a

508 2211 695 2267 prope,
722 2191 942 2262 propius
973 2207 987 2243 :
1031 2189 1098 2243 ab
1123 2202 1218 2251 ex,
1258 2191 1432 2238 extra.
1463 2181 1743 2250 Participia
1774 2192 1901 2235 vero
1931 2195 2071 2235 sem-

508 2301 607 2358 per
631 2300 661 2338 a
694 2281 872 2337 verbis
898 2278 1228 2342 derivantur,
1258 2282 1313 2329 et
1339 2271 1791 2342 comparationem
1819 2284 1924 2323 non
1953 2283 2074 2338 pos-

509 2386 634 2434 sunt
656 2375 879 2436 habere.
912 2369 970 2427 Si
998 2376 1395 2439 comparantur,
1428 2370 1703 2420 transeunt
1728 2361 1780 2416 in
1810 2362 2024 2418 nomina
2052 2380 2066 2416 :

509 2474 603 2530 ut,
644 2479 829 2519 amans
861 2459 930 2516 ab
973 2474 1091 2512 amo
1124 2455 1288 2511 verbo
1323 2454 1560 2519 veniens.
1602 2451 1660 2506 Si
1693 2449 1828 2506 facis
1862 2467 2066 2515 amans,

508 2557 788 2620 antantior,
833 2549 1256 2613 amantissimus,
1309 2559 1503 2600 nomen
1552 2549 1666 2608 est,
1707 2557 1899 2598 carens
1934 2549 2069 2595 tem-

507 2663 658 2722 pore.
1254 2686 1256 2689 .

577 2737 671 2792 ιιίι.
715 2733 822 2787 Sed
858 2732 998 2787 unde
1035 2741 1266 2800 agnosco
1306 2741 1374 2780 an
1417 2739 1609 2779 nomen
1639 2724 1710 2778 sit
1741 2723 1822 2778 vel
1855 2722 2070 2792 partici-

507 2829 654 2899 pium
689 2826 812 2881 talis
841 2823 1037 2879 dictio?
1059 2851 1124 2860 ——
1160 2818 1322 2872 δυο.
1354 2816 1429 2870 Ex
1466 2830 1684 2869 casuum
1713 2814 2071 2868 circumstan-

509 2921 601 2975 tia.
633 2918 767 2973 Nam
795 2912 1129 2986 participium
1172 2920 1353 2966 caSum
1391 2905 1474 2961 sui
1517 2905 1666 2960 verbi
1691 2904 1954 2974 sequitur,
1986 2913 2065 2968 ut,
2096 2945 2106 2951 .

507 3029 624 3067 aruo
648 3010 794 3064 illum
818 3048 832 3073 ,
856 3017 1037 3061 amans
1061 3001 1228 3057 illum.
1259 3000 1460 3055 Nomen
1499 3012 1627 3052 vero
1655 2997 1699 3052 si
1731 2995 1850 3061 fiet,
1880 3009 2066 3050 casum

2237 1824 2336 1879 Fn.
2374 1824 2516 1893 Quot
2552 1840 2750 1897 genera
2785 1826 2988 1883 habet?
3011 1856 3084 1868 —
3110 1825 3276 1884 SAIO.
3305 1826 3562 1895 Quatuor.
3593 1830 3730 1886 Mas-

2167 1911 2434 1979 culinuln,
2470 1923 2548 1980 ut,
2582 1924 2807 1970 amatus.
2838 1915 3319 1981 Femininum,'ut,
3361 1929 3558 1974 amata.
3589 1919 3730 1974 Neu—

2166 2007 2333 2067 trum,
2365 2009 2444 2068 ut,
2475 2011 2729 2059 amatum.
2759 2003 2948 2058 Omnis
2975 2005 3216 2075 generis,
3245 2012 3326 2072 ut,
3352 2005 3435 2059 Itic
3459 2014 3514 2060 et
3539 2007 3648 2062 Iure
3676 2019 3732 2064 et

2165 2091 2262 2145 hoc
2284 2108 2485 2147 amans.
2511 2092 2644 2148 Nam
2671 2109 2952 2150 commune
2978 2087 3140 2149 duom
3171 2110 3426 2165 generum
3454 2105 3510 2152 et
3533 2099 3730 2168 epicoe-

2167 2177 2396 2237 nomena
2424 2183 2553 2254 [Al.,
2584 2185 2874 2258 epicenon}
2909 2187 2964 2241 in
3011 2187 3295 2256 participio
3337 2188 3594 2254 inveniri,
3636 2206 3730 2245 na-

2167 2281 2289 2328 tura
2317 2275 2429 2344 ipsa
2456 2274 2721 2344 prohibet.
2753 2274 2886 2332 Cum
2916 2276 3058 2332 enim
3087 2277 3251 2332 verba
3272 2317 3288 2342 ,
3322 2293 3384 2340 ex
3415 2281 3608 2350 quibus
3634 2297 3729 2337 na-

2167 2374 2390 2420 scuntur
2413 2365 2717 2436 participia,
2747 2367 3226 2438 pariteromnibus
3247 2365 3540 2441 iungantur
3565 2387 3727 2442 gene-

2169 2461 2349 2525 ribus,
2374 2470 2460 2532 ut,
2491 2461 2610 2534 legit
2641 2464 2736 2526 uir;
2778 2459 2898 2534 legit
2934 2462 3162 2532 femina,
3203 2463 3324 2534 legit
3366 2470 3678 2538 mancipium
3709 2485 3728 2522 .'

2166 2553 2474 2608 necessario
2512 2553 2886 2621 participium,
2919 2541 3078 2623 quod
3121 2569 3188 2609 ex
3243 2568 3308 2609 eo
3351 2557 3729 2626 proﬁciscitur,

2165 2641 2364 2696 eisdem
2402 2643 2686 2718 generibus
2724 2644 3037 2698 associatur.
3075 2643 3143 2697 Et
3183 2659 3342 2699 omne
3385 2647 3727 2716 participium

2167 2731 2222 2786 in
2250 2747 2344 2785 ens
2363 2731 2447 2784 vel
2468 2731 2520 2784 in
2543 2747 2654 2795 ens,
2673 2745 2910 2802 praesens
2933 2740 2992 2787 et
3006 2733 3334 2802 prasteritum
3357 2734 3730 2804 imperfectum

2167 2823 2280 2876 sive
2323 2821 2483 2878 trium
2509 2835 2762 2889 generum
2791 2829 2909 2885 est;
2939 2829 3028 2886 ut,
3064 2821 3148 2876 hic
3177 2830 3234 2877 et
3272 2823 3382 2877 Iure
3408 2833 3462 2878 et
3491 2825 3586 2880 Iloc
3614 2827 3734 2884 lan-

2166 2911 2319 2970 dans,
2356 2910 2578 2974 docens,
2609 2910 2809 2981 legens,
2833 2911 3070 2965 audiens.
3104 2911 3160 2966 Si
3189 2926 3316 2968 vero
3353 2915 3404 2968 in
3443 2931 3504 2970 us
3536 2917 3730 2972 liniun-

2167 3010 2274 3064 tur.
2304 2998 2575 3068 praterita
2605 3001 2687 3054 vel
2713 3001 2914 3066 futura,
2938 3003 3154 3058 mobilia
3181 3012 3305 3059 sunt
3327 3019 3425 3074 per
3447 3009 3547 3061 tria
3573 3022 3731 3078 gene-

507 3100 737 3156 verbalis
774 3095 904 3168 [Al.,
937 3091 1207 3163 verbialis]
1237 3089 1466 3145 nominis
1506 3085 1764 3155 sequitur,
1798 3092 1875 3149 ut,
1921 3100 2067 3138 ama-
2093 3076 2137 3139 C
2163 3107 2258 3156 ra,
2287 3100 2347 3145 ut
2367 3103 2604 3156 amatus,
2633 3099 2828 3155 amata,
2861 3099 3112 3144 amatum.
3138 3091 3440 3160 Amaturus,
3464 3076 3729 3164 amatura,

507 3201 588 3246 tor
610 3190 779 3251 illius,
807 3187 886 3241 sic
911 3184 1171 3239 dicimus:
1197 3196 1379 3233 amans
1402 3177 1565 3230 illius.
1591 3177 1751 3231 Vides
1775 3175 1916 3246 quod
1942 3191 2068 3245 par-

509 3283 744 3352 ticipium
774 3274 1100 3335 accusativo,
1123 3285 1315 3325 nomen
1345 3267 1576 3337 genitivo
1596 3264 1858 3334 jungitur.
1887 3263 2069 3346 Sedet

507 3371 782 3443 participia
808 3377 1020 3436 tempus
1045 3362 1365 3433 signiﬁcant.
1981 3406 1992 3413 ,

576 3461 676 3516 Fit.
699 3456 948 3528 Nunquid
976 3468 1081 3508 non
1107 3451 1352 3522 quzedam
1383 3449 1594 3503 nomina
1621 3461 1833 3515 quoque
1861 3454 2068 3514 tempus

505 3546 810 3620 signiﬁcant
829 3585 856 3609 ι,
875 3552 935 3597 ιιι
963 3545 1163 3604 annus,
1206 3539 1435 3601 mensis,
1475 3537 1619 3599 dies,
1668 3537 1832 3600 hora,
1872 3545 1928 3590 et
1965 3535 2067 3590 alia

508 3638 671 3693 multa
687 3637 787 3688 ?--—
802 3632 964 3686 Suo.
984 3631 1318 3699 Significant.
1339 3628 1444 3681 Sed
1460 3626 1834 3695 interestquod
1851 3627 2066 3680 nomina

509 3728 593 3784 illa
620 3724 751 3781 nihil
774 3723 917 3778 aliud
942 3718 1268 3789 significant,
1293 3717 1394 3771 nisi
1421 3716 1592 3785 ipsum
1615 3722 1825 3783 tempus
1853 3728 1947 3783 per
1973 3729 2064 3768 se:

507 3816 787 3890 participia
815 3815 992 3882 itaque
1015 3810 1279 3864 actionem
1305 3807 1388 3862 vel
1417 3806 1716 3878 passionem
1755 3805 1808 3859 in
1831 3803 2069 3874 quolibet

508 3920 749 3981 tempore
791 3905 909 3962 ﬁeri
945 3905 1343 3966 demonstrant,
1367 3913 1472 3954 non
1501 3898 1673 3968 ipsum
1708 3903 1918 3966 tempus
1948 3912 1962 3949 :
2002 3895 2071 3950 Et

506 3985 648 4072 quad
665 3998 1004 4070 participium
1021 3993 1334 4063 exsequitur
1356 4005 1531 4054 casus,
1556 4002 1690 4058 quos
1712 3996 1766 4043 et
1791 3987 1974 4052 verba,
2001 4001 2067 4042 ex

505 4089 700 4162 quibus
725 4094 1020 4141 nascuntur
1048 4097 1062 4135 :
1089 4091 1143 4135 et
1171 4081 1311 4150 quod
1342 4079 1624 4134 verborum
1652 4077 2068 4149 signiﬁcationes

463 4178 472 4187 ’
507 4181 734 4244 habent,
760 4186 814 4231 et
852 4175 993 4246 quod
1030 4189 1125 4244 pro
1151 4171 1312 4226 verbo
1339 4176 1628 4238 ponuntur.
1670 4167 1821 4222 Unde
1850 4167 2064 4235 quidam

506 4270 841 4348 participium
874 4266 1097 4336 verbum
1146 4257 1356 4316 casualc
1403 4258 1706 4322 nominant;
1757 4258 1880 4323 quia
1923 4255 2065 4324 quod

505 4343 669 4423 verbo
692 4377 788 4435 per
808 4376 866 4416 se
891 4358 1072 4420 deest,
1103 4355 1156 4408 id
1184 4361 1265 4407 est
1289 4366 1442 4406 casus
1461 4390 1474 4413 ,
1502 4345 1740 4418 possidet
1770 4346 1822 4399 in
1848 4343 2066 4414 partici-

504 4460 610 4528 pio.
651 4415 868 4511 ldeo'in
906 4445 1300 4505 constructione
1338 4457 1431 4512 per
1466 4441 1706 4509 obliquos
1743 4451 1932 4502 casus,
1972 4435 2062 4490 ubi
2094 4415 2140 4474 ί)

505 4550 725 4606 verbum
748 4545 898 4616 jungi
925 4558 1029 4598 non
1061 4549 1256 4611 potest,
1286 4535 1622 4607 participium
1654 4533 1771 4586 loco
1800 4529 1946 4584 verbi
1976 4543 2064 4582 su-

502 4641 616 4706 bit;
645 4651 704 4695 ut
739 4639 899 4693 bonus
935 4633 1134 4707 [homo]
1178 4631 1480 4703 loquebatur
1513 4641 1528 4678 :
1562 4627 1680 4679 boni
1720 4624 1941 4678 hominis
1988 4620 2064 4673 lav-

503 4732 706 4800 9uerttt's
748 4727 1035 4782 orationem
1075 4723 1283 4785 audivi;
1325 4721 1454 4773 bona
1491 4718 1684 4770 homini
1727 4716 1951 4783 loquenti
1984 4729 2063 4764 re-

503 4818 720 4890 spondi;
756 4818 944 4870 bonum
985 4814 1240 4866 hominem
1276 4807 1561 4877 loquentem
1597 4808 1804 4870 audivi;
1843 4817 1897 4857 tu
1939 4808 2063 4857 bene

502 4910 655 4964 homo
681 4906 920 4977 loquere;
942 4919 976 4957 a
1003 4901 1140 4955 bono
1155 4898 1359 4953 homine
1385 4896 1620 4966 loquente
1641 4895 1825 4947 didici.
1852 4895 1961 4967 [Et]
1999 4910 2063 4949 ex

503 5018 568 5059 eo
597 4997 954 5056 nominativus
991 5003 1046 5049 et
1067 4995 1344 5047 vocativus
1365 4989 1495 5044 recti
1520 5003 1678 5043 casus
1701 4988 2062 5054 nominantur,

505 5092 626 5165 quia
656 5105 750 5162 per
777 5102 834 5142 se
858 5085 1034 5140 verbis
1052 5085 1207 5155 jungi
1235 5091 1473 5153 possunt.

573 5188 672 5244 Fs.
711 5185 882 5252 Quam
916 5180 1201 5234 utilitatem
1238 5178 1398 5233 habet
1424 5175 1760 5247 participium
1800 5174 1852 5226 in
1896 5177 2067 5230 nomi-

509 5284 687 5338 nativo
713 5290 768 5336 et
783 5277 1062 5340 vocativo,
1095 5275 1139 5328 si
1180 5274 1259 5327 sic
1288 5271 1435 5327 verbi
1471 5270 1588 5325 loco
1626 5268 1853 5335 obliquis
1872 5265 2066 5338 junga-

510 5372 628 5426 tur?
649 5402 717 5412 --
748 5371 912 5425 δυο.
941 5367 1095 5434 Quod
1130 5366 1290 5420 verba
1331 5364 1445 5418 sine
1484 5358 1855 5428 conjunctione
1887 5358 1941 5411 in
1970 5373 2067 5412 no-

511 5463 765 5518 minativo
789 5469 846 5514 et
868 5459 1113 5514 vocativo
1140 5454 1460 5525 conjungere
1491 5461 1658 5523 potes.
1697 5449 1826 5503 Nam
1857 5446 2063 5504 diversa

505 5549 672 5605 verba
695 5549 810 5605 sine
837 5546 1211 5613 conjunctione
1241 5545 1369 5601 recti
1401 5543 1553 5617 [Μι.,
1583 5539 1745 5610 recte]
1779 5537 1923 5606 jungi
1960 5553 2062 5591 non

515 5649 764 5721 possunt,
793 5647 879 5707 ut,
910 5639 1051 5707 lego,
1081 5638 1280 5702 scribo;
1311 5637 1392 5691 vel
1428 5637 1604 5699 doceo,
1634 5632 1817 5694 discis,
1851 5645 1954 5682 non
1987 5637 2068 5683 cst

2166 3191 2481 3235 amaturum.

2233 3271 2330 3324 Fit.
2367 3270 2550 3326 Casus,
2573 3273 2978 3342 participiornm
3023 3289 3231 3342 expone
3275 3275 3424 3329 mihi.
3459 3307 3524 3316 —
3563 3275 3725 3334 Saxo.

2163 3360 2334 3416 Casus
2355 3360 2764 3430 participlorum
2785 3376 2877 3415 sex
2907 3368 3050 3425 sunt,
3075 3362 3214 3417 sicut
3233 3371 3286 3418 et
3309 3365 3600 3420 nominum.
3623 3367 3733 3424 Nec

2163 3457 2288 3505 sunt
2314 3449 2529 3504 inventa
2557 3450 2839 3520 particrpia
2865 3450 2918 3504 in
2950 3451 3130 3521 aliquo
3156 3467 3281 3507 casu
3310 3453 3641 3521 deﬁcientia,
3661 3457 3733 3513 si-

2165 3549 2256 3598 cut
2282 3541 2441 3614 293
2471 3555 2569 3598 nec
2599 3541 2813 3596 nomina
2836 3541 3052 3596 mobilia
3080 3542 3163 3596 vel
3189 3558 3243 3596 tn
3270 3543 3402 3598 duas
3427 3546 3730 3604 desinentes

2164 3639 2538 3688 consonantes.
2566 3629 2697 3696 Quae
2721 3631 2864 3686 enim
2901 3631 3186 3697 deﬁciunt,
3215 3630 3320 3686 lixa
3349 3643 3502 3701 sunt;
3530 3645 3619 3702 ut,
3649 3638 3731 3708 fas

2167 3718 2419 3792 [ditione}
2435 3719 2574 3773 tabo.

2234 3809 2331 3864 Fu.
2373 3809 2649 3877 Quomodo
2677 3810 3011 3868 declinantur
3034 3812 3353 3884 participia?
3370 3845 3438 3855 -—
3460 3814 3624 3873 Suo.
3651 3818 3734 3874 Ad

2165 3901 2567 3958 similitudinem
2605 3901 2881 3960 nominum
2919 3903 2976 3957 in
3014 3919 3105 3961 ens
3139 3903 3530 3974 desinentium,
3559 3908 3644 3965 vel
3677 3910 3733 3966 iu

2165 4008 2229 4047 ns
2254 3991 2554 4047 mobilium.
2648 3977 2663 3986 ’
3612 4012 3618 4019 ·

2234 4081 2333 4136 Fa.
2376 4081 2635 4152 Tempora
2674 4083 3076 4155 participiorum
3114 4084 3344 4153 qualiter
3379 4089 3730 4141 currunt?—

2167 4170 2330 4226 Ssxo.
2360 4169 2649 4239 Participia
2679 4170 2962 4240 conjuncta
2990 4173 3217 4238 habent,
3251 4174 3388 4230 sicut
3413 4176 3576 4231 verba
3606 4177 3728 4233 inti-

2165 4263 2350 4324 nitiva,
2382 4262 2434 4316 id
2456 4271 2555 4326 est,
2582 4279 2814 4330 przesens
2837 4273 3046 4334 tempus
3073 4263 3263 4336 [Edit.,
3293 4269 3576 4337 praesentis
3593 4277 3730 4325 tem-

2163 4352 2333 4424 poris]
2381 4361 2433 4407 et
2482 4354 2808 4423 praeteritum
2862 4352 3252 4424 imperfectum.
3298 4355 3428 4411 item
3471 4359 3724 4429 praeterit.

2166 4443 2387 4514 perfect.
2433 4452 2489 4499 et
2552 4443 3060 4515 plusquamperfect.
3128 4447 3353 4516 pariter,
3403 4456 3462 4501 ut
3503 4465 3515 4500 :
3558 4446 3729 4517 legens

2164 4535 2350 4599 scribo,
2376 4533 2545 4606 legens
2568 4535 2883 4600 scribebam;
2906 4534 3065 4590 lectus
3091 4536 3187 4605 fui,
3216 4535 3376 4590 lectus
3402 4537 3622 4605 fueram.

2233 4627 2330 4682 Fu.
2368 4627 2448 4680 An
2492 4642 2554 4680 ex
2604 4627 2752 4680 omni
2793 4625 3178 4696 signiﬁcatione
3216 4628 3502 4681 verborum
3547 4626 3728 4682 omnia

2167 4726 2407 4787 tempera
2429 4716 2767 4770 inveniuntur
2793 4715 2845 4769 in
2872 4714 3202 4783 participiis?
3222 4745 3290 4754 —
3317 4712 3477 4768 Suo.
3511 4713 3724 4786 Nequa-

2165 4825 2344 4877 quam.
2376 4807 2506 4862 Nam
2530 4821 2650 4861 cum
2678 4805 2912 4874 quinque
2936 4805 3045 4859 sint
3071 4806 3352 4860 verborum
3379 4806 3724 4876 signiﬁcatio-
3801 4814 3804 4818 ί

2168 4914 2284 4964 nes,
2314 4896 2761 4966 activa,passiva,
2784 4901 2995 4962 neutra,
3021 4898 3340 4961 communia,
3375 4897 3718 4967 deponentia;

2166 4988 2444 5061 participia
2483 4988 2550 5042 ab
2596 4986 2783 5040 activis
2836 4987 3049 5055 quidem
3093 4993 3149 5041 et
3193 4991 3398 5041 neutris
3449 4987 3725 5055 prmsentis

2170 5079 2425 5148 temporis
2447 5077 2786 5131 inveniuntur
2808 5086 2861 5131 et
2881 5076 3073 5141 futuri;
3104 5086 3163 5130 ut
3186 5093 3386 5137 amans,
3410 5084 3679 5128 amaturus
3703 5087 3722 5124 :

2167 5184 2343 5231 stans,
2381 5179 2612 5224 staturus
2644 5181 2661 5217 :
2700 5167 2792 5222 sed
2831 5167 3105 5236 praesentis
3145 5165 3478 5234 participium
3512 5176 3566 5220 et
3598 5165 3724 5219 sub-

2168 5264 2457 5319 stantivum
2485 5261 2703 5314 verbum
2733 5275 2873 5321 sum,
2899 5257 3226 5326 praeteritum
3265 5255 3555 5324 perfectum
3596 5271 3720 5322 pro-

2166 5353 2415 5416 ferimus;
2461 5360 2548 5415 ut,
2591 5365 2771 5402 amans
2818 5347 2929 5416 fui,
2961 5345 3134 5412 fuisti,
3178 5345 3304 5413 fuit,
3353 5360 3478 5412 pro,
3525 5344 3720 5406 amavi,

2167 5444 2432 5510 amavisti,
2465 5443 2689 5500 amavit;
2729 5447 2782 5491 et
2816 5439 2895 5493 sic
2933 5453 3029 5509 per
3070 5453 3253 5491 omnes
3292 5436 3474 5489 modos
3505 5432 3556 5485 in
3589 5440 3724 5487 tem—
3801 5423 3806 5428 ’

2168 5551 2294 5605 pore
2328 5534 2596 5606 praeterito
2620 5528 2856 5600 perfecto
2884 5539 2939 5584 ct
2976 5521 3507 5598 plusquamperfecto.
3542 5520 3725 5590 Itaque

2168 5627 2306 5696 quod
2356 5624 2503 5679 deest
2551 5619 2864 5678 naturaliter
2900 5616 3122 5684 simplici
3166 5614 3430 5667 dictione.
3476 5611 3720 5678 impletur
