4266 6190
592 298 692 352 903

1393 292 1448 346 Β.
1488 293 1547 346 F.
1589 287 1807 344 ALBlNl
1844 285 1975 339 εει)
2017 279 2287 336 Αιευικι
2322 274 2604 333 OPERL'M
2637 272 2815 328 PARS
2852 271 2956 325 Vll.

3688 261 3791 316 90$

592 427 787 484 aquas,
813 407 865 464 id
892 417 994 474 est,
1018 405 1193 476 justus
1215 421 1311 475 per
1336 405 1440 458 duo
1466 421 1517 457 u.
1546 403 1651 457 Sed
1678 411 1861 455 tamen
1887 399 2001 452 hac
2025 410 2142 449 om-
2167 401 2214 457 Α
2245 404 2498 484 numerus
2523 401 2732 484 quoque
2773 381 3342 484 syllabarum‘cresciu
3361 381 3616 484 Similiter
3648 380 3791 434 enim

591 483 680 556 nia
705 515 800 569 per
819 514 863 551 te
890 495 1254 566 diphthongon
1283 492 1560 548 scribenda
1583 498 1723 546 sunt.
1755 487 1931 558 Equus
1955 486 2000 539 si
2031 483 2143 538 ani-

594 587 702 643 mal
743 586 1026 656 signiﬁcat,
1056 599 1150 653 per
1190 582 1481 652 simplicem
1517 597 1544 633 a
1573 578 1733 634 scribi
1775 576 1950 631 debet.
1982 572 2141 646 [Aula

595 679 783 732 Latine
808 679 993 731 domus
1028 675 1172 745 regia
1199 680 1301 736 est,
1327 679 1383 726 et
1405 686 1501 740 per
1529 687 1559 722 a
1591 668 1860 723 scribitur.
1890 663 2020 718 Aule
2045 676 2143 730 per

595 767 886 835 simplicem
915 781 962 829 e,
992 763 1177 818 Gmce
1212 761 1407 814 atrium
1441 759 1651 813 dicitur.
1687 755 1809 810 Ideo
1854 754 1907 807 in
1940 751 2143 821 psalmo

597 857 684 911 ubi
713 857 935 927 legimus
959 869 973 908 :
1001 854 1226 908 Adorate
1250 851 1527 907 Dominum
1568 850 1622 902 in
1661 847 1784 901 aula
1821 853 2003 899 sancta
2031 842 2143 910 ejus

589 943 820 1014 (Psalm.
843 958 1032 1007 xxviii,
1060 942 1145 1012 2),
1191 955 1294 994 non
1325 940 1578 1009 palatium
1619 937 1751 990 aulae
1792 933 2024 996 nomine,
2054 931 2145 984 sed

596 1035 789 1088 atrium
818 1031 1004 1086 Graeco
1033 1029 1287 1084 vocabulo
1317 1031 1472 1084 debet
1509 1025 1776 1096 intelligi.]
1803 1022 1964 1077 Aulea
2000 1039 2094 1091 per
2119 1037 2147 1074 e

597 1125 641 1178 si
670 1123 891 1178 tentoria
921 1121 1202 1192 signiﬁcat.
1233 1119 1383 1175 Unde
1405 1127 1459 1172 et
1483 1119 1536 1171 in
1563 1117 1696 1170 Isaia
1720 1115 1872 1182 juxta
1901 1113 2039 1167 LXX
2069 1114 2148 1166 in-

598 1222 897 1283 terpretes:
936 1211 1113 1283 Dilata
1154 1210 1322 1264 locum
1365 1205 1682 1260 tabernaculi
1720 1206 1908 1275 tui,get
1953 1217 2151 1257 AULEAS

599 1281 713 1358 tuas
751 1303 966 1372 conﬁge.
992 1281 1227 1354 Actuarii
1253 1313 1373 1353 cum
1397 1314 1450 1361 u,
1484 1297 1668 1359 id.est,
1692 1295 1919 1349 diversis
1943 1293 2151 1346 actibus

599 1393 838 1462 occupati
879 1392 1145 1446 dicuntur.
1187 1388 1382 1442 Actarii
1423 1401 1548 1440 vero
1590 1385 1878 1454 scriptores
1911 1392 2151 1436 actorum

601 1482 932 1552 appellantur
955 1478 1080 1550 Ub.
1117 1478 1268 1548 Κεφ,
1297 1477 1648 1531 Actuarius...
1675 1473 1912 1546 dicitur].

669 1592 826 1661 302
865 1590 1029 1662 [Ante
1067 1588 1371 1659 praepositio
1400 1587 1566 1640 multa
1600 1585 1894 1655 signiﬁcat;
1941 1599 2068 1638 nam
2098 1592 2154 1637 et

601 1692 806 1751 tempus
830 1679 1112 1748 signiﬁcat,
1136 1693 1257 1731 cum
1281 1676 1504 1730 dicitur:
1533 1674 1664 1727 Ante
1683 1674 1816 1726 diem
1841 1673 2024 1741 festum
2048 1671 2152 1724 Pa-

601 1775 735 1826 scha?
765 1769 940 1840 (Joan.
979 1787 1107 1835 xm,
1139 1770 1209 1839 l).
1250 1769 1315 1823 Et
1345 1767 1680 1837 praesentiam
1717 1765 2014 1832 signiﬁcat,
2054 1770 2148 1816 ut:

603 1864 732 1914 Ante
778 1869 1099 1928 conspectum
1143 1859 1370 1927 gentium
1418 1855 1654 1908 reuelabit
1691 1851 1953 1922 justitiam
2005 1868 2154 1904 suam

606 1949 774 2018 (Psal.
804 1965 967 2013 Vtcvu,
1001 1949 1081 2017 2),
1126 1948 1177 2001 id
1211 1955 1310 2010 est,
1342 1961 1520 2000 coram
1547 1943 1810 2014 gentibus.
1839 1941 1904 1996 Et
1931 1941 2156 2012 dignita-

604 2047 729 2100 tem,
758 2032 861 2094 νὶιιθ
881 2036 1058 2090 Posuit
1083 2034 1328 2104 Ephraim
1354 2043 1471 2087 ante
1501 2033 1780 2086 Manassen
1802 2029 2154 2099 (Gen.xr.vm,

603 2115 696 2206 20)
741 2125 847 2183 Et:
874 2127 962 2192 qui
988 2137 1098 2196 post
1129 2141 1206 2176 me
1234 2125 1389 2187 venit,
1417 2131 1536 2175 ante
1564 2137 1643 2176 me
1678 2119 1848 2189 [actus
1879 2129 1952 2172 est
1975 2117 2152 2190 (Joan.

563 2255 567 2258 .
607 2231 690 2278 xv,
714 2215 824 2284 27),
850 2216 902 2268 id
930 2222 1029 2278 est,
1062 2213 1191 2266 mihi
1217 2209 1510 2282 prazlatus.]

675 2322 872 2391 Arguo,
899 2323 1050 2389 argui
1090 2330 1146 2376 et
1172 2331 1410 2390 argutum
1430 2361 1447 2385 ,
1486 2320 1540 2376 id
1560 2328 1679 2384 est,
1707 2318 2027 2385 convictum,
2073 2319 2156 2374 fa-

605 2413 753 2465 ciunt
774 2418 1074 2479 arguturus.
1098 2410 1246 2475 Amo,
1269 2411 1457 2476 amavi,
1480 2410 1668 2464 amasti
1695 2410 1917 2475 faciunt,
1941 2417 1997 2462 ct
2020 2425 2161 2479 stupe

609 2500 696 2554 illa
726 2503 905 2564 verba,
934 2515 1050 2568 qua:
1079 2501 1132 2554 in
1161 2501 1430 2570 przeterito
1456 2500 1695 2568 perfecto
1721 2518 1746 2554 υ
1777 2511 2160 2557 consonantem

609 2596 914 2653 assumunt,
955 2590 1008 2643 in
1051 2590 1280 2644 secunda
1307 2598 1361 2644 et
1405 2590 1562 2644 tertia
1598 2605 1823 2660 persona
1873 2605 2160 2660 syncopam

610 2678 901 2746 patiuntur,
933 2687 1019 2742 ut,
1063 2695 1176 2743 nco,
1225 2680 1374 2743 nevi,
1398 2679 1578 2732 nevisti
1617 2680 1701 2734 vel
1729 2681 1880 2734 ncsti.
1909 2681 2003 2734 Illa
2034 2695 2164 2735 vero

612 2780 730 2835 qua
757 2767 808 2820 in
837 2768 1082 2835 praesenti
1112 2784 1138 2820 υ
1162 2767 1358 2830 habent
1381 2777 1784 2833 consonantem,
1807 2784 1910 2824 non
1939 2777 2163 2839 possint

612 2856 668 2911 in
688 2856 953 2924 praeterito
972 2871 1254 2925 syncopam
1275 2858 1403 2925 pati,
1426 2866 1502 2922 ut,
1526 2857 1639 2912 lavo
1663 2858 1845 2912 lavasti
1866 2858 1986 2930 [ΜΒ.
2004 2859 2162 2931 Περι,

611 2942 819 3014 laoisti],
844 2959 998 2998 nemo
1015 2944 1138 2998 dicit
1159 2961 1172 2996 :
1191 2945 1330 3008 lasti,
1347 2947 1426 3000 vel
1447 2947 1566 3000 lasti
1584 2958 1722 3021 sunt.
1747 2947 2022 3018 Adipiscor
2036 2949 2184 3005 adem

2241 478 2367 550 [Με.
2395 478 2545 548 Reg.,
2572 476 2745 531 Simili
2775 473 2939 544 enim]
2969 472 3138 527 vocali
3176 470 3374 525 vocalis
3403 469 3651 539 adjuncta
3684 483 3792 522 non

2242 567 2410 622 solum
2437 582 2542 619 non
2565 567 2820 628 cohzeret,
2843 564 2934 617 sed
2955 563 3114 616 etiam
3138 560 3390 633 syllabam
3409 566 3586 624 auget,
3613 566 3694 623 ut,
3713 559 3795 610 in-

2240 673 2457 727 genuus,
2489 655 2705 717 arduus,
2749 653 2983 719 exiguus,
3009 661 3065 704 et
3092 666 3307 713 vacuus,
3332 648 3473 718 quod
3499 661 3598 718 per
3623 664 3650 700 c
3685 660 3795 699 non

2238 759 2380 816 ρει-(ι
2395 743 2734 798 scribendum
2762 750 2860 795 est.
2879 741 3078 794 Eadem
3101 739 3291 798 divisio
3311 739 3363 791 in
3385 737 3560 792 verbis
3583 747 3798 805 quoque

2242 842 2343 897 est,
2371 841 2448 896 ut,
2474 841 2726 895 metuunt,
2747 840 3001 893 statuunt,
3025 829 3271 891 tribuunt,
3304 835 3517 893 acuunt,
3539 826 3679 896 quod
3700 840 3799 895 per

2243 940 2270 976 c
2285 937 2498 992 quoque
2520 937 2624 976 non
2654 936 2750 990 per
2772 938 2802 991 q
2824 920 3162 974 scribendum
3185 926 3284 972 est.

2315 1011 2520 1080 Aspiro,
2545 1011 2758 1080 aspicio,
2786 1009 2901 1062 sine
2931 1009 2964 1060 ά
3004 1007 3283 1061 scribenda
3322 1016 3445 1062 sunt
3469 1021 3566 1076 per
3593 1003 3799 1075 simpli-

2245 1115 2360 1155 cem
2400 1117 2426 1153 s
2459 1099 2584 1172 [Με.
2612 1098 2757 1169 ch.,
2784 1098 3025 1166 Asspiro,
3051 1096 3280 1165 asspicio
3306 1111 3402 1165 per
3425 1095 3689 1164 duplicem
3717 1093 3797 1165 s],

2245 1190 2370 1246 licet
2394 1206 2513 1244 cum
2537 1191 2604 1243 ad
2633 1189 3008 1259 prmpositione
3036 1186 3328 1255 composita
3359 1185 3485 1248 sint,
3509 1184 3632 1255 quia
3663 1185 3799 1254 perit

2249 1282 2319 1336 ibi
2349 1282 2403 1334 d.
2433 1281 2676 1350 Apparet,
2719 1279 2859 1348 quod
2904 1278 3131 1340 videtur,
3158 1288 3255 1343 per
3280 1289 3332 1343 p.
3378 1274 3625 1343 Adparet,
3657 1274 3826 1342 quod.

2246 1372 2559 1439 obsequitur
2577 1385 2672 1438 per
2689 1370 2744 1434 d,
2767 1383 2870 1422 non
2893 1365 3086 1436 regula:
3108 1352 3444 1427 ratione.sed
3463 1363 3802 1419 discretionis

2250 1477 2432 1516 causa.
2450 1459 2634 1526 Arbor,
2659 1473 2817 1514 omne
2838 1457 3039 1529 lignum
3063 1456 3275 1510 dicitur.
3302 1454 3676 1520 Arbustafnon
3700 1453 3801 1508 nisi

2251 1552 2543 1608 fructifera.

2321 1643 2516 1707 Avena,
2539 1643 2584 1697 si
2606 1642 2673 1696 ad
2701 1655 2938 1712 germen,
2962 1640 3078 1695 sine
3099 1640 3130 1693 li
3157 1654 3253 1708 per
3276 1655 3302 1693 υ
3329 1638 3669 1694 scribendum
3696 1644 3798 1691 est.
3841 1694 3845 1697 _

2185 1734 2227 1794 Β
2256 1733 2504 1799 Habena,
2543 1734 2588 1787 si
2619 1732 2685 1786 ad
2726 1723 3017 1787 retinacula
3052 1729 3449 1798 iumentorum,
3489 1743 3586 1799 per
3613 1719 3660 1780 [ι’
3683 1735 3737 1781 ει
3770 1725 3804 1778 b

2257 1825 2525 1881 scribitur.
2559 1823 2873 1896 [Adoocatur
2891 1823 3113 1876 daturus
3138 1821 3511 1891 patrocinium.
3545 1818 3808 1875 Evocatur

2254 1913 2578 1981 praebiturus
2601 1911 2936 1980 obsequium.
2965 1909 3244 1964 [avocatur
3279 1916 3630 1980 praestaturus
3655 1909 3806 1962 ausi-

2255 2004 2403 2056 lium.
2435 2001 2723 2070 Adportare
2743 2010 2825 2055 est
2867 1999 3065 2069 aliquid
3110 1998 3682 2069 adferre.'Asportare,
3713 2013 3810 2052 au-

2255 2093 2399 2148 ferre
2425 2093 2644 2162 aliquid.
2676 2091 3009 2162 Comportare
3035 2091 3190 2146 simul
3219 2099 3431 2160 portare
3458 2092 3511 2144 in
3539 2106 3702 2143 unum
3730 2089 3810 2143 lo-

2256 2197 2399 2236 cum.
2433 2181 2716 2250 Deportare
2743 2180 3026 2248 deponere.
3057 2179 3344 2248 Eaportare
3381 2175 3613 2248 tollere]

2324 2270 2515 2324 Album
2563 2277 2782 2335 natura;
2813 2269 3095 2324 candidum
3124 2283 3253 2323 cura
3283 2267 3430 2322 facit.
3456 2266 3805 2340 [Armorium,

2255 2361 2347 2415 ubi
2384 2375 2822 2428 quarumcunque
2861 2360 3057 2414 artium
3107 2359 3459 2413 instrumenta
3502 2365 3804 2412 servantur.

2256 2449 2749 2514 Armamcntariuni,
2776 2449 2869 2502 ubi
2895 2457 3100 2503 tantum
3128 2448 3232 2503 tela
3262 2462 3552 2502 armorum.
3580 2447 3807 2512 Accedit,

2255 2551 2353 2607 per
2377 2553 2406 2590 e
2427 2538 2495 2594 ab
2529 2537 2863 2592 ambulando.
2889 2537 3089 2591 Accidit
3117 2538 3251 2608 peri
3277 2537 3344 2591 ab
3367 2534 3605 2606 eventu.]

2329 2628 2460 2682 Ante
2487 2629 2788 2698 praepositio
2815 2628 3076 2683 interdum
3110 2629 3373 2698 integrum
3403 2626 3530 2698 [λιι.
3557 2625 3705 2696 Reg.,
3731 2626 3812 2678 in-

2257 2715 2442 2789 tegra]
2489 2728 2701 2784 manet,
2749 2727 2837 2784 ut,
2885 2717 3165 2782 antecedit,
3211 2717 3482 2770 antevenit.
3539 2713 3810 2769 Interdum

2258 2810 2551 2865 nutatione
2574 2828 2601 2864 e
2627 2811 2679 2864 in
2703 2811 2722 2863 i
2749 2810 2977 2864 litteram
3015 2808 3389 2877 corrumpitur,
3419 2814 3504 2870 ut,
3539 2805 3808 2874 anticipat.

2329 2899 2376 2953 A
2397 2908 2455 2955 et
2480 2901 2545 2954 ab
2579 2910 2633 2954 et
2658 2900 2749 2953 abs
2777 2899 3177 2967 praepositiones
3209 2898 3366 2966 unius
3407 2895 3814 2966 signiﬁcationis

2261 2988 2406 3055 sunt,
2432 3000 2492 3044 ut
2517 3008 2549 3043 a
2574 3006 2673 3055 me,
2709 2990 2771 3044 ab
2800 2989 3023 3054 nomine,
3054 2987 3262 3042 abstuli.
3295 2988 3400 3042 Sed
3429 2988 3493 3041 ab
3522 2989 3812 3056 salpissimc

610 3042 731 3102 ptus
749 3048 866 3086 sum
893 3031 1037 3086 facit.
1069 3032 1293 3086 Accusso
1322 3050 1418 3103 per
1439 3036 1543 3090 duo
1570 3053 1596 3088 c
1627 3045 1679 3090 et
1705 3051 1789 3106 pet
1819 3036 1924 3092 duo
1947 3053 1972 3091 s
1998 3039 2158 3093 scribi
2183 3063 2230 3124 ε
2709 3031 2767 3044 ’⁷
2800 3031 3023 3054 """""’
3054 3031 3262 3135 1"”
3297 3031 3400 3108 ‘1"
3429 3031 3488 3132 "li
3505 3031 3812 3092 ."”T.".'"""

610 3121 760 3151 ,ΜΝ
823 3121 1008 3151 ,ωηι-
1034 3137 1128 3151 mu
1168 3123 1269 3151 ΑΜ
1313 3141 1334 3151 ρ
1386 3123 1536 3151 cm“
1585 3123 1646 3151 ,ι
1683 3127 1956 3151 n___L___,_
2005 3143 2154 3151 mm
2519 3121 2534 3146 ,
2729 3095 2958 3151 sequens
2983 3095 3078 3135 ver
3117 3096 3205 3135 um
3248 3097 3277 3134 a
3305 3095 3434 3136 voca
3459 3097 3474 3134 ι
3504 3086 3709 3149 melptt,
3747 3095 3813 3134 ne

608 3121 782 3176 debet.
811 3121 1008 3175 Accedo
1033 3137 1128 3190 per
1167 3123 1272 3176 duo
1308 3141 1352 3176 ε.
1386 3123 1536 3193 Saepe
1581 3123 1646 3178 ab
1681 3127 1959 3196 euphoniae
2000 3143 2160 3183 causa

613 3212 666 3263 in
691 3220 1000 3280 sequentem
1028 3215 1350 3268 mutabirnus
1376 3213 1501 3285 [Μι.
1530 3215 1682 3286 Reg.,
1707 3217 2018 3290 mutabitur]
2042 3214 2165 3273 coni

612 3309 910 3365 sonantem,
933 3309 992 3354 ut
1019 3301 1216 3370 ofﬁcio,
1241 3305 1412 3373 aﬂluo,
1442 3303 1622 3368 allido,
1650 3321 1935 3369 emoneo,
1965 3322 2161 3370 annuo,

613 3409 837 3461 appono,
865 3394 1078 3462 arripio,
1105 3410 1332 3448 assumo.
1356 3393 1525 3464 Alligo
1558 3409 1654 3464 per
1677 3397 1781 3450 duo
1799 3395 1839 3448 Ι.
1863 3396 2047 3449 Annua
2068 3411 2165 3465 per

615 3483 718 3538 duo
743 3500 797 3536 n.
825 3483 1029 3552 Apparo
1058 3481 1180 3553 [Με.
1205 3482 1356 3552 Reg,
1383 3483 1626 3556 appareo]
1670 3498 1765 3553 per
1798 3485 1902 3538 duo
1922 3500 1973 3553 p.
1997 3483 2164 3537 Attuli

613 3586 709 3640 per
735 3571 838 3625 duo
878 3580 897 3623 t
926 3571 1086 3626 scribi
1122 3571 1335 3642 debent.
1379 3574 1441 3626 At
1483 3572 1531 3626 si
1567 3572 1870 3642 conjunctio
1897 3582 1979 3627 est
2011 3588 2109 3643 per
2143 3581 2165 3627 t

614 3658 948 3713 scribendum
969 3668 1078 3724 est;
1106 3660 1148 3712 si
1174 3660 1495 3728 praepositio,
1517 3674 1614 3730 per
1633 3661 1686 3714 d.
1711 3663 1872 3732 Atque
1893 3664 2020 3717 item
2042 3679 2164 3718 con-

606 3748 813 3817 iunctio
846 3749 1135 3817 composita
1175 3765 1269 3817 per
1299 3759 1315 3801 ι
1341 3749 1584 3803 similiter
1620 3753 1978 3816 scribendum.
2011 3754 2162 3823 Apud

613 3839 914 3908 prmposilio
942 3841 993 3891 in
1032 3839 1066 3891 d
1104 3838 1336 3892 ﬁniatur.
1368 3835 1448 3892 Ab
1478 3847 1595 3891 artu
1642 3838 1892 3904 artubus;
1939 3843 2006 3895 ab
2050 3852 2162 3895 arte

616 3931 839 3984 artibus.
883 3928 1142 3982 Similiter
1165 3930 1233 3983 ab
1270 3944 1397 3982 arcu
1425 3929 1681 3990 arcubus;
1712 3927 1780 3983 ab
1805 3946 1922 3984 arce
1949 3930 2164 3986 arcibus

617 4019 895 4072 dicendum
940 4027 1041 4072 est.
1093 4017 1289 4090 [aliger
1338 4019 1544 4085 animo;
1595 4017 1846 4089 .Egrotus
1896 4033 2157 4090 corpore:

620 4118 901 4176 utrumque
947 4123 1044 4176 per
1099 4110 1458 4177 diphthongon
1511 4108 1805 4180 scribitur].
1847 4111 2018 4176 Alibi,
2056 4111 2163 4166 alio

619 4200 756 4253 loco.
784 4199 946 4262 Alias,
977 4198 1080 4250 alio
1107 4207 1344 4266 tempore
1371 4197 1653 4267 signiﬁcat.
1685 4195 1788 4250 Aer
1817 4199 2161 4268 dissyllabum

616 4300 717 4356 est,
748 4299 802 4344 et
829 4305 932 4344 non
963 4290 1121 4342 habet
1148 4287 1406 4356 pluralem
1434 4303 1732 4352 numerum,
1762 4288 1864 4342 nisi
1897 4277 2162 4344 aera‘tan-

2260 3173 2421 3227 dictio
2448 3172 2630 3226 multis
2654 3172 3068 3236 consonantibus
3093 3181 3367 3234 oneretur,
3396 3179 3477 3236 ut,
3509 3173 3574 3223 ab
3601 3186 3722 3222 uno.
3755 3167 3814 3223 Si

2259 3274 2388 3313 vero
2409 3275 2440 3312 a
2464 3269 2793 3315 consonante
2812 3275 2938 3331 pars
2957 3245 3216 3314 orationis
3236 3259 3439 3328 incipit,
3465 3277 3498 3312 a
3527 3259 3698 3313 solum
3725 3274 3818 3328 po-

2261 3355 2436 3413 natur,
2460 3357 2538 3414 ut,
2560 3367 2591 3402 a
2615 3349 2795 3418 fratre.
2823 3349 2925 3402 Abs
2946 3357 3122 3402 tamen
3147 3349 3200 3402 in
3223 3347 3602 3418 compositione
3623 3347 3818 3415 szepius

2260 3449 2477 3510 propter
2490 3441 2808 3510 euphoniam
2829 3441 3034 3509 integra
3055 3449 3256 3502 manet,
3271 3450 3330 3493 ut
3347 3440 3437 3493 abs
3453 3450 3520 3504 te,
3535 3438 3813 3503 abscondo,

2261 3529 2452 3584 melius
2473 3538 2648 3592 sonat,
2687 3545 2845 3597 quam
2869 3530 2933 3582 ab
2957 3539 3030 3593 te,
3050 3529 3132 3583 vel
3164 3530 3427 3594 abcondo;
3459 3530 3599 3584 sicut
3627 3511 3818 3584 melius

2259 3627 2415 3673 sonat
2442 3619 2506 3672 ab
2534 3619 2678 3683 urbe,
2703 3633 2862 3687 quam
2889 3618 2981 3672 abs
3005 3619 3146 3673 urbe.

2328 3727 2485 3798 303
2513 3726 2811 3782 Avunculus
2844 3742 2939 3799 per
2966 3727 3070 3783 duo
3094 3745 3148 3792 ιι,
3176 3729 3300 3798 quia
3328 3729 3394 3783 ab
3418 3745 3514 3782 avo
3541 3729 3818 3784 diminuti-

2257 3825 2529 3888 vum-est,
2555 3833 2623 3869 uo
2669 3815 2872 3887 syllaba
2915 3818 2968 3871 in
3010 3835 3118 3871 uun
3159 3833 3438 3874 conversa.
3475 3819 3652 3883 Alm,
3695 3835 3818 3873 cum

2257 3915 2500 3960 ventrem
2528 3905 2812 3978 signiﬁcat,
2841 3920 2939 3976 per
2968 3922 3002 3959 u
3034 3907 3334 3977 digammon
3352 3948 3367 3974 ,
3406 3922 3527 3962 eum
3567 3923 3695 3963 vero
3723 3923 3818 3963 co-

2257 3993 2428 4051 lorem
2457 3992 2582 4068 [Με.
2613 3989 2737 4065 Reg.
2763 3993 2949 4048 addit:
2974 3996 3114 4064 quod
3151 4005 3236 4050 est
3263 3995 3469 4068 albus],
3497 4012 3593 4067 per
3623 3997 3652 4050 b
3677 3998 3814 4052 scri-

2258 4085 2421 4140 bitur.
2447 4086 2702 4153 Ara/cum
2738 4084 2904 4138 altare
2940 4082 3222 4153 signiﬁcat,
3253 4085 3371 4139 sine
3396 4085 3429 4137 lt
3457 4084 3813 4154 aspiratione;

2259 4189 2383 4229 cum
2415 4189 2546 4228 vero
2573 4173 2748 4228 cubile
2780 4187 3085 4242 porcorum,
3121 4186 3241 4226 cum
3277 4174 3601 4243 aspiratione
3629 4175 3820 4230 scribi-

2262 4271 2367 4317 tur.
2395 4261 2642 4316 .Emm
2667 4270 2723 4317 et
2749 4261 2968 4316 cedimus
2995 4270 3048 4316 et
3072 4279 3305 4317 mrumna
3332 4265 3510 4318 omnia
3538 4279 3635 4335 per
3661 4265 3816 4334 diph-

621 4351 750 4435 tum.
776 4379 880 4433 .Es
921 4351 1339 4449 monosyllabum
1367 4385 1465 4432 est.
1493 4377 1789 4447 Aufero,id
1820 4385 1930 4444 est,
1959 4379 2156 4449 abfero,
2189 4387 2238 4446 υ
2259 4353 2306 4407 ⁸1³

2131 4398 2156 4448 ,’
2189 4387 2238 4446 υ
2259 4353 2495 4422 thongon
2521 4352 2866 4449 scribuntur.
2897 4351 3246 4422 Equimanus
3286 4367 3382 4421 per
3420 4369 3466 4408 ω
3503 4369 3733 4423 quoque,
3761 4355 3816 4410 id

618 4475 647 4525 b
678 4475 730 4527 in
761 4489 794 4525 ιι
821 4479 1049 4526 mutata.

687 4582 768 4636 Ad
795 4580 1100 4653 praepositio
1139 4580 1517 4648 corrumpitur,
1544 4580 1591 4634 si
1620 4593 1848 4648 sequens
1879 4581 2100 4636 verbum
2127 4597 2160 4637 a

618 4681 942 4727 consonante
971 4673 1174 4740 incipit,
1202 4680 1299 4725 ut:
1329 4669 1555 4741 apponit,
1593 4671 1851 4726 ammittit.
1890 4670 2084 4727 Alliam
2107 4681 2163 4727 et

619 4763 811 4816 dolium
838 4764 974 4832 peri
997 4763 1297 4827 scribenda,
1326 4772 1402 4826 ut,
1434 4762 1683 4833 Virgilius
1713 4759 1914 4834 (Eclog.
1942 4778 2006 4828 ιι,
2031 4763 2119 4834 Η)
2144 4782 2177 4821 :.

621 4851 758 4906 Allia
790 4851 1178 4922 serpeUuatque.
1203 4853 1335 4906 Acer
1379 4851 1504 4906 facit
1545 4852 1820 4921 pluraliter
1862 4853 2008 4906 acria
2038 4849 2160 4925 [ΗΒ.

622 4941 773 5012 κει,
800 4939 954 5012 acri].
984 4941 1131 4994 Acris
1153 4939 1282 4994 facit
1303 4939 1578 5010 pluraliter
1595 4958 1758 4997 eam.

689 5051 973 5127 [Audacter
995 5051 1240 5108 Latinum
1257 5057 1370 5111 est;
1397 5050 1492 5105 sed
1516 5047 1786 5106 audaciter
1804 5049 2023 5117 melius,
2036 5050 2161 5121 quia

622 5141 832 5197 uenulae
859 5157 897 5196 ι
933 5141 1112 5198 littera
1147 5138 1429 5195 terminata
1466 5138 1522 5193 in
1549 5136 1815 5194 adverbiis
1836 5154 1867 5194 r
1883 5146 1940 5196 et
1965 5139 1986 5194 i
2013 5151 2167 5194 aeau-

622 5243 790 5300 munt,
819 5243 902 5303 ut,
924 5245 1093 5302 atros,
1117 5240 1385 5304 atrociter;
1409 5236 1580 5308 farus.
1607 5233 1866 5306 ferociter.
1905 5234 2163 5298 Acarsit.

623 5324 710 5393 qui
733 5331 939 5378 evocat.
965 5323 1210 5389 Armsit,
1235 5327 1322 5394 qui
1344 5319 1630 5395 accusat]

691 5435 931 5498 Aceruus,
958 5439 1054 5501 per
1081 5448 1137 5498 α,
1163 5433 1444 5503 cujuslibet
1481 5435 1558 5490 rei
1595 5432 1870 5504 congeries
1893 5441 1999 5500 est,
2025 5431 2165 5490 forte

628 5521 855 5591 ¹³βίάῑιω
883 5519 966 5577 νει
989 5521 1219 5594 frugum.
1260 5525 1481 5583 Acerba:
1516 5541 1613 5596 per
1642 5526 1671 5580 b
1712 5525 2028 5581 imaturus
2069 5531 2163 5578 aut

629 5623 800 5676 asper.
829 5613 945 5669 Alia
978 5620 1103 5666 sunt
1139 5627 1257 5678 quae
1282 5627 1376 5676 uer
1410 5613 1514 5670 duo
1541 5631 1575 5668 u
1603 5613 1929 5679 scribuntur,
1971 5612 2163 5682 quibus

2261 4452 2364 4508 est,
2394 4443 2746 4507 ambidexter,
2774 4444 2863 4512 qui
2891 4452 3114 4511 utraque
3143 4459 3303 4497 manu
3343 4452 3526 4499 utatur
3561 4463 3660 4516 pro
3688 4448 3816 4502 dex-

2263 4544 2399 4588 tera.
2444 4532 2661 4595 Avarus,
2692 4532 2736 4586 si
2767 4532 2952 4586 vitium
2980 4532 3245 4603 signiﬁcat
3280 4549 3376 4604 per
3403 4551 3456 4588 u.
3501 4534 3558 4592 Si
3602 4544 3814 4606 gentem

2265 4624 2392 4699 [Πι.
2424 4624 2549 4697 Reg.
2573 4625 2759 4680 addit:
2783 4624 2928 4695 quod
2965 4634 3051 4680 est
3085 4623 3281 4697 Abari]
3319 4643 3417 4698 per
3457 4629 3486 4683 b
3525 4629 3810 4684 scribatur.

2265 4713 2510 4771 Acciana
2538 4729 2631 4784 per
2660 4715 2764 4770 duo
2787 4731 2836 4780 c,
2877 4715 2930 4770 id
2971 4722 3081 4777 est,
3107 4730 3229 4770 cum
3274 4714 3409 4771 falso
3453 4715 3682 4786 aliquem
3727 4733 3813 4773 ac-

2265 4818 2443 4860 cusao.
2493 4803 2774 4870 Reclamo,
2821 4805 3054 4875 aliquem
3091 4814 3372 4860 exeuntem
3417 4808 3676 4871 vocitaua.
3723 4807 3812 4863 ln-

2263 4893 2457 4960 clamo,
2480 4902 2536 4950 et
2557 4893 2844 4959 sueclamo,
2864 4895 3231 4950 memorandi
3258 4905 3369 4960 est;
3391 4898 3664 4966 perdam
3681 4895 3810 4971 [ηε.

2261 4979 2412 5052 Reg"
2439 4979 2781 5052 proclamat],
2808 4981 3055 5037 laudandi
3082 4982 3165 5038 vel
3189 4984 3506 5052 deprecandi
3528 4985 3809 5050 esaltatio;

2265 5072 2508 5130 declamo
2551 5071 2690 5145 Ulla.
2721 5071 2869 5147 ηερ..
2902 5071 3208 5145 proclamo]
3266 5073 3650 5133 rbetorisaudi.
3703 5077 3814 5134 Bx-

2262 5159 2466 5228 elamo,
2501 5161 2716 5231 quando
2754 5174 2857 5229 pro
2887 5161 3090 5218 viribus
3128 5177 3314 5220 vocem
3361 5164 3557 5221 exalto.
3597 5163 3727 5223 Alae
3766 5169 3812 5221 si

2261 5248 2446 5305 ludum
2488 5245 2755 5320 signiﬁcat
2780 5262 2878 5320 per
2903 5265 2962 5314 s;
3000 5249 3044 5304 si
3072 5249 3143 5304 ab
3175 5250 3446 5306 diludia
3478 5252 3648 5318 venit,
3673 5253 3815 5323 peri

2265 5335 2478 5406 legitur.

2332 5428 2533 5482 Amittit
2575 5442 2674 5496 per
2698 5443 2860 5482 unum
2886 5445 2964 5492 ns,
2993 5429 3044 5484 id
3086 5440 3167 5484 est
3188 5471 3201 5494 ,
3247 5430 3519 5500 relinquit.
3544 5430 3813 5488 Ammittit

2260 5533 2358 5588 per
2386 5519 2491 5574 duo
2517 5534 2590 5583 ιιι,
2631 5518 2685 5572 id
2711 5526 2816 5583 est,
2846 5520 3084 5574 assumit.
3125 5520 3246 5574 Ideo
3291 5521 3504 5576 inmissa
3531 5521 3812 5577 dicendum

2262 5619 2376 5678 est,
2405 5611 2632 5665 animine
2661 5619 2727 5676 te,
2757 5611 2834 5664 rel
2857 5611 3070 5668 admitte
3114 5611 3232 5684 [Με.
3266 5612 3420 5684 Reg,
3449 5614 3662 5670 inmissa
3687 5612 3812 5668 dici-
