4266 6246
425 340 530 399 905

1378 330 1840 390 DIDASCALICA.
1874 355 1942 368 ι-
1981 326 2068 382 DE
2103 321 2659 381 ORTllOGRAPHlA.

3542 315 3646 377 906

417 471 533 511 mus
559 453 789 524 ammiti,
831 461 898 526 ut,
915 449 1172 519 admitte].
1202 449 1416 518 Atratini
1443 460 1538 516 per
1564 446 1668 501 duo
1692 443 1737 515 ί,
1781 441 1833 496 id
1865 449 1971 504 est,
2002 447 2050 505 Α

2089 435 2225 492 :anis
2249 434 2472 491 dicitur.
2505 431 2770 488 Ccnomia
2801 446 2899 500 per
2925 429 3296 502 diphthongon
3320 445 3367 486 α
3406 442 3649 486 commu-

417 546 625 612 statim,
660 544 746 601 vel
785 545 935 600 satis.
959 544 1127 614 Agger
1148 555 1244 614 per
1267 547 1373 596 duo
1405 557 1437 608 g
1479 535 1816 594 scribendum
1856 542 1968 599 est,

417 624 629 707 quando
655 642 882 692 stratam
926 629 1224 705 signiﬁcat;
1254 632 1300 688 si
1345 638 1523 686 autem
1555 643 1834 698 campum,
1881 624 1972 679 ubi

416 726 678 798 seminari.
693 732 887 797 potest,
913 739 1011 795 per
1029 739 1194 780 unum
1218 741 1269 794 g.

487 817 739 872 Accentus
781 825 880 887 per
922 812 1028 874 duo
1066 832 1116 880 c,
1141 815 1231 870 ubi
1268 830 1372 870 vos
1418 814 1624 870 levatur
1652 811 1788 885 [κε.
1818 808 1972 879 Reg.,

419 901 679 982 elevatur]
705 909 761 964 in
782 904 967 964 verbo.
996 905 1194 981 Angor,
1231 906 1283 962 id
1311 915 1412 971 est,
1448 905 1750 976 angustiam
1775 901 1972 973 patior,

417 1013 517 1070 per
549 1016 583 1052 rs
606 1005 658 1053 et
685 1014 716 1069 g
745 995 1083 1055 scribendum
1105 1005 1208 1053 est.
1239 994 1571 1066 zEripezlem,
1613 993 1798 1056 idest,
1827 990 1974 1046 velo-

418 1105 534 1145 cem
563 1103 659 1159 per
681 1104 714 1143 a
733 1095 787 1143 et
807 1104 840 1146 ,s
865 1085 1062 1143 dvisas
1093 1086 1374 1143 dicendum
1400 1093 1502 1140 est.
1533 1081 1717 1137 Allecti
1746 1094 1844 1150 per
1871 1079 1976 1134 duo

419 1179 458 1244 l,
486 1180 539 1234 id
564 1188 668 1244 est,
688 1178 864 1249 electi,
891 1178 1014 1236 inde
1034 1177 1208 1249 allegit
1228 1177 1442 1232 dicitur.
1469 1175 1664 1240 Allicit,
1689 1173 1743 1229 id
1765 1179 1868 1238 cst,
1896 1171 1979 1226 in-

416 1269 580 1335 vitat,
622 1267 890 1325 similiter.
920 1263 1123 1338 Utilia,
1161 1266 1310 1335 quasi
1341 1264 1571 1327 alatilia,
1614 1263 1668 1317 id
1695 1269 1811 1326 est,
1850 1275 1978 1316 aves

418 1357 689 1429 saginatae.
719 1356 978 1412 Attonitus
1009 1370 1106 1424 per
1148 1357 1251 1411 duo
1288 1363 1339 1419 t,
1382 1354 1436 1408 id
1478 1360 1582 1417 est,
1615 1351 1852 1406 intentus
1892 1350 1976 1404 vel

416 1455 635 1518 stupore
660 1445 899 1505 dimisus.
921 1446 1140 1517 Attingit
1164 1460 1260 1518 per
1280 1445 1384 1501 duo
1404 1453 1424 1498 t
1445 1444 1731 1501 scribatur.

1004 1552 1301 1616 LITTERA
1336 1558 1399 1613 Β.

411 1653 414 1657 ’
491 1674 787 1729 Benedictio
807 1631 862 1730 et
883 1673 1052 1727 oratio
1073 1681 1092 1728 t
1116 1672 1312 1728 debent
1335 1671 1536 1728 habere
1559 1669 1613 1726 in
1635 1683 1770 1742 pene
1793 1667 1978 1726 ultima

420 1763 650 1836 syllaba,
669 1777 775 1817 non
796 1779 823 1815 c
844 1771 900 1818 et
924 1762 1028 1817 alia
1054 1761 1269 1819 similia.
1291 1759 1339 1814 Β
1359 1760 1413 1816 in
1439 1775 1463 1814 s
1492 1769 1731 1814 mutatur
1753 1776 1980 1831 sequen-
2079 1759 2209 1816 "7"
2234 1759 2286 1767 "
2315 1759 2485 1814 ""1
2510 1759 2711 1814 """.
2731 1759 2867 1768 ""'
2910 1759 3183 1815 “’““”“’ἷ
3210 1759 3296 1783 ¹’”’
3336 1759 3436 1816 “’“Ῐ
3457 1759 3489 1816 .'.
3516 1759 3620 1769 “’“
3647 1808 3654 1814 .

345 1880 350 1885 ι
421 1856 561 1885 mn"
591 1862 608 1885 ο
631 1862 682 1885 Μ
710 1871 737 1885 ⁸
782 1859 839 1885 Μ
892 1850 1102 1885 "Mum
1154 1850 1364 1885 “mw,
1414 1848 1670 1885 md"...
1696 1850 1763 1885 oh
1792 1850 1978 1885 dum
2010 1784 2060 1843 Β
2082 1804 2244 1858 bitur.
2273 1800 2518 1858 Comcdia
2545 1817 2788 1858 carmina
2833 1813 2990 1868 sunt,
3018 1818 3138 1873 qua:
3167 1819 3221 1858 in
3258 1819 3520 1860 convn'us
3560 1821 3658 1860 ca-

421 1856 565 1911 tibus
589 1862 608 1906 ι
631 1862 687 1908 et
708 1871 756 1919 c,
782 1859 864 1916 ut,
889 1850 1122 1916 sustulit,
1151 1850 1385 1920 suscipit.
1408 1848 1670 1918 Beniﬁcus
1694 1850 1763 1904 ab
1791 1850 1978 1904 adver—

419 1946 510 2000 bio
535 1944 658 1999 bene
683 1942 1037 2012 compositum
1065 1956 1162 2012 per
1183 1939 1212 1994 ὁ
1238 1940 1519 2003 scribatur,
1552 1939 1807 2008 veneﬁcus
1831 1955 1862 1994 a
1889 1950 1979 1993 ve-

419 2050 559 2090 neno
585 2048 682 2104 per
723 2050 777 2087 ιι.
815 2033 915 2087 Bis
933 2031 1242 2087 adverbium
1277 2045 1375 2101 per
1401 2030 1452 2095 ὁ,
1497 2030 1571 2084 ris
1598 2041 1791 2083 nomen
1821 2039 1916 2098 per
1945 2046 1978 2081 ιι

422 2125 759 2182 scribendum
784 2132 867 2180 est
899 2122 1027 2196 [ιιι.
1057 2122 1204 2192 Reg.,
1233 2123 1504 2186 scribitur,
1534 2129 1593 2176 ut
1618 2121 1733 2176 haec
1753 2124 1857 2201 vis,
1883 2121 1981 2175 hu-

417 2215 504 2284 ius
528 2216 631 2282 vis,
657 2216 785 2272 huic
826 2214 932 2286 vi].
963 2215 1077 2270 Bile
1104 2215 1149 2270 si
1181 2213 1249 2269 fel
1289 2214 1556 2285 signiﬁcat
1585 2229 1681 2282 per
1712 2213 1763 2278 b,
1804 2213 1849 2267 si
1884 2209 1979 2266 ab-

416 2303 617 2372 iectum
642 2303 868 2374 aliquid,
890 2304 1030 2373 quod
1055 2311 1138 2358 est
1167 2302 1285 2367 cile,
1310 2318 1407 2373 per
1445 2319 1479 2355 u
1509 2303 1847 2357 scribendum
1875 2309 1976 2355 cst.

422 2395 596 2448 Berna
619 2395 663 2450 si
690 2393 832 2450 domi
858 2393 1092 2463 genitum
1118 2391 1394 2461 signiﬁcat,
1431 2391 1484 2444 id
1510 2397 1610 2456 est,
1639 2389 1978 2446 o‘tlorENuc

422 2499 520 2555 per
539 2485 568 2540 lt
594 2485 932 2540 scribendum
961 2490 1074 2547 est;
1103 2481 1147 2537 si
1179 2489 1406 2550 tempus.
1444 2489 1504 2535 ut
1535 2497 1687 2534 verna
1716 2488 1975 2551 tempora,

425 2591 520 2646 per
539 2594 572 2630 ιι
594 2576 755 2631 scribi
779 2582 1025 2630 auctores
1049 2572 1346 2627 voluerunt.
1373 2570 1603 2625 Berbena
1625 2578 1851 2640 utraque
1875 2583 1924 2636 ε)
1942 2570 1982 2622 l-

425 2668 544 2722 laba
570 2684 599 2722 a
625 2669 654 2721 li
681 2669 919 2737 incipiat.
1741 2661 1745 2668 ’

495 2759 790 2831 [Belzebub,
822 2774 927 2813 non
973 2757 1238 2813 Belzebul.
1286 2753 1477 2820 Belial,
1520 2769 1625 2809 non
1655 2752 1832 2808 Bcliar
1873 2752 1978 2805 dici

424 2853 599 2908 debet.
638 2851 928 2920 Baptismus
948 2846 1198 2917 baptismi
1233 2859 1426 2913 genere
1455 2841 1769 2905 masculino,
1800 2848 1853 2893 ct
1891 2842 1979 2892 lm-

425 2944 611 3014 ptisma
635 2939 987 3011 baptismatis,
1008 2943 1064 2992 et
1088 2938 1393 3006 baptismum
1419 2932 1666 3002 baptismi
1687 2929 1816 3003 [Ms.
1840 2929 1976 2995 Sal,

428 3035 740 3103 baptismus,
769 3033 1029 3101 baptisma
1081 3030 1209 3100 etc]
1229 3030 1526 3088 invenitur.

2075 540 2200 580 nem
2228 539 2468 580 muscam
2485 563 2502 590 ,
2533 521 2588 577 id
2614 533 2731 587 est,
2758 521 2935 576 omnis
2958 521 3172 592 generis
3195 534 3438 576 muscam
3473 520 3654 588 signat

2076 613 2203 686 ws.
2229 612 2379 684 Reg.,
2422 611 2743 684 signiﬁcat],
2771 611 2896 683 quia
2931 625 3111 666 canon
3138 609 3326 667 (imos
3367 625 3654 671 commune

2073 704 2301 769 dicitur;
2335 702 2476 758 unde
2501 702 2790 775 coenobium
2821 701 2942 773 llis.
2974 700 3114 766 Sal.,
3153 688 3466 773 cmubium]
3505 715 3652 756 eom-

2075 793 2253 848 munis
2281 791 2548 848 habitatio
2585 791 2908 862 appellatur.
2937 786 3182 844 Carduus
3223 790 3384 848 trium
3424 789 3654 860 syllaba-

2075 898 2196 944 rum
2219 891 2323 948 est,
2354 881 2496 938 sicut
2521 881 2746 946 arduus,
2772 877 2974 949 fatuus,
3011 875 3269 934 mortuus.
3300 877 3506 949 Cuspis,
3534 896 3654 934 cus-

2072 971 2232 1043 pidis,
2258 986 2364 1026 non
2400 984 2611 1040 cuspes.
2639 966 3045 1022 Commodamus
3067 982 3189 1037 quae
3217 965 3526 1036 recipimus,
3558 982 3655 1037 per

2075 1063 2181 1120 duo
2209 1081 2262 1118 m
2307 1063 2594 1120 scribatur.
2633 1056 2965 1124 llutuamus,
3013 1060 3140 1115 dum
3183 1059 3410 1129 aequalia
3457 1061 3652 1129 recipi-

2075 1168 2226 1208 mus:
2245 1150 2546 1207 Comminus
2575 1165 2672 1222 per
2709 1150 2815 1205 duo
2860 1165 2944 1214 ιιι,
2983 1147 3188 1208 eminus
3227 1162 3327 1217 per
3371 1164 3534 1203 unum
3578 1164 3651 1201 ru.

2076 1239 2377 1297 Comminus
2417 1241 2547 1296 cum"
2571 1238 2765 1312 gladiis
2804 1253 3134 1310 pugnamus;
3163 1240 3363 1293 eminus
3390 1255 3511 1294 cum
3541 1239 3656 1294 lan-

2077 1332 2218 1396 ceis;
2247 1332 2374 1401 quia
2400 1329 2531 1386 illud
2560 1346 2590 1385 a
2626 1347 2787 1387 manu
2813 1347 2922 1386 non
2950 1329 3182 1396 recedit;
3219 1329 3324 1386 hoc
3348 1345 3379 1385 c
3408 1331 3654 1386 manibus

2077 1417 2362 1476 emittitur.
2391 1415 2636 1476 Collocat.
2655 1436 2752 1492 per
2775 1421 2880 1476 duo
2903 1419 2922 1474 ι
2943 1417 3217 1476 scribitur.

2145 1530 2309 1604 ωδ
2334 1530 2523 1597 Cerne,
2547 1539 2604 1586 et
2629 1548 2804 1587 cresco
2828 1540 2885 1587 et
2918 1531 3080 1602 glisco
3123 1532 3179 1588 in
3219 1515 3384 1587 unum
3413 1535 3656 1602 prmeri-

2078 1629 2192 1676 tum
2219 1619 2520 1691 perfectum
2549 1621 2790 1686 veniunt,
2817 1622 2962 1692 quod
2993 1629 3078 1678 est
3103 1623 3260 1676 crevi.
3291 1620 3458 1692 Cupio
3488 1625 3658 1692 cupiti

2079 1710 2210 1767 facit
2231 1719 2286 1767 et
2313 1713 2477 1782 cupii.
2505 1710 2688 1766 Casses
2731 1712 2867 1768 retia
2906 1712 3183 1779 dicuntur,
3210 1728 3307 1783 per
3334 1713 3439 1768 duo
3466 1731 3490 1767 s
3516 1716 3652 1769 scri-

2078 1900 2302 1956 nuntur,
2333 1906 2430 1963 per
2449 1909 2477 1948 s
2502 1892 2802 1964 simplicem
2826 1892 3106 1949 scribitur.

2149 1982 2429 2045 Comburo,
2458 1997 2726 2050 comparo,
2754 1997 3004 2051 compono
3034 1997 3134 2052 per
3174 1975 3323 2038 utet
3349 1999 3453 2038 non
3498 2000 3599 2054 per
3623 2002 3657 2038 ιι

2079 2073 2416 2128 scribuntur:
2440 2071 2519 2126 sic
2540 2069 2853 2141 complaceo,
2870 2080 3241 2136 commoratus,
3259 2074 3655 2140 comprehendo,

2078 2161 2391 2224 commodat,
2418 2162 2803 2230 computrescit,
2829 2160 3180 2225 commendat,
3201 2177 3490 2225 conuuune,
3517 2179 3655 2217 com-

2079 2251 2250 2320 plures
2275 2258 2329 2304 et
2355 2250 2481 2304 talia
2501 2249 2628 2318 (Ms.
2645 2249 2772 2319 Reg.
2794 2250 2972 2305 addit:
3000 2265 3100 2321 per
3116 2252 3462 2309 inscribenda
3484 2255 3654 2318 sunt}.

2079 2338 2321 2397 Camelus
2346 2353 2441 2409 per
2466 2355 2631 2393 unum
2653 2339 2692 2391 ι.
2721 2337 2864 2408 Celo,
2889 2339 3049 2407 celas,
3078 2341 3534 2409 idestabscondo,
3562 2361 3658 2415 per

2079 2429 2374 2499 simplicem
2401 2446 2446 2482 e.
2481 2427 2667 2500 [σιτίῳ
2696 2429 2872 2493 εωιαε,
2904 2447 3024 2484 cum
3055 2432 3319 2500 picturam
3363 2436 3655 2504 signiﬁcat.

2079 2534 2174 2586 per
2219 2535 2262 2571 ce
2303 2519 2673 2588 diphthongon
2728 2518 3072 2574 scribendum
3119 2531 3221 2575 est.
3269 2523 3418 2578 Unde
3469 2526 3658 2582 melius

2081 2609 2394 2677 intelligitur
2435 2607 2619 2660 calum
2659 2623 2689 2661 a
2737 2608 2947 2678 pictura
2993 2610 3263 2673 siderum,
3301 2629 3462 2680 quam
3503 2630 3531 2666 a
3576 2633 3659 2666 ce—
3727 2663 3732 2667 ,

2080 2699 2236 2751 laudo
2277 2696 2594 2752 mortalibus
2623 2711 2818 2752 arcana
2849 2697 3068 2752 dictum.
3098 2696 3249 2752 Circa
3287 2700 3353 2753 ad
3389 2702 3653 2758 visibilem

2080 2790 2363 2844 materiam
2418 2788 2502 2842 vel
2562 2787 2738 2842 locum
2794 2787 3047 2858 pertinet.
3104 2788 3247 2858 Erga
3301 2793 3367 2845 ad
3419 2793 3654 2848 animum

2082 2886 2314 2948 spectat,
2352 2877 2589 2931 maxime
2631 2891 2753 2930 cum
2795 2877 3027 2946 aliquem
3082 2883 3484 2947 propensiorem
3525 2884 3658 2937 alie—

2079 2975 2222 3023 ctum
2261 2975 2482 3039 generat
2520 2964 2933 3037 proximorum]
2969 2963 3178 3020 Circum
3217 2968 3282 3022 ad
3315 2976 3526 3040 tempus
3575 2988 3657 3027 re—

2086 3060 2281 3113 fertur.

505 3121 550 3175 Β
576 3121 974 3219 Ιίῑιεηξξδοιητθ
1055 3115 1507 3220 ηξηξοηδῑνιξθξί
1627 3105 2056 3220 ξῗξηῄξφῗῗίο
2153 3145 2240 3201 Cis
2272 3145 2497 3202 iocalem
2544 3146 2704 3199 habet
2752 3142 3231 3214 significationem,
3263 3155 3323 3200 ut
3355 3166 3365 3198 :
3407 3150 3480 3202 cis
3509 3149 3660 3220 Alpi-

437 3211 494 3266 iu
519 3208 928 3280 compositione,
958 3214 1018 3260 ut
1040 3206 1170 3274 oﬁ'ui
1201 3219 1307 3258 non
1344 3202 1522 3269 ablui;
1553 3201 1745 3268 suffero
1769 3213 1865 3268 pro
1886 3197 2002 3250 sub.

439 3301 571 3369 fero.
599 3297 643 3353 Β
673 3298 906 3369 quoius
946 3294 1178 3349 transire
1219 3292 1356 3346 solet
1398 3289 1579 3344 multis
1623 3290 1676 3342 iu
1719 3286 1874 3348 locis,
1924 3292 2002 3349 ut,

436 3390 644 3455 sustuli,
675 3389 923 3457 suscipio,
950 3394 1208 3448 susteneo,
1236 3381 1531 3451 suspendo;
1574 3395 1673 3449 pro
1705 3378 1922 3440 subtuli,
1952 3386 2005 3430 ct

438 3479 698 3549 subcipio,
723 3487 774 3531 et
798 3477 1077 3537 subteneo,
1120 3482 1175 3528 et
1201 3472 1500 3542 subpendo.
1540 3469 1640 3523 Bes
1677 3470 1787 3523 sive
1842 3467 2004 3528 bisse,

438 3567 579 3636 quod
597 3566 866 3638 signiﬁcat
883 3581 979 3619 vui
1003 3564 1190 3617 uncias
1210 3578 1306 3631 per
1359 3561 1387 3614 b
1423 3559 1768 3615 scribendum
1805 3555 2008 3610 est.Bi-

438 3672 574 3718 mus,
599 3656 751 3725 quasi
781 3654 1053 3716 hihiemis,
1081 3660 1135 3705 et
1163 3651 1285 3704 inde
1322 3651 1560 3703 bimatus
1588 3647 1885 3709 derivatur,
1921 3662 1949 3698 a
1977 3646 2004 3696 ὁ

439 3742 655 3812 incipit;
690 3751 742 3796 et
768 3741 965 3796 biennis
987 3738 1142 3810 quasi
1172 3737 1394 3792 duorum
1417 3750 1700 3790 annorum.
1725 3732 2005 3790 Beaivolus

439 3841 495 3887 et
539 3831 810 3904 benignus,
853 3838 908 3883 et
953 3829 1223 3897 beniﬁcus,
1258 3827 1383 3883 licet
1419 3841 1450 3879 a
1498 3825 1621 3880 bene
1646 3823 1901 3880 adverbio
1935 3825 2009 3879 sit

438 3923 815 3992 compositum,
845 3928 1027 3975 tamen
1059 3933 1155 3988 per
1189 3918 1205 3970 i
1237 3932 1342 3971 non
1373 3930 1471 3988 per
1503 3932 1532 3969 e
1557 3915 1610 3970 in
1640 3914 1874 3970 secunda
1903 3914 2008 3985 syl-

438 4011 557 4069 laba
575 4001 829 4072 scribitur
853 4027 864 4062 :
884 4008 1133 4066 similiter
1155 4014 1210 4062 et
1233 4004 1525 4070 malivolus,
1550 4002 1814 4073 maliﬁcus
1828 4021 1847 4069 ;
1871 4003 2010 4059 sicut

440 4117 470 4155 a
499 4109 632 4172 pace
649 4098 922 4168 paciﬁcus.

511 4180 647 4245 Bibo'
662 4205 693 4244 a
720 4199 845 4260 potu
864 4204 958 4263 per
980 4187 1126 4243 duob
1153 4196 1208 4242 et
1230 4185 1358 4241 facit
1372 4187 1703 4257 prxteritum
1717 4184 1841 4237 bibi.
1879 4183 2005 4237 Viuo

440 4296 470 4335 a
493 4282 597 4337 vita
626 4295 721 4352 per
742 4279 847 4334 duo
869 4297 895 4332 ο
946 4288 1000 4332 ει
1027 4279 1184 4333 ambo
1213 4287 1590 4340 consonantes,
1629 4285 1686 4330 ct
1710 4274 1841 4329 facit
1871 4289 2006 4344 pra:-

440 4371 656 4426 tcritum
686 4370 808 4426 viri.
845 4368 1072 4432 Birium,
1103 4367 1210 4422 iter
1232 4367 1444 4438 duplex,
1477 4367 1646 4436 prima
1669 4364 1875 4436 syllaba
1901 4379 1930 4416 a
1973 4363 2002 4417 ὑ

439 4458 646 4532 incipit,
661 4461 893 4518 secunda
915 4459 982 4515 ab
997 4475 1031 4511 ιι
1052 4465 1402 4514 consonante.
1427 4456 1625 4521 Breuis,
1647 4454 1881 4511 secunda
1904 4453 2009 4523 syl-
2029 4461 2076 4521 ο

439 4550 554 4605 laba
588 4565 685 4620 per
711 4567 761 4614 υ,
792 4550 913 4604 inde
946 4551 1199 4605 breviter.
1239 4548 1498 4612 Baltcum,
1520 4545 1812 4617 cingulum,
1838 4558 1934 4614 per
1979 4557 2010 4596 c

438 4641 722 4694 scribatur.
755 4637 880 4700 Beo,
908 4638 1061 4702 beas;
1092 4637 1218 4691 inde
1246 4637 1423 4690 beatus
1455 4651 1473 4688 .'
1499 4637 1641 4692 sicut
1671 4652 1804 4698 meo,
1834 4648 1999 4696 meas,

439 4729 558 4783 inde
583 4738 813 4781 meatus:
836 4734 890 4779 et
918 4741 1057 4789 creo,
1079 4739 1246 4786 creas,
1277 4723 1398 4778 inde
1423 4732 1646 4776 creatus.

1024 4832 1316 4888 unum
1356 4833 1417 4886 c.
1464 4813 1473 4840 ’

511 4943 688 5002 Causa
712 4959 809 5014 per
850 4961 1013 5000 unum
1037 4964 1061 4999 s
1087 4948 1367 5000 scribatur.
1401 4959 1424 4984 α
1448 4944 1654 4999 Circum
1695 4949 2001 5017 prepositio

449 5035 762 5104 militandum
789 5036 843 5089 in
872 5037 1003 5090 locis
1025 5054 1071 5089 ιιι
1099 5039 1316 5099 amittit,
1342 5045 1398 5090 ut
1426 5037 1676 5100 circuire;
1701 5037 1753 5090 in
1782 5040 2001 5106 quibus-

450 5127 572 5180 dam
603 5134 809 5188 servat,
837 5131 895 5177 ut
929 5128 1258 5181 circumuenit
1284 5142 1300 5177 .’
1328 5129 1381 5182 in
1421 5129 1734 5198 quibusdam
1777 5137 1997 5199 postpo-

452 5216 612 5280 nitur,
636 5225 695 5270 ut
723 5215 1000 5284 Virgilius:
1027 5213 1197 5267 Maria
1220 5218 1392 5269 nursia
1414 5219 1628 5270 circum.
1652 5217 1883 5271 Caverna
1904 5233 2000 5286 per

451 5321 517 5369 u;
539 5305 749 5360 “hunc
777 5317 873 5373 per
894 5303 922 5356 ὸ
941 5301 1226 5356 scribatur.

522 5390 683 5458 Cana,
712 5393 754 5446 si
786 5393 955 5446 locum
984 5389 1243 5458 signiﬁcat
1285 5405 1377 5457 per
1408 5407 1568 5446 unum
1597 5410 1650 5454 η.
1679 5394 1722 5447 si
1760 5407 1997 5463 germen,

457 5481 510 5535 id
529 5487 631 5545 est,
659 5495 827 5536 eam
852 5494 951 5549 per
977 5478 1079 5531 duo
1102 5493 1141 5528 is
1165 5477 1446 5529 scribatur.
1476 5478 1742 5547 Cynomia,
1776 5481 1819 5534 si
1852 5496 1946 5549 per
1972 5499 2001 5550 y

456 5568 739 5629 scribatur,
759 5568 1007 5623 caninam
1036 5580 1269 5620 muscam
1295 5566 1575 5635 signiﬁcat.
1603 5568 1791 5638 Cynos,
1818 5564 2004 5626 Grch

527 5695 551 5735 0.
582 5680 710 5737 Vide
735 5678 1133 5750 grammaticam
1158 5679 1222 5732 de
1246 5680 1720 5746 praposttionibus.
1790 5679 1794 5684 ’

929 5774 1198 5830 Parnm.
1256 5770 1352 5829 Cl.

2085 3252 2205 3287 nam
2235 3233 2462 3287 Galliam
2487 3248 2503 3283 .·
2533 3242 2587 3285 et
2626 3246 2724 3302 pro
2760 3233 2899 3286 ultra
2924 3219 3223 3302 accipitur;
3257 3243 3350 3289 ut:
3383 3240 3454 3289 cis
3483 3239 3656 3309 pra-ﬁ-

2087 3327 2247 3377 nitum
2273 3334 2488 3393 tempus,
2521 3324 2623 3377 hoc
2651 3331 2752 3386 est,
2782 3321 2959 3386 ultra;
2981 3338 3046 3376 ex
3076 3339 3139 3378 eo
3167 3326 3318 3379 citra.
3345 3325 3490 3382 Citra
3517 3345 3663 3384 cam-

2086 3418 2205 3470 dem
2252 3432 2386 3487 pene
2414 3416 2858 3487 signiﬁcationem
2891 3415 3052 3470 habet
3082 3419 3224 3487 quod
3251 3421 3343 3475 cis.
3384 3418 3493 3475 Nisi
3523 3424 3664 3493 quod

2085 3508 2315 3576 propriis
2345 3506 2652 3560 nominibus
2690 3507 2796 3568 cis;
2838 3513 2892 3558 et
2936 3505 3272 3574 appellativis
3315 3510 3446 3561 citra
3472 3513 3665 3579 saepius

2086 3594 2320 3663 pratponi
2341 3593 2493 3647 solet.
2522 3592 2606 3645 Cis
2629 3592 2895 3655 Rhenum;
2919 3593 2993 3643 cis
3016 3590 3202 3660 Alpes;
3234 3593 3364 3646 citra
3395 3596 3587 3663 forum,
3614 3609 3667 3650 et

2087 3697 2118 3735 ει
2140 3683 2231 3746 cis,
2260 3685 2396 3734 citra
2412 3695 2431 3732 .'
2453 3695 2483 3733 ι
2506 3683 2657 3744 citra,
2683 3681 2826 3743 riter,
2858 3681 3085 3744 citerior,
3112 3682 3412 3735 citissimus.

2156 3771 2375 3826 Circiter
2403 3773 2470 3826 ad
2516 3777 2797 3825 numerum
2829 3771 3003 3825 solum
3046 3773 3300 3840 pertinet,
3330 3784 3386 3826 ut
3417 3795 3426 3825 :
3463 3777 3667 3830 rircitcr

2087 3867 2189 3919 tria
2219 3864 2417 3927 millia,
2458 3863 2542 3917 vel
2572 3864 2779 3916 circiter
2819 3863 3069 3916 horarum
3116 3864 3310 3918 decem.
3345 3866 3534 3920 Carrer
3575 3869 3664 3924 ubi

2090 3958 2334 4014 homines
2356 3956 2699 4012 clauduntur.
2719 3953 2967 4010 Canem
2989 3955 3130 4009 unde
3153 3957 3425 4026 quadriga:
3448 3971 3662 4013 exeunt.

2089 4053 2233 4125 Cepit
2275 4068 2372 4124 per
2410 4052 2708 4123 simplicem
2751 4068 2778 4106 e
2826 4067 2856 4105 a
2906 4046 3197 4121 capiendo.
3247 4051 3408 4123 Capit
3449 4068 3546 4126 per
3587 4057 3666 4110 di-

2090 4142 2402 4212 phthongon
2417 4156 2462 4194 ω
2479 4141 2544 4194 de
2561 4139 2884 4207 incipiendo.
2905 4140 3080 4209 Capta
3094 4154 3193 4209 per
3207 4140 3570 4210 diphthongon
3587 4161 3664 4205 (1‘;

2093 4234 2298 4302 incepta
2332 4246 2431 4300 per
2458 4227 2756 4297 simplicem
2785 4247 2831 4282 c.
2861 4227 2970 4281 Con
2997 4229 3306 4301 praepositio
3348 4232 3389 4283 si
3415 4232 3479 4284 ad
3503 4233 3665 4287 verba

2091 4336 2120 4374 a
2149 4319 2421 4374 vocalibus
2451 4318 2760 4389 incipientia
2792 4317 3040 4383 accedat,
3072 4335 3103 4372 ιι
3136 4331 3519 4376 consonantem
3547 4339 3667 4392 per-

2098 4412 2197 4475 dit,
2225 4419 2302 4475 ut,
2331 4427 2498 4482 arguo,
2527 4426 2768 4483 coa'quo;
2798 4428 2876 4475 co,
2912 4428 3052 4474 coco,
3077 4421 3129 4466 ct
3160 4413 3381 4482 reliqua.
3408 4411 3462 4467 Si
3491 4426 3666 4471 autem

2099 4505 2166 4558 ad
2196 4504 2359 4558 verba
2381 4517 2410 4556 a
2441 4503 2745 4573 digammon
2775 4503 3103 4572 incipientia,
3130 4520 3233 4559 non
3266 4508 3436 4575 perdit
3469 4526 3499 4559 η
3531 4506 3671 4560 litte-

2100 4609 2240 4658 ram,
2266 4601 2351 4655 ut,
2381 4592 2517 4656 uolo,
2550 4592 2793 4656 comula;
2831 4594 2997 4654 vinco,
3025 4584 3286 4648 convinco.
3319 4596 3544 4664 Coquus,
3587 4616 3671 4652 co-

2098 4684 2205 4752 qui,
2245 4683 2417 4751 prima
2444 4681 2645 4751 syllaba
2679 4696 2776 4750 per
2799 4698 2856 4744 c;
2885 4682 3116 4734 secunda
3158 4698 3252 4750 per
3291 4702 3339 4748 (Ι.
3371 4685 3481 4737 Non
3526 4689 3667 4739 enim
3707 4742 3710 4744 γ

2101 4771 2327 4824 dicimus
2352 4784 2628 4839 quoquere,
2674 4769 2765 4821 sed
2796 4769 3045 4834 coquere.
3075 4766 3316 4837 Conjtma‘.
3358 4773 3476 4841 (Ms.
3510 4774 3666 4838 Rern,

2101 4857 2311 4932 conjux}
2335 4859 2629 4914 secundum
2656 4855 2954 4924 analogiam
2992 4871 3087 4926 per
3123 4874 3156 4908 η
3183 4859 3524 4914 scribendum
3555 4879 3668 4930 est,

2103 4961 2159 5003 ut
2182 4953 2444 5019 conjutsx;
2471 4949 2563 5003 sed
2592 4947 2873 5016 euphoniae
2897 4961 3057 5001 causa
3090 4965 3119 4999 η
3145 4949 3349 5003 tollitur
3370 4963 3421 5004 ct
3443 4956 3671 5010 dicimus

2101 5040 2312 5108 conjuz.
2347 5039 2388 5093 C
2417 5043 2696 5108 sequente,
2729 5037 2906 5090 nullus
2944 5036 3143 5091 vocalis
3190 5038 3316 5109 [Ηε.
3347 5042 3492 5112 Ηρῃη
3527 5045 3668 5100 nulla

2100 5126 2320 5198 vocalis]
2346 5126 2633 5194 aspiratur,
2665 5133 2725 5178 ut
2748 5129 2907 5186 acies.
2932 5142 3062 5186 ecce,
3091 5128 3290 5183 oculus.

2170 5216 2386 5281 Calatis,
2409 5219 2500 5286 qui
2527 5217 2628 5270 sibi
2655 5218 2758 5269 iter
2782 5215 2919 5271 facit
2938 5218 3001 5270 ad
3025 5217 3220 5273 cadum
3245 5239 3257 5284 ;
3281 5232 3333 5274 et
3360 5222 3540 5273 τανιεὺε
3562 5235 3672 5275 σω-
3751 5281 3760 5290 ,

2106 5308 2318 5363 testium
2341 5306 2545 5360 ducens
2579 5307 2775 5370 vitam;
2805 5313 2861 5360 et
2890 5307 3139 5371 caelicola,
3169 5309 3261 5378 qui
3293 5309 3484 5364 emtum
3525 5310 3668 5374 colit,

2108 5407 2168 5452 ut
2194 5395 2426 5465 angelus.
2461 5396 2583 5450 ilznc
2619 5411 2715 5462 per
2742 5413 2783 5449 aa
2811 5397 3175 5465 diphthongon
3215 5397 3494 5451 scribenda
3526 5411 3666 5452 sunt.

2110 5488 2434 5549 Coretaucus,
2482 5488 2632 5553 quasi
2692 5489 3174 5556 compar,ttati9,
3231 5495 3285 5540 et
3336 5499 3434 5552 per
3492 5501 3536 5539 re
3589 5490 3666 5544 di-

2110 5580 2418 5646 phthongon
2453 5578 2723 5630 scribitur.
2759 5578 2925 5638 Cndo,
2948 5575 3131 5634 occidi,
3171 5592 3196 5626 ξι
3222 5577 3461 5630 cadendo
3501 5592 3596 5646 per
3626 5591 3670 5633 et

3163 5774 3239 5827 29
