4266 6188
663 278 772 334 907

1459 290 1518 343 Β.
1557 288 1617 344 F.
1658 287 1883 343 ALBlNl
1919 284 2052 343 SEU
2079 285 2365 344 ‘ALCUINI
2401 287 2686 346 OPERUM
2718 289 2896 349 PARS
2929 290 3037 348 VII.

3768 297 3873 352 908

651 394 830 462 Credo,
846 394 1046 460 cecidi,
1073 409 1104 449 a
1127 395 1474 469 percutiendo
1496 410 1595 466 per
1616 413 1662 451 te
1687 396 2056 467 diphthongdn
2073 396 2207 450 scri-
2235 403 2286 460 Α
2307 405 2462 453 extra
2489 401 2662 456 solum
2681 410 2781 458 est.
2799 401 3016 456 Exultat
3045 403 3237 458 melius
3261 403 3375 459 sine
3396 421 3421 458 s
3446 406 3723 473 scribitur,
3746 410 3876 479 quia

652 489 817 543 bitur.
834 486 993 554 Cedo,
1023 488 1180 554 cessi,
1210 502 1239 542 a
1265 487 1603 554 declinando,
1631 502 1732 558 per
1752 505 1780 542 e
1809 487 2082 555 scribitur.
2111 486 2216 542 Ca-

652 576 763 641 luo,
791 576 843 630 id
867 585 951 632 est
972 577 1198 646 decipio,
1238 593 1335 647 per
1356 593 1391 630 u
1418 578 1703 643 scribitur;
1738 575 1892 631 Calui
1919 578 2214 633 secundum

558 705 571 712 ..
654 665 890 736 regulam
916 665 1074 720 debet
1098 666 1298 731 facere,
1325 675 1382 721 et
1403 667 1599 721 exinde
1625 665 1890 720 calumnia
1918 666 2212 722 derivatur.

1239 775 1537 831 LITTERA
1571 776 1634 831 D.

721 863 978 919 Dilectum
1004 866 1072 920 ab
1100 865 1361 921 electione
1386 881 1485 936 per
1521 865 1598 918 di.
1640 863 1774 918 Nam
1805 862 1952 933 diligi
1982 862 2219 918 all'ectio-

653 953 739 1007 nis
768 962 880 1019 est,
921 954 1045 1008 inde
1070 954 1287 1009 dilectio
1311 962 1366 1009 et
1389 953 1551 1024 diligo
1577 952 1705 1025 [Με.
1731 941 1881 1019 sui,
1905 953 2039 1007 Nam
2073 947 2222 1022 diligi

655 1042 1100 1112 aﬂ'ectionis‘est;
1138 1045 1296 1116 deligi
1335 1043 1566 1117 iudicii].
1610 1044 1781 1114 Deligi
1817 1058 1914 1113 per
1939 1044 2034 1108 de;
2065 1043 2222 1112 deligi

649 1131 834 1199 judicii
859 1139 961 1187 est.
983 1133 1263 1199 Delictum,
1289 1133 1344 1188 id
1363 1142 1465 1199 est,
1495 1140 1796 1206 peccatum,
1829 1133 1883 1186 in
1911 1131 2084 1202 prima
2112 1132 2220 1203 syl-

652 1221 776 1278 laba
801 1237 897 1293 per
913 1239 964 1289 e,
986 1222 1040 1278 in
1063 1223 1297 1279 secunda
1321 1226 1455 1295 peri
1477 1223 1820 1279 scribendum
1840 1217 1941 1298 est.
1965 1221 2219 1289 Dilectus,

658 1311 709 1367 id
731 1321 814 1367 est
840 1314 1054 1377 charus,
1083 1321 1289 1392 mutato
1316 1313 1504 1368 ordine
1535 1316 1553 1366 i
1582 1314 1633 1367 in
1663 1313 1839 1382 prima
1867 1312 2095 1383 syllaba,
2118 1319 2175 1383 et
2198 1327 2225 1366 e

655 1402 710 1456 in
760 1403 991 1458 secunda
1035 1403 1194 1459 debet
1238 1404 1424 1459 scribi.
1463 1403 1748 1458 Delectatio
1785 1411 1842 1457 ει
1879 1401 2126 1466 delector,
2172 1407 2225 1454 et

658 1509 774 1563 qua:
804 1492 1140 1548 declinantur
1174 1494 1375 1559 eaeis,
1401 1509 1501 1564 per
1529 1511 1557 1548 e
1590 1491 1875 1548 scribenda
1907 1499 2049 1557 sunt,
2076 1490 2144 1545 e't‘
2171 1491 2225 1546 in

655 1582 827 1650 prima
855 1589 911 1636 et
936 1582 991 1637 in
1017 1582 1252 1637 secunda
1275 1582 1498 1653 syllaba.
2022 1581 2026 1585 ’

723 1673 864 1727 Deus
889 1687 988 1742 per
1007 1673 1174 1727 solam
1199 1689 1248 1728 e.
1271 1673 1490 1727 Daemon
1515 1686 1611 1742 per
1639 1689 1684 1727 te
1706 1671 2072 1741 diphthongon
2098 1669 2226 1723 scri-

2313 504 2352 541 ε
2370 501 2437 542 ex
2456 506 2484 543 c
2520 497 2576 544 et
2601 507 2628 545 s
2657 500 2888 547 constat.
2909 491 3120 564 £quor
3144 507 3360 563 equora
3382 510 3481 564 per
3515 512 3562 550 te
3582 496 3879 565 diphthon-

2279 594 2418 662 ,δοκι
2455 581 2617 636 scribi
2658 582 2838 648 debet,
2875 583 3004 653 quia
3040 584 3110 639 ab
3146 598 3285 654 aqua
3317 593 3402 640 est
3420 600 3616 642 nomen
3649 588 3874 642 factum.

2388 667 2730 741 [Esprobrat,
2768 673 3294 741 qui,commemorat
3335 691 3457 745 qua:
3479 685 3718 744 prastat.
3766 675 3878 731 Ob-

2317 757 2564 827 probrat,
2597 761 2690 830 qui
2717 763 3065 831 obprobrium
3107 763 3235 835 [Ηε.
3264 763 3412 835 Reg.,
3435 769 3752 836 opprobrat,
3779 783 3881 839 op-

2316 847 2617 920 probrium]
2656 851 2913 920 obiectat.
2943 854 3044 908 hoc
3069 861 3153 908 est
3173 855 3407 926 vitium]
3438 855 3712 928 Exspectat
3738 875 3881 930 ρει-ε

2319 937 2610 992 scribatur.
2652 938 3021 1011 Exspectatur,
3067 944 3121 998 id
3144 953 3246 1011 est,
3277 953 3568 1024 venturus:
3593 957 3878 1018 spectatur,

2318 1028 2413 1097 qui
2450 1030 2666 1085 videtur
2692 1032 2777 1114 vel
2802 1033 3059 1102 probatur
3086 1033 3207 1107 [per
3232 1036 3302 1108 s].
3347 1032 3647 1109 [Exercitus
3673 1038 3879 1096 labori-

2320 1119 2452 1184 bus;
2485 1122 2796 1177 exercitatus
2843 1120 3034 1180 studiis
3084 1125 3224 1197 [sine
3255 1128 3325 1200 s].
3379 1128 3663 1193 Exarsere
3699 1139 3784 1185 est
3825 1148 3882 1186 tn

2323 1208 2490 1263 altum
2518 1219 2726 1266 struere
2771 1212 2901 1284 [Hs.
2928 1213 3080 1286 Reg.,
3123 1216 3418 1274 Exstru'ere
3443 1227 3528 1275 est
3551 1220 3881 1276 intellectum

2321 1304 2579 1363 statuere,
2626 1301 2922 1374 mendose];
2963 1305 3221 1370 instruere
3261 1311 3435 1365 aciem
3460 1311 3544 1366 vel
3565 1312 3878 1369 actionem:

2323 1386 2610 1452 adstruere,
2654 1391 2967 1459 adﬁrmare;
3003 1385 3320 1464 construere,
3364 1399 3421 1453 in
3460 1403 3719 1458 struendo
3746 1419 3881 1459 con-

2317 1475 2574 1544 jungere;
2597 1479 2892 1536 substruere
2911 1483 3091 1554 aliqua
3109 1491 3448 1558 supraposita
3467 1492 3881 1550 subterstruere.

2322 1562 2625 1620 Eorundem
2651 1577 2707 1622 et
2733 1574 3027 1630 earundem
3063 1579 3344 1646 euphoniae
3385 1597 3548 1638 causa
3584 1599 3682 1654 per
3706 1603 3742 1640 ιι
3774 1600 3885 1642 tum

2325 1667 2513 1744 ρετ-ιη
2554 1657 2837 1714 scribenda
2867 1662 3033 1735 sunt].
3067 1665 3152 1720 Ea:
3175 1671 3480 1738 praepositio
3507 1673 3576 1728 ad
3602 1675 3631 1744 f
3648 1675 3886 1732 litteram

655 1763 816 1820 bitur.
838 1734 1008 1820 Decus
1029 1765 1258 1825 honoris
1279 1771 1390 1830 est;
1408 1734 1576 1841 decor
1601 1734 1807 1818 formae.
1831 1734 2219 1829 Descendo-per
2248 1734 2267 1794 Ῑ

2319 1737 2600 1841 formatur,
2633 1754 2692 1799 ut
2715 1747 2898 1817 effluo,
2938 1734 3152 1820 efodio,
3175 1734 3372 1826 eme—io,
3404 1734 3638 1831 reliqua;
3684 1771 3740 1819 ει
3768 1765 3906 1819 hinc.
3981 1807 3984 1811 η

656 1855 911 1910 edicitur.
935 1855 1248 1925 Desperatus
1261 1868 1358 1923 per
1375 1869 1421 1907 e.
1445 1852 1718 1924 Dispersus
1737 1867 1832 1923 per
1851 1853 1889 1905 i.
1915 1851 2218 1920 Deﬁciscor,

657 1943 882 2012 defectus
912 1959 1026 1998 sum
1062 1941 1208 1998 facit.
1239 1941 1316 1996 De
1343 1942 1750 1996 memorativum
1788 1948 1889 2007 est,
1917 1949 1972 1995 et
2005 1940 2221 1995 intenti-

657 2048 802 2099 vum,
825 2039 883 2088 et
903 2033 1258 2103 privativum;
1287 2031 1352 2086 de
1377 2031 1615 2096 homine;
1641 2031 1890 2096 detraho;
1917 2030 2117 2082 desum.
2146 2028 2222 2081 De

655 2124 959 2193 praepositio
986 2131 1078 2177 aut
1100 2123 1261 2191 plena
1287 2121 1342 2176 in
1373 2120 1847 2190 compositionibus
1886 2119 2132 2189 ponitur;
2165 2134 2224 2179 ut

655 2214 927 2278 deducere,
964 2212 1338 2277 demonstrare,
1374 2212 1667 2265 detrudere.
1699 2210 1806 2264 Aut
1834 2211 2174 2280 correptione
2197 2227 2224 2265 e

659 2303 838 2356 littera
862 2303 1243 2373 corrumpitur,
1281 2309 1342 2357 ut
1368 2301 1631 2357 deorsum.
1661 2301 1800 2356 Nam
1841 2302 2055 2372 quando
2084 2320 2111 2356 e
2136 2303 2225 2356 lit-

656 2403 770 2450 tera
798 2394 852 2448 in
873 2394 892 2448 i
915 2393 1138 2459 transit;
1165 2400 1247 2459 ut,

812 2505 939 2555 Aera
963 2504 1161 2555 dimovit
1184 2505 1495 2556 tenebrosum
1519 2511 1571 2555 et
1589 2505 1782 2568 dispulit
1811 2506 2004 2556 umbras
2029 2507 2054 2535 ³
2081 2521 2095 2568 ;

656 2619 761 2661 non
788 2615 870 2661 est
905 2621 934 2660 a
977 2607 1349 2678 przepositioue
1389 2608 1476 2675 de,
1519 2609 1614 2664 sed
1641 2625 1671 2665 a
1701 2611 1802 2676 dis,
1829 2620 1921 2676 ut,
1966 2611 2221 2678 distraho,

656 2696 880 2765 disparia
911 2694 1032 2767 [διε.
1058 2696 1218 2766 Reg.,
1244 2697 1564 2770 dispertior].

726 2785 1006 2851 Dissertus,
1033 2787 1084 2840 id
1104 2795 1206 2851 εει,
1230 2786 1508 2858 eloquens,
1537 2804 1636 2858 per
1663 2789 1716 2842 di
1739 2789 2011 2844 scribitur.
2043 2789 2229 2844 Deser-

658 2881 763 2940 tus,
795 2876 846 2930 id
875 2884 957 2930 est
985 2876 1289 2942 derelictus,
1318 2892 1416 2946 per
1443 2879 1526 2930 de.
1563 2878 1799 2942 Delator,
1831 2877 1924 2947 qui
1954 2877 2129 2933 defert
2158 2879 2228 2932 ad

661 2967 1015 3028 accusandum
1039 2982 1136 3036 per
1156 2968 1220 3021 de
1242 2969 1692 3039 praapositionem.
1718 2968 1946 3034 Dilator,
1970 2985 2089 3023 cum
2118 2978 2227 3024 tar-

661 3058 786 3112 dare
814 3057 1108 3128 signiﬁcat,
1131 3071 1226 3127 per
1261 3057 1316 3109 di
1336 3057 1769 3129 przepositionem
1798 3058 2087 3139 scribatur.
2124 3059 2223 3113 De-
2245 3065 2292 3126 α

661 3149 788 3214 luit,
819 3149 871 3204 id
905 3156 987 3203 est
1022 3148 1287 3216 purgavit,
1317 3163 1412 3218 per
1442 3148 1525 3200 de.
1552 3146 1740 3212 Diluit,
1768 3147 1825 3202 id
1867 3157 1950 3203 est
1975 3150 2222 3217 imperat,
2291 3174 2297 3180 -

663 3253 759 3306 per
771 3238 822 3290 di
840 3237 1112 3292 scribitur.
1128 3236 1434 3302 Deduco,de
1450 3236 1623 3290 amico
1644 3237 2011 3307 producendo,
2032 3255 2127 3308 per
2139 3239 2221 3293 de.

666 3327 870 3380 Diduco
891 3335 1088 3389 autem,
1112 3326 1161 3380 id
1182 3333 1263 3381 est
1284 3326 1546 3391 distraho,
1567 3342 1665 3397 per
1686 3325 1760 3380 di.
1780 3327 2029 3398 Didymus
2050 3330 2222 3398 prima

663 3417 862 3488 syllaba
882 3418 1038 3487 peri,
1055 3418 1285 3472 secunda
1309 3433 1405 3489 per
1424 3436 1475 3488 y.
1491 3418 1710 3476 Discedo
1730 3435 1827 3490 per
1851 3421 2222 3476 iscribendum

663 3518 763 3564 εει.

734 3601 800 3654 Di
832 3602 1067 3671 quidem,
1094 3609 1148 3656 et
1172 3602 1254 3656 dis
1282 3601 1581 3670 separativa
1609 3609 1758 3666 sunt,
1788 3609 1842 3656 et
1868 3601 2110 3659 eamdem
2153 3601 2225 3656 si-

663 3675 1052 3759 gniﬁcationem
1075 3691 1290 3756 habent,
1315 3692 1585 3760 quomodo
1607 3693 1670 3750 ab
1694 3700 1747 3748 et
1769 3692 1884 3756 abs,
1907 3699 1965 3745 ut
1989 3708 2001 3745 :
2026 3692 2219 3757 divido,

664 3779 912 3831 distraho.
942 3778 1008 3832 Et
1032 3778 1112 3831 dis
1139 3780 1495 3846 componitur,
1522 3780 1736 3847 quando
1761 3779 2005 3848 sequitur
2025 3795 2072 3844 c,
2101 3780 2140 3849 f,
2166 3797 2220 3849 ρ,

664 3885 707 3931 s,
742 3877 759 3921 t
797 3867 895 3921 eti
932 3867 1048 3920 loco
1091 3867 1458 3931 consonantis,
1496 3874 1557 3920 ut
1602 3867 1847 3931 discutio,
1883 3868 2088 3936 differo,
2118 3869 2222 3936 dif-

666 3955 847 4023 fundo,
871 3972 893 4008 s
923 3956 974 4008 in
1002 3953 1028 4022 f
1049 3963 1248 4020 mutata
1270 3955 1548 4024 euphonia:
1573 3970 1755 4020 causa,
1782 3963 1842 4008 ut
1865 3955 2092 4024 disputo,
2117 3957 2224 4011 dis-

666 4064 811 4115 spero
838 4044 957 4118 [Με.
981 4045 1135 4116 ηδε..
1164 4043 1402 4116 dissero],
1426 4045 1680 4109 distraho,
1711 4044 1973 4115 disjungo.
2011 4044 2068 4099 in
2102 4045 2221 4099 aliis

668 4137 1080 4192 consonantibus
1103 4137 1156 4189 di
1191 4137 1540 4206 praeponitur,
1579 4144 1639 4189 ut
1666 4135 1879 4200 diduco,
1906 4135 2104 4206 digere,
2143 4137 2222 4190 di-

667 4227 773 4290 luo,
800 4227 1022 4290 dimitto,
1059 4227 1242 4292 diruo;
1276 4234 1328 4280 et
1363 4226 1558 4295 ubique
1580 4225 1634 4280 di
1674 4224 2004 4297 producitur,
2030 4232 2224 4297 praeter

668 4315 872 4382 dirimo,
899 4316 1140 4369 disertus.

1148 4400 1306 4471 305
1344 4399 1640 4453 uncus
1673 4387 1737 4454 Ε.

737 4507 785 4561 Ε
813 4508 864 4561 in
886 4507 1270 4578 compositione
1291 4509 1609 4578 privativum
1639 4516 1742 4573 est,
1768 4508 1853 4562 vel
1879 4509 2214 4573 inlentivum,

668 4608 748 4663 ut,
796 4597 982 4652 enodes
1030 4597 1241 4662 trunci;
1265 4612 1472 4651 enarra.
1505 4596 1706 4667 Ecquid
1736 4597 1788 4650 in
1816 4599 1986 4665 prima
2017 4596 2217 4668 syllaba

667 4702 763 4755 per
790 4702 817 4740 c
851 4685 1141 4749 scribatur,
1190 4685 1440 4749 quoniam
1478 4685 1744 4755 significat
1785 4687 1993 4755 enquid,
2043 4703 2076 4738 η
2113 4689 2164 4742 in
2191 4706 2218 4741 c

670 4788 946 4827 conversa.
991 4771 1110 4826 Edo
1150 4773 1217 4826 ab
1257 4774 1460 4831 edendo
1500 4774 1627 4829 facit
1655 4792 1734 4839 es,
1772 4786 1867 4830 est.
1907 4777 2052 4838 Esto,
2082 4795 2217 4840 ecce,

670 4862 964 4915 consentio.
1008 4858 1353 4931 Expergiscor
1394 4869 1448 4915 et
1487 4863 1721 4931 experior
1753 4861 1954 4917 faciunt
1980 4866 2220 4932 praeteri—

673 4957 782 5000 tum
805 4956 1040 5016 expertus
1077 4963 1212 5002 sum.
1246 4946 1505 5003 Exsilium
1529 4964 1555 5002 s
1584 4947 1741 5006 debet
1767 4949 1984 5006 habere.
2025 4952 2155 5006 item
2184 4969 2220 5005 at

672 5032 865 5090 transit
887 5033 940 5087 in
971 5032 999 5102 f
1010 5033 1265 5100 litteram,
1288 5044 1346 5089 ut
1369 5036 1537 5107 effluo,
1579 5037 1790 5105 effodio,
1835 5041 2011 5108 effero,
2039 5041 2215 5110 efﬁcio.

674 5124 890 5179 lz‘suuiae
931 5138 1031 5195 per
1065 5140 1119 5177 u.
1161 5125 1406 5180 Excubiaz
1443 5142 1538 5197 per
1567 5127 1596 5181 ὁ
1631 5129 1953 5184 scribantur.
1991 5130 2218 5199 Επεῳὶ

675 5227 769 5280 per
801 5229 833 5284 ᾳ
877 5210 1215 5268 scribendum
1259 5225 1362 5268 εει.
1408 5214 1714 5286 Emporium
1763 5218 1878 5273 sine
1919 5219 1976 5283 lt,
2031 5218 2219 5276 Latine

677 5308 945 5356 mercatus
972 5299 1371 5371 interpretatur.
1432 5302 1844 5360 Emolumeutum
1895 5307 2016 5379 [Με.
2057 5309 2217 5379 Reg,

683 5385 1114 5462 Emolumeutum]
1159 5402 1257 5460 per
1303 5407 1332 5444 e
1374 5392 1650 5448 scribitur.
1699 5397 1991 5452 zEmulatio
2039 5415 2133 5469 per
2175 5417 2218 5453 te

682 5477 1014 5533 scribendum
1038 5488 1139 5535 est.
1167 5479 1335 5535 Exsul
1377 5481 1559 5541 addita
1605 5501 1630 5538 s
1659 5485 1814 5543 debet
1859 5490 2044 5555 scribi,
2093 5492 2218 5558 quia

749 5598 774 5628 ⁸
803 5585 943 5658 Virg.
978 5587 1129 5657 Em,
1154 5605 1206 5658 v,
1231 5589 1352 5648 859.

2321 1827 2441 1922 ideo
2471 1845 2569 1900 per
2598 1835 2702 1890 duo
2721 1836 3067 1905 fscribenda.
3104 1842 3190 1897 Ex
3209 1827 3886 1922 prapositio—sequentibus

2322 1918 2372 1985 ὸ,
2397 1921 2452 2011 d,
2483 1939 2538 1992 g,
2560 1923 2600 1991 l,
2633 1942 2706 1993 m,
2732 1945 2784 1993 η,
2813 1929 3009 1987 litteris
3041 1942 3096 1989 et
3126 1952 3161 1988 ιι
3183 1939 3280 1992 eti
3304 1939 3422 1995 loco
3453 1918 3884 2011 consonantium,

2321 2026 2358 2063 ω
2385 2010 2618 2066 litteram
2648 2018 2864 2083 amittit,
2896 2029 2996 2075 ut:
3027 2024 3203 2090 ebibit,
3247 2029 3430 2096 edidit,
3459 2033 3665 2101 egessit,
3706 2010 3884 2100 elusit,

2321 2101 2551 2166 emicuit,
2578 2108 2852 2161 enervavit.
2881 2107 3147 2180 Sequente
3181 2129 3311 2170 vero
3337 2117 3368 2188 f
3387 2118 3690 2188 ineandem
3710 2139 3748 2176 ε
3768 2139 3888 2178 mu-

2325 2195 2420 2253 tat,
2473 2200 2533 2244 ut
2573 2193 2803 2262 effando.
2851 2196 3103 2269 Expecto,
3136 2205 3278 2272 quod
3323 2214 3406 2262 est
3437 2210 3678 2277 pectine,
3717 2211 3835 2268 sine
3860 2229 3888 2266 s

2322 2281 2661 2337 scribendum
2686 2295 2787 2340 est.
2819 2286 2980 2344 Exire
3008 2292 3124 2348 sine
3162 2312 3209 2362 s,
3243 2297 3324 2352 ire
3349 2299 3492 2354 enim
3522 2309 3607 2358 est
3633 2303 3886 2372 simplex,

2323 2382 2376 2428 et
2404 2391 2735 2446 quzecunque
2762 2395 2829 2435 ex
2864 2383 2977 2439 hoc.
2998 2384 3318 2455 formantur,
3345 2399 3408 2447 ut
3428 2393 3618 2460 exitus,
3645 2397 3884 2462 exitium,
3951 2451 3953 2453 .

2323 2463 2551 2519 exitiale.
2579 2465 2865 2537 Exscindo,
2890 2474 3153 2544 exsculpo,
3182 2488 3390 2534 exstruo
3410 2496 3506 2550 per
3530 2500 3556 2536 s
3581 2485 3883 2541 scribenda.

2325 2552 2535 2608 Exsisto
2558 2558 2843 2614 similiter:
2873 2562 3062 2618 sistere
3097 2567 3239 2621 enim
3275 2585 3372 2639 per
3397 2588 3423 2625 s
3450 2573 3694 2630 dicimus.
3740 2575 3888 2630 Exa—

2324 2660 2440 2697 men
2493 2645 2610 2701 sine
2651 2665 2696 2702 s.
2748 2650 2971 2721 Exigua:
3019 2655 3266 2713 similiter
3310 2662 3652 2730 scribendum
3699 2666 3884 2723 sines.

2324 2733 2410 2787 Ea:
2435 2751 2533 2804 pro
2557 2748 2705 2793 extra
2735 2742 3005 2800 invenitur
3030 2749 3176 2815 poni,
3202 2758 3267 2804 ut
3281 2754 3523 2822 excludo,
3549 2757 3889 2813 extracludo.

2325 3021 2450 3070 vum
2475 3008 2558 3063 vel
2581 3011 2950 3081 perfectivum,
2977 3026 3036 3071 ut
3063 3021 3310 3092 exslirpo,
3348 3025 3584 3092 extendo,
3613 3027 3811 3098 eamleo.

2903 3126 3198 3185 LITTERA
3231 3132 3293 3188 ἲ.

2393 3227 2679 3287 Formosus
2720 3234 2836 3289 sine
2861 3253 2895 3289 η
2926 3238 2977 3291 in
3018 3242 3249 3296 secunda
3295 3243 3496 3314 syllaba
3543 3248 3884 3305 scribendum

2320 3326 2422 3380 est,
2452 3327 2510 3372 ut
2530 3320 2834 3389 harenosus,
2859 3324 3156 3395 frondosus,
3185 3348 3434 3402 aquosus,
3459 3335 3723 3392 herbosus.
3755 3338 3887 3394 Par-

2323 3406 2501 3474 ticipia
2540 3425 2668 3464 vero
2709 3413 2910 3467 habent
2936 3433 2989 3481 η,
3037 3427 3116 3481 ut,
3163 3429 3364 3488 tonsus,
3392 3413 3596 3492 tunsus,
3637 3435 3883 3497 pransus,

2320 3513 2527 3565 pensus.
2574 3497 2746 3555 Ferite
2791 3518 3003 3574 quoque
3047 3524 3151 3563 non
3194 3511 3347 3581 ferere
3392 3515 3734 3573 scribendum
3775 3530 3880 3575 est.

2320 3584 2726 3681 {laws-{prior
2764 3594 2967 3663 syllaba
3001 3600 3067 3653 ab
3112 3600 3166 3668 f;
3206 3617 3434 3672 sequens
3474 3608 3543 3661 ab
3570 3625 3604 3661 u
3637 3610 3879 3681 incipiat.

2322 3673 2479 3728 Fides
2497 3677 2618 3766 ﬁdei
2633 3681 2805 3748 prima
2822 3683 3024 3753 syllaba
3036 3689 3232 3746 brevis.
3247 3692 3584 3766 Fides,ﬁdis,
3599 3699 3664 3755 de
3681 3673 3882 3758 chorda

2320 3770 2549 3832 utraque
2570 3765 2743 3837 longa.
2788 3769 2982 3840 [Fidus
3019 3775 3085 3829 de
3124 3781 3295 3834 amico
3336 3765 3552 3838 dicitur.
3586 3785 3787 3843 Fidelis
3817 3793 3884 3845 de

2320 3867 2493 3943 servo.
2542 3853 2730 3923 Fidus,
2772 3861 3074 3928 fidissimus,
3117 3871 3533 3935 comparativum
3564 3888 3670 3928 non
3696 3875 3882 3943 habet,

2321 3940 2413 4033 sed
2441 3956 2542 4008 pro
2561 3958 2626 4033 eo
2650 3945 2934 4001 dicendum
2975 3959 3092 4005 est:
3137 3958 3300 4026 magis
3327 3959 3489 4028 ﬁdus,
3521 3963 3692 4017 minus
3717 3940 3878 4033 ﬁdus.

2320 4026 2610 4122 Fastus—de
2660 4039 2908 4104 superbia
2954 4041 3082 4095 facit
3123 4026 3352 4112 fastuum
3383 4051 3672 4118 genitivum
3698 4026 3879 4122 plura-

2320 4117 2444 4171 lem.
2485 4118 2680 4214 astus
2725 4125 2790 4178 de
2831 4125 2982 4184 libris
3032 4130 3287 4200 fastorum
3327 4117 3475 4190 facit.
3517 4117 3882 4214 Fungi—agere

2320 4219 2434 4276 est;
2479 4212 2711 4283 defungi,
2748 4233 3021 4287 peragere.
3071 4220 3292 4279 Fremor
3332 4237 3414 4282 est
3442 4245 3685 4284 murmur
3708 4212 3881 4288 homi-

2322 4314 2448 4353 num
2476 4319 2488 4353 :
2518 4300 2783 4358 Fremitus
2829 4307 3064 4364 ferarum
3093 4321 3192 4366 est.
3231 4315 3469 4370 ‘Furcum
3511 4321 3721 4390 nigrum
3751 4324 3881 4379 dici-

2243 4391 2294 4450 D
2323 4403 2458 4443 mus.
2488 4389 2711 4447 Flavum
2742 4397 2965 4452 rubeum
3001 4402 3212 4456 dicitur.
3246 4402 3471 4460 Fulvum
3497 4389 3641 4463 certe
3663 4425 3876 4478 aurum,

2323 4480 2407 4532 cui
2449 4483 2514 4535 ad
2549 4483 2793 4538 decorem
2831 4489 3128 4557 splendoris
3157 4494 3235 4546 sui
3265 4494 3444 4565 nigelli
3491 4499 3691 4568 aliquid
3717 4503 3879 4559 adda-

2324 4577 2410 4621 tur
2456 4569 2583 4640 [Με.
2624 4573 2773 4643 Reg.,
2811 4579 3266 4651 additur].’Foros
3294 4589 3664 4657 masculinum,
3700 4594 3880 4648 tabula

2323 4663 2536 4715 navium
2578 4673 2682 4730 est,
2717 4665 2807 4721 ubi
2839 4673 3067 4741 remiges
3097 4677 3303 4743 sedent,
3333 4689 3389 4734 et
3414 4698 3624 4751 semper
3657 4686 3878 4754 pluralis
3990 4688 3995 4693 ’

2322 4752 2445 4821 εει].
2496 4752 2691 4819 Fedus,
2738 4761 2878 4825 quod
2924 4772 3008 4814 εει
3056 4763 3326 4830 deformis,
3374 4783 3472 4834 per
3516 4752 3807 4840 simplicem
3851 4790 3880 4827 c

2323 4844 2591 4900 scribitur.
2626 4846 2840 4913 Foedus,
2874 4852 3014 4918 quod
3037 4861 3119 4906 est
3141 4865 3378 4922 pactum,
3414 4874 3510 4927 per
3532 4878 3575 4914 te
3594 4863 3880 4931 diphthon-

2320 4948 2443 5000 gon.
2488 4935 2536 4986 F
2541 4937 2652 4990 also
2698 4954 2890 4993 nomen
2919 4941 3135 4997 ablativi
3169 4960 3350 5012 casus,
3373 4957 3427 5003 et
3449 4952 3670 5006 verbum
3694 4955 3881 5022 prim

2319 5023 2724 5095 coniugationis,
2763 5038 2816 5082 et
2853 5030 3164 5089 adverbium
3204 5046 3306 5091 est.
3343 5035 3621 5107 “ﬂagitia,
3661 5043 3782 5110 φη
3825 5044 3879 5096 in

2319 5113 2482 5167 Deum
2502 5131 2815 5185 peccamus:
2843 5119 3131 5188 Facinora,
3153 5141 3271 5192 qua:
3301 5127 3352 5178 in
3380 5126 3674 5184 hominem.
3691 5129 3880 5184 Fisus

2319 5209 2372 5253 et
2401 5204 2609 5269 fumus;
2641 5205 2807 5273 fames
2832 5218 2885 5262 et
2915 5211 3107 5278 fenum,
3138 5222 3191 5266 et
3216 5213 3286 5282 fel
3310 5216 3572 5285 pluralem
3597 5233 3878 5274 numerum

2318 5306 2423 5345 non
2447 5294 2686 5367 habent].

2389 5379 2574 5435 Fulcio
2599 5393 2652 5436 et
2687 5383 2858 5452 fulgeo
2888 5391 3115 5443 eundem
3157 5390 3356 5445 habent
3395 5397 3691 5460 perfectum
3730 5399 3879 5465 fulsi.

2321 5468 2366 5521 F
2402 5471 2577 5527 littera
2611 5475 2664 5528 in
2692 5476 2927 5542 speciem
2959 5479 3183 5549 figurata
3225 5492 3306 5535 est
3349 5483 3622 5553 cujusdam
3660 5486 3878 5554 littera,
