4266 6188
697 289 791 347 9"

1270 399 1561 454 LITTERA
1598 401 1661 454 li.

1270 400 1561 454 LITTERA
1598 401 1661 454 Κ.

740 492 996 563 ,Kartago
1022 500 1077 547 et
1105 488 1355 548 Kalendas
1389 507 1486 561 per
1512 490 1542 544 k
1567 491 1851 547 scribenda
1872 499 2015 546 sunt.
2039 466 2247 546 Caetera

694 599 790 654 per
814 602 844 639 c
868 584 1074 639 melius.

1269 692 1564 749 LITTERA
1596 692 1656 747 L.

765 802 912 864 Liber
930 808 1043 864 sive
1068 806 1325 873 codicem,
1351 806 1465 862 sive
1489 806 1812 869 libertatem,
1850 802 1963 859 sive
1988 803 2245 858 corticem

691 899 975 971 signiﬁcet,
1002 896 1179 952 omnia
1202 910 1299 968 per
1322 895 1351 949 ι
1372 894 1701 951 scribuntur.
1729 891 1970 963 Largitas
1998 890 2247 946 humani-

693 993 817 1047 tatis
843 998 954 1055 est;
994 986 1203 1061 largitio
1242 987 1571 1044 ambitionis.
1613 985 1945 1040 libidinosus
1971 999 2002 1038 a
2027 983 2247 1040 libidine

688 1098 785 1154 per
810 1082 860 1136 b.
883 1080 1094 1136 Lividus
1122 1094 1153 1135 a
1175 1080 1344 1135 livore
1359 1093 1468 1149 .per
1492 1095 1521 1131 υ
1547 1076 1887 1132 scribendum
1918 1081 2021 1128 est.
2054 1071 2251 1143 [Lepus

690 1170 887 1230 animal
908 1179 1024 1237 est;
1053 1167 1515 1240 ieposjucunditas
1541 1164 1846 1236 voluptatis.
1876 1162 2028 1221 Unde
2047 1172 2102 1219 et
2124 1177 2246 1234 gra-

690 1278 801 1323 tum
830 1265 1030 1337 aliquid
1071 1263 1304 1335 lepidum
1345 1258 1617 1331 dicimus]
1662 1256 1845 1312 Limen
1886 1258 2081 1313 aedium
2119 1264 2240 1320 est;

686 1358 833 1414 limes
859 1346 1159 1427 regionum.
1205 1352 1370 1424 Loqui
1410 1350 1643 1407 hominis
1669 1356 1785 1410 est;
1818 1346 2023 1417 obloqui
2059 1346 2242 1402 obtre-

687 1447 928 1512 ctatoris,
957 1447 1094 1501 sicut
1116 1442 1323 1513 objecit,
1351 1439 1557 1511 obponil
1588 1436 1709 1509 [Ms.
1753 1437 1911 1507 Reg,
1941 1436 2125 1501 obicit,
2151 1452 2241 1505 op—

686 1540 871 1613 ponit].
915 1539 1138 1610 Adloqui
1176 1537 1298 1609 [ld.,
1327 1532 1556 1605 Alioqui]
1585 1530 1958 1602 persuadentis
1998 1538 2083 1586 est
2115 1531 2241 1585 hor-

687 1618 956 1703 tantisque
978 1631 1063 1686 vel
1086 1627 1345 1700 jubentis.
1376 1624 1565 1695 Eloqui
1596 1622 1827 1679 oratoris
1848 1629 1950 1684 est.

753 1699 1067 1778 Laurentius
1091 1699 1148 1774 et
1174 1718 1280 1772 alia
1318 1715 1542 1770 nomina
1565 1727 1686 1783 qua:
1722 1711 2112 1768 nominativum
2137 1699 2235 1767 ca-
2269 1740 2312 1799 Β

685 1831 803 1871 sum
826 1811 1147 1882 singularem
1169 1808 1222 1863 in
1243 1808 1323 1861 ius
1350 1805 1586 1868 mittunt,
1604 1802 1892 1875 genitivum
1916 1800 2240 1871 singularem

684 1914 739 1961 et
788 1900 1171 1959 nominativum
1218 1894 1480 1967 pluralem
1534 1894 1588 1948 in
1634 1891 1900 1961 duplicem
1940 1890 1978 1943 ii
2006 1890 2236 1955 habent;

684 1993 981 2048 vocativum
1024 1985 1346 2057 singularem
1373 1983 1430 2036 in
1469 1980 1767 2050 simplicem
1792 1980 1810 2033 i
1840 1989 1932 2032 aut
1959 1979 2039 2042 ie,
2068 1986 2128 2032 ut
2156 1978 2239 2031 hic

582 2061 589 2068 ’
684 2083 893 2153 impius,
922 2079 1076 2147 hujus
1101 2074 1266 2145 impii,
1289 2090 1318 2126 ο
1347 2072 1519 2140 impie.
1546 2069 1715 2123 Luceo
1739 2077 1795 2123 et
1821 2067 1968 2138 lugeo
1994 2068 2048 2121 in
2074 2081 2239 2121 unum

686 2171 977 2241 perfectum
1010 2164 1312 2226 deveniunt,
1347 2170 1406 2215 ut
1431 2160 1561 2214 luxi.
1613 2158 1743 2212 Lino
1780 2156 1905 2213 facit
1941 2155 2239 2228 perfectum

683 2262 813 2316 linui
850 2268 904 2315 et
945 2257 1108 2312 linivi.
1155 2254 1328 2308 La'tus
1354 2268 1451 2323 per
1486 2266 1531 2305 te
1569 2248 1933 2319 diphthdngon
1963 2246 2235 2310 scribitur,

684 2354 806 2422 quia
853 2351 1033 2405 [altilia
1060 2363 1089 2400 a
1114 2344 1396 2399 latitudine
1438 2348 1627 2396 vocata
1655 2346 1755 2394 est.
1806 2337 2019 2407 Leprosi
2043 2352 2074 2390 a
2112 2352 2241 2406 pru-

682 2447 792 2503 ritu
826 2437 1179 2509 nimio'ipsius
1207 2432 1404 2488 scabiei
1435 2431 1561 2487 dicti
1588 2438 1733 2491 sunt,
1759 2426 1877 2481 ideo
1903 2441 1999 2495 per
2020 2443 2052 2494 p
2076 2424 2240 2479 scribi

686 2524 899 2589 debent.
930 2530 1085 2599 Lego,
1122 2528 1297 2597 legas,-
1316 2526 1380 2579 ab
1404 2520 1679 2589 elegendo.
1718 2519 1880 2589 Lego,
1918 2518 2063 2588 legis,
2105 2529 2133 2568 a
2165 2515 2241 2569 lc-

686 2626 876 2697 gendo.
912 2622 1134 2692 Loquor,
1180 2618 1435 2687 loqueris,
1484 2614 1712 2684 loquitur
1740 2626 1835 2680 per
1882 2626 1922 2679 ᾳ
1956 2607 2238 2662 scribenda

688 2726 837 2778 sunt;
869 2716 1069 2769 locutus
1094 2724 1220 2765 vero
1233 2705 1513 2776 eupbonizc
1534 2717 1691 2759 causa
1719 2716 1813 2769 per
1834 2716 1859 2751 ε
1883 2708 1935 2752 ει
1958 2697 2181 2767 simplex
2205 2714 2239 2751 u

687 2810 970 2862 scribatur.

1265 2906 1561 2966 LITTEBA
1598 2904 1665 2958 hi.

758 3026 1132 3080 Munimentum
1166 3034 1195 3073 a
1229 3016 1517 3072 muniendo
1546 3032 1558 3067 :
1590 3008 2019 3084 [monumentum]
2056 3011 2124 3064 ad
2151 3024 2237 3063 se-

970 3112 1218 3182 pertinet.
1267 3106 1413 3160 Mille
1451 3118 1549 3174 per
1589 3076 1694 3157 duo
1725 3102 1762 3165 l,
1807 3100 1930 3155 licet
1957 3076 2103 3153 milia
2143 3113 2240 3167 per
2266 3076 2312 3137 Ο

686 3222 849 3263 unum
879 3204 1199 3259 lscribatur.
1236 3196 1432 3251 Malum
1458 3196 1502 3249 si
1529 3192 1757 3248 fructum
1786 3190 2049 3259 significat
2081 3189 2238 3260 leuga

689 3296 875 3369 n.[Ms.
920 3292 1074 3360 Κεφ,
1114 3289 1268 3356 longa
1308 3294 1390 3339 est
1433 3282 1571 3354 ma];
1602 3284 1646 3337 si
1690 3282 2002 3352 nequitiam,
2026 3280 2240 3333 brevem

688 3391 869 3445 dicito.
916 3382 1089 3438 Malus
1132 3392 1361 3449 quoque,
1403 3378 1455 3430 id
1496 3384 1579 3429 est
1606 3376 1765 3428 arbor
1791 3373 1941 3426 navis
1968 3373 2181 3441 longam
2208 3386 2239 3422 α

692 3484 870 3539 dicito.
932 3476 1107 3531 Malus
1157 3474 1315 3527 bomo
1361 3470 1574 3523 brevem
1604 3485 1636 3519 τι
1663 3468 1820 3520 debet
1866 3463 2064 3518 habere
2111 3460 2237 3533 [Ms.

693 3578 845 3645 Reg.,
872 3572 1087 3625 brevem
1118 3566 1277 3619 habet
1306 3581 1336 3616 a
1373 3558 1497 3631 lil.].
1534 3559 1775 3611 Machina
1802 3572 1896 3627 per
1924 3573 1948 3609 c
1975 3555 2083 3610 eth
2111 3556 2244 3609 scri-

688 3662 937 3723 bendum,
963 3658 1015 3712 id
1058 3665 1139 3710 est
1181 3658 1571 3723 argumentum.
1620 3648 1813 3711 Macte,
1846 3648 1897 3700 id
1941 3656 2025 3700 est
2070 3646 2240 3717 magis

692 3763 859 3809 aucte.
888 3748 1060 3804 Mollis
1088 3747 1131 3800 si
1159 3760 1191 3796 a
1212 3742 1431 3797 mollitia
1451 3756 1545 3811 per
1566 3741 1669 3792 duo
1694 3740 1733 3789 l.
1764 3737 1917 3790 Molis
1940 3736 2061 3808 [Μς.
2084 3736 2238 3806 Reg,

694 3840 877 3911 Moles]
904 3838 946 3893 si
976 3836 1041 3890 ad
1078 3833 1304 3904 pondus,
1331 3844 1427 3899 per
1480 3843 1640 3881 unum
1669 3827 1687 3879 l
1721 3827 2006 3881 scribatur.
2056 3824 2240 3887 Mane,

693 3934 764 3988 dii
818 3925 1103 3984 infernales
1149 3923 1415 3977 dicuntur.
1461 3917 1618 3970 Mane
1646 3917 1762 3970 sine
1784 3932 1830 3979 s,
1862 3914 1966 3968 diei
2010 3914 2239 3969 initium.

696 4018 1049 4089 llarsuppium
1070 4028 1171 4083 per
1193 4012 1295 4065 duo
1322 4025 1353 4078 p
1378 4008 1720 4063 scribendum
1747 4012 1847 4059 est.
1877 4004 1993 4057 Mas
2018 4003 2243 4073 primiti-

694 4126 816 4165 vum
856 4117 967 4173 est;
1012 4104 1182 4159 Mares
1211 4099 1333 4172 [Ms
1366 4098 1519 4167 Reg,
1566 4093 1945 4155 masculinum;
1975 4092 2100 4147 fort.
2131 4109 2243 4146 ma-

692 4197 887 4268 sculus]
915 4192 1303 4251 diminutivum.
1336 4185 1601 4241 Machtera
1630 4199 1725 4253 per
1751 4200 1777 4236 c
1806 4184 1933 4246 eth,
1966 4183 2016 4236 id
2031 4190 2114 4237 est
2134 4181 2245 4253 δια-

694 4294 831 4349 dius.
858 4290 1108 4353 Maceria,
1126 4289 1179 4342 id
1199 4296 1281 4342 est
1303 4299 1617 4352 murus,per
1640 4282 1933 4351 simplicem
1954 4299 1999 4335 ε.
2026 4279 2241 4345 Mando,

693 4382 941 4444 vitandas,
972 4396 1002 4433 a
1044 4377 1363 4434 mandando.
1417 4374 1630 4437 ﬂando,
1675 4372 1898 4434 mendis,
1944 4385 1975 4424 a
2020 4370 2242 4423 mndu-
2271 4411 2318 4472 ο

694 4475 881 4531 cando.
913 4470 1124 4525 Metella
1154 4484 1248 4539 per
1271 4468 1375 4522 duo
1401 4468 1417 4519 l
1442 4467 1705 4521 scribitur.
1734 4463 1934 4518 Μωσρο
1963 4472 2016 4518 et
2040 4464 2240 4533 mu’geo

696 4581 855 4619 unum
884 4564 1079 4617 habent
1105 4558 1394 4630 perfectum
1435 4556 1558 4628 [Μς.
1606 4556 1751 4623 Reg.,
1777 4555 1831 4608 in
1874 4570 2033 4607 unum
2071 4553 2241 4622 perfe-

696 4666 837 4712 ctum
863 4652 1102 4722 veniunt]
1126 4649 1300 4705 mulsi.
1337 4649 1525 4703 Menda
1556 4647 1795 4714 dercptio
1822 4645 1902 4700 vel
1927 4645 2089 4707 fraus,
2120 4645 2241 4697 inde

696 4746 915 4799 mendax
940 4743 1023 4797 vel
1055 4740 1398 4794 inaudacium.

774 4836 911 4889 Mars
936 4844 993 4889 et
1021 4834 1225 4890 Mauors
1256 4843 1419 4884 unum
1449 4835 1551 4890 est,
1577 4826 1717 4879 unde
1735 4834 1792 4879 et
1818 4825 2073 4877 Mavortia
2101 4823 2241 4894 [qui-

700 4928 820 4981 dam
846 4923 948 4977 dici
973 4922 1189 4992 volunt].
1220 4918 1499 4981 Manneia,
1527 4916 1803 4979 oblivium,
1826 4915 2102 4979 diluvium,
2122 4930 2245 4968 sua.

702 5018 865 5081 vium,
890 5012 1125 5074 lividum,
1163 5008 1379 5081 [favius]
1408 5007 1614 5072 (larius,
1642 5006 1846 5069 avidus,
1880 5003 2085 5068 ﬂuvius,
2112 5004 2244 5059 civi-

702 5117 811 5169 tas,
841 5102 1045 5159 cxuviat
1084 5107 1179 5171 per
1204 5115 1229 5151 υ
1255 5104 1631 5152 consonantem
1663 5102 1721 5149 et
1752 5096 1774 5147 i
1807 5096 2022 5149 brevem
2066 5093 2245 5163 profe-

703 5206 910 5252 runtur.
945 5192 1199 5248 Mattheus
1234 5196 1288 5243 et
1316 5182 1561 5241 “cultius
1584 5203 1682 5257 per
1709 5186 1812 5240 duo
1841 5194 1878 5247 t,
1905 5186 2045 5255 quod
2063 5185 2242 5241 δι’ωεὶ

703 5298 797 5354 per
818 5306 847 5339 τ
871 5290 927 5336 et
946 5283 975 5334 ο
995 5280 1249 5333 scribunt.
1278 5272 1440 5339 Malo,
1461 5275 1514 5328 id
1539 5282 1625 5328 est
1651 5274 1819 5342 magis
1846 5272 1995 5337 volo;
2019 5282 2073 5329 et
2098 5273 2240 5339 nolo,

706 5372 757 5426 id
784 5379 867 5425 est
888 5386 957 5423 ne
980 5368 1098 5425 volo
1124 5381 1218 5436 per
1238 5380 1401 5420 unum
1426 5362 1463 5415 l.
1496 5362 1655 5415 Molle
1675 5369 1729 5415 et
1746 5360 1880 5414 velle
1906 5369 1959 5415 et
1988 5362 2124 5416 nolle
2150 5376 2245 5431 per

709 5464 812 5516 duo
836 5460 870 5511 l.
902 5459 1048 5514 Mitto
1083 5473 1181 5528 per
1206 5457 1309 5511 duo
1336 5464 1354 5508 t
1380 5462 1433 5509 et
1468 5452 1591 5508 ideo
1615 5451 1667 5506 in
1696 5452 1960 5519 praeterito
2004 5451 2243 5520 perfecto

704 5562 801 5621 per
840 5548 939 5601 duo
982 5566 1004 5600 s
1044 5549 1323 5609 scribatur,
1369 5546 1421 5598 id
1451 5552 1551 5606 est,
1584 5542 1746 5595 missi.
1802 5540 2043 5610 Magnus,
2085 5560 2117 5611 g
2161 5557 2244 5596 se-

652 5690 657 5695 .
702 5642 890 5715 quenti
936 5638 1385 5709 syllabajungitur
1414 5635 1537 5705 [315.
1571 5634 1714 5702 Κεφ,
1746 5633 1983 5701 sequenti
2027 5634 2242 5703 syllaba:

1488 287 1544 341 η.
1582 285 1644 340 r.
1683 283 1906 340 ALBlNl
1942 283 2072 340 seu
2110 281 2381 339 ALCUINI
2417 247 2699 341 orarium
2730 268 2914 341 rans
2950 284 3055 340 vn.

3804 281 3909 339 919.

2270 403 2316 461 Α
2344 399 2621 472 societur].
2674 400 2941 472 Magister,
2972 400 3146 472 major
3172 401 3227 457 in
3256 400 3517 470 statione;
3560 412 3682 457 nam
3712 403 3906 457 islerou

2349 485 2535 547 Grtece
2560 494 2724 549 statio
2748 494 2964 549 dicitur.

2925 581 3222 638 LITTERA
3259 582 3324 639 N.

2422 690 2653 759 Nobilis,
2692 693 2917 760 mobilis,
2962 688 3164 762 debilis,
3202 690 3413 761 habilis,
3440 710 3538 767 per
3564 696 3593 749 b
3622 695 3906 752 scribenda

2345 793 2492 840 sunt.
2526 784 2787 852 Nanctus,
2831 787 2886 842 id
2909 795 2993 843 est
3020 789 3268 844 inventus
3289 786 3376 844 vel
3399 786 3643 859 adeptus,
3673 804 3772 859 per
3790 805 3825 843 η
3852 798 3909 843 ct

2344 894 2372 930 c
2397 876 2560 951 scribi
2592 878 2768 933 debet.
2802 873 3067 932 Nacturtts
3090 878 3431 950 participium
3455 877 3619 934 futuri
3648 876 3908 951 temporis

2344 964 2442 1039 per
2459 986 2488 1025 c
2513 970 2709 1050 solum.
2758 968 2953 1025 Navita
2980 979 3035 1026 et
3062 968 3243 1027 Nauta
3271 980 3557 1042 utrumque
3593 980 3740 1027 recte
3774 971 3910 1026 dici-

2347 1072 2452 1118 tur.
2480 1063 2880 1119 Nummularius
2903 1060 3022 1137 [Ms.
3052 1064 3209 1134 Reg,
3235 1061 3656 1136 Nummolarius]
3678 1078 3775 1133 per
3800 1052 3908 1119 duo

2343 1171 2417 1220 in,
2446 1154 2591 1225 quod
2630 1163 2715 1210 est
2738 1168 3077 1211 nummorum
3110 1154 3351 1225 largitor.
3382 1151 3713 1232 Nummisma
3756 1153 3906 1209 simi-

2342 1245 2467 1301 liter
2492 1260 2587 1317 per
2605 1246 2709 1301 duo
2730 1262 2802 1312 m,
2825 1246 2968 1317 quod
2990 1252 3074 1301 est
3091 1245 3294 1311 nummi
3315 1258 3661 1315 percussum.
3696 1241 3903 1323 Nasus,

2341 1338 2485 1408 quod
2507 1347 2591 1395 est
2614 1324 2864 1395 strenuus
2889 1334 2972 1405 vel
2998 1329 3218 1401 efﬁcax,
3245 1351 3343 1406 per
3364 1338 3471 1392 duo
3499 1352 3534 1389 u
3558 1336 3903 1392 scribendum

2340 1431 2505 1502 308
2523 1439 2625 1485 est.
2648 1414 2848 1501 [Nimis
2878 1418 3089 1491 dicitur,
3118 1427 3374 1498 quidquid
3406 1426 3527 1496 plus
3554 1422 3715 1483 fuerit
3742 1440 3903 1494 quam

2339 1526 2569 1588 oportet.
2615 1517 2749 1572 Nam
2792 1529 3014 1589 parvum
3057 1524 3174 1581 est,
3210 1516 3352 1585 quod
3402 1515 3580 1571 minus
3610 1520 3695 1570 est
3741 1528 3903 1593 quam

2341 1609 2566 1679 o'pertet.
2615 1607 2817 1663 Horum
2848 1607 2900 1661 in
2928 1607 3105 1661 medio
3132 1605 3322 1661 modus
3356 1599 3644 1676 est,'quod
3684 1604 3903 1666 dicitur.

2338 1703 2464 1757 satis
2493 1710 2587 1755 est.
2629 1698 2736 1755 Sed
2764 1698 3049 1769 aliquando
3072 1694 3262 1753 Latina
3294 1697 3473 1769 lingua
3502 1696 3606 1752 boc
3631 1696 3797 1751 verbo
3826 1696 3906 1753 sic

2339 1787 2594 1855 abutitur,
2638 1799 2699 1844 ut
2726 1791 2877 1844 nimis
2916 1804 3013 1859 pro
3046 1804 3129 1855 eo,
3160 1788 3300 1858 quod
3328 1798 3413 1843 est
3449 1786 3620 1853 valde,
3648 1797 3901 1857 ponatur,

2338 1884 2502 1938 veluti
2545 1882 2779 1951 positum
2822 1882 3124 1938 invenimus
3153 1880 3207 1936 in
3232 1880 3426 1936 litteris
3454 1879 3639 1934 sacris.
3687 1877 3818 1932 Nam
3848 1887 3903 1931 et

2340 1973 2393 2027 in
2432 1973 2637 2044 psalmo
2669 1991 2681 2027 :
2722 1969 2799 2025 Tu
2839 1972 3125 2043 praecepisti
3169 1954 3418 2023 mandata
3458 1968 3707 2022 custodiri
3751 1968 3904 2020 nimis

2340 2063 2509 2137 (Psal.
2540 2080 2729 2127 cxvm,
2760 2064 2840 2135 4),
2872 2065 2924 2119 id
2953 2072 3036 2117 est
3063 2062 3265 2133 valde.]

2409 2151 2629 2225 [Nullus
2657 2160 2736 2207 est
2763 2160 2869 2208 tam
2916 2152 2967 2205 in
2995 2166 3053 2206 re
3092 2167 3253 2223 quam
3276 2152 3331 2204 in
3360 2166 3605 2221 persona.
3641 2148 3808 2204 Nemo
3850 2150 3903 2203 in

2338 2257 2567 2311 persona
2617 2240 2828 2307 dicitur,
2860 2248 2919 2295 ut
2963 2257 3029 2297 ne
3077 2242 3237 2295 homo
3282 2239 3408 2313 [31s.
3456 2237 3606 2309 Reg.,
3636 2248 3696 2293 ut
3741 2255 3903 2293 nemo

2340 2330 2544 2400 homo].
2597 2330 2734 2385 Novi
2760 2331 3055 2385 declinatur
3096 2332 3234 2386 sicut
3259 2331 3344 2385 odi
3370 2339 3423 2385 ct
3450 2330 3679 2384 utemini.
3712 2328 3905 2401 [Nubit

2342 2418 2538 2474 femina
2574 2421 2723 2485 viro;
2756 2420 2837 2474 vir
2861 2430 3039 2475 autem
3068 2421 3213 2475 ducit
3239 2436 3481 2477 uxorem.
3514 2420 3701 2475 Mulier
3730 2419 3901 2480 nubit,

2341 2511 2465 2581 quia
2487 2510 2647 2581 pallio
2668 2510 2888 2566 obnubit
2922 2520 3101 2581 caput,
3130 2512 3442 2583 genasque].
3476 2510 3630 2565 Nubo
3652 2528 3775 2566 cum
3809 2529 3903 2566 vo-

2342 2602 2473 2656 calis
2513 2601 2785 2669 sequitur,
2816 2601 2845 2654 b
2880 2601 3037 2656 debet
3086 2611 3241 2667 esse;
3268 2616 3391 2656 cum
3429 2616 3730 2661 consonans
3755 2619 3807 2670 ρ,
3844 2613 3904 2655 ut

2342 2694 2511 2763 nupsi.
2538 2691 2712 2763 [Nihil
2732 2693 3039 2747 adverbium
3061 2701 3174 2756 est;
3200 2689 3369 2746 Nihili
3392 2708 3583 2748 nomen
3604 2702 3714 2761 est;
3742 2696 3907 2748 homo

2342 2782 2483 2835 enim
2513 2781 2708 2835 nullius
2730 2783 3005 2848 momenti,
3027 2782 3175 2837 nihili
3206 2781 3446 2855 dicitur].
3486 2782 3767 2855 Nam'gium
3787 2801 3903 2839 om-

2341 2872 2424 2924 nis
2459 2870 2682 2924 classica
2724 2868 2983 2940 profectio
3014 2871 3226 2926 dicitur.
3281 2869 3461 2925 Nauta
3500 2882 3582 2926 est
3610 2875 3783 2929 omnis
3810 2877 3903 2943 qui

2341 2960 2580 3015 laborem
2622 2960 2749 3014 facit
2776 2960 3080 3031 navigandi.
3132 2961 3320 3027 Navis,
3349 2962 3611 3017 ablativus
3638 2964 3691 3017 in
3718 2965 3735 3017 ἱ
3763 2974 3817 3019 et
3851 2968 3902 3020 in

2342 3070 2369 3106 e
2395 3052 2623 3107 mittitur
2661 3052 2788 3124 [Ηε.
2837 3053 2986 3124 Reg.,
3021 3053 3308 3111 ablativum
3353 3055 3407 3109 in
3433 3055 3525 3109 iet
3552 3057 3605 3110 in
3634 3074 3660 3111 e
3690 3057 3899 3129 mittit].

2348 3144 2585 3215 Nequam
2618 3159 2722 3199 non
2749 3145 2945 3199 malum
2979 3144 3261 3214 significat,
3294 3143 3385 3199 sed
3414 3145 3677 3199 inutilem.
3715 3143 3903 3216 Negle-

2340 3253 2461 3306 gens
2496 3250 2592 3304 per
2614 3252 2645 3304 ς]
2690 3236 3023 3289 scribendum
3072 3243 3175 3300 εει,
3210 3234 3367 3303 quasi
3393 3250 3483 3287 nec
3512 3231 3705 3303 legens,
3734 3251 3759 3286 c
3789 3234 3841 3287 in
3870 3253 3901 3303 ῃ

2340 3336 2674 3377 conversum.
2705 3321 2900 3389 Narro,
2924 3325 3160 3378 narratio
3184 3340 3278 3395 per
3306 3324 3409 3379 duo
3438 3340 3463 3375 r
3490 3323 3763 3379 scribitur.
3804 3322 3901 3376 Ni-

2342 3411 2415 3463 hil
2441 3420 2494 3467 et
2520 3412 2591 3464 nil
2614 3422 2901 3483 utrumque
2928 3413 3031 3467 dici
3054 3418 3248 3482 potest.

2930 3525 3221 3582 LITTEBA
3251 3526 3316 3583 Ο.

2412 3637 2566 3709 [Otea
2596 3639 2708 3706 ipsa
2734 3640 2895 3694 arbor
2916 3647 3019 3711 est,
3049 3637 3253 3695 fruetus
3281 3639 3438 3703 oliva,
3462 3652 3654 3693 succus
3680 3637 3898 3706 oleum].

2345 3724 2641 3781 Obaudiens
2662 3729 2729 3783 ab
2750 3742 2898 3793 aure,
2923 3742 2988 3783 eo
3007 3730 3346 3803 quodaudiat
3372 3731 3756 3800 imperantem;
3784 3732 3901 3789 ideo

2343 3830 2437 3883 per
2460 3832 2531 3867 au
2562 3818 2900 3877 scribendum
2930 3826 3031 3875 est.
3066 3818 3142 3873 οι,
3168 3820 3473 3888 praepositio
3498 3820 3768 3875 interdum
3806 3835 3901 3889 po-

2344 3905 2489 3959 nitur
2531 3905 2719 3975 plena,
2759 3915 2825 3977 ut
2860 3919 2973 3973 est,
3012 3906 3173 3975 obire,
3222 3910 3481 3966 aberrare.
3525 3909 3799 3967 Interdum
3845 3912 3898 3966 in

2343 3994 2583 4049 eamdem
2610 3995 2847 4051 litteram
2874 3998 3089 4062 transit,
3120 4013 3150 4052 a
3172 4014 3276 4067 qua
3302 4013 3533 4068 sequens
3559 4014 3737 4055 sermo
3760 4000 3896 4054 inci-

2344 4084 2450 4151 pit;
2479 4090 2538 4135 ut
2580 4082 3122 4153 oJulsit,'ommutuit,
3170 4090 3425 4158 opposuit.
3463 4088 3733 4158 Sequente
3773 4104 3903 4143 vero

2344 4191 2371 4226 υ
2397 4173 2512 4232 loco
2533 4174 2877 4230 consonantis
2896 4176 3103 4245 integra
3122 4184 3321 4241 manet,
3340 4186 3399 4232 ut
3418 4177 3677 4243 obversus,
3695 4177 3895 4232 obvius.

2348 4262 2491 4318 Onus
2534 4264 2579 4319 si
2608 4264 2674 4319 de
2702 4281 2861 4320 onere
2904 4268 3070 4332 venit,
3114 4283 3209 4337 per
3236 4284 3263 4320 ο
3293 4268 3490 4335 solam;
3520 4269 3563 4323 si
3594 4269 3661 4322 de
3699 4250 3901 4325 honore

2346 4368 2442 4421 per
2466 4353 2499 4405 Ιι
2540 4354 2808 4409 scribitur.
2842 4351 3207 4427 Oblatratrper
3229 4355 3257 4407 ι
3286 4356 3627 4411 scribendum
3655 4364 3757 4409 est.
3784 4352 3894 4408 0b-

2343 4451 2443 4495 stat
2470 4456 2565 4509 per
2593 4442 2653 4504 b;
2680 4450 2821 4510 optat
2846 4457 2943 4510 per
2969 4460 3001 4511 p
3027 4444 3296 4497 scribitur.
3326 4442 3599 4515 Obstupui,
3628 4443 3892 4514 obstupeo,

2343 4534 2543 4595 obsum,
2576 4532 2825 4601 obstrepo,
2854 4534 2882 4586 b
2908 4534 2974 4587 ad
3000 4535 3230 4602 priorem
3256 4535 3537 4606 syllabam,
3563 4552 3589 4589 s
3612 4536 3678 4589 ad
3709 4548 3901 4589 secun-

2344 4624 2465 4677 dam
2493 4623 2743 4691 pertinet.
2797 4622 2981 4679 Obitus
3009 4641 3225 4690 nomen,
3252 4636 3305 4680 et
3332 4628 3502 4681 subito
3542 4635 3702 4695 atque
3738 4627 3901 4698 obiter

2346 4712 2593 4766 adverbia
2643 4715 2709 4767 ab
2756 4714 2817 4766 ob
2868 4725 2922 4767 ct
2962 4714 3053 4768 sub
3102 4716 3566 4785 pnepositicnibus
3608 4716 3890 4784 incipiunt.

2347 4801 2603 4856 Obsolerit
2629 4822 2652 4857 s
2681 4805 2891 4872 quidem
2924 4806 3106 4869 habet,
3136 4807 3227 4860 sed
3260 4820 3367 4861 non
3408 4807 3575 4875 ipsius
3610 4808 3779 4868 verbi,
3801 4808 3899 4861 sed

2344 4891 2746 4960 praepositionis,
2774 4907 2892 4961 qum
2915 4904 2997 4947 est
3016 4895 3123 4957 obs,
3148 4894 3369 4949 sicutab
3392 4902 3445 4949 et
3470 4895 3579 4948 abs.
3614 4894 3893 4959 Obsolevil,

2344 4981 2397 5035 id
2426 4990 2506 5036 est
2531 4982 2863 5036 inveteravit.
2894 4982 3149 5049 Obnixus,
3180 4986 3228 5038 id
3254 4996 3338 5040 est
3357 4987 3705 5040 conabundus
3733 5000 3829 5055 per
3854 4987 3892 5039 i.
3928 4966 3940 4977 ’

2346 5070 2605 5135 Obnexus,
2634 5073 2683 5127 id
2708 5082 2793 5126 est
2814 5073 3091 5143 obligatus,
3122 5089 3217 5142 per
3238 5088 3265 5129 e
3284 5078 3627 5131 scribendum
3658 5086 3757 5129 est.
3791 5074 3895 5129 0c-

2344 5178 2492 5217 casus
2526 5178 2619 5232 per
2642 5162 2744 5217 duo
2766 5178 2791 5215 c
2810 5172 2864 5217 et
2892 5179 2985 5233 per
3007 5180 3167 5219 unum
3191 5184 3235 5219 ε.

2914 5276 3208 5332 UTTERA
3254 5276 3315 5332 P.

2416 5362 2617 5418 Pascha
2640 5374 2696 5419 et
2724 5362 2895 5419 Phase
2920 5379 3085 5420 unum
3112 5376 3210 5422 est.
3256 5363 3579 5421 Parasclteve
3614 5379 3712 5436 per
3734 5384 3773 5421 st
3804 5369 3899 5423 de-

2344 5454 2429 5507 bet
2454 5454 2508 5508 in
2540 5456 2823 5509 novissima
2871 5456 3070 5527 syllaba
3100 5456 3281 5511 scribi.
3340 5452 3649 5509 Patriareha
3677 5456 3708 5508 ἡ
3736 5456 3897 5511 debet

2344 5546 2559 5607 habere,
2602 5546 2655 5599 id
2685 5554 2766 5598 est
2793 5548 3037 5613 princeps
3078 5556 3308 5614 patrum.
3361 5542 3624 5616 [Patrium
3662 5559 3689 5597 a
3723 5543 3897 5614 patria

2342 5634 2554 5689 dicitur.
2591 5634 2873 5691 Paternum
2900 5653 2926 5690 a
2962 5650 3111 5707 patre
3140 5639 3337 5693 dictum
3367 5647 3466 5691 est.
3498 5634 3730 5704 Papam
3752 5650 3847 5708 per
3870 5653 3899 5693 ν
