4266 6188
331 185 434 243 913

1305 175 1769 236 DIDASCALICA.
1809 206 1878 215 —
1915 174 2003 230 DE
2039 173 2594 231 ORTBOGRAPHIA.

3439 180 3542 238 9M

265 359 272 362 ξ
331 291 670 351 scribendum
700 289 822 363 est].
869 264 1186 357 Pandectes,
1211 291 1262 345 id
1286 299 1369 345 est
1413 290 1599 344 omnia
1636 286 1884 342 femutes.
1916 289 1966 347 Α
1992 283 2238 352 dicimus,
2261 301 2366 343 non
2391 285 2689 358 prestularit
2740 284 3010 341 Prehende
3031 296 3085 343 et
3114 288 3316 343 Prendo
3344 297 3545 344 utrum-

332 384 453 438 ldeo
481 383 644 438 Vetus
667 389 721 436 et
751 380 955 435 Novum
981 380 1416 444 Testamentum,
1436 378 1482 433 si
1509 374 1723 432 insimul
1760 374 1892 429 scri-

331 474 494 539 bitur,
541 472 707 527 Vetus
731 476 786 525 et
826 470 1032 526 Novum
1078 469 1295 525 insimul
1341 465 1644 530 Pandaten
1673 465 1886 521 dicitur.

333 560 565 632 Pangor,
594 569 776 632 pactus
814 577 934 614 sum
956 560 1084 616 facit
1109 560 1457 631 praeteritum.
1498 557 1808 626 Parumper,
1839 554 1893 609 id

330 661 413 706 est
434 665 622 720 parum
649 656 1031 720 praposterata
1072 649 1450 720 praepoitione
1488 664 1611 718 per;
1639 647 1776 702 sicut
1797 640 1901 716 pu—'

330 745 537 794 betenus
563 738 738 794 ablata
759 757 784 793 s
804 753 902 810 per
927 753 1238 810 apocopam.
1269 737 1452 804 Pario,
1468 739 1660 809 peperi,
1685 743 1894 807 parturn

329 827 458 881 facit
506 826 759 896 supinum
798 826 1043 894 verbum,
1075 827 1198 881 inde
1233 829 1521 896 pariturus.
1554 822 1728 879 Pareo
1764 823 1896 878 facit

329 918 658 988 praeteritum
683 918 828 989 parsi
862 915 939 990 [et
964 917 1209 989 peperci].
1267 916 1494 981 Patiens,
1511 930 1630 972 sum
1673 914 1889 969 laboris.

331 1008 527 1065 Plenus
556 1010 953 1082 sum_bonorum
978 1016 1033 1063 et
1051 1010 1226 1064 bonis.
1260 1007 1492 1062 Pavidus
1513 1014 1568 1060 et
1598 1006 1895 1074 avidusper

331 1119 358 1155 υ
384 1101 682 1163 scribenda.
713 1097 907 1164 Pavus,
936 1101 1075 1171 pavi,
1103 1109 1156 1154 et
1189 1116 1337 1169 pavo,
1379 1100 1610 1169 pavonis.
1650 1094 1894 1168 [Ptenitet

330 1210 416 1250 me
448 1196 704 1249 muneris.
741 1191 889 1265 Piget
921 1210 1006 1250 me
1035 1194 1396 1264 perfectionis.
1440 1189 1610 1246 Pudet
1636 1204 1722 1244 me
1749 1202 1895 1242 amo-

331 1287 425 1339 ris.
461 1280 617 1337 Pecto
661 1292 838 1353 caput,
864 1292 972 1339 non
999 1281 1220 1353 pectine.
1269 1280 1492 1346 Pexum,
1520 1295 1626 1334 nou
1660 1276 1896 1349 pectina-

332 1371 491 1446 tum.]
521 1371 662 1428 Parte
683 1375 988 1443 prtepositio
1011 1391 1025 1438 ;
1055 1383 1110 1428 et
1130 1390 1282 1444 penes
1310 1373 1617 1428 adverbium
1641 1384 1736 1439 per
1767 1369 1897 1423 sim.

329 1463 522 1533 plicein
545 1479 572 1518 e
592 1465 913 1518 scribantur.
930 1460 1138 1518 Pennas
1159 1479 1359 1518 avrum.
1378 1460 1576 1516 Pinnai
1599 1474 1892 1515 murorum.

332 1552 483 1619 Peto,
510 1563 688 1625 expeto
715 1554 836 1608 sine
855 1571 881 1609 s
908 1555 1071 1609 scribi
1113 1555 1290 1610 debet.
1324 1550 1650 1607 Peteredinm
1688 1549 1895 1619 abjecta

329 1644 362 1696 It
393 1643 446 1698 in
474 1643 859 1713 compositione
885 1659 923 1698 a.
942 1644 1190 1712 petendis
1234 1642 1636 1699 hzereditatibus
1674 1641 1888 1695 dicitur.
1927 1641 1970 1701 Β

333 1733 656 1807 [Pertinacia
686 1734 840 1792 malae
866 1737 945 1789 rei
972 1735 1186 1800 dicitur,
1217 1741 1270 1788 et
1297 1734 1597 1790 constantia
1620 1730 1822 1802 bona]

405 1824 719 1883 Percussuns
768 1842 989 1897 corpore
1027 1825 1373 1883 :Perculsum
1423 1826 1600 1879 animo
1645 1823 1890 1877 dicimus.

335 1918 597 1998 Percutio,
636 1921 862 1989 percussi
888 1934 983 1989 per
1012 1918 1116 1972 duo
1141 1936 1184 1982 s,
1213 1918 1331 1971 inde
1356 1931 1727 1987 percussurus.
1773 1912 1896 1967 Per-

324 2010 481 2078 jurus
509 2016 592 2064 est
621 2009 710 2078 qui
740 2009 880 2064 male
899 2010 1064 2078 jurat.
1096 2005 1345 2077 Pejurus,
1378 2007 1530 2074 quasi
1552 2007 1702 2078 pejus
1728 2003 1892 2073 iurat,

333 2103 387 2156 in
409 2102 573 2157 verbo
597 2119 623 2154 r
652 2116 758 2157 non
785 2100 947 2156 habet
964 2098 1092 2171 (Ms.
1122 2097 1272 2168 Κεφ,
1299 2100 1480 2168 pejuro
1508 2098 1647 2151 enim
1676 2096 1896 2150 verbum

335 2211 360 2246 r
386 2208 490 2247 non
514 2192 671 2248 debet
697 2191 926 2256 habere;
953 2198 1036 2246 est
1053 2190 1196 2246 enim
1219 2189 1374 2258 quasi
1395 2187 1546 2256 pejus
1560 2185 1727 2256 jure].
1749 2183 1898 2239 Plio:-

333 2288 447 2349 bus,
476 2286 530 2339 id
569 2293 650 2338 est
687 2282 895 2352 Apollo,
924 2282 996 2335 ita
1042 2279 1317 2341 scribitur,
1348 2287 1405 2331 ut
1440 2284 1559 2346 post
1586 2293 1617 2345 p
1645 2282 1899 2344 sequatur

314 2377 386 2430 ‘It.
421 2374 640 2429 Phoebus
661 2375 741 2430 sol
765 2373 983 2440 dicitur,
1000 2370 1185 2426 Phoebe
1209 2371 1291 2425 vel
1317 2367 1509 2438 Pltwlra
1534 2369 1680 2433 luna,
1699 2377 1900 2421 utrum«

333 2483 438 2538 que
465 2483 560 2539 per
587 2486 619 2539 p
655 2476 710 2522 et
735 2467 765 2520 lt
791 2465 1074 2521 scribenda
1113 2470 1258 2520 sunt.
1300 2459 1532 2531 Pignora
1577 2458 1805 2532 ﬁliprum
1847 2464 1900 2510 et

333 2555 691 2611 all’cctionum.
747 2551 975 2624 Pignera
1020 2568 1220 2608 rerum.
1264 2548 1595 2618 Plagiarius,
1627 2548 1683 2601 id
1709 2555 1791 2600 est
1817 2561 1900 2600 se-

333 2648 540 2701 ductor.
589 2643 914 2708 Plaustrum,
959 2644 1260 2712 capistrum,
1297 2639 1606 2702 claustrum,
1656 2645 1896 2699 uestrum,

335 2746 583 2802 rastrum,
609 2744 664 2790 et
692 2733 816 2789 talia
841 2743 951 2790 tres
996 2740 1376 2795 consonantes,
1405 2728 1590 2784 vocale
1619 2734 1895 2797 sequente,

335 2827 389 2880 in
434 2839 594 2879 unam
637 2822 895 2894 syllabam
932 2819 1203 2892 iungenda
1244 2826 1387 2873 sunt.
1439 2813 1619 2870 Pluris
1648 2815 1897 2878 dicimus,

335 2917 478 2984 quod
505 2914 705 2985 majore
745 2927 952 2969 summa
980 2919 1214 2967 taxatur.
1263 2907 1450 2962 Plures
1480 2921 1604 2960 vero
1633 2905 1694 2960 de
1723 2905 1900 2958 multi-

1995 389 2100 444 que
2147 375 2251 432 dici
2291 385 2487 448 potest.
2525 374 2757 432 Pretium
2786 392 2887 448 per
2909 395 2937 432 e
2977 378 3290 448 simplicem.
3323 379 3540 435 Precari

1993 473 2079 520 est
2115 467 2294 538 rogari
2333 465 2460 539 (Ms.
2487 465 2615 538 Reg.
2664 475 2747 523 est
2772 466 3003 540 rogare].
3050 468 3312 537 deprecari
3351 483 3540 526 excus-

1993 571 2113 612 sare
2136 599 2152 622 ,
2203 557 2287 613 vel
2337 574 2584 629 purgare,
2629 569 2916 630 utrumque
2939 574 3036 629 per
3069 576 3097 614 e
3123 561 3454 631 simplicem;
3487 571 3546 616 ut

1996 646 2425 718 Virgilius(.En.
2455 664 2552 715 ιιι,
2582 648 2706 720 931)
2739 669 2753 704 :

2356 756 2594 822 Equidem
2615 762 2794 822 merui,
2819 773 2910 811 nec
2932 759 3193 824 deprecor,
3214 767 3390 826 inquit.

1995 860 2278 918 Prwmium
2301 879 2420 918 cum
2448 865 2775 937 diphthongo
2802 883 2866 921 te.
2893 866 3060 921 Aliter
3081 869 3383 935 proemium
3414 883 3547 937 prte-

1995 951 2125 1006 fatio
2149 951 2362 1008 dicitur.
2387 950 2749 1024 Prtrgnantem
2769 969 2891 1010 cum
2913 956 3125 1021 scribis,
3152 957 3390 1011 adnectis
3408 975 3440 1028 g
3468 973 3545 1011 se-

1995 1039 2184 1097 cundm
2211 1040 2445 1112 syllaba,
2467 1051 2558 1098 aut
2580 1044 2778 1114 scripto
2791 1044 2996 1100 divides
3020 1055 3074 1100 et
3092 1044 3544 1115 aliahujusmodi.

1997 1139 2055 1184 ut
2077 1147 2321 1202 magnus,
2353 1133 2564 1204 dignus,
2605 1137 2811 1205 pignus.
2844 1134 3101 1190 Primitiae
3134 1137 3410 1206 pluraliter
3435 1146 3549 1192 tan—

1997 1231 2109 1276 tum
2130 1223 2399 1288 dicuntur,
2426 1227 2519 1280 sed
2547 1225 2827 1296 aliquoties
2850 1228 3189 1298 singulariter
3233 1229 3545 1296 intellegen-

1997 1313 2096 1367 daa.
2154 1310 2430 1385 Privignus
2477 1330 2574 1384 per
2632 1317 3019 1375 detractionem
3055 1337 3079 1374 e
3109 1321 3301 1376 littera:
3327 1321 3429 1375 dici
3459 1337 3551 1390 po-

1995 1411 2122 1467 test,
2153 1396 2587 1476 integrum‘enim
2617 1405 2732 1475 ejus
2781 1410 3096 1478 privigenum
3127 1427 3267 1465 reor.

2072 1492 2240 1548 Probo
2273 1495 2490 1552 verbum
2542 1498 2803 1568 doplicern
2851 1499 3301 1569 significationem.
3351 1501 3546 1566 habet;

1997 1585 2286 1653 probamus
2310 1587 2450 1641 enim
2488 1602 2608 1657 qua
2634 1587 2908 1658 elegimus,
2955 1590 3008 1644 id
3052 1599 3141 1644 est»
3177 1590 3548 1661 adprobamus.

1999 1676 2311 1743 Probamus,
2342 1695 2460 1750 que
2511 1679 2689 1749 qualia
2730 1691 2854 1736 sunt
2900 1692 3234 1752 temptamus,
3285 1693 3361 1750 ut,
3395 1689 3551 1756 proba

1993 1786 2074 1822 me
2105 1768 2265 1823 Deus.
2294 1768 2399 1824 Pro
2421 1773 2746 1841 praepositio,
2790 1788 2910 1827 cum
2937 1775 3006 1828 sit
3036 1777 3347 1831 naturaliter
3376 1777 3551 1850 longa,

1991 1858 2262 1925 interdum
2305 1859 2359 1913 in
2401 1862 2788 1932 compositione
2831 1866 3190 1934 corrumpitur
3247 1864 3382 1938 [Hs.
3425 1866 3549 1936 Reg.

1995 1945 2333 2016 corripitur];
2369 1949 2565 2015 partim
2589 1950 2944 2019 correptione,
2975 1958 3033 2004 ut
3074 1967 3328 2020 proauus;
3357 1954 3551 2022 partim

1996 2035 2355 2103 assumptione
2382 2036 2570 2090 littera
2591 2038 2646 2102 ά,
2673 2048 2730 2092 ιιι
2756 2038 2981 2107 prodest,
3011 2042 3264 2110 proditus,
3286 2043 3550 2112 prodigus.

1996 2124 2262 2201 interdum
2288 2125 2493 2196 integra
2531 2135 2612 2181 est
2639 2136 2694 2182 et
2732 2128 2846 2196 ipsa
2888 2119 3033 2197 pars,
3067 2131 3152 2185 cui
3199 2129 3554 2202 coniungitur,

1996 2222 2055 2268 ut
2095 2232 2333 2284 procuro.
2390 2217 2746 2287 Sequentibus
2779 2220 2871 2273 iet
2921 2238 2948 2277 υ
2992 2222 3110 2275 loco
3149 2201 3555 2277 consonantium

1997 2320 2267 2374 nunquam
2295 2306 2528 2361 litteram
2555 2307 2756 2376 perdit;
2805 2315 2895 2361 aut
2924 2318 3123 2374 mutat;
3155 2319 3214 2364 ut
3252 2312 3551 2380 prouidens;

1997 2406 2088 2450 aut
2117 2397 2360 2462 assumit,
2392 2405 2483 2451 aut
2509 2398 2888 2468 corrumpitur,
2917 2406 2976 2452 ut
3003 2399 3282 2468 projectus.
3306 2393 3554 2454 Protinus

1998 2487 2130 2556 peri
2159 2487 2450 2556 temporale
2475 2496 2576 2556 est,
2614 2487 2665 2543 id
2704 2498 2783 2544 est
2817 2491 2997 2546 statim
3025 2509 3036 2542 :

2122 2598 2348 2647 Protinus
2370 2595 2545 2648 Encas
2565 2601 2709 2661 cmpit
2731 2599 2880 2649 celeri
2909 2609 3100 2650 certare
3123 2605 3296 2664 sagitta
3323 2605 3364 2651 ⁸.

1999 2693 2256 2751 Protentts
2297 2683 2394 2765 per
2421 2715 2447 2751 e
2486 2699 2796 2755 adverbium
2824 2701 2989 2756 locale
3019 2711 3120 2769 est,
3158 2704 3210 2759 id
3257 2713 3359 2770 est,
3395 2721 3557 2775 porro
3656 2687 3658 2690 i

2000 2795 2176 2852 tenus,
2207 2796 2303 2841 ut:
2335 2785 2464 2842 Cum
2509 2799 2752 2860 protenus
2782 2802 3000 2863 utraque
3045 2793 3195 2848 tellus
3244 2812 3347 2850 una
3402 2799 3553 2867 foret.

2002 2876 2109 2934 Pro
2137 2880 2189 2934 in
2215 2881 2543 2951 appositione
2561 2882 2646 2937 vel
2672 2885 3055 2953 compositione
3077 2885 3260 2942 localis
3280 2896 3335 2942 et
3354 2896 3556 2958 tempo-

335 2970 537 3060 t-udine.
584 2970 769 3056 Plures
801 3001 1196 3070 comparativus
1220 2997 1414 3067 gradus
1441 3004 1554 3060 est,
1584 2993 1735 3062 cujus
1759 2993 1901 3063 posi—
1924 2982 1972 3046 C
2004 2970 2129 3070 "liis
2158 2970 2283 3043 [M3-
2311 2971 2436 3070 ξῖεςα
2466 2972 2545 3028 "el
2576 2974 2883 3044 temporalis
2915 2971 3040 3070 ἤδη·
3070 2973 3177 3030 Pw
3195 2979 3406 3070 φωρ(οο
3437 2997 3557 3070 ενο-

337 3099 475 3151 tivus
501 3091 672 3147 multi.
709 3090 928 3146 Poderis
955 3105 1051 3160 per
1077 3106 1106 3144 ο
1127 3098 1180 3144 et
1213 3105 1259 3153 e,
1290 3088 1339 3142 id
1365 3095 1447 3141 est
1486 3087 1662 3139 tunica
1693 3085 1897 3149 talaris,

334 3201 440 3256 qua
474 3183 779 3239 sacerdotes
801 3181 854 3236 in
876 3180 1044 3236 veteri
1071 3179 1186 3250 lege
1216 3177 1519 3232 utebantur.
1547 3173 1731 3240 Poena,
1758 3176 1900 3244 quod

335 3286 419 3333 est
465 3274 781 3346 subplicium
812 3288 909 3343 per
950 3288 979 3325 ο
1010 3279 1066 3347 et
1103 3286 1130 3325 e
1171 3268 1444 3325 scribitur.
1489 3264 1661 3339 [Pono
1701 3263 1901 3334 aliquid

337 3365 651 3435 simpliciter
674 3374 930 3420 statuens.
960 3363 1192 3433 Dispono
1222 3360 1420 3429 aliquid
1443 3357 1666 3433 [operis]
1694 3358 1900 3428 impen-

339 3456 500 3510 sioris
527 3456 609 3512 vel
636 3457 845 3512 consilii
870 3455 1131 3510 facturus.
1163 3453 1258 3507 Est
1277 3461 1454 3507 autem
1483 3450 1610 3521 [Με.
1638 3450 1788 3519 Reg.,
1809 3450 1904 3504 Est

337 3548 524 3620 etiam]
547 3549 830 3618 disponere
857 3545 1076 3600 l‘mderis
1104 3542 1364 3614 ineundi].
1399 3538 1598 3603 Potior,
1625 3539 1787 3610 309
1810 3554 1903 3608 po-

340 3641 467 3695 titus
506 3654 646 3704 sum,
675 3645 730 3692 et
754 3636 1015 3708 perfruar,
1043 3632 1344 3704 perfruetus
1369 3645 1507 3686 sum.
1539 3628 1722 3684 Potius
1748 3644 1843 3698 per
1872 3644 1900 3680 o

339 3729 679 3786 scribendum
708 3734 811 3788 est,
844 3742 948 3779 non
981 3739 1079 3794 per
1101 3741 1152 3788 ιι,
1189 3723 1312 3794 quia
1354 3737 1384 3775 a
1412 3728 1565 3790 potes
1594 3717 1720 3791 ius.
1752 3717 1900 3788 Reg.,

341 3835 370 3874 a
398 3815 559 3891 potis]
582 3817 748 3871 venit.
775 3814 982 3889 [Potior
1005 3813 1211 3869 fructus
1243 3821 1300 3868 et
1324 3810 1499 3868 fructu
1529 3811 1725 3866 dicitur
1765 3811 1903 3880 apud

340 3909 623 3977 antiquos:
648 3905 832 3960 Potior
851 3905 987 3958 hanc
1011 3920 1139 3960 rem.
1166 3901 1680 3974 Potior,pa'lissimus
1708 3899 1899 3972 [facit].

342 3999 592 4054 Potarnus
620 4011 776 4068 eum,
787 3996 873 4051 cui
896 4002 1080 4066 potum
1102 3994 1438 4064 porregimus
1460 3989 1585 4064 [κε.
1612 3990 1758 4061 Reg.,
1782 4006 1904 4061 por-

341 4087 607 4161 rigimus].
665 4085 882 4143 Pometa
930 4087 1176 4150 dicimus,
1229 4084 1319 4139 ubi
1363 4097 1522 4154 poma
1570 4090 1902 4147 nascuntur;

344 4182 594 4238 Pomaria
633 4180 725 4238 ubi
763 4162 1059 4234 servantur.
1094 4175 1400 4230 Postulatur
1423 4174 1622 4245 aliquid
1651 4174 1901 4240 honeste;

346 4271 588 4328 Poscitur
634 4267 916 4342 improbe}.
969 4265 1247 4322 Postumus
1293 4264 1496 4333 abiecta
1527 4264 1560 4317 Ιι
1600 4261 1726 4337 [υς.
1755 4263 1904 4335 Reg.,

345 4361 668 4416 Posth‘umus
688 4359 894 4432 abiecta
915 4359 947 4412 lt
961 4377 978 4423 ;
1008 4358 1049 4427 f.
1072 4357 1134 4422 l.,
1167 4354 1395 4427 adjecta]
1425 4356 1475 4410 in
1501 4355 1910 4424 compositione,

344 4459 423 4509 est
450 4452 600 4530 enim
618 4460 741 4520 post
765 4452 1063 4516 humatum,
1096 4451 1147 4506 id
1171 4459 1252 4504 est
1276 4457 1399 4519 post
1418 4448 1678 4517 sepultum
1701 4456 1909 4518 patrem

348 4549 525 4598 natus.

417 4629 464 4684 P
489 4633 542 4686 in
565 4630 892 4700 temporibus
915 4629 1196 4682 verborum
1222 4642 1319 4696 per
1349 4628 1377 4680 b
1423 4636 1815 4692 commutatur;
1850 4633 1909 4680 ut

347 4721 532 4785 scribo,
559 4721 772 4793 scripsi;
803 4720 940 4784 laba,
963 4716 1127 4788 lapsi;
1155 4715 1311 4782 nubo,
1334 4717 1505 4786 nupsi.
1535 4715 1732 4782 Pramo,
1759 4717 1831 4772 illi
1855 4725 1909 4773 et

348 4809 501 4866 alios.
537 4809 800 4875 Praedico,
831 4818 954 4866 ante
986 4809 1124 4864 dico.
1187 4806 1308 4861 Prae
1338 4806 1393 4861 in
1438 4805 1771 4875 oppositione
1823 4804 1910 4863 vel

349 4902 738 4973 compositione
780 4903 1068 4966 invenitur,
1099 4907 1153 4955 et
1200 4898 1270 4953 ad
1305 4896 1389 4952 vel
1433 4897 1492 4951 ob
1536 4895 1619 4950 vel
1644 4911 1799 4966 super
1825 4893 1911 4952 vel

349 4994 500 5054 ualde
524 4993 610 5049 vel
634 5002 750 5046 ante
771 4991 1053 5062 signiﬁcat.
1078 4990 1388 5047 Terrentius
1408 4980 1425 5042 ἐ
1456 4985 1746 5057 Contempsi
1760 4984 1910 5039 illum

352 5087 435 5142 hic
459 5073 570 5156 prae
590 5099 692 5147 me;
721 5080 826 5136 hoc
848 5087 952 5145 est,
979 5081 1048 5136 ad
1091 5079 1543 5151 comparationem
1569 5075 1691 5130 mei.
1721 5074 1856 5130 item
1895 5093 1908 5130 :

355 5175 444 5233 Fit
470 5174 657 5230 misera
676 5185 783 5242 prce
813 5184 1008 5233 amore,
1038 5167 1091 5223 id
1117 5176 1220 5233 est,
1243 5167 1314 5222 ob
1333 5182 1592 5223 amorem.
1625 5161 1910 5231 Prasideo,

355 5268 684 5340 supersideo.
733 5260 1080 5326 Prwvalidus,
1108 5258 1261 5315 valde
1285 5259 1511 5315 validus.
1542 5258 1662 5314 Pro:
1708 5271 1914 5325 praepo-

357 5355 558 5412 sitioet
579 5363 840 5425 pratcres
868 5367 965 5422 per
983 5367 1034 5407 at
1060 5349 1426 5420 diphthongon
1450 5346 1749 5405 scribenda.
1784 5343 1916 5402 Pre-

356 5455 436 5502 sto
477 5459 571 5520 per
597 5463 627 5500 ο
651 5444 1015 5506 scribendum.
1065 5457 1168 5496 non
1195 5455 1291 5511 per
1336 5454 1418 5496 u:
1458 5441 1596 5498 unde
1638 5437 1913 5510 prestolari

428 5567 454 5597 ι
495 5554 662 5626 Virg.,
697 5551 824 5609 En.
857 5570 907 5622 v,
939 5552 1058 5610 485.

2001 3064 2182 3127 video;
2227 3072 2281 3119 et
2332 3064 2450 3119 loco
2489 3079 2516 3123 e
2566 3072 2620 3119 et
2670 3081 2840 3134 super,
2871 3064 3116 3128 velante,
3162 3067 3244 3122 vel
3281 3067 3349 3120 ad
3379 3069 3459 3124 vel
3504 3070 3557 3125 in

2002 3153 2279 3223 accipitur,
2332 3162 2389 3208 ut
2435 3156 2722 3223 prominet;
2764 3154 2817 3208 id
2867 3150 2971 3220 eét,
3019 3159 3395 3227 supereminet.
3452 3156 3558 3213 Pro

2001 3248 2148 3300 curia
2198 3247 2349 3300 sociis
2395 3248 2542 3316 signa
2587 3246 2735 3312 dare,
2766 3245 2818 3300 id
2844 3256 2944 3313 est,
2976 3256 3099 3304 ante
3125 3249 3348 3304 curiam.
3378 3248 3555 3321 Virgi-

2002 3339 2103 3394 lius
2130 3339 2279 3411 (ίΕη.
2305 3357 2354 3406 v,
2382 3338 2505 3409 500)
2529 3360 2541 3394 :
3203 3328 3210 3333 ’

2425 3451 2633 3498 Summis
2657 3450 2909 3500 incurvant
2932 3450 3113 3499 viribus
3137 3461 3277 3498 arcus

2186 3513 2277 3561 Pro
2301 3524 2356 3560 sc
2376 3513 2584 3571 quisque
2613 3511 2731 3571 viri;
2981 3545 2987 3553 .

2005 3611 2080 3684 [id
2105 3622 2205 3680 est,
2249 3612 2312 3667 ad
2344 3597 2468 3669 suas
2497 3613 2680 3686 vires].
2727 3612 2834 3668 Pro
2883 3617 3194 3679 testimonio,
3223 3619 3323 3670 hoc
3370 3626 3469 3681 est,
3504 3619 3554 3672 in

2005 3707 2326 3765 testimonio.
2370 3707 2436 3762 Et
2481 3723 2578 3776 pro
2621 3706 2987 3774 interiectione
3027 3707 3306 3776 accipitur,
3337 3720 3397 3763 ut
3447 3705 3555 3763 Pro

2005 3797 2185 3851 dolor!
2214 3805 2270 3851 et
2310 3795 2769 3851 circumﬂectitur.
2813 3793 3145 3849 Pulmentum
3191 3804 3245 3850 et
3269 3797 3559 3864 pulmenta-

2006 3891 2142 3944 rium
2182 3887 2394 3940 dicitur.
2430 3881 2656 3939 Pudoris
2710 3900 2804 3955 per
2832 3901 2866 3939 u
2915 3894 2970 3939 et
2996 3902 3026 3939 ο
3065 3870 3402 3946 scribendum
3427 3896 3509 3941 est
3543 3906 3554 3940 :

2007 3975 2242 4049 [poderis
2260 3989 2358 4045 per
2380 3991 2410 4029 ο
2450 3983 2504 4031 et
2526 3992 2573 4041 ε,
2603 3974 2658 4030 id
2690 3983 2792 4042 est,
2833 3976 3008 4030 tunica
3041 3975 3138 4047 [ι.
3174 3975 3373 4045 tunica]
3425 3977 3555 4032 talaq

2007 4066 2104 4134 ris,
2127 4081 2232 4136 qua
2260 4066 2569 4123 sacerdotes
2589 4065 2644 4120 in
2671 4075 2852 4122 vetere
2884 4066 2996 4135 lege
3025 4064 3347 4137 utebantur].
3649 4065 3654 4068 '

2587 4175 2881 4232 unum
2915 4175 2980 4242 ο.
3263 4233 3266 4236 ,

2079 4273 2322 4339 Qutzstor
2351 4287 2382 4326 a
2410 4271 2720 4341 quarendo,
2759 4271 2912 4340 quasi
2957 4274 3211 4341 quaesitor
3261 4288 3361 4344 per
3392 4291 3436 4328 ar
3482 4277 3560 4330 di-

2011 4364 2316 4432 phthongon
2340 4362 2625 4416 scribatur.
2653 4361 2894 4427 Qtttrslus
2919 4363 3072 4429 lucri,
3097 4381 3193 4434 per
3214 4383 3264 4421 te
3286 4367 3562 4436 diphthow

2009 4467 2158 4521 gon.-
2182 4451 2405 4517 Questus
2435 4450 2557 4524 [Ms.
2600 4451 2731 4522 Reg.
2754 4493 2768 4516 ,
2811 4451 3169 4526 Querimonia]
3208 4451 3562 4525 lacrimarum

2007 4557 2104 4614 per
2121 4559 2168 4597 e.
2202 4542 2516 4616 Quanquam
2537 4544 2686 4615 prior
2709 4544 2911 4614 syllaba
2934 4561 2968 4597 η
3005 4545 3200 4598 habere
3234 4543 3411 4609 debet,
3454 4562 3560 4601 non

2008 4651 2080 4689 sn.
2127 4634 2368 4700 Quantus
2403 4643 2459 4690 et
2500 4643 2674 4689 tantus
2700 4649 2795 4702 per
2823 4649 2859 4685 η
2881 4632 3162 4700 euphonia
3189 4647 3370 4698 causa,
3417 4639 3574 4708 venit

2008 4726 2153 4780 enim
2173 4742 2204 4780 a
2215 4735 2454 4796 quamtus
2470 4732 2524 4778 et
2543 4732 2757 4778 temtas.
2793 4721 3054 4789 Quantus,
3070 4739 3229 4793 quam
3245 4739 3470 4794 magnus
3481 4727 3563 4781 di-

1977 4845 1984 4860 ι
2012 4815 2172 4871 citur.
2204 4815 2426 4882 Querela
2441 4829 2535 4884 per
2561 4829 2728 4869 unum
2749 4812 2790 4879 l,
2808 4814 2947 4869 sicut
2961 4814 3198 4880 suadela,
3225 4815 3410 4881 tutela,
3431 4835 3559 4880 can:

2011 4905 2150 4970 dela,
2192 4904 2502 4974 corruptela.
2536 4903 2807 4978 Quatenus
2859 4904 3170 4958 adverbium
3207 4903 3331 4969 loci,
3382 4905 3563 4970 idest,

2012 5009 2306 5064 quousque,
2359 5007 2456 5061 per
2499 5009 2546 5046 e.
2602 4991 2886 5064 [Quatinus
2934 4992 3237 5061 conjunctio
3287 4992 3512 5049 causalis
3542 5031 3558 5056 ,

2014 5085 2065 5139 id
2087 5092 2187 5146 est,
2212 5091 2289 5146 ut,
2325 5097 2422 5151 per
2451 5083 2784 5138 iscribatur.
2827 5080 3112 5147 Οιιωνίιιιν,
3143 5085 3209 5139 de
3244 5083 3557 5151 inquirendo

2014 5188 2110 5243 per
2135 5189 2180 5226 ut
2219 5171 2599 5242 diphthongon.
2651 5172 2919 5238 Queritur,
2943 5173 3009 5228 de
3055 5172 3327 5242 plorando,
3383 5186 3478 5240 per
3514 5190 3560 5228 a.

2018 5264 2384 5329 Queremonia,
2410 5280 2506 5334 per
2538 5265 2646 5321 duo
2675 5281 2721 5318 e.
2753 5264 2956 5330 Queror
2991 5265 3056 5318 de
3098 5271 3183 5326 te,
3220 5263 3317 5316 tibi
3362 5263 3425 5316 de
3451 5263 3560 5320 illo.

2015 5351 2145 5407 Item
2171 5366 2491 5419 conqueror.
2520 5351 2538 5424 ]
2790 5416 2796 5421 I

2088 5439 2190 5507 Qui
2221 5439 2419 5510 syllaba
2445 5455 2542 5512 per
2569 5459 2599 5515 q
2635 5444 2830 5500 θυΐοι
2853 5439 3169 5504 iscribitur.
3208 5439 3261 5496 Si
3289 5439 3557 5504 dividitur,
