4266 6220
554 262 661 322 927

1396 256 1452 311 Β.
1482 255 1544 310 r.
1587 232 1810 311 stand
1851 252 1984 310 seu
2019 249 2293 307 ALCUlNl
2330 213 2614 305 eranum
2651 243 2831 302 rans
2870 245 2977 302 vn.

3690 245 3797 302 9‘28

555 378 778 442 fcederc,
804 387 1027 429 summa!
1049 371 1323 442 religionis
1350 370 1471 425 dedi
1507 380 1561 424 te
1595 369 1866 425 convenit.
1906 366 2125 421 Judica-
2148 358 2202 423 Ἀ
2229 361 2558 429 deprehensa
2583 360 2675 425 sit,
2704 360 3025 430 publicetur.
3068 356 3200 412 Cum
3223 369 3412 429 magna
3443 355 3497 411 in
3526 357 3637 413 alto
3665 366 3797 412 tem-

556 473 628 523 tio
658 476 777 522 est:
811 464 943 539 cum
971 465 1015 518 is
1047 464 1145 532 qui
1179 461 1459 530 potestatis
1496 458 1629 515 nihil
1666 458 1934 523 habuerit,
1974 455 2130 524 jussu

558 557 896 627 imperatoris
928 556 982 608 in
1019 551 1219 607 foedere
1246 560 1300 607 et
1325 552 1379 605 in
1409 559 1557 605 tanta
1588 550 1846 617 religione
1876 545 2131 601 interfusa

560 646 666 709 rit,
711 645 1055 700 dedendusne
1089 643 1158 697 sit
1200 642 1441 695 hostibus
1481 639 1606 710 [nec
1647 638 1782 709 ne]?
1818 636 1931 691 Hoc
1962 650 2131 707 genus

557 749 737 791 causa:
771 749 892 789 cum
921 731 1181 802 superiori
1212 730 1407 793 differt,
1433 729 1575 798 quod
1598 728 1649 781 in
1678 728 1769 781 illo
1802 724 2050 781 concedit
2074 736 2130 777 se

558 808 701 891 reus,
734 824 1035 894 oportuisse
1067 822 1241 876 facere
1272 820 1324 874 id
1359 819 1501 889 quod
1529 817 1645 872 fieri
1680 818 1823 871 dicat
1851 822 2133 870 accusator

557 919 889 988 Oportuisse;
916 916 1009 970 sed
1038 914 1193 968 alicui
1219 913 1295 967 rei
1318 922 1411 966 aut
1430 912 1779 965 hominieam
1802 923 2021 963 causam
2052 915 2131 960 at-

559 1008 763 1071 tribuit,
813 1021 932 1076 quae
973 1002 1233 1059 voluntati
1271 1015 1379 1055 succ
1426 999 1585 1052 fuerit
1618 997 1998 1067 impedimento
2030 1014 2042 1047 :
2076 994 2127 1047 in

558 1098 661 1151 hoc
707 1107 885 1150 autem
928 1104 1035 1150 non
1079 1107 1334 1147 accusare
1380 1090 1624 1151 alterum,
1680 1103 1780 1141 nec
1817 1086 2024 1155 culpam
2076 1086 2130 1139 in

560 1187 720 1239 alium
752 1184 1046 1245 transferre
1068 1183 1245 1245 debet,
1270 1181 1365 1234 sed
1391 1187 1694 1233 monstrare
1715 1191 1833 1231 eam
1859 1190 1971 1229 rem
1996 1174 2129 1228 nihil
2160 1184 2163 1187 ‘

560 1275 624 1328 ad
654 1290 731 1338 se,
762 1288 861 1330 nec
896 1275 964 1329 ad
993 1288 1144 1328 suam
1184 1279 1523 1342 potestatem,
1569 1283 1741 1338 neque
1785 1268 1852 1321 ad
1899 1265 2130 1321 ofﬁcium

560 1380 715 1419 suum
740 1365 1080 1434 pertinuisse,
1110 1372 1199 1415 aut
1220 1361 1508 1430 pertinere.
2002 1412 2005 1413 ν

633 1452 904 1507 Caucasio
927 1460 1028 1516 est,
1060 1466 1155 1520 per
1187 1466 1345 1519 quam
1372 1464 1478 1502 non
1509 1449 1710 1502 factum
1734 1448 1906 1516 ipsum
1940 1446 2133 1515 proba-

563 1553 649 1598 tur
668 1544 734 1597 ab
758 1558 871 1607 reo,
899 1542 993 1597 sed
1020 1551 1079 1595 ut
1105 1543 1416 1611 ignoscatur
1438 1540 1489 1593 id
1518 1540 1749 1608 petitur;
1780 1536 1931 1606 cujus
1952 1544 2133 1606 partes

561 1642 688 1689 sunt
715 1631 875 1703 [duae]
907 1650 919 1685 :
952 1632 1202 1700 Purgatio
1223 1638 1275 1682 et
1297 1628 1621 1698 deprecatio.

2210 452 2409 524 "pestas
2435 462 2599 518 esset,
2628 453 2711 507 vis
2740 459 3042 517 ventorum,
3074 448 3256 504 invitis
3279 449 3459 504 nautis
3490 446 3803 504 in'Rbodio—

2230 561 2349 598 rum
2394 554 2606 615 portum
2640 557 2830 598 navem
2870 542 3061 612 coegit.
3106 540 3350 607 Quaestor
3386 555 3575 594 navem
3609 539 3792 609 populi

2228 650 2347 690 esse
2373 634 2502 690 dicit
2531 633 2707 706 [Hss.,
2738 633 2916 704 populi
2944 631 3141 704 vocat].
3179 632 3341 686 Navis
3364 632 3611 686 dominus
3636 640 3793 702 negat

2229 724 2494 796 publicari
2543 726 2755 780 debere.
2815 724 3044 778 Intentio
3082 732 3165 779 est
3204 742 3217 777 :
3257 724 3510 778 Bostrata
3552 724 3704 777 navis
3743 724 3799 776 in

2226 818 2388 885 portu
2428 816 2759 885 deprehensa
2784 823 2885 871 est.
2936 815 3549 885 llepulsio:Concessio.
3591 814 3794 869 Ratio:

2231 904 2293 959 Vi
2332 913 2387 959 et
2433 903 2755 959 necessitate
2791 920 2973 960 sumus
3023 906 3075 959 in
3124 904 3287 975 319
3326 914 3541 973 portum
3593 904 3797 961 redacti

2232 994 2410 1066 [Mss.,
2437 994 2652 1066 coacti].
2692 993 2985 1062 Inﬁmatio
3014 1002 3129 1047 est:
3155 993 3353 1049 Navem
3379 1008 3447 1048 ex
3471 993 3586 1065 lege
3614 1003 3795 1049 tamen

2231 1083 2412 1155 populi
2437 1096 2555 1137 esse
2578 1089 2827 1151 Oportcre
2865 1080 3043 1154 [Mu.,
3069 1082 3318 1154 oportet].
3364 1082 3633 1136 Judicatio
3670 1092 3793 1137 est:

2231 1172 2366 1227 Cum
2389 1179 2675 1228 rostratam
2705 1160 2896 1227 navem
2926 1173 2978 1226 in
3006 1181 3160 1249 portu
3192 1173 3577 1242 deprehensam
3604 1173 3686 1229 lex
3700 1190 3801 1244 pu-

2229 1263 2445 1317 blicavit
2460 1281 2473 1329 ;
2490 1277 2717 1332 eumque
2730 1264 2843 1317 hac
2857 1264 3026 1327 navis,
3045 1263 3221 1317 invitis
3238 1264 3436 1327 nautis,
3450 1265 3499 1317 vi
3513 1272 3797 1335 tempesta-

2230 1359 2369 1412 tisin
2395 1366 2605 1428 portum
2636 1355 2871 1425 conjecta
2898 1358 2984 1419 sit,
3018 1352 3328 1425 oporteatne
3348 1370 3467 1411 eam
3496 1356 3799 1426 publicari?

2302 1448 2608 1519 Deprecatio
2636 1456 2750 1517 est,
2780 1460 2903 1503 cum
2928 1455 2981 1500 et
3004 1459 3261 1515 peccasse
3300 1455 3355 1502 et
3389 1444 3637 1503 consulto
3665 1464 3795 1518 pec—

2232 1550 2384 1590 casse
2411 1550 2535 1589 reus
2565 1550 2623 1591 se
2652 1534 2965 1598 confitetur;
3002 1545 3211 1599 tamen,
3242 1542 3299 1587 ut
3329 1536 3428 1589 sibi
3462 1535 3795 1606 ignoscatur,

2232 1626 2469 1695 postulat
2502 1642 2515 1680 :
2546 1628 2687 1695 quod
2736 1640 2904 1697 genus
2952 1640 3173 1695 perraro
3220 1633 3395 1695 potest
3430 1628 3703 1691 accidere,
3728 1612 3797 1683 in

634 1694 887 1793 Purgatio
911 1730 1015 1787 est,
1057 1694 1153 1789 per
1190 1694 1501 1789 quamiejus
1543 1717 1633 1786 qui
1674 1725 1980 1779 accusatur,
2027 1730 2130 1798 non
2163 1694 2206 1753 Β
2236 1694 2340 1785 quo
2381 1732 2487 1771 non
2531 1694 2771 1770 defensio
2814 1694 2974 1781 facti,
3028 1716 3119 1771 sed
3156 1694 3463 1787 ignoscendi
3510 1719 3798 1789 postulatio

564 1811 761 1867 factum
793 1814 988 1882 ipsum,
1013 1812 1105 1865 sed
1129 1812 1373 1865 voluntas
1397 1808 1698 1863 defenditur
1724 1826 1735 1859 :
1762 1814 1814 1859 et
1836 1805 1997 1859 habet
2016 1820 2079 1872 pa
2090 1820 2135 1855 r-

564 1912 645 1957 tes
668 1912 776 1956 tres
804 1920 816 1953 ι
842 1900 1276 1969 Imprudentiam,
1302 1914 1505 1959 casum.
1532 1896 1999 1951 necessitudinem.
2029 1892 2135 1946 lm-

561 1992 837 2059 prudentia
864 1998 964 2055 est,
998 2005 1119 2045 cum
1148 1991 1311 2043 scisse
1349 2002 1406 2041 se
1435 1988 1633 2055 aliquid
1669 1987 1714 2040 is
1748 1987 1838 2054 qui
1871 1984 2131 2054 arguitur,

564 2088 741 2147 negat.
775 2078 1013 2147 Exempli
1044 2080 1214 2147 gratia
1241 2096 1252 2128 :
1279 2076 1433 2144 Apud
1462 2075 1723 2143 quosdam
1768 2075 1853 2126 lex
1898 2080 2033 2134 erat.
2071 2085 2136 2123 ne

564 2170 685 2238 quis
714 2169 891 2222 Dianae
925 2150 1147 2221 vitulum
1188 2167 1507 2219 immolaret.
1550 2164 1733 2219 Nautze
1764 2164 1979 2232 quidam
2015 2175 2135 2215 cum

564 2259 784 2313 adversa
812 2267 1127 2328 tempestate
1158 2260 1208 2311 in
1239 2258 1345 2311 alto
1377 2256 1731 2323 jactarentur,
1770 2256 2051 2315 vovebant,
2092 2254 2134 2307 si

562 2364 626 2400 eo
652 2359 805 2417 portu
831 2364 990 2417 quem
1030 2350 1451 2417 conspiciebant,
1486 2348 1637 2415 potiti
1676 2359 1875 2411 essent,
1912 2350 2133 2402 vitulum

563 2436 634 2507 [ei
663 2436 815 2508 Deo],
845 2440 935 2507 qui
963 2438 1033 2491 ibi
1062 2447 1221 2504 esset,
1250 2453 1307 2492 se
1337 2438 1727 2491 immolaturos.
1768 2436 1907 2489 Casu
1946 2447 2065 2489 erat
2084 2422 2135 2489 in

560 2542 626 2581 eo
656 2537 809 2597 portu
835 2527 1015 2582 fanum
1046 2528 1246 2593 Diana},
1274 2528 1361 2582 cui
1386 2528 1609 2581 vitulum
1643 2528 1918 2581 immolare
1940 2544 2043 2582 non
2070 2532 2133 2581 li-

562 2619 733 2673 cebat.
781 2620 1148 2689 imprudentes
1174 2620 1327 2690 legis,
1359 2636 1479 2675 cum
1508 2622 1767 2685 exissent,
1793 2621 2015 2675 vitulum
2040 2624 2139 2675 im-

512 2715 516 2718 ’
562 2697 915 2762 molaverunt.
962 2712 1317 2765 Accusantur.
1363 2711 1589 2763 Intentio
1620 2721 1703 2765 est
1730 2730 1741 2764 :
1771 2712 2005 2767 V’itulum
2036 2713 2136 2765 ibi-

562 2801 801 2855 moiastis
826 2802 873 2855 ei
902 2800 1024 2855 Deae
1055 2801 1235 2873 [Mss.,
1264 2800 1416 2871 Deo],
1446 2804 1531 2855 cui
1562 2818 1667 2855 non
1690 2802 1902 2856 licebat.
1939 2803 2139 2872 Impul-

562 2894 642 2943 sio
677 2900 761 2945 est
803 2893 855 2945 in
900 2894 1242 2948 concessione
1281 2895 1542 2963 deposita.
1590 2895 1743 2948 Ratio
1784 2905 1866 2949 est
1892 2914 1903 2949 :
1929 2896 2138 2950 Nescivi

562 3000 668 3037 non
695 2984 875 3037 licere.
904 2982 1197 3051 Inﬁrmatio
1220 2999 1235 3034 :
1255 2984 1476 3048 Tamen,
1501 2988 1751 3053 quoniam
1768 2985 1967 3049 fecisti,
1994 2989 2134 3056 quod

563 3089 671 3127 non
709 3071 902 3126 licebat
936 3087 999 3126 cx
1033 3072 1167 3141 lege,
1212 3073 1469 3142 supplicio
1505 3074 1696 3143 dignus
1741 3090 1818 3128 es.
1866 3072 2132 3127 Judicatio

562 3175 675 3221 est:
700 3167 833 3220 Cum
848 3162 897 3220 id
907 3165 1248 3236 feceritquod
1264 3183 1367 3222 non
1383 3171 1696 3237 oportuerit,
1716 3178 1770 3224 et
1784 3170 1835 3224 id
1858 3185 1965 3225 non
1977 3185 2134 3241 opor-

562 3263 675 3333 tere
704 3257 975 3319 nescierit,
1009 3256 1146 3310 sitne
1170 3256 1427 3325 supplicio
1457 3258 1687 3328 dignus?

633 3342 799 3396 Casus
823 3354 1001 3397 autem
1021 3345 1247 3401 infertur
1266 3348 1321 3399 in
1346 3350 1766 3414 concessionem,
1782 3365 1903 3404 cum
1921 3352 2135 3406 demon-

562 3444 763 3490 stratur
788 3436 964 3503 aliqua
992 3434 1218 3493 fortuna:
1253 3438 1336 3490 vis
1372 3437 1565 3507 [Edit.,
1598 3438 1811 3493 fortuna
1850 3439 1988 3511 eius]
2035 3456 2132 3495 vo-

563 3526 750 3579 luntati
778 3526 1067 3589 obstitisse,
1102 3534 1159 3579 ut
1197 3527 1250 3580 in
1290 3527 1391 3581 hac
1427 3542 1521 3581 re:
1548 3528 1681 3582 Cum
1717 3530 2133 3586 Lacedaemoniis

562 3613 645 3667 lex
680 3624 839 3677 esset,
872 3623 929 3667 ut
955 3614 1153 3669 hostias
1180 3612 1281 3669 nisi
1311 3616 1376 3670 ad
1397 3616 1719 3673 sacrificium
1752 3620 2019 3687 quoddam
2049 3636 2132 3675 re-

564 3705 817 3773 demptor
836 3708 1170 3773 prmhuisset,
1191 3708 1415 3776 capitale
1431 3718 1591 3773 esset,
1619 3710 1666 3765 is
1688 3712 1780 3780 qui
1809 3712 2128 3777 redemerat,

563 3810 686 3848 cum
719 3796 966 3849 sacrificii
1002 3799 1115 3851 dies
1141 3800 1384 3863 instaret,
1426 3802 1476 3855 in
1506 3803 1695 3857 urbem
1718 3818 1785 3857 ex
1816 3818 1943 3873 agro
1976 3820 2133 3873 agere

564 3886 767 3941 hostias
796 3887 957 3955 cmpit
986 3906 997 3938 :
1030 3903 1151 3941 cum
1176 3890 1349 3942 subito
1372 3893 1580 3957 magnis
1604 3902 1903 3947 commotus
1928 3902 2130 3961 tempe-

561 3977 785 4030 statibus
818 3974 1005 4030 fiuvius
1038 3976 1281 4041 Eurotas,
1316 3978 1361 4031 is
1381 3979 1468 4046 qui
1498 3978 1954 4033 Lacedaemoniam
1996 3996 2132 4049 prac-

562 4066 780 4132 terfluit,
812 4068 883 4121 ita
931 4083 1153 4136 magnus
1192 4077 1245 4121 et
1280 4069 1565 4124 vehemens
1608 4068 1783 4125 factus
1819 4079 1921 4132 est,
1964 4080 2022 4124 ut
2066 4086 2130 4124 eo

562 4154 767 4207 traduci
828 4155 1053 4209 victimae
1103 4158 1245 4210 nullo
1290 4159 1447 4213 modo
1494 4167 1727 4227 possent.
1782 4160 2125 4229 Redemptor,

561 4262 671 4301 sua:
701 4248 989 4303 voluntatis
1016 4250 1358 4305 ostendendis
1388 4267 1568 4317 causa,
1608 4254 1810 4308 hostias
1844 4268 2031 4308 omnes
2073 4255 2125 4308 in

2234 1807 2561 1859 continetur.
2592 1804 2703 1861 Hoc
2733 1822 2898 1875 genus
2933 1808 3017 1859 vix
3047 1808 3098 1859 in
3124 1806 3324 1873 judicio
3353 1809 3569 1877 probari
3600 1818 3794 1877 potest.

2234 1898 2357 1951 ideo
2387 1912 2643 1953 concesso
2674 1908 2892 1967 peccato
2926 1898 3134 1953 difﬁcile
3163 1908 3245 1952 est
3271 1900 3460 1963 ab'eo,
3489 1903 3576 1970 qui
3610 1918 3800 1969 pecca-

2236 1995 2411 2040 torum
2443 1989 2639 2042 vindex
2669 2004 2787 2043 esse
2816 1990 2992 2054 debet,
3022 1998 3081 2041 ut
3108 1992 3373 2059 ignoscat,
3408 1992 3722 2063 impetrare.

2306 2081 2443 2134 Ecce
2470 2083 2642 2137 habes
2671 2083 2735 2137 de
2767 2083 2899 2136 locis
2926 2084 3277 2151 qumstiouum
3310 2091 3364 2139 et
3390 2083 3457 2138 de
3485 2092 3625 2140 statu
3666 2102 3797 2139 eau-

2237 2189 2451 2235 sarum,
2492 2182 2545 2227 et
2588 2175 2653 2228 de
2692 2173 2936 2243 partibus
2984 2175 3378 2231 institutionum
3411 2190 3575 2245 :qua:
3617 2180 3797 2232 omnia

2236 2263 2547 2331 quotidiana
2576 2277 2696 2327 usu,
2732 2272 2922 2316 natura
2952 2264 3235 2331 pandente.
3258 2263 3524 2339 agnoscis.

2306 2354 2438 2408 Can.
2472 2353 2795 2424 Agnoscam,
2830 2356 2875 2408 si
2907 2363 3222 2408 naturarum
3246 2353 3505 2410 Conditor
3533 2371 3615 2409 me
3646 2357 3799 2427 adju-

2236 2446 2376 2499 vcrit
2404 2443 2599 2514 [Edit.,
2632 2443 2867 2513 adjuvet]
2899 2462 2908 2494 :
2941 2452 2994 2497 et
3024 2452 3200 2497 tamen
3243 2444 3415 2499 habeo
3452 2446 3590 2513 quod
3623 2447 3718 2499 abs
3746 2454 3800 2499 te

2237 2550 2491 2603 qumram.
2522 2565 2592 2574 -—
2616 2536 2745 2588 Acs.
2779 2534 2967 2599 Qumre
2994 2534 3135 2603 quod
3160 2534 3395 2604 placeat;
3424 2551 3645 2606 pergam
3690 2551 3799 2604 quo

2237 2641 2321 2677 me
2356 2624 2527 2679 ducis.
3264 2680 3271 2685 .

2780 2717 2867 2773 DE
2905 2715 3257 2771 PERSONIS.

2306 2812 2436 2867 Can.
2490 2812 2629 2878 Quot
2675 2826 2917 2879 persona:
2968 2811 3137 2864 solent
3174 2811 3225 2863 in
3277 2807 3492 2878 iudiciis
3544 2811 3696 2863 esse?
3732 2840 3797 2849 ——

2237 2900 2365 2954 Ars.
2413 2901 2673 2967 Quatuor.
2718 2901 3013 2953 Accusator
3044 2913 3249 2961 causae,
3291 2896 3540 2951 defensor
3583 2914 3796 2965 causa‘,

2240 2999 2403 3045 testes
2433 2986 2627 3061 [Edit.,
2661 2988 2855 3059 testis],
2884 2989 3065 3057 judex.

2309 3081 2441 3134 CAR.
2474 3080 2590 3147 Quo
2634 3079 2858 3147 quisque
2904 3078 3071 3131 utitur
3116 3076 3409 3131 officio?—-
3445 3078 3577 3133 Αιις.
3629 3077 3797 3133 Iudex

2236 3172 2519 3240 aequitate,
2564 3171 2719 3225 testis
2764 3169 3019 3227 veritate.
3072 3176 3355 3223 accusator
3399 3169 3694 3223 intentione
3734 3173 3799 3225 ad

2238 3259 2663 3328 ampliﬁcandam
2688 3274 2925 3323 causam,
2951 3260 3198 3312 defensor
3215 3258 3591 3312 extenuatione
3617 3260 3679 3312 ad
3706 3265 3802 3316 mi—

2188 3366 2200 3372 '
2235 3349 2499 3405 nuendam
2526 3362 2771 3415 causam;
2803 3351 2907 3403 nisi
2935 3350 3069 3403 forte
3104 3351 3157 3401 in
3190 3349 3340 3403 laude
3368 3351 3450 3404 vel
3482 3354 3683 3419 praemii
3713 3369 3803 3422 pe—

2234 3440 2423 3493 titione
2449 3440 2519 3495 sit
2540 3455 2705 3494 eausa
2732 3441 2903 3508 posita
2928 3458 2939 3492 :
2974 3449 3095 3493 tunc
3119 3453 3376 3494 converso
3400 3440 3593 3513 [Edit.,
3617 3459 3647 3497 e
3674 3462 3801 3498 con-

2232 3528 2413 3599 verso]
2446 3528 2678 3601 [ordine]
2704 3531 2998 3585 acetISatori
3026 3531 3421 3595 ertenuatione,
3448 3539 3503 3585 et
3534 3531 3799 3586 defensori

2242 3621 2658 3690 ampliﬁcatione
2686 3621 2940 3675 utendum
2967 3630 3070 3674 est.

2301 3712 2431 3766 Cu.
2471 3712 2613 3777 Quot
2658 3712 2833 3765 modis
2878 3711 2936 3763 fit
2984 3712 3331 3779 ampliﬁcatio
3372 3712 3456 3766 vel
3490 3714 3801 3767 extenuatio

2232 3800 2447 3855 causae?
2474 3799 2694 3851 —-Ar.s.
2724 3799 2960 3851 Duobus.
3000 3799 3073 3850 Ex
3108 3800 3423 3865 impulsione
3462 3800 3543 3851 vel
3586 3801 3799 3854 ratioci»

2234 3890 2470 3942 natione.
2494 3886 2746 3953 Impulsio
2765 3896 2862 3948 cst,
2884 3902 2997 3954 quze
3020 3888 3133 3939 sine
3157 3888 3479 3955 cogitatione
3492 3903 3588 3957 per
3606 3905 3797 3957 qnam-

2233 3982 2355 4032 dam
2392 3977 2726 4032 affectionem
2780 3977 2945 4030 animi
2992 3976 3167 4030 facere
3204 3977 3405 4046 aliquid
3439 3978 3706 4042 hortatur,
3742 3988 3800 4032 ut

2237 4086 2416 4133 amor,
2458 4069 2735 4123 iracundia
2756 4110 2768 4131 ,
2800 4069 3085 4137 tegritudo,
3122 4069 3408 4123 vinolentia
3433 4109 3447 4131 ,
3484 4077 3538 4122 et
3566 4070 3799 4123 omnino

2231 4157 2410 4214 omnia
2438 4158 2489 4211 in
2515 4156 2709 4227 quibus
2740 4159 2951 4211 aninms
2984 4159 3056 4211 ita
3084 4159 3295 4212 videtur
3326 4156 3552 4225 eiectus
3601 4158 3763 4211 fuisse
3782 4196 3795 4218 ,

2231 4262 2291 4306 ut
2328 4267 2438 4307 rem
2471 4252 2781 4319 perspicere
2808 4265 2929 4304 cum
2956 4250 3185 4304 consilio
3218 4258 3273 4301 et
3304 4262 3432 4301 cura
3466 4258 3569 4301 non
3602 4256 3795 4315 potuc-

561 4337 741 4391 littore
770 4338 1065 4399 constituit,
1097 4350 1151 4393 ut
1188 4342 1275 4407 qui
1306 4351 1453 4395 trans
1488 4341 1682 4397 fiunicn
1714 4352 1917 4405 essent,
1947 4345 2127 4398 videre
2155 4376 2203 4436 υ
2228 4348 2328 4408 rit;
2356 4353 2410 4399 et
2432 4344 2483 4398 id
2504 4385 2518 4408 ,
2544 4344 2687 4413 quod
2712 4344 2871 4407 facit,
2903 4346 3103 4412 impetu
3130 4344 3362 4409 quodam
3410 4343 3571 4397 animi
3608 4342 3795 4399 fecerit

560 4436 797 4499 possent.
841 4427 973 4481 Cum
995 4443 1179 4481 omnes
1200 4430 1373 4483 studio
1415 4430 1593 4500 [ejus],
1629 4431 1856 4485 subitam
1894 4432 2124 4487 ﬂuminis

562 4516 977 4586 magnitudinem
1030 4515 1230 4571 scirent
1278 4514 1441 4572 fuisse
1483 4518 1897 4585 impedimento,
1945 4528 2125 4573 tamen

560 4610 781 4678 quidam
801 4622 923 4661 eum
950 4608 1142 4676 capitis
1170 4606 1493 4671 damnabant
1522 4607 1699 4679 [Mss.,
1739 4606 2122 4682 arcesserunti.

559 4700 788 4755 Intentio
812 4708 895 4755 est
922 4719 933 4751 :
963 4699 1177 4761 Hostizn,
1201 4713 1334 4766 quas
1358 4701 1425 4753 ad
1453 4700 1777 4754 sacrificium
1805 4700 1996 4755 afferre
2030 4702 2124 4757 de-

560 4794 741 4856 buisti,
768 4809 872 4846 non
894 4798 1091 4861 praesto
1113 4789 1346 4843 fuerunt.
1378 4790 1623 4857 Depulsio'
1651 4806 1668 4840 :
1692 4790 1997 4847 Coneessio.
2027 4792 2127 4846 Ra-

559 4889 630 4934 tio
660 4894 677 4929 :
707 4881 930 4937 Flumen
961 4882 1104 4936 enim
1145 4880 1323 4935 subito
1358 4881 1615 4943 accrevit,
1647 4888 1703 4934 et
1730 4896 1793 4933 ea
1829 4897 1888 4937 re
1923 4884 2126 4938 traduci

560 4986 665 5025 non
710 4981 1015 5038 potuerunt.
1067 4972 1364 5045 Iit/innatio
1390 4986 1406 5021 :
1432 4971 1668 5033 Tamen,
1706 4972 1829 5041 quia
1868 4974 2009 5040 quod
2045 4974 2125 5029 lex

548 5060 725 5131 jubet,
757 5058 953 5113 factum
976 5077 1080 5115 non
1117 5070 1221 5124 est,
1248 5062 1507 5132 supplicio
1535 5061 1727 5129 dignus
1752 5077 1827 5115 es.
1861 5062 2125 5115 Judicatio

556 5159 639 5205 est
670 5168 681 5202 :
710 5149 846 5204 Cum
874 5149 929 5202 in
952 5165 1016 5203 ea
1050 5167 1107 5203 re
1138 5161 1321 5206 contra
1369 5152 1539 5221 legem
1581 5153 1884 5223 redemptor
1926 5155 2123 5221 aliquid

556 5238 766 5304 fecerit,
792 5255 896 5309 qua
926 5240 980 5294 in
1009 5254 1065 5294 re
1091 5242 1266 5295 studio
1303 5241 1417 5308 ejus
1446 5244 1621 5297 subita
1652 5242 1888 5299 liuininis
1918 5245 2123 5306 maeni-

556 5331 685 5385 tudo
712 5330 1003 5393 obstiterit,
1032 5328 1290 5397 supplicio
1316 5330 1571 5398 dignusne
1596 5332 1703 5385 sit?

628 5416 972 5475 Necessitudo
994 5428 1177 5474 autem
1205 5416 1451 5481 infertur,
1480 5433 1603 5473 cum
1637 5423 1689 5477 vi
1727 5422 1955 5491 quadam
2002 5438 2123 5477 reus

559 5506 635 5571 id,
664 5510 802 5575 quod
833 5508 1039 5571 fecerit.
1068 5508 1261 5566 fecisse
1278 5506 1599 5570 defenditur,
1644 5510 1743 5564 hoc
1786 5513 1941 5565 modo
1970 5530 1982 5563 ε
2013 5512 2117 5565 Lex

557 5604 639 5650 est
660 5598 797 5668 apud
832 5597 1085 5666 Rhodios,
1116 5607 1169 5653 ut
1203 5601 1247 5654 si
1264 5603 1378 5665 “qua
1422 5605 1650 5652 rostrata
1688 5602 1838 5654 navis
1876 5601 1931 5649 in
1966 5609 2119 5669 p'll‘lll

2229 4434 2409 4505 potius
2428 4446 2589 4502 quam
2611 4432 2951 4500 cogitatione.
2980 4431 3325 4485 Itatiocinatio
3353 4440 3528 4487 autem
3565 4442 3648 4488 est
3671 4436 3794 4488 dili—

2231 4538 2363 4592 gens
2387 4531 2444 4575 et
2471 4521 2807 4575 considerata
2837 4520 3063 4573 faciendi
3094 4520 3292 4589 aliquid
3318 4530 3409 4575 aut
3431 4538 3541 4585 non
3568 4522 3792 4577 faciendi

2231 4611 2572 4680 excogitatio.
2599 4609 2675 4665 Ea
2695 4610 2899 4663 dicetur
2922 4609 3224 4666 interfuisse
3244 4621 3389 4675 tunc,
3417 4627 3537 4668 cum
3566 4613 3791 4665 faciendi

2232 4700 2434 4771 aliquid
2464 4709 2555 4754 aut
2584 4716 2687 4756 non
2723 4700 2947 4755 faciendi
2977 4710 3119 4756 certa
3148 4704 3211 4756 de
3246 4716 3405 4754 musa
3439 4702 3669 4761 vitasse,
3700 4710 3793 4754 aut

2232 4797 2449 4844 secutus
2490 4805 2610 4845 esse
2653 4792 2863 4844 animus
2912 4791 3219 4843 videbitur:
3247 4790 3291 4841 si
3329 4788 3577 4842 amicitiae
3626 4798 3788 4844 causa

2231 4880 2357 4949 quid
2392 4879 2592 4937 factum
2614 4881 2839 4943 dicitur;
2874 4876 2919 4931 si
2942 4878 3141 4931 inimici
3177 4876 3569 4941 uleiscendi;si
3592 4888 3788 4942 metus,

2229 4974 2274 5027 si
2311 4972 2492 5041 gloria
2510 5014 2524 5035 ,
2552 4974 2597 5026 si
2620 4971 2858 5040 pecunite
2875 5008 2888 5033 ,
2913 4968 3166 5035 denique,
3192 4976 3254 5020 ut
3278 4969 3455 5023 omnia
3490 4973 3790 5042 generatim

2227 5062 2633 5131 amplectamur,
2658 5056 2882 5124 alicujus
2904 5057 3185 5121 retinendi,
3215 5060 3460 5129 augendi,
3490 5061 3787 5130 adipiscen-

2224 5151 2346 5206 dive
2369 5150 2633 5207 commodi
2650 5165 2670 5212 ς
2710 5154 2803 5199 aut
2846 5153 3031 5199 contra
3072 5145 3391 5213 rejiciendi,
3417 5149 3785 5216 diminuendi,

2229 5239 2566 5293 devitandive
2601 5236 2922 5291 incommodi
2957 5252 3137 5291 causa.

2293 5331 2425 5384 CAR.
2458 5327 2697 5393 Qualiter
2733 5333 3021 5381 accusator
3052 5327 3131 5382 vel
3179 5326 3425 5383 defensor
3464 5327 3787 5398 impulsione

2226 5436 2319 5474 seu
2351 5417 2758 5475 ratiocinatione
2801 5418 2879 5471 uti
2924 5418 3115 5473 debet?
3140 5446 3208 5458 σ-
3230 5418 3361 5473 Au.
3384 5416 3532 5488 Ergo
3568 5433 3787 5474 accusa-

2227 5523 2317 5577 tor
2366 5528 2493 5568 cum
2514 5509 2832 5580 impulsione
2862 5509 3057 5578 aliquid
3087 5509 3284 5564 factum
3308 5522 3429 5563 esse
3452 5507 3610 5569 dicet,
3634 5507 3782 5580 illum

3715 5553 3848 5624 ω

2227 5602 2481 5671 impetum
2506 5608 2558 5653 et
2580 5599 2985 5653 commotionem
3009 5598 3191 5663 animi,
3213 5596 3733 5671 aﬂ'ectitmemqttt;

3592 5644 3843 5719 partibus

3788 5896 3797 5929 i

3789 5950 3801 5965 ξ
