4266 6202
478 231 585 326 θές

1281 265 1744 322 DIDASCAIJCA.
1786 295 1853 304 ——
1890 251 2158 318 DI.\I.OG.
2193 260 2287 314 DF.
2329 258 2531 312 RIIET.
2577 255 2662 312 ET
2706 254 2886 312 VIRT.
2958 223 2960 226 θ

3599 250 3702 305 930

480 385 562 438 his
586 391 642 436 et
671 381 950 436 sententiis
996 379 1318 450 ampliﬁcare
1359 380 1571 436 debebit
1589 420 1602 444 ,
1647 389 1704 435 et
1749 377 2032 434 ostendere
2060 378 2107 434 Α
2136 381 2194 426 ut
2228 371 2539 432 benevolus,
2566 379 2824 434 attentas,
2849 366 3037 422 docilis
3058 365 3318 422 eiiiciatur
3343 363 3572 422 auditor.
3593 365 3697 419 Sui

479 482 678 542 quanta
710 473 788 527 vis
813 473 882 527 sit
905 473 1134 536 amoris,
1168 481 1363 541 quanta
1399 473 1562 526 animi
1594 470 1928 542 perturbatio
1964 484 2032 523 ex

481 565 754 620 iracundia
787 565 900 632 iiat,
923 574 1013 620 aut
1033 582 1098 622 ex
1123 567 1301 636 aliqua
1328 583 1485 622 causa
1516 581 1701 621 earum
1720 607 1736 630 ,
1783 578 1903 635 qum
1935 564 2036 618 im-

477 655 689 726 pulsum
733 655 964 725 aliquem
995 655 1105 727 (ad)
1138 656 1192 711 id
1223 656 1415 711 fecisse
1458 656 1601 710 dicet
1640 653 1836 737 [Edita
1863 667 2032 722 qua...

422 735 427 739 ’
481 744 652 817 dicit],
680 753 738 800 ut
766 762 874 801 non
917 746 1113 801 mirum
1152 747 1412 811 videatur,
1441 745 1487 800 si
1524 745 1665 814 quod
1699 735 2034 808 ad‘t‘aejnus,

484 836 575 891 tali
614 836 1013 906 perturbatione
1046 844 1342 892 commotus
1372 836 1581 891 animus
1618 833 1811 907 [Edit.,
1847 834 2034 903 quis...

480 923 689 998 animi]
740 926 1060 992 accesserit;
1111 935 1167 980 et
1221 926 1480 996 exemplis
1533 924 1854 980 confirmare
1913 933 2038 979 ante

482 1017 617 1072 actis
645 1055 662 1082 ,
707 1017 799 1086 qui
842 1017 1004 1072 simili
1061 1016 1287 1088 impulsu
1337 1016 1538 1087 aliquid
1592 1017 1770 1073 simile
1815 1017 2038 1072 commi-

482 1122 624 1164 SBI’C.

551 1197 683 1254 Cum
712 1207 891 1255 autem
923 1216 1026 1255 non
1056 1200 1387 1271 impulsione,
1416 1216 1600 1256 verum
1630 1200 2039 1257 ratiocinatione

481 1289 712 1360 aliquem
756 1291 1090 1346 commisisse
1135 1292 1261 1362 quid
1291 1291 1462 1357 dicet,
1497 1291 1624 1362 quid
1670 1291 1934 1346 commodi
1969 1291 2041 1347 sit

482 1389 717 1446 secutus,
740 1392 833 1438 aut
854 1384 984 1453 quid
1010 1385 1332 1440 incommodi
1361 1384 1555 1456 fugerit
1573 1425 1588 1449 ,
1621 1385 2036 1449 demonstrabit,

481 1479 537 1526 et
581 1471 635 1525 id
667 1473 878 1542 augebit
917 1488 1077 1544 quam
1119 1473 1366 1530 maxime.
1418 1473 1498 1530 Ut
1533 1474 1578 1529 si
1627 1475 1807 1546 gloriae
1851 1490 2038 1541 causa,

430 1598 433 1601 η
481 1568 732 1628 quantam
760 1561 986 1632 gloriam
1011 1578 1069 1619 se
1095 1562 1506 1620 consecuturum
1531 1564 1878 1620 existimarit.
1907 1565 2040 1620 item

481 1651 526 1704 si
551 1650 946 1719 dominationis,
970 1653 1022 1706 si
1049 1655 1308 1722 pecuniae,
1336 1655 1381 1709 si
1404 1655 1677 1720 amicitiae,
1718 1656 1764 1710 si
1805 1654 2036 1711 inimici-

481 1713 710 1805 tiarum,
741 1753 798 1796 et
830 1713 1330 1812 omnino-quidquid
1373 1745 1502 1808 erit,
1539 1713 1678 1813 quod
1704 1759 1882 1799 causas
1916 1760 2039 1814 pro-
2067 1713 2113 1770 Β

480 1830 635 1886 desse
661 1832 817 1896 dicet,
851 1833 903 1888 id
930 1849 1134 1888 summe
1161 1846 1354 1905 angere
1377 1834 1609 1890 debebit.

551 1917 1019 1981 Defensor-antem
1064 1941 1130 1980 ex
1160 1927 1450 1982 contrario.
1487 1927 1728 1981 Primum
1770 1924 2042 1995 impulsio-

483 2030 606 2069 nem
633 2023 726 2070 aut
745 2017 945 2072 nullam
974 2017 1136 2096 fuisse
1163 2019 1336 2086 dicet;
1369 2027 1460 2074 aut
1489 2020 1533 2075 si
1569 2017 1734 2076 fuisse
1761 2019 2039 2084 concedet,

482 2106 814 2169 extenuabit,
843 2116 896 2160 et
918 2106 1192 2177 parvulam
1219 2109 1504 2178 quamdam
1527 2108 1692 2163 fuisse
1714 2108 2046 2163 demonstra-

483 2197 590 2259 bit;
616 2204 709 2251 aut
735 2213 842 2252 non
870 2212 936 2253 ex
971 2214 1032 2253 ea
1065 2199 1238 2255 solere
1265 2200 1568 2268 huiusmodi
1600 2200 1736 2254 facta
1767 2200 1914 2254 nasci
1950 2200 2044 2253 do.

483 2287 642 2341 cebit.
671 2287 1116 2343 Ratiocinationis
1141 2297 1316 2343 autem
1350 2289 1680 2358 suspiciones
1716 2287 2008 2343 inilrmabit
2027 2327 2042 2352 ,

483 2376 531 2430 si
554 2384 644 2438 aut
666 2379 1006 2434 comedam
1044 2379 1245 2434 nullum
1285 2379 1476 2444 fuisse,
1527 2388 1618 2435 aut
1661 2394 1887 2452 parvum
1911 2420 1925 2445 ,
1954 2387 2045 2433 aut

487 2470 605 2526 aliis
630 2473 799 2542 magis
830 2489 966 2538 esse,
1000 2483 1093 2528 aut
1118 2475 1284 2530 nihilo
1313 2475 1413 2529 sibi
1437 2476 1608 2546 magis
1643 2466 1822 2546 {Mss},
1846 2472 2041 2544 majus]

486 2573 646 2628 quam
674 2562 820 2627 aliis;
851 2571 942 2617 aut
969 2563 1357 2618 incommodum
1383 2565 1482 2620 sibi
1517 2565 1687 2634 majus
1714 2579 1875 2634 quam
1901 2579 2047 2618 com-

486 2650 699 2704 modum
728 2651 896 2714 dicet,
927 2660 985 2704 ut
1009 2665 1348 2722 nequaquam
1389 2651 1550 2707 fuerit
1576 2653 1718 2707 illius
1745 2652 2040 2716 commodi,

485 2740 627 2808 quod
676 2740 972 2808 expetitum
1019 2742 1256 2805 dicatur,
1301 2742 1637 2812 magnitudo;
1683 2750 1777 2795 aut
1818 2756 1938 2795 eum
1981 2756 2044 2795 eo

490 2830 853 2895 incommodo;
901 2832 1042 2901 quod
1079 2831 1358 2896 acciderit,
1403 2841 1507 2886 aut.
1538 2847 1657 2887 cum
1685 2847 1750 2889 eo
1776 2832 2042 2901 periculo,

487 2921 628 2986 quod
655 2921 932 2986 subeatur,
963 2924 1378 2991 comparandum
1403 2939 1416 2976 :
1440 2923 1530 2992 qui
1556 2937 1742 2977 omnes
1763 2922 1864 2978 loci
1895 2923 2042 2976 simi-

487 3009 609 3063 liter
638 3010 956 3066 incommodi
983 3027 1194 3081 quoque
1219 3014 1474 3068 vitatione
1501 3015 1890 3069 tractabuntur.

718 3120 880 3190 320
914 3120 999 3175 ns
1033 3099 1293 3176 omam
1328 3121 1809 3179 PERSONARUSL

555 3231 685 3286 CA“.
726 3231 882 3298 Quia‘
911 3246 1167 3301 personas
1219 3247 1501 3285 causarum
1557 3231 1774 3295 dixisti,
1813 3232 1901 3286 die
1949 3232 2043 3289 ob-

488 3334 639 3374 secro
686 3330 741 3374 et
777 3321 893 3375 loca
937 3321 1263 3391 singularum
1301 3337 1670 3390 personarum.
1703 3321 1927 3396 —_.At.s.
1962 3323 2044 3376 Di-

488 3424 628 3474 cam,
648 3410 773 3464 licet
792 3410 894 3466 hoc
916 3427 1018 3466 non
1038 3419 1240 3466 tantum
1262 3412 1326 3466 ad
1348 3413 1479 3467 artis
1497 3422 1758 3482 prmccpta
1782 3413 2048 3482 pertineat

491 3497 658 3567 iEdit.
700 3499 875 3553 haec...
903 3496 1537 3570 pertineant],-quantum
1583 3505 1651 3557 ad
1695 3502 1852 3558 cilicii
1889 3504 2052 3560 deco-

491 3602 624 3639 rem.
658 3584 827 3641 Judcx
872 3589 925 3641 in
972 3588 1220 3644 tribunali
1247 3629 1259 3652 ,
1293 3604 1452 3645 causa
1485 3592 1538 3644 in
1569 3592 1743 3646 medio
1771 3601 1894 3648 ante
1923 3609 2045 3648 eum

491 3676 556 3727 ad
586 3675 793 3730 laudem
822 3676 904 3732 vel
932 3679 998 3732 ad
1024 3693 1233 3746 paruam
1258 3679 1450 3747 posita,
1487 3690 1546 3734 ut
1573 3680 1711 3737 forte
1737 3685 1924 3751 patriae
1959 3687 2048 3739 de-

491 3765 663 3820 fensio
691 3766 773 3820 vel
800 3767 1050 3836 proditio.
1077 3767 1371 3828 Accusator
1405 3771 1474 3824 ad
1517 3771 1810 3832 sinistram.
1855 3774 2044 3830 Causa:

493 3856 740 3914 defensor
769 3858 838 3914 ad
861 3860 1124 3922 dextram.
1153 3860 1338 3939 Testes
1383 3870 1526 3919 retro
1559 3862 1749 3934 [Edit.,
1786 3863 2044 3934 quoque].

557 3943 689 3998 CAR.
730 3944 815 4000 An
837 3947 1062 4021 insignia
1090 3946 1230 4020 [sua]
1259 3949 1450 4018 singuli
1491 3966 1556 4003 ex
1584 3947 1688 4006 illis
1725 3953 1955 4016 habent?
1978 3983 2047 3993 ——

491 4034 622 4106 ALa.
657 4033 884 4091 Habent.
915 4033 1080 4103 Iudex
1107 4046 1315 4106 sceptro
1338 4041 1605 4107 aequitatis
1632 4043 1920 4098 armandus
1943 4055 2044 4108 est,

456 4158 462 4166 η
493 4115 775 4180 accusator
798 4125 1022 4194 pugione
1047 4126 1280 4192 malitias,
1309 4127 1552 4183 defensor
1577 4129 1762 4202 clypeo
1795 4134 2043 4204 pietatis,

494 4221 658 4268 testes
689 4214 812 4268 tuba
837 4216 1097 4270 veritatis.

772 4316 793 4400 ξ
824 4328 912 4385 DE
945 4317 1284 4387 pamu'sus
1319 4288 1705 4386 numerus.

560 4438 694 4492 Cn.
723 4439 896 4493 Etiam
931 4454 998 4496 ex
1043 4442 1129 4495 his
1171 4442 1414 4496 omnibus
1462 4455 1636 4496 causa:
1674 4443 2039 4513 adiacentibus

491 4529 909 4583 circumstantiis
938 4533 1188 4597 repertis,
1235 4534 1360 4599 quid
1390 4543 1515 4587 tunc
1554 4535 1895 4600 quaerendum
1927 4543 2037 4598 est,

495 4617 779 4688 magister?
801 4617 1021 4674 —-Ai.a.
1049 4618 1207 4684 Quid,
1252 4622 1352 4673 nisi
1399 4623 1618 4691 singula:
1654 4612 1818 4678 totius
1866 4640 2041 4679 causm

492 4721 694 4780 partes.

559 4799 693 4853 Cn.
726 4799 855 4867 Quae
896 4812 949 4854 et
994 4807 1121 4870 quot
1162 4800 1263 4855 illa:
1308 4808 1446 4863 sint,
1481 4801 1665 4855 audire
1687 4802 1949 4857 desidero.
1975 4835 2044 4844 -—

493 4887 622 4942 Au.
649 4887 756 4941 Se:
783 4887 970 4961 [enim]
995 4899 1121 4946 sunt
1162 4899 1338 4960 partes
1359 4932 1371 4956 ,
1399 4905 1492 4960 per
1542 4907 1673 4960 quas
1718 4893 1787 4946 ab
1827 4901 2043 4950 oratore

492 4975 786 5032 ordinanda
828 4987 911 5032 est
942 4982 1132 5035 oratio.
1178 4982 1363 5035 Causae
1409 4981 1716 5045 exordium,
1761 4984 2040 5046 narratio,

495 5065 845 5131 conﬁrmatio,
877 5068 1111 5134 partitio,
1136 5071 1496 5137 reprehensio,
1523 5070 1812 5125 conclusio.

562 5159 697 5213 (ita.
729 5161 870 5226 Quid
897 5167 979 5215 est
1003 5156 1309 5217 exordium?
1330 5193 1394 5202 —
1422 5163 1551 5216 Au.
1579 5161 1763 5217 Oratio
1805 5162 2042 5217 animum

495 5253 754 5307 auditoris
808 5252 995 5306 idonee
1057 5263 1373 5318 comparans
1420 5253 1486 5305 ad
1542 5253 1800 5323 reliquam
1854 5254 2043 5307 dictio-

497 5356 616 5395 netu
653 5355 658 5360 ”

567 5432 696 5484 Clin.
722 5431 995 5497 Quomodo
1024 5431 1172 5503 [hoc]
1192 5429 1455 5484 edicitur?
1482 5457 1546 5473 υ-
1573 5433 1702 5492 Au.
1743 5431 1922 5487 Primo
1940 5473 1954 5497 ,
1984 5443 2044 5487 ut

500 5518 832 5584 benevolum,
865 5531 1143 5585 attentum,
1172 5521 1394 5590 docilem
1420 5521 1620 5594 adicias
1651 5524 1968 5580 auditorem.

570 5611 699 5671 Cu.
741 5605 808 5666 Ut
835 5611 965 5666 mihi
987 5612 1217 5678 videtur,
1245 5613 1344 5666 hoc
1370 5625 1573 5666 summe
1599 5613 1889 5670 curandum
1927 5626 2039 5682 est,

2137 478 2368 534 quonam
2401 463 2560 517 modo
2589 463 2693 518 hoc
2718 459 2904 534 [idem]
2931 457 3066 514 eiiiei
3101 457 3304 528 possit,
3347 456 3508 511 velim
3539 456 3696 510 scire.

2135 552 2356 609 —ALs.
2389 554 2628 619 Quatuor
2661 566 2729 606 ex
2772 550 2906 605 locis
2946 548 3294 604 benevolentia
3338 554 3699 620 comparatur.

2136 647 2180 700 Α
2209 655 2420 710 nostra,
2445 646 2513 698 ab
2548 634 3004 706 adversariorum,
3046 657 3076 694 a
3109 638 3350 709 iudicum
3377 632 3608 708 persona
3630 677 3643 697 ,
3674 654 3704 689 a

2136 749 2319 789 causa.
2350 733 2393 785 A
2416 741 2598 787 nostra
2630 749 2644 786 :
2677 732 2724 787 si
2754 731 2822 786 de
2850 729 3049 786 nostris
3088 727 3244 783 iactis
3283 736 3338 782 et
3376 725 3561 781 ciliciis
3585 725 3704 780 sine

2137 823 2446 892 arrogantia
2476 823 2746 885 dicemus;
2772 835 2819 875 Si
2850 820 3077 874 crimina
3101 817 3243 872 illata
3267 825 3324 870 et
3355 817 3564 896 aliquas
3604 816 3705 870 mi-

2139 929 2242 968 nus
2268 915 2523 969 honestas
2551 913 2884 982 suspiciones
2915 913 3139 994 iniectas
3167 913 3466 979 diluemus;
3505 913 3552 969 si
3584 926 3705 982 quae

2139 1005 2476 1061 incommoda
2505 1007 2818 1071 acciderint,
2847 1015 2939 1061 aut
2965 1023 3084 1076 qua:
3131 1008 3328 1062 instent
3368 1003 3706 1061 diillcultates

2138 1097 2504 1168 proferemus;
2535 1099 2580 1154 si
2606 1114 2766 1169 prere
2792 1106 2846 1154 et
2872 1100 3242 1155 obsecratione
3271 1101 3459 1154 humili
3494 1108 3550 1155 et
3582 1115 3706 1170 sup—

2142 1189 2266 1258 plici
2291 1199 2525 1244 utemur.
2560 1191 2637 1245 Ab
2674 1191 3105 1246 adversariorum
3132 1202 3310 1246 autem
3348 1205 3576 1260 persona
3611 1208 3627 1246 :
3661 1192 3704 1246 si

2139 1296 2234 1336 eos
2267 1289 2360 1336 aut
2388 1281 2442 1336 in
2469 1283 2675 1347 odium,
2703 1290 2796 1336 aut
2823 1283 2873 1337 in
2901 1284 3188 1354 invidiam,
3235 1291 3326 1338 aut
3367 1285 3419 1337 in
3466 1291 3705 1340 contem-

2140 1384 2292 1442 ptum
2318 1375 2662 1430 adducemus.
2695 1373 2753 1432 In
2777 1375 2956 1429 odium
2985 1377 3307 1431 adducemus
3328 1374 3507 1448 illm,
3540 1376 3699 1431 addu-

2141 1462 2374 1536 centur],
2402 1465 2449 1518 si
2478 1465 2606 1534 quid
2635 1481 2822 1521 eorum
2868 1479 3061 1535 spurce
3081 1507 3095 1530 ,
3121 1467 3367 1535 superbe,
3395 1464 3707 1532 crudeliter,

2141 1553 2406 1608 malitiose
2425 1552 2625 1608 factum
2651 1554 2984 1623 proferetur;
3015 1556 3067 1610 in
3106 1557 3362 1610 invidiam
3380 1597 3393 1620 ,
3425 1556 3472 1611 si
3499 1557 3578 1610 vis
3607 1571 3706 1612 eo-

2143 1658 2281 1707 rum,
2308 1645 2566 1713 potentia,
2594 1646 2854 1714 pecunias,
2879 1646 3096 1712 divitize,
3139 1648 3387 1718 cognatio
3432 1645 3707 1716 proferen-

2142 1740 2258 1800 tur;
2286 1742 2447 1805 atque
2470 1751 2658 1791 eorum
2686 1752 2817 1792 usus
2845 1753 3122 1808 arrogans,
3153 1747 3207 1793 et
3231 1739 3615 1804 intolerabilis;
3655 1749 3711 1794 et

2142 1826 2284 1894 quod
2320 1825 2406 1881 his
2449 1825 2612 1894 rebus
2655 1830 2827 1899 magis
2867 1830 3149 1886 videantur
3189 1846 3348 1900 quam
3396 1846 3570 1887 causae
3604 1848 3712 1888 sum

2142 1915 2444 1983 confidere;
2497 1919 2549 1971 in
2597 1929 2961 1989 contemptum
3012 1923 3374 1988 adducentur,
3425 1924 3472 1978 si
3523 1939 3711 1980 eorum

2144 2004 2360 2068 inertia,
2392 2005 2740 2076 negligentia,
2769 2009 3011 2076 ignavia,
3036 2011 3363 2065 desidiosum
3392 2012 3630 2067 studium
3661 2023 3716 2068 et

2142 2095 2476 2151 luxuriosum
2503 2099 2668 2154 otium
2695 2101 3020 2170 proferetur.
3046 2103 3126 2157 Ab
3148 2103 3455 2158 auditorum
3482 2119 3711 2174 persona

2141 2191 2511 2246 benevolentia
2560 2194 2884 2263 captabitur,
2910 2196 2953 2248 si
2983 2212 3068 2250 res
3098 2197 3164 2250 ab
3203 2197 3271 2251 iis
3299 2196 3713 2261 fortiter,anan-

2143 2291 2316 2344 suete,
2345 2282 2617 2350 sapienter
2642 2293 2805 2354 gesta:
2833 2285 3207 2354 proferentur;
3240 2297 3580 2358 neqdaquam
3620 2303 3715 2343 au-

2143 2365 2254 2424 tem
2302 2374 2679 2427 asscntationis
2722 2390 2841 2429 esse
2875 2377 2976 2431 hoc
3025 2377 3376 2446 significetur,
3419 2379 3463 2434 si
3510 2381 3576 2435 de
3615 2379 3712 2445 iis,

2146 2475 2306 2528 quam
2334 2461 2557 2516 honesta
2587 2465 2936 2530 existimatio,
2964 2476 3270 2538 quantaque
3302 2486 3487 2539 eorum
3523 2470 3713 2540 judicii

2144 2558 2197 2603 et
2236 2553 2572 2606 auctoritatis
2598 2557 2928 2623 exspectatio
2953 2559 3045 2621 sit,
3078 2561 3396 2615 ostenditur.
3439 2563 3483 2616 A
3530 2565 3711 2624 rebus,

2146 2639 2190 2691 si
2241 2648 2478 2694 nostram
2522 2656 2737 2696 causam
2792 2644 3060 2699 laudando
3106 2648 3435 2714 extollimus,
3487 2651 3713 2708 aliorum

2146 2741 2361 2781 causam
2394 2743 2491 2797 per
2515 2739 2877 2800 contemptum
2905 2735 3287 2804 deprimem‘us.

2217 2817 2446 2872 Attentos
2496 2828 2672 2874 autem
2720 2822 3001 2890 faciemus,
3033 2826 3076 2879 si
3119 2828 3602 2889 demonstrabimus
3649 2851 3712 2889 ea

2147 2924 2265 2976 qnte
2294 2911 2487 2965 dicturi
2515 2929 2717 2978 sumus,
2752 2931 2967 2986 magna,
2999 2934 3160 2983 nova,
3192 2921 3522 2979 incredibilia
3559 2941 3710 2990 esse;

2148 3008 2240 3052 aut
2268 3002 2333 3055 ad
2353 3017 2558 3066 omnes,
2586 3012 2679 3057 aut
2707 3006 2773 3059 ad
2797 3022 2890 3060 eos
2913 3010 3003 3075 qui
3030 3011 3266 3075 audient,
3293 3022 3385 3067 aut
3410 3018 3477 3068 ad
3508 3016 3714 3085 aliquos

2072 3069 2114 3128 (ἶ
2146 3088 2380 3143 illustres
2407 3091 2672 3155 homines,
2715 3102 2808 3147 aut
2851 3069 3090 3152 ad'deos
3121 3069 3482 3170 immortales,
3520 3069 3614 3161 aut

2142 3192 2406 3232 summam
2436 3181 2743 3250 reipublicae
2765 3187 3036 3252 pertinere
3065 3206 3076 3241 :
3111 3197 3164 3243 et
3188 3190 3230 3243 si
3270 3191 3585 3260 pollicemur
3614 3211 3713 3252 nos

2142 3266 2292 3322 brevi
2320 3283 2537 3323 causam
2567 3279 2806 3326 nostram
2832 3261 3328 3347 demonstraturus,
3357 3292 3516 3353 atque
3546 3300 3716 3357 expo-

2142 3372 2333 3412 nemus
2349 3358 2733 3428 judicationem
2761 3365 3270 3445 autjudicationcs,
3300 3373 3344 3427 si
3379 3374 3563 3443 plures
3595 3377 3712 3433 iue-

2145 3447 2272 3501 rint.
3624 3505 3633 3518 κ,

2212 3535 2417 3592 Dociles
2446 3539 2716 3596 auditores
2749 3542 3007 3597 iaciemus
3028 3586 3041 3607 ,
3072 3546 3114 3598 si
3157 3555 3338 3614 aperte
3381 3558 3435 3604 ct
3477 3552 3716 3612 breviter

2146 3642 2408 3682 summam
2432 3644 2609 3684 causa:
2637 3645 2999 3699 exponemus;
3030 3635 3132 3688 hoc
3161 3645 3259 3701 est,
3293 3638 3346 3693 in
3388 3656 3493 3710 quo
3534 3649 3711 3702 consi-

2147 3725 2255 3771 stat
2299 3719 2699 3773 cuntroversia?
2749 3719 2858 3775 Sed
2909 3723 2998 3790 qui
3058 3725 3193 3779 bene
3241 3732 3476 3786 exordiri
3528 3735 3709 3802 volet,

2146 3807 2321 3873 primo
2349 3821 2570 3863 necesse
2603 3818 2705 3875 est,
2749 3818 2808 3864 ut
2853 3828 2963 3867 suae
3009 3829 3184 3870 causa
3222 3833 3387 3888 genus
3428 3822 3710 3896 diligenter

2148 3907 2421 3965 agnoscat.

2216 3991 2344 4045 CAR.
2378 3993 2517 4060 Quot
2547 3985 2670 4049 sunt
2701 4012 2985 4052 causarum
3026 4004 3254 4070 genera?
3274 4035 3342 4045 —
3369 4005 3500 4062 Au.
3545 4007 3710 4077 Quin-

2145 4095 2267 4165 que.
2300 4082 2616 4147 Honestum,
2641 4085 2976 4149 admirabile,
3011 4088 3228 4155 humile,
3259 4105 3484 4163 anceps,
3510 4098 3708 4154 obscu-

2146 4185 2286 4228 rum.
2331 4174 2622 4228 Honestum
2667 4191 2842 4231 causm
2869 4194 3037 4248 genus
3081 4190 3190 4247 est,
3240 4186 3325 4239 cui
3363 4189 3566 4257 statim,
3593 4193 3708 4250 sine

2143 4264 2388 4316 oratione
2412 4271 2616 4328 nostra,
2642 4263 2790 4319 favet
2813 4268 3074 4324 auditoris
3096 4271 3327 4330 animus.
3354 4275 3704 4350 Admirabiie,

2068 4396 2120 4455 Β
2145 4367 2174 4404 a
2205 4367 2309 4420 quo
2335 4361 2415 4407 est
2444 4353 2704 4409 alienatus
2731 4357 2940 4413 animus
2966 4375 3153 4416 eorum
3182 4364 3271 4432 qui
3301 4366 3533 4423 audituri
3558 4383 3701 4429 sunt.

2144 4446 2370 4510 iiumiie,
2405 4447 2545 4517 quod
2570 4450 2858 4522 negligitur
2888 4454 2954 4508 ab
2991 4456 3251 4523 auditore,
3276 4467 3329 4513 et
3357 4476 3462 4516 non
3491 4479 3705 4536 magno.

2139 4552 2267 4606 pere
2280 4536 2660 4595 attendendum
2676 4542 2906 4596 videtur.
2920 4543 3151 4614 Anceps,
3167 4547 3218 4600 in
3233 4562 3337 4617 quo
3348 4551 3703 4620 autjudicatio

2141 4628 2300 4682 dubia
2341 4635 2461 4693 est,
2506 4638 2596 4684 aut
2638 4646 2800 4686 causa
2832 4638 2886 4686 et
2927 4634 3223 4693 honestatis
3263 4649 3316 4694 et
3357 4646 3700 4714 turpitudinis

2141 4718 2428 4786 particeps,
2456 4725 2514 4771 ut
2548 4719 2973 4774 benevolentiam
3019 4726 3194 4791 pariat
3231 4738 3285 4782 et
3327 4728 3696 4791 offensionem.

2145 4806 2462 4872 Obscurum,
2492 4809 2544 4861 in
2571 4819 2678 4875 quo
2700 4817 2791 4862 aut
2817 4813 2952 4866 tardi
2983 4825 3106 4869 sunt
3129 4818 3418 4886 auditores,
3452 4831 3542 4876 aut
3569 4825 3699 4881 dim-

2141 4898 2417 4953 cili'oribus
2437 4899 2502 4953 ad
2524 4902 2954 4972 cognoscendum
2983 4907 3207 4976 negotiis
3227 4923 3386 4963 causa
3409 4921 3486 4966 est
3523 4914 3697 4986 impii-

2142 4995 2281 5041 cata.
2411 5015 2415 5018 ·
3085 5022 3087 5024 ·

2209 5075 2364 5145 321.
2402 5074 2533 5128 (Ῑηο
2566 5104 2637 5115 -
2669 5077 2749 5132 An
2778 5094 2990 5150 semper
3016 5084 3291 5153 perspicue
3329 5089 3564 5146 exordiri
3608 5094 3698 5149 de-

2140 5165 2232 5221 bet
2261 5166 2477 5219 orator?
2504 5197 2573 5205 -—
2603 5167 2732 5223 Αω.
2767 5171 3060 5239 Aliquando
3084 5177 3385 5244 perspicue,
3414 5181 3698 5252 aliquando

2140 5272 2237 5326 per
2277 5257 2661 5313 circuitionem.
2718 5260 3002 5331 Perspicua
3061 5266 3236 5321 oratio
3283 5277 3384 5335 est,
3437 5273 3522 5326 cui
3572 5289 3694 5330 mox

2143 5350 2351 5402 animus
2410 5351 2672 5405 auditoris
2728 5352 2887 5417 favet,
2949 5364 3007 5406 ut
3068 5357 3164 5424 (in
3223 5355 3446 5414 honeSto
3503 5380 3698 5434 genere

2141 5449 2315 5492 caust
2371 5432 2565 5507 [Edit.,
2632 5441 2814 5510 causa]
2877 5450 2977 5494 est.
3009 5444 3099 5497 illa
3129 5461 3256 5500 vero
3295 5462 3408 5515 quas
3445 5432 3541 5518 per
3590 5455 3694 5507 eir-

2142 5527 2429 5600 cuitionem
2495 5528 2690 5599 [Ms.,
2759 5530 3100 5603 circuitum]
3167 5531 3278 5596 tit,
3345 5537 3479 5592 claui
3546 5543 3690 5599 subit

2143 5618 2377 5672 animum
2400 5617 2682 5682 auditoris,
2714 5629 2772 5674 ut
2798 5620 2849 5672 in
2878 5620 3082 5686 humili,
3110 5622 3339 5691 ancipiti,
3364 5627 3441 5680 vel
3464 5631 3693 5685 obscuro
