4266 6210
450 414 454 418 ,
514 341 614 397 est

1317 331 1379 385 Β.
1419 328 1481 381 F.
1520 325 1742 382 ALBlNl
1777 323 1907 378 εει]
1947 318 2219 376 Αιευικι
2249 315 2536 384 ΩΡΕΒΙΠΙ
2573 311 2751 368 PARS
2789 309 2896 367 VII.

3626 311 3734 366 ως

517 469 696 514 causa
735 466 933 523 genere
961 446 1261 503 faciendtm
1290 453 1393 501 est.
1421 443 1531 502 Sed
1570 451 1627 496 et
1671 443 1775 496 hoc
1799 437 2074 496 sciendum
2101 441 2152 501 Α
2176 437 2256 498 tia
2283 443 2390 500 est,
2412 434 2879 490 demonstraturus
2899 443 2998 523 nos
3453 429 3615 487 modo
3651 447 3742 487 os-

518 554 627 610 est,
656 542 799 613 quod
823 540 1104 596 exordium
1152 535 1541 591 sententiarum
1564 541 1621 586 et
1651 531 1935 602 gravitatis
1952 528 2077 598 pluo

521 635 719 688 rimam
742 626 901 685 debet
930 629 1150 691 habere,
1198 634 1254 680 et
1284 625 1504 679 omnino
1528 623 1730 687 omnia,
1762 636 1885 691 qua:
1905 620 1974 674 ad
1998 619 2080 672 di-

521 722 776 792 gnitatem
818 718 1120 788 pertinent;
1153 711 1526 769 ostentationis
1558 725 1687 764 vero
1715 719 1772 764 et
1806 706 2081 762 concinni—

520 802 1608 882 tatis[ls.,ctmcinnitudinis]tminimum,
1632 807 1916 868 propterea
1940 796 2080 865 quod
2113 830 2117 838 -

517 917 591 958 ex
614 901 703 956 his
723 897 959 968 suspicio
984 894 1229 964 quasdam
1253 891 1558 946 artiﬁciosa:
1585 887 1874 957 diligentia:
1903 886 2081 939 nasci-

524 974 633 1055 tur,
657 1004 779 1057 qua:
817 986 1048 1041 maxime
1090 981 1326 1037 orationi
1367 980 1548 1042 ﬁdae.
1582 986 1640 1033 et
1670 976 1872 1032 oratori
1893 975 2082 1030 adimit

524 1081 917 1138 auctoritatem
1693 1063 1701 1071 ’

591 1171 726 1226 Cas.
748 1170 888 1225 Ecce
907 1169 1096 1232 habeo,
1122 1181 1228 1234 quo
1253 1164 1408 1218 modo
1421 1161 1658 1218 exordiri
1682 1161 1874 1215 debeat
1894 1174 2078 1213 causa.

523 1262 678 1315 Nunc
703 1259 1028 1314 narrationis
1055 1265 1258 1312 textum
1285 1270 1511 1325 expone.
1540 1283 1615 1295 —-—
1647 1254 1778 1307 Au.
1827 1251 2082 1304 Narratio

523 1361 611 1407 est
648 1367 827 1406 rerum
869 1358 1140 1420 gestarum
1187 1346 1305 1418 [aut
1349 1355 1409 1403 ut
1437 1342 1736 1414 gestarum]
1780 1341 2078 1409 expositio,

507 1457 644 1511 qua
666 1441 768 1494 tria
795 1438 954 1496 debet
990 1438 1215 1500 habere,
1246 1436 1296 1488 id
1319 1444 1423 1499 est,
1471 1443 1530 1487 ut
1559 1432 1754 1495 brevis,
1779 1440 1847 1485 .ut
1875 1439 2077 1496 aperta,

526 1539 588 1584 ut
612 1529 904 1595 probabilis
949 1527 1036 1582 sit.
1071 1525 1250 1581 Brevis
1279 1524 1404 1587 erit,
1440 1524 1484 1578 si
1514 1523 1653 1578 unde
1698 1537 1918 1577 necesse
1963 1528 2079 1584 est,

527 1621 648 1675 inde
673 1619 881 1673 initium
909 1625 1105 1680 sumat,
1136 1624 1190 1669 et
1221 1629 1324 1668 non
1355 1614 1422 1667 ab
1469 1612 1656 1666 ultimo
1685 1619 1986 1680 repetetur;
2029 1616 2098 1669 et,

526 1712 593 1772 si.
625 1710 776 1778 cujus
805 1708 882 1761 rei
909 1708 1041 1763 satis
1067 1707 1173 1760 erit
1205 1721 1468 1761 summam
1496 1705 1715 1768 dixisse,
1761 1702 1878 1770 ejus
1901 1711 2082 1771 partes

526 1815 633 1853 non
676 1799 941 1852 dicentur.
968 1795 1101 1848 Nam
1142 1810 1282 1864 stepe
1306 1795 1438 1847 satis
1479 1801 1579 1856 at,
1621 1794 1748 1862 quid
1788 1792 1987 1847 factum
2014 1792 2086 1846 sit

527 1891 723 1951 dicere,
754 1897 813 1941 ut
839 1902 906 1940 ne
930 1901 1116 1940 narres
1139 1884 1583 1954 quemadmodum
1609 1885 1677 1938 sit
1699 1883 1897 1937 factum
1921 1899 1935 1948 ;
1967 1891 2020 1936 et
2039 1883 2084 1936 si

528 1993 634 2032 non
660 1978 868 2048 longius
895 1990 1056 2045 quam
1082 1989 1216 2044 opus
1241 1983 1324 2028 est
1347 1974 1400 2026 in
1430 1975 1700 2026 narrando
1726 1973 2080 2043 procedetur;

527 2072 582 2120 et
622 2065 669 2120 si
697 2065 896 2119 nullam
940 2065 994 2118 in
1033 2079 1148 2118 rem
1193 2063 1354 2117 aliam
1385 2068 1620 2116 transeat
1649 2061 1800 2134 [Μαι.
1837 2060 2084 2132 transiet}

529 2141 734 2222 oratio;
762 2165 818 2212 et
840 2155 886 2209 si
913 2155 988 2209 ita
1014 2155 1241 2217 dicetur,
1265 2161 1325 2206 ut
1349 2168 1730 2221 nonnunquam
1756 2168 1820 2206 ex
1854 2168 1921 2206 eo
1942 2153 2086 2220 quod

531 2246 733 2298 dictum
757 2245 847 2308 sit,
872 2245 925 2298 id
952 2243 1095 2311 quod
1119 2258 1225 2296 non
1247 2243 1319 2296 sit
1346 2243 1549 2298 dictum
1578 2243 1938 2314 intelligatur;
1962 2250 2023 2304 et
2036 2244 2084 2297 si

530 2348 638 2388 non
665 2333 823 2387 modo
862 2332 916 2387 id
936 2331 1078 2401 quod
1099 2333 1269 2395 obest,
1305 2348 1493 2390 verum
1518 2333 1678 2387 etiam
1721 2333 1775 2389 id
1799 2333 1943 2401 quod
1986 2348 2084 2388 nec

528 2423 704 2487 obest,
731 2436 834 2476 nec
854 2422 1090 2498 adjuvat,
1121 2423 1512 2491 praeteribitur;
1546 2431 1600 2476 et
1627 2438 1735 2476 non
1778 2423 1954 2477 minus
1998 2422 2085 2480 h-

530 2525 652 2567 rum
692 2526 800 2570 non
841 2512 1288 2575 necessariarum,
1319 2527 1478 2582 quam
1517 2513 1801 2566 verborum
1846 2513 2086 2566 multitu-

532 2599 656 2653 dine
679 2600 1130 2668 supersedendum
1156 2610 1257 2655 est.
1298 2603 1492 2671 Aperta
1518 2609 1698 2659 autem
1721 2603 1960 2657 narratio
1991 2619 2088 2672 ρον

534 2689 662 2742 terit
686 2701 825 2751 esse,
853 2688 900 2746 si
928 2697 988 2742 ut
1012 2689 1244 2757 quidque
1260 2690 1493 2758 primum
1515 2698 1724 2761 gestum
1755 2689 1910 2761 [ιιι.
1937 2690 2082 2761 erit],

533 2777 606 2831 ita
631 2777 860 2846 primum
883 2786 1199 2848 exponetur,
1235 2788 1290 2834 et
1312 2794 1491 2833 rerum
1528 2794 1593 2833 ac
1625 2789 1923 2848 temporum
1951 2779 2084 2834 ordo

531 2869 851 2933 servabitur,
881 2875 941 2921 ut
965 2869 1039 2923 ita
1067 2878 1353 2923 narrentur
1374 2885 1484 2934 res,
1509 2878 1568 2924 ut
1589 2877 1749 2939 gesta:
1778 2878 1900 2924 sunt
1928 2868 2082 2940 [Hs.,

532 2961 732 3032 erunt],
774 2969 869 3015 aut
901 2961 1006 3033 [ut]
1055 2961 1290 3030 potuisse
1336 2963 1448 3032 geri
1475 2963 1812 3018 videbantur.
1847 2963 1943 3016 Hic
1980 2963 2086 3019 erit

533 3053 996 3119 considerandum,
1015 3069 1080 3108 ne
1098 3055 1226 3122 quid
1247 3052 1575 3125 perturbate,
1602 3070 1670 3109 ne
1694 3055 1822 3124 quid
1843 3063 2086 3108 contorte

533 3144 769 3209 dicatur;
803 3159 870 3199 ne
894 3143 1097 3216 [quam]
1122 3146 1175 3206 iu
1205 3146 1363 3200 aliam
1395 3162 1508 3200 rem
1533 3155 1855 3204 trauseatur.
1883 3144 2086 3200 Proba-

535 3235 654 3290 bilis
700 3235 805 3290 erit
847 3233 1104 3300 narratio,
1133 3236 1178 3288 si
1210 3236 1266 3289 in
1297 3250 1362 3289 ea
1403 3237 1724 3290 videbuntur
1768 3237 1944 3291 inesse
1969 3251 2089 3304 quae

536 3322 711 3393 solent
736 3338 992 3394 apparere
1020 3324 1074 3377 in
1113 3325 1373 3390 veritate;
1395 3325 1444 3378 si
1469 3340 1821 3393 personarum
1859 3325 2091 3395 dignita-

541 3424 623 3469 tes
651 3414 1040 3479 servabuntur;
1085 3415 1129 3469 si
1175 3429 1352 3469 eam
1396 3416 1669 3470 laetorum
1684 3415 1999 3479 exstabant;
2042 3415 2090 3470 si

539 3505 703 3559 fuisse
725 3503 1000 3558 facultates
1020 3503 1245 3558 faciendi
1273 3503 1424 3575 [Ms.,
1454 3504 1708 3575 faciundi]
1735 3505 2086 3568 videbuntur;

537 3594 583 3646 si
616 3602 823 3663 tempus
849 3594 1131 3656 idoneum;
1179 3595 1225 3648 si
1251 3595 1410 3664 spatii
1435 3596 1602 3659 satis;
1632 3596 1678 3650 si
1721 3595 1870 3650 locus
1895 3610 2090 3663 oppor-

541 3694 700 3740 tunus
740 3686 809 3739 ad
849 3684 1090 3742 eamdem
1132 3701 1268 3750 rem,
1290 3701 1396 3754 qua
1439 3685 1508 3739 de
1537 3699 1597 3738 re
1637 3692 1888 3742 narratur
1934 3683 2088 3753 μισ..

540 3773 893 3846 narrabitur],
920 3773 1085 3827 fuisse
1111 3775 1450 3841 ostendetur;
1481 3777 1527 3828 si
1552 3791 1639 3832 res
1675 3773 1773 3846 [et]
1814 3774 1881 3827 ad
1907 3788 2092 3829 eorum

541 3865 633 3933 qui
655 3871 814 3934 agent
837 3871 1106 3928 naturam,
1138 3862 1236 3935 [et]
1259 3866 1326 3918 ad
1349 3865 1492 3933 vulgi
1517 3879 1810 3928 rumorem,
1834 3872 1888 3919 et
1908 3863 1975 3917 ad
1996 3877 2090 3918 eo-

543 3966 661 4002 rum
687 3952 780 4018 qui
815 3951 1034 4004 audiunt
1059 3949 1215 4022 [ls.,
1243 3951 1480 4020 audient]
1511 3951 1814 4019 Opinionem
1883 3965 2092 4007 amatur

545 4039 864 4095 modabitur.
1875 4077 1886 4091 .

612 4125 741 4180 Cu.
800 4125 943 4183 Ordo
987 4127 1246 4197 deposcit,
1303 4136 1363 4181 ut
1404 4142 1470 4182 ce
1504 4128 1790 4196 partitione
1815 4127 1985 4182 dicas.
2023 4157 2096 4173 -

541 4213 673 4267 Au.
727 4214 934 4270 Dicam.
970 4214 1195 4270 Partitio
1221 4226 1305 4272 est
1345 4233 1526 4272 rerum
1550 4218 1619 4276 ad
1665 4231 1880 4273 causam
1926 4219 2093 4287 ipsam

545 4305 919 4372 pertinentium
967 4307 1180 4371 divisio,
1209 4322 1328 4376 qua)
1353 4317 1499 4363 recte
1541 4309 1725 4363 habita
1759 4309 2093 4377 perspicuam

545 4403 601 4447 et
624 4393 880 4451 illustrem
909 4403 1075 4451 totam
1102 4397 1397 4453 orationem
1420 4394 1600 4462 edicit.
1627 4412 1748 4466 qna:
1775 4397 1910 4452 duas
1933 4396 2095 4457 habet

547 4489 746 4551 partes.
777 4479 893 4538 Una
918 4497 1040 4551 pars
1065 4491 1171 4546 est,
1198 4499 1315 4553 qua:
1338 4485 1464 4552 quid
1485 4501 1605 4539 cum
1628 4487 1949 4545 adversariis
1968 4501 2096 4542 ωηο

547 4575 746 4636 veniat,
791 4581 845 4625 et
889 4572 1016 4632 quid
1057 4573 1110 4627 in
1140 4577 1498 4630 controversia
1527 4576 1878 4645 relinquatur,
1917 4587 2096 4633 osten-

549 4662 662 4717 dit:
690 4677 756 4716 ex
775 4677 878 4732 qua
905 4673 1113 4722 certum
1137 4667 1386 4735 quiddam
1415 4668 1712 4722 destinatur
1737 4669 1967 4722 auditori
1984 4709 2000 4733 ,
2042 4669 2096 4724 in

551 4765 656 4816 quo
685 4750 921 4805 animum
945 4754 1135 4809 debeat
1162 4755 1356 4812 habere
1387 4766 1723 4828 occupatum.
1765 4758 1950 4812 Altera
1984 4767 2096 4822 est,

553 4841 606 4892 in
649 4856 756 4910 qua
802 4856 980 4895 rerum
1005 4858 1206 4908 earum,
1253 4847 1317 4901 de
1345 4847 1538 4916 quibus
1581 4845 1828 4918 [erimus]
1864 4847 2057 4906 dicturi
2081 4880 2098 4908 ο

554 4931 784 4986 breviter
809 4934 1071 5002 expositio
1093 4935 1304 5003 ponitur
1327 4945 1380 4991 et
1401 4936 1730 5001 distributio,
1753 4953 1819 4991 ex
1844 4953 1948 5006 qua
1967 4952 2099 4993 eon-

555 5017 750 5084 licitur,
778 5029 839 5074 ut
864 5032 1038 5078 certas
1077 5025 1253 5077 animo
1285 5041 1370 5079 res
1395 5035 1570 5080 teneat
1613 5029 1842 5081 auditor.
1881 5027 2010 5084 Nam
2047 5037 2102 5082 et

555 5108 668 5161 bzec
717 5122 842 5177 pars
881 5109 1078 5168 habere
1121 5114 1277 5168 debet
1308 5115 1644 5180 brevitatem,
1691 5119 2098 5179 absolutionem,

558 5196 897 5264 paucitatem.
945 5201 1176 5261 Brevitas
1223 5215 1324 5270 est,
1372 5221 1516 5270 cum,
1568 5209 1670 5262 nisi
1721 5206 2100 5267 necessarium.

557 5286 759 5342 nullum
786 5292 1072 5347 assumitur
1099 5296 1339 5352 verbum.
1371 5296 1639 5352 Absolutis
1667 5311 1768 5365 est,
1812 5317 1905 5370 per
1937 5315 2100 5369 quam

558 5383 753 5448 omnia,
782 5399 900 5452 qum
937 5385 1174 5440 incidunt
1203 5387 1260 5441 in
1293 5404 1534 5455 causam,
1575 5406 1786 5460 genera,
1817 5395 1883 5447 de
1909 5392 2104 5460 quibus

562 5471 841 5525 dicentium
877 5481 984 5536 est,
1015 5475 1379 5544 amplectimur
1425 5480 1477 5533 in
1505 5480 1808 5548 partitione.
1856 5482 2105 5535 Paucitas

565 5566 666 5618 est,
697 5574 816 5626 qum
840 5575 935 5616 eas
959 5577 1047 5618 res
1067 5571 1273 5619 tantum
1296 5568 1445 5635 ponit
1472 5569 1526 5622 in
1553 5570 1856 5637 partitione,
1881 5586 1998 5637 qua!
2023 5585 2109 5624 ne

568 5648 810 5705 cessarit:
835 5664 958 5712 sunt
981 5656 1216 5714 dicenda
1242 5659 1463 5727 iterum;
1495 5668 1549 5716 et
1585 5675 1650 5714 ne
1676 5658 1824 5728 plura
1846 5675 2003 5727 quam
2025 5675 2109 5715 sa-

2176 530 2394 583 tendam
2422 525 2762 587 adiurati“
2785 522 3224 594 qmdarguitnus
3247 520 3401 592 [ls.,
3418 528 3740 600 arguat-us]

2175 626 2230 672 et
2252 618 2490 688 potuisse
2515 615 2715 680 facere,
2742 623 2797 670 et
2813 613 3068 679 rohiae,
3090 619 3148 666 et
3164 611 3378 694 fecisse,
3401 629 3528 669 cum
3549 615 3744 674 fecisse

2176 709 2311 764 satis
2339 709 2410 762 sit
2433 707 2738 762 osteltdcre.
3531 742 3540 746 -

2245 796 2379 853 Cui.
2418 795 2572 851 Nunc
2599 795 2670 852 ad
2706 793 3118 864 conﬁrmationis
3145 804 3413 864 praecepta
3458 809 3516 850 le
3558 804 3736 856 verae.

2177 890 2450 959 magister,
2482 902 2604 958 qua
2648 886 2883 944 maxime
2917 885 3187 949 omnibus,
3225 900 3369 950 reor,
3413 888 3744 948 necessia.

2178 986 2239 1032 ut
2280 993 2432 1033 suam
2477 977 2704 1046 quisque
2741 976 2878 1032 sciat
2905 973 3498 1040 conﬁrmarecausam;
3533 985 3592 1030 et
3616 976 3745 1034 licet

2177 1067 2479 1143 voluntarie
2520 1065 2704 1130 iaciat,
2733 1073 2913 1118 tamen
2955 1078 3064 1118 non
3087 1063 3220 1117 satis
3249 1063 3432 1133 digne,
3473 1064 3579 1119 nisi
3601 1081 3744 1135 prm-

2179 1159 2349 1226 ceptis
2375 1165 2430 1211 et
2461 1172 2582 1221 usu,
2613 1157 2921 1226 agipotest.
2945 1182 3015 1192 -—
3037 1153 3170 1207 Aut.
3194 1152 3273 1206 Ita
3300 1163 3400 1220 est,
3424 1155 3649 1211 Domine
3668 1160 3739 1212 mi

2179 1261 2298 1310 rex,
2324 1254 2387 1298 ut
2409 1244 2562 1300 dicis.
2594 1242 2730 1297 Nam
2756 1257 2944 1300 omnes
2971 1243 3478 1313 argumentationes
3497 1246 3567 1300 ad
3609 1261 3744 1315 φη-

2179 1331 2539 1389 iirmationum
2570 1332 2798 1390 tendunt
2825 1332 3081 1412 rationes.
3123 1330 3228 1385 Sed
3270 1342 3382 1386 tam
3407 1335 3629 1403 grandis
3659 1337 3747 1391 est

2180 1436 2614 1497 argumentorum
2640 1425 2809 1495 sylva,
2833 1426 3003 1480 ut-vix
3029 1427 3130 1481 sub
3150 1426 3417 1484 brevitate
3438 1427 3601 1494 hujus
3625 1428 3744 1483 dia-

2180 1519 2286 1589 logi
2313 1521 2482 1574 nostri
2507 1518 2706 1587 aliquia
2729 1519 2928 1590 aperiri
2954 1520 3146 1589 possit.
3417 1560 3419 1563 -

2197 1676 2215 1690 _
2250 1611 2388 1690 (in.
2421 1610 2852 1681 Tamenstringe
2875 1611 3065 1680 paucis
3087 1611 3261 1681 plura.
3290 1610 3427 1666 Na
3447 1627 3595 1681 stepe
3633 1627 3742 1668 una

2181 1686 2328 1755 clave
2351 1702 2536 1754 multa:
2564 1701 2934 1756 thesaurorum
2963 1716 3107 1772 gaza:
3129 1702 3464 1770 aperiuntur.
3499 1701 3738 1757 ς-Άιι,

2115 1773 2160 1836 Β
2185 1791 2400 1846 Faciam
2428 1790 2570 1860 quod
2593 1789 2746 1861 [Hs.,
2773 1790 2956 1862 prout]
2997 1805 3234 1860 possunt.
3274 1789 3625 1848 Confirmatio
3659 1801 3746 1846 est

2185 1882 2594 1950 argumentatio,
2631 1895 2734 1949 qua
2761 1889 2867 1936 tuae
2887 1896 3060 1936 cauete
3085 1881 3244 1935 tidem
3276 1888 3332 1936 et
3368 1881 3742 1937 auctoritatem

2185 1988 2488 2043 comparas,
2510 1988 2629 2042 qua:
2655 1974 2862 2029 duobus
2898 1973 3072 2027 modis
3099 1971 3167 2026 tit
3194 1991 3208 2026 :
3241 1981 3343 2028 aut
3377 1986 3442 2025 ex
3473 1965 3740 2042 personis,

2186 2075 2278 2140 aut
2300 2081 2368 2120 ex
2404 2066 2649 2137 negotiis.
2677 2065 2761 2119 Ex
2782 2066 3013 2135 personis
3035 2065 3248 2133 quidem
3273 2065 3371 2118 has
3395 2080 3482 2120 res
3513 2065 3740 2120 attribu-

2189 2165 2268 2212 tas
2297 2163 2548 2226 putamus
2575 2175 2587 2209 :
2621 2155 2848 2218 Nomen,
2890 2164 3159 2220 naturam,
3187 2155 3407 2219 victum,
3440 2155 3742 2221 form,

2187 2247 2446 2310 habitum,
2473 2246 2718 2302 effectum
2745 2245 2897 2318 [Ms.,
2927 2245 3311 2316 aﬂectionem],
3336 2245 3537 2310 studia,
3561 2246 3746 2300 ctu-si-

2184 2337 2274 2402 lia,
2305 2337 2469 2404 facta,
2497 2353 2676 2402 casus,
2721 2338 3010 2392 orationes.
3055 2337 3193 2390 Nam
3210 2352 3278 2391 ex
3303 2337 3370 2392 iis
3407 2337 3634 2408 singulis
3663 2352 3745 2391 ar.

2185 2434 2434 2496 gumeuta
2460 2433 2686 2497 possunt
2724 2427 2859 2492 ﬁeri,
2901 2436 3060 2496 prout
3079 2441 3139 2482 se
3177 2427 3529 2486 conmutditas
3568 2442 3744 2481 causae

2183 2516 2339 2570 alIert
2365 2505 2517 2586 [Μι.
2541 2514 2740 2586 olert].
3580 2551 3584 2558 -

2251 2605 2412 2674 322
2445 2605 2576 2660 Cn.
2606 2605 2720 2660 Etsi
2747 2605 2998 2662 brevitati
3023 2604 3222 2670 studes,
3254 2612 3432 2663 tamen
3451 2606 3567 2662 hac
3591 2605 3745 2674 plane

2187 2693 2336 2766 [ιιι.
2381 2679 2612 2764 plenius]
2643 2694 2916 2749 desidero.
2953 2693 3176 2749 -Δι-ι.
3208 2692 3293 2751 Ea
3324 2694 3532 2748 nomine
3559 2694 3619 2748 lit
3655 2709 3746 2750 ω-

2185 2789 2492 2852 gumentum
2517 2781 2618 2834 hoc
2647 2781 2823 2848 modo,
2841 2788 2913 2839 .ut
2936 2782 2982 2835 si
3022 2780 3266 2844 dicamus
3289 2781 3496 2851 idcirco
3512 2781 3744 2851 aliquem

2185 2871 2434 2924 callidum
2479 2871 2681 2934 vocari,
2728 2871 2869 2939 quod
2911 2871 2981 2924 sit
3027 2870 3317 2931 temerario
3365 2878 3422 2924 ct
3467 2869 3754 2940 repentino

2187 2960 2441 3025 consilio;
2468 2969 2712 3031 utsaeraa
2732 2959 3023 3029 Scriptum
3048 2955 3304 3031 [quodue]
3330 2966 3544 3013 utamur
3560 2975 3743 3016 exem-

2188 3051 2311 3119 plo:
2346 3066 2472 3104 nam
2509 3051 2651 3106 Esau
2693 3050 2759 3105 de
2785 3036 2952 3108 fratre
2988 3065 3085 3105 suo
3114 3046 3322 3120 [Iacob]
3368 3049 3503 3107 dicit
3533 3066 3548 3110 ς
3591 3047 3747 3102 Recte

2190 3151 2401 3194 vocatur
2433 3157 2616 3194 nomen
2641 3141 2756 3210 ejus
2781 3139 2942 3193 Iacob
2971 3141 3048 3210 (id
3066 3148 3170 3206 est,
3195 3141 3586 3214 supplantator)
3613 3158 3628 3207 ;
3676 3157 3740 3193 ett

2188 3233 2353 3286 altera
2376 3233 2478 3286 vice
2505 3233 2849 3302 supplantavit
2874 3250 2973 3286 me.

2262 3323 2325 3375 In
2355 3334 2562 3385 natura,
2608 3337 2786 3385 sexus,
2831 3322 2997 3386 natio,
3045 3321 3237 3392 patria,
3289 3321 3560 3398 cognatio,
3615 3330 3748 3375 aetas

2190 3412 2612 3466 considerantur.
2657 3411 2713 3464 In
2743 3425 2894 3475 sexu,
2926 3412 3008 3464 vir
3035 3427 3104 3464 an
3135 3410 3361 3464 mulier?
3395 3411 3450 3465 ln
3487 3411 3703 3464 natione
3727 3451 3743 3474 ,

2188 3503 2408 3558 Grmmts
2444 3519 2513 3557 an
2545 3505 2850 3574 Barbarus?
2877 3504 2933 3557 ln
2963 3504 3155 3573 patria,
3181 3505 3522 3560 Atheniensis
3545 3519 3612 3558 an
3638 3505 3750 3559 Ro-

2191 3593 2412 3646 manus?
2459 3591 2515 3646 ln
2553 3594 2890 3662 cognatione,
2945 3595 3138 3662 quibus
3188 3593 3500 3670 majoribus,
3550 3596 3744 3664 quibus

2191 3684 2598 3754 consanguineis
2635 3684 2707 3751 sit
2746 3685 2938 3738 editus.
2986 3684 3042 3736 ln
3083 3692 3257 3747 tetate,
3284 3699 3416 3755 puer
3439 3701 3506 3738 an
3538 3685 3749 3740 adoles—

2192 3787 2354 3837 cens;
2386 3779 2513 3825 natu
2535 3773 2807 3840 grandior,
2838 3787 2905 3825 an
2943 3785 3127 3826 senex.
3156 3770 3285 3826 Item
3329 3789 3470 3844 strpe
3499 3789 3561 3828 ex
3599 3789 3746 3830 ωηι-

2192 3861 2363 3916 modis
2389 3861 2473 3916 vel
2515 3861 2863 3915 incommodis
2899 3869 3106 3914 natura:
3143 3850 3449 3930 conjectura
3490 3865 3749 3918 sumenda

2191 3956 2290 4014 est,
2314 3951 2416 4004 hoc
2437 3949 2596 4004 modo
2623 3967 2635 4000 :
2663 3949 2858 4002 Valens
2887 3960 2953 4001 an
2986 3947 3289 4012 imbecillis,
3331 3946 3520 4018 longus
3541 3965 3608 4002 an
3631 3951 3754 4004 bre-

2191 4041 2293 4103 vis,
2323 4039 2589 4093 formosus
2615 4053 2692 4091 an
2710 4037 2984 4102 deformis,
3032 4037 3183 4092 velox
3214 4053 3280 4091 an
3313 4039 3518 4104 tardus,
3561 4049 3752 4100 acutus

2193 4144 2261 4183 an
2293 4131 2487 4195 hebes;
2521 4115 2725 4183 memor
2747 4145 2814 4182 an
2837 4128 3149 4193 obliviosos,
3172 4127 3386 4183 dolosas
3411 4113 3744 4202 an‘simplex.

2263 4217 2332 4294 Et
2355 4219 2682 4277 ex-cotm'ctu
2706 4216 2858 4288 [Αἴθη
2884 4216 3057 4287 ἥσω]
3099 4218 3278 4270 multae
3306 4218 3591 4273 trahuntur
3633 4234 3750 4273 sus-

2195 4308 2448 4377 piciones,
2499 4322 2641 4370 cum,
2692 4306 3141 4375 quemadmodum
3185 4315 3244 4359 ct—
3266 4308 3404 4375 apud
3432 4322 3586 4376 quos,
3618 4315 3673 4361 et
3718 4323 3749 4361 a

2202 4398 2393 4465 quibus
2421 4398 2675 4452 educatus
2697 4405 2749 4450 et
2775 4399 3017 4450 eruditus
3037 4398 3126 4460 slt,
3161 4397 3450 4464 queritur;
3481 4406 3536 4450 et
3555 4398 3750 4465 quibus

2159 4487 2166 4506 "
2201 4488 2466 4551 convivat,
2510 4495 2566 4540 et
2604 4503 2707 4554 qua
2740 4487 2943 4541 ratione
2977 4487 3119 4544 vitaz.
3164 4497 3217 4539 et
3244 4501 3354 4554 quo
3379 4501 3527 4542 more
3564 4488 3746 4542 dome-

2201 4581 2336 4636 stico
2373 4577 2583 4648 [vivat].

2271 4669 2358 4721 Ea;
2413 4671 2621 4734 fortuna
2667 4669 2858 4735 sepius
2916 4668 3085 4740 [Ms.,
3142 4671 3303 4740 θεῖνε]
3364 4673 3752 4737 argumentatio

2203 4761 2462 4822 nascitur,
2493 4775 2611 4813 cum
2644 4777 2829 4813 servus
2865 4777 2931 4812 an
2973 4762 3137 4824 liber,
3179 4759 3496 4827 pecuniosus
3526 4774 3592 4813 an
3622 4775 3753 4829 pan?

2205 4865 2320 4919 per,
2355 4849 2545 4903 nobilis
2580 4864 2648 4902 an
2688 4850 2953 4916 ignobilis,
2993 4849 3116 4902 felix
3160 4864 3228 4901 an
3269 4847 3478 4913 infelix,
3509 4851 3750 4918 privatus

2206 4940 2349 4993 nn-in
2373 4947 2634 5008 potestate
2663 4940 2752 5003 sit,
2779 4948 2872 4992 aut
2903 4939 3081 5004 fuerit,
3111 4949 3201 4992 aut
3225 4939 3433 4992 futurus
3464 4941 3547 5001 sit,
3577 4944 3755 4998 conti-

2208 5031 2454 5093 dentur;
2484 5038 2575 5082 aut
2601 5030 2828 5096 denique
2872 5029 3069 5097 aliquid
3096 5045 3279 5082 eorum
3308 5031 3586 5097 quaeritur,
3633 5047 3755 5102 qum

2209 5119 2431 5172 fortuna:
2457 5133 2576 5172 esse
2602 5119 2854 5172 attributa
2877 5118 3261 5187 inte'tiiguntur.

2277 5202 2506 5264 Habitus
2560 5217 2738 5262 autem
2782 5212 2834 5262 in
2879 5210 3053 5278 aliqua
3101 5208 3336 5278 perfecta
3383 5218 3439 5263 et
3485 5211 3747 5262 eonsL'utti

2209 5301 2371 5355 animi
2402 5306 2495 5354 aut
2522 5300 2764 5366 corporis
2789 5299 3120 5352 absolutione
3152 5299 3416 5352 consistit.
3447 5297 3563 5361 Quo
3586 5299 3638 5350 in
3668 5314 3747 5366 εδ

2207 5407 2334 5445 nere
2355 5396 2440 5443 est
2460 5389 2645 5448 virtus,
2672 5392 2911 5453 scientia,
2943 5402 2994 5442 et
3032 5407 3146 5457 qua:
3187 5389 3454 5442 contraria
3484 5396 3633 5454 sunt;
3668 5406 3754 5446 res

2210 5481 2322 5550 ipsa
2341 5486 2398 5533 et
2419 5491 2582 5532 causa
2604 5480 2770 5547 posita
2799 5481 3026 5544 docebit,
3052 5488 3104 5534 et
3123 5479 3246 5547 quid
3269 5478 3352 5531 hic
3375 5492 3586 5548 quoque
3605 5480 3753 5535 locus

2209 5567 2525 5638 suspicionis
2545 5571 2808 5623 ostendat.

2282 5657 2417 5714 Nam
2455 5659 2741 5724 e/{ectiom's
2791 5661 3003 5730 quidem
3057 5660 3190 5715 ratio
3238 5662 3569 5729 perspicuam
3619 5661 3752 5716 solet
