4266 6216
481 311 587 366 sas
890 330 893 333 -
1284 297 1753 356 DIDASCALICA.
1781 325 1853 338 —
1888 291 2162 351 utnec.
2195 257 2292 347 ne
2328 290 2535 347 sum.
2571 291 2662 347 ετ
2699 290 2879 345 vtnr.
2991 268 2995 272 “
3596 292 3701 347 935

481 419 796 497 praeferre
816 415 1211 491 conjecturam;
1242 423 1304 472 ut
1327 428 1501 478 amor,
1525 411 1830 477 iracundia,
1869 408 2039 466 mole—
2062 410 2111 469 Α
2138 408 2293 464 dines
2316 415 2497 471 erunt,
2517 408 2619 460 bas
2641 403 2816 477 [eum]
2856 411 2951 458 aut
2972 402 3343 472 imprudentize
3382 401 3701 475 [necessitu-

484 516 608 578 stla,
635 521 919 585 propterea
942 508 1088 581 quod
1115 515 1187 564 et
1206 507 1446 577 ipsorum
1470 505 1556 561 vis
1594 502 1913 573 intelligitur
1930 540 1949 564 ,
1988 506 2046 554 et

483 619 603 678 qum
638 619 729 659 res
756 603 947 657 harum
991 598 1194 669 aliquid
1243 595 1398 670 [ιι.
1438 595 1671 665 aliquam
1713 591 1851 664 rem]
1901 605 2038 646 con—

484 699 800 762 sequantur,
840 687 1026 744 faciles
1051 687 1277 757 cognitu.
1295 692 1438 741 sunt.

553 781 801 837 Studium
839 786 1040 843 autem,
1100 778 1244 847 quod
1277 784 1363 832 est
1402 774 1617 830 assidua
1652 780 1711 844 et
1754 772 2046 826 vehemens

484 868 663 938 aliqua
708 867 777 922 ad
806 879 923 921 rem
956 864 1219 936 applicata
1252 877 1446 935 magna
1474 876 1598 918 cum
1635 861 1913 929 voluptate
1953 873 2046 913 oc-

484 958 720 1028 cupatio,
766 954 924 1011 facile
970 971 1039 1011 ex
1070 970 1138 1011 eo
1169 955 1385 1011 ducitur
1427 952 1853 1023 argumentatio,
1885 942 2048 1020 prout

486 1061 576 1102 res
611 1046 728 1116 ipsa
750 1044 806 1099 in
828 1059 992 1106 causa
1019 1044 1347 1101 desiderabit
1375 1042 1569 1115 [Edit.,
1608 1037 2043 1110 desiderabitur].

486 1131 619 1187 Item
646 1146 715 1186 ex
743 1130 960 1186 consilio
989 1133 1222 1187 sumitur
1242 1162 1249 1169 ~
1267 1131 1471 1200 aliquid
1517 1128 1872 1199 suspicionis;
1918 1142 2045 1182 nam

488 1219 767 1275 consilium
790 1226 876 1274 est
897 1219 1099 1289 aliquid
1115 1203 1349 1275 iaciendi
1373 1218 1525 1291 [Hs.,
1548 1216 1810 1290 faciundi]
1834 1218 1926 1285 vel
1938 1231 2045 1272 non

489 1307 716 1365 faciendi
754 1309 1055 1381 excogitata
1098 1309 1259 1369 ratio.
1304 1356 1321 1360 -
1670 1301 1676 1306 ’

560 1396 730 1453 Facta
756 1408 936 1454 autem
960 1406 1017 1455 et
1038 1415 1193 1455 eam
1223 1406 1281 1454 et
1311 1397 1573 1453 orationes
1604 1410 1674 1450 ex
1705 1395 1879 1452 tribus
1916 1402 2051 1450 tem-

486 1487 706 1556 poribus
731 1488 1239 1555 conm’derabuntur;
1265 1486 1395 1558 quid
1422 1485 1632 1551 fecerit,
1663 1493 1760 1540 aut
1788 1482 1918 1556 quid
1944 1484 2045 1554 ipsi

488 1579 766 1645 acciderit,
798 1588 893 1634 aut
918 1579 1047 1649 quid
1083 1578 1312 1645 dixerit;
1346 1587 1407 1634 et
1426 1577 1555 1647 quid
1581 1575 1764 1642 faciat,
1794 1576 1922 1645 quid
1944 1575 2047 1644 ipsi

451 1665 457 1671 ’
488 1671 721 1738 accidat,
754 1671 883 1741 quid
902 1659 1065 1736 dicat,
1086 1677 1181 1725 aut
1204 1668 1334 1739 quid
1362 1667 1605 1723 facturus
1642 1667 1715 1722 sit
1738 1682 1755 1731 ;
1784 1665 1914 1736 quid
1942 1665 2043 1733 ipsi

2143 497 2314 571 dine],
2342 512 2437 554 aut
2454 497 2829 553 adolescentia:
2846 497 3191 566 persuasione
3216 506 3585 566 perpetrasse;
3608 507 3701 551 aut
3782 554 3785 555 ν

2144 592 2444 661 aliquorum
2483 587 2685 643 invidia
2723 586 2895 652 ﬁctas,
2939 596 3031 641 aut
3080 585 3211 642 falsa
3238 587 3488 664 opinione
3525 588 3701 644 illatas

2141 695 2263 735 esse
2284 679 2568 735 dicendum
2590 678 2713 731 erit.
2737 678 2796 732 Si
2822 687 3001 732 autem
3029 677 3173 731 nullo
3206 678 3365 733 modo
3384 678 3508 732 vita
3529 679 3699 747 turpi-

2142 772 2294 835 tudo,
2318 778 2412 824 aut
2436 769 2655 824 infamia
2676 769 2829 823 leniri
2848 776 3025 838 potest
3043 769 3309 831 oratione,
3336 783 3532 838 negare
3548 782 3702 836 opor-

2144 862 2301 926 tebit,
2341 861 2410 916 de
2450 861 2558 914 vita
2598 861 2716 929 ejus
2756 868 2853 913 aut
2888 859 3131 913 moribus
3155 858 3504 927 querendum
3546 855 3700 928 μὴ..

2144 950 2432 1023 qumrere],
2479 951 2575 1006 sed
2620 950 2689 1004 de
2734 965 2843 1005 uno
2870 950 3114 1014 crimine,
3159 949 3227 1004 de
3268 965 3376 1019 quo
3427 958 3700 1025 arguatur.

2144 1041 2321 1117 Quare
2346 1040 2607 1094 anteactis
2633 1041 2848 1095 omissis
2874 1040 3020 1105 illud,
3046 1038 3189 1109 quod
3214 1038 3398 1104 instat,
3421 1040 3508 1109 agi
3535 1054 3701 1109 opora

2145 1142 2278 1189 tere.
2330 1166 2335 1169 ι

2214 1223 2349 1279 Cn.
2419 1223 2632 1289 Dixisti,
2678 1223 2822 1292 quod
2848 1220 2952 1275 alia
3002 1212 3320 1290 argumenta
3363 1235 3397 1275 a
3431 1220 3701 1290 personis,

2143 1315 2249 1376 alia
2298 1330 2330 1369 a
2369 1314 2598 1385 negotiis
2632 1315 2760 1369 sint.
2814 1312 3129 1374 llaec-enim,
3172 1326 3292 1382 qua
3312 1313 3475 1367 modo
3494 1312 3701 1374 dixisti.

2143 1419 2175 1459 a
2202 1404 2449 1474 personis
2497 1412 2640 1459 sunt.
2679 1403 2957 1473 Superest,
3018 1408 3080 1456 ut
3121 1416 3206 1465 ea,
3237 1416 3357 1470 qum
3405 1419 3440 1455 α
3485 1402 3703 1472 negotiis

2146 1503 2289 1559 sunt,
2344 1495 2509 1549 dicas.
2550 1493 2617 1546 Et
2654 1494 2903 1562 primum,
2960 1491 3090 1561 quid
3137 1492 3411 1562 negotium
3459 1493 3703 1546 nomines

2146 1584 2298 1658 [Hs.,
2352 1586 2564 1656 nrgolia
2594 1583 2878 1655 nominas],
2926 1583 3109 1638 dicito.
3140 1611 3213 1625 ο-
3240 1582 3374 1638 Au.
3421 1582 3701 1652 Negotium

2144 1682 2227 1731 est
2280 1676 2453 1746 ipsum
2483 1674 2704 1738 factum,
2728 1674 2784 1728 in
2830 1688 2937 1743 quo
2964 1672 3107 1727 inter
3145 1678 3511 1745 accusatorem
3534 1672 3705 1730 etdev

488 1776 738 1817 casurum
779 1761 888 1826 Sil;
926 1775 1032 1831 (λιιι
1066 1759 1308 1815 oratione
1358 1772 1556 1813 υευηιδ
1591 1757 1680 1812 Sil-
1720 1754 1801 1808 Εἰ
1849 1754 2047 1823 quibus
2077 1749 2121 1808 Β
2145 1766 2412 1822 fensorem
2449 1764 2812 1821 controversia
2856 1772 2959 1819 est.
3009 1762 3143 1823 Cum
3191 1778 3321 1819 vero
3357 1777 3426 1819 ex
3476 1765 3703 1835 negotiis

489 1849 644 1907 facile
667 1852 773 1908 erit
801 1851 1083 1907 videndum
1105 1848 1236 1920 quid
1269 1845 1496 1904 afferant
1519 1846 1589 1901 ad
1627 1841 2047 1900 confirmandam

489 1941 855 2010 conjecturam
875 1938 1216 2010 suspicionis.

558 2031 691 2088 Cn.
729 2031 867 2088 Sunt
892 2032 1007 2086 haec
1031 2030 1149 2085 loca
1166 2028 1463 2087 accusatori
1490 2042 1586 2081 seu
1616 2024 1884 2080 defensori
1906 2038 2049 2080 com-

489 2121 702 2176 munia?
725 2123 799 2162 -’-
838 2120 970 2179 Au.
1002 2118 1163 2176 Fiunt
1209 2118 1501 2175 secundum
1548 2115 1847 2184 utriusque.
1874 2130 2050 2169 causa:

489 2212 849 2268 commodum.

558 2301 689 2357 Cu.
727 2300 1042 2367 Quomodo?
1067 2331 1139 2342 ——
1164 2300 1295 2356 Au.
1327 2297 1462 2352 Nam
1499 2304 1783 2352 accusator
1806 2293 1922 2362 ejus
1966 2295 2048 2348 vi-

489 2402 599 2448 tam
623 2399 942 2456 anteactam,
969 2404 1131 2459 quam
1157 2389 1354 2459 arguit,
1377 2386 1464 2443 vel
1487 2393 1791 2456 protervam
1809 2384 1925 2453 ejus
1952 2400 2048 2439 na-

491 2488 691 2547 turam;
723 2496 817 2537 seu
846 2482 1023 2536 studia
1056 2480 1344 2544 malitiosa,
1396 2477 1477 2533 vel
1520 2492 1701 2533 mores
1733 2476 2039 2546 improbos,

483 2570 572 2633 vel
600 2570 741 2625 facta
765 2578 985 2625 cruenta
1015 2568 1319 2638 improbare
1345 2568 1579 2632 debebit,
1601 2573 1657 2621 et
1674 2564 1979 2631 ostendere,
2000 2566 2045 2620 si

487 2662 739 2728 potuerit,
770 2659 818 2715 si
844 2660 897 2714 in
927 2659 1087 2716 simili
1118 2658 1269 2732 [Hm
1298 2658 1345 2714 si
1374 2658 1431 2713 in
1459 2672 1566 2726 quo
1588 2654 1731 2727 pari]
1759 2663 1884 2709 ante
1920 2669 2045 2724 pec-

489 2760 611 2807 cato
635 2752 915 2810 convictus
929 2752 1037 2817 sit;
1065 2759 1123 2806 et
1146 2765 1309 2819 quam
1339 2736 1533 2819 turpis,
1563 2756 1657 2803 aut
1676 2746 1930 2815 cupidus,
1955 2752 2048 2799 aut

488 2845 751 2915 petulans,
785 2852 878 2898 aut
903 2851 1156 2900 cruentus
1179 2848 1345 2906 esset,
1390 2849 1450 2896 ut
1481 2838 1786 2894 mirandum
1822 2851 1929 2892 non
1975 2835 2048 2893 sit

490 2935 652 2992 talem
680 2935 950 2990 hominem
988 2934 1057 2991 ad
1085 2932 1192 2988 tale
1217 2930 1428 2987 facinus
1453 2929 1746 3003 promisse,
1774 2927 2043 2995 Quantum

488 3027 630 3080 enim
655 3026 723 3080 de
762 3028 1038 3082 honestate
1066 3033 1121 3081 et
1147 3024 1468 3081 auctoritate
1510 3020 1625 3089 ejus
1651 3021 1745 3090 qui
1762 3019 2042 3090 arguitur,

489 3118 784 3173 detractum
814 3116 937 3180 erit,
971 3122 1179 3170 tantum
1199 3115 1305 3171 erit
1331 3114 1398 3170 de
1442 3111 1699 3166 facultate
1726 3110 1887 3167 totius
1927 3108 2044 3176 eius
2070 3091 2118 3155 ο

2144 1866 2454 1925 argumenta
2476 1856 2730 1911 sumenda
2778 1863 2923 1921 sunt,
2972 1856 3075 1910 tria
3122 1855 3507 1912 consideranda
3555 1863 3703 1910 sunt.

2144 1945 2344 2011 Primo,
2371 1944 2497 2015 quid
2524 1946 2593 2003 sit
2612 1954 2736 1999 ante
2757 1961 2890 2009 rem,
2918 1945 3046 2013 quid
3066 1946 3121 2000 in
3152 1960 3228 2008 re,
3256 1946 3385 2014 quid
3411 1953 3536 2013 post
3552 1945 3702 1999 rem?

2146 2035 2219 2091 Ut
2265 2035 2321 2089 in
2359 2034 2501 2090 facto
2562 2035 2821 2106 cauponis
2866 2034 3059 2107 [Edit.,
3107 2049 3283 2091 causa:
3324 2035 3527 2105 ponis].
3566 2035 3700 2088 Aule

2144 2141 2253 2179 rem
2280 2124 2400 2188 fuit,
2431 2126 2572 2195 quod
2606 2126 2661 2179 in
2684 2126 2878 2180 itinere
2906 2125 2978 2179 illi
3013 2125 3120 2181 duo
3151 2123 3488 2179 familiariter
3515 2125 3696 2187 illaut;

2142 2213 2288 2283 quod
2325 2214 2484 2268 simul
2529 2214 2855 2269 diverterent
2905 2213 2975 2268 ad
3000 2212 3320 2284 hospitium;
3374 2212 3516 2282 quod
3542 2213 3702 2267 simul

2144 2311 2437 2359 cmnareut.
2497 2303 2558 2357 1η
2589 2318 2683 2357 re:
2707 2318 2835 2368 nox,
2890 2314 3111 2357 somnus
3147 2300 3341 2373 [Edit.,
3384 2301 3699 2373 somnium],

2143 2392 2361 2449 occisia.
2420 2390 2545 2448 Post
2569 2409 2675 2447 rem
2704 2409 2723 2447 :
2748 2393 2892 2462 quod
2937 2392 3082 2448 solus
3117 2394 3262 2458 ierit,
3306 2392 3459 2463 quod
3499 2394 3703 2449 socium

2146 2482 2441 2552 reliquerit,
2494 2482 2634 2551 quod
2674 2490 2955 2537 cruentum
3001 2481 3236 2553 gladium
3285 2483 3553 2538 habuerit.
3608 2483 3705 2538 Est

2144 2584 2357 2640 quoque
2397 2579 2677 2641 quartum,
2723 2572 2866 2643 quod
2917 2572 2984 2629 ad
3025 2573 3297 2643 negotium
3334 2574 3605 2642 pertinet,
3649 2573 3703 2627 id

2143 2671 2255 2725 est,
2268 2676 2386 2729 qua
2423 2661 2509 2716 lex
2531 2662 2603 2716 sit
2628 2661 2744 2730 ejus
2770 2664 2884 2727 rei;
2913 2663 2997 2717 vel
3015 2664 3107 2732 qui
3135 2663 3246 2718 sint
3264 2670 3514 2719 auctores
3539 2663 3657 2732 ejus
3683 2680 3700 2728 ;

2142 2751 2227 2805 vel
2278 2764 2385 2820 quo
2406 2751 2460 2804 id
2494 2752 2727 2816 nomine,
2787 2751 2930 2822 quod
2956 2750 3155 2807 factum
3173 2759 3279 2814 est,
3306 2753 3577 2824 appellari
3605 2754 3704 2809 dc—

2143 2840 2289 2894 beat.
2341 2837 2473 2893 Ante
2492 2840 2636 2894 enim
2690 2855 2802 2895 rem
2842 2856 3005 2896 causa
3032 2839 3158 2897 facti
3184 2842 3569 2897 consideranda
3597 2852 3700 2905 est,

2145 2931 2199 2985 id
2227 2938 2327 2996 est,
2394 2946 2460 2985 an
2505 2946 2600 3001 Spe
2637 2930 2791 2995 lucri,
2842 2931 2925 2988 vel
2952 2946 3111 2987 causa
3145 2932 3570 2999 inimicitiarum,
3613 2934 3704 2989 vel

2145 3030 2338 3087 metus,
2367 3022 2452 3077 vel
2494 3022 2651 3076 amici
2676 3021 2866 3093 [Edi!.,
2918 3023 3187 3094 amicitiae]
3229 3025 3485 3080 occiderit
3519 3026 3693 3080 homi-

2146 3113 2307 3166 nem?
2355 3126 2479 3166 nam
2508 3111 2709 3166 frustra
2750 3114 3021 3168 hominem
3045 3115 3291 3169 occidere
3318 3116 3454 3170 velle
3472 3116 3699 3173 incredi-

424 3540 430 3545 _
484 3454 698 3531 lacinus
730 3474 960 3531 hominis
995 3472 1238 3544 judicent
1280 3454 1443 3543 [Πεη
1492 3483 1613 3526 esse
1645 3468 2040 3541 iudicandum].

489 3207 810 3263 defensionis
833 3206 1173 3262 diminutum.
1209 3203 1267 3259 Si
1317 3201 1463 3258 nullo
1489 3208 1613 3257 ante
1658 3208 1780 3255 acto
1822 3208 2043 3267 peccato
2098 3221 2103 3227 -
2144 3200 2250 3254 hilo
2273 3202 2373 3255 est.
2429 3200 2658 3255 Omnino
2701 3202 2752 3255 in
2793 3203 3033 3271 gestioue
3069 3204 3148 3257 rei
3179 3202 3373 3275 [Edit.,
3434 3220 3495 3261 re
3518 3207 3694 3278 gesta]

489 3313 612 3353 reus
652 3296 903 3352 infamari
940 3294 1159 3365 poterit,
1204 3292 1393 3377 orandi
1418 3289 1569 3362 [Δίκη
1602 3287 1873 3360 hortandi]
1921 3296 2046 3343 sunt
2143 3292 2318 3357 locus,
2344 3299 2575 3363 tempus,
2606 3294 2840 3355 occasio,
2872 3294 3080 3359 modus,
3112 3294 3340 3352 facultas
3372 3299 3700 3354 considerari

483 3388 714 3458 judices,
762 3402 868 3442 non
916 3393 1151 3441 veterem
1197 3382 1399 3458 famam
1440 3381 1693 3445 hominis,
1726 3380 1821 3438 sed
1848 3394 2043 3433 novum
2143 3383 2301 3445 solet,
2323 3384 2377 3437 id
2400 3392 2501 3448 est,
2547 3384 2601 3437 in
2629 3398 2735 3452 quo
2758 3383 2894 3447 loco,
2925 3382 3031 3454 [vel
3066 3386 3119 3439 in
3146 3386 3275 3457 quo]
3335 3394 3594 3457 tempore,
3617 3389 3702 3443 vel

2141 3488 2238 3545 per
2271 3488 2430 3543 quem
2458 3472 2699 3539 modum,
2725 3473 2808 3529 vel
2842 3489 2946 3542 qua
2969 3476 3271 3539 occasione,
3314 3486 3407 3531 aut
3448 3479 3702 3534 facultate

489 3565 621 3619 Nam
650 3574 774 3631 ante
815 3565 1045 3620 celatum
1071 3578 1211 3625 esse,
1259 3561 1435 3630 qualis
1472 3568 1648 3625 esset;
1677 3576 1821 3616 nunc
1863 3567 2044 3615 autem
2141 3566 2401 3621 occiderit
2436 3566 2729 3630 hominem,
2787 3566 3129 3634 Manendum
3182 3576 3285 3621 est.
3350 3567 3477 3623 Post
3494 3568 3699 3635 gestam

494 3654 837 3709 manifestum
877 3666 994 3710 esse
1028 3668 1045 3717 ;
1091 3666 1263 3721 quare
1305 3651 1445 3706 hanc
1502 3664 1617 3705 rem
1651 3664 1720 3704 ex
1780 3651 2043 3718 superiori
2138 3672 2257 3711 rem
2298 3657 2775 3713 considerabuntur
2797 3656 2949 3723 signa
2996 3655 3238 3723 quaedam
3268 3656 3345 3710 rei
3381 3666 3582 3723 gestm,
3640 3668 3704 3713 ut

487 3748 605 3802 vita
628 3762 736 3801 non
778 3744 961 3801 deberi
988 3742 1351 3808 considerari;
1379 3741 1475 3796 sed
1506 3741 1837 3810 superiorem
1876 3741 2044 3795 vitam
2139 3761 2302 3801 cruor
2324 3747 2485 3802 caedis
2512 3746 2725 3814 signum
2748 3752 2861 3809 est,
2887 3751 2943 3798 et
2962 3742 3085 3814 fuga
3110 3736 3294 3799 reatus
3324 3759 3464 3814 sape
3490 3747 3699 3815 signum

489 3855 555 3895 ex
581 3838 1035 3910 hacturpitudine
1060 3824 1467 3907 impcobaudam
1512 3835 1666 3908 [la.,
1688 3836 1885 3892 debere
1917 3850 2045 3892 con-
2140 3850 2261 3891 esse
2283 3835 2438 3891 solet.
2658 3841 2691 3909 γ’
3178 3852 3183 3861 ‘

487 3927 814 3982 siderum...
843 3925 1195 3997 improbare].

487 4028 490 4033 ‘
558 4014 691 4070 Cn.
729 4014 789 4069 Si
822 4014 937 4069 hac
959 4015 1137 4070 omnia
1165 4021 1447 4080 accusator
1470 4028 1565 4069 reo
1582 4014 1800 4083 ingerit,
1825 4014 1945 4083 quis
1969 4014 2046 4069 lo-

488 4120 585 4161 cus
609 4103 934 4161 defensionis
968 4102 1289 4173 relinquitur
1311 4104 1397 4159 ei?
1436 4130 1510 4143 --
1545 4103 1678 4158 Ann.
1710 4104 2046 4173 Relinquitur

492 4194 817 4251 defensionis
843 4194 1067 4249 idoneus
1088 4192 1238 4247 locus
1262 4193 1332 4247 ei.
1378 4191 1532 4261 Saepe
1559 4193 1699 4247 enim
1728 4208 1834 4247 uno
1861 4202 2042 4261 prote~

490 4294 647 4354 gente
680 4291 828 4339 scuto
854 4282 1019 4338 multa
1046 4281 1288 4336 nocentis
1320 4278 1653 4349 repelluntur
1678 4280 1904 4349 spicula.
1937 4280 2056 4334 De»

490 4374 673 4432 fensor
696 4375 888 4444 primo,
918 4374 963 4428 si
991 4373 1203 4443 poterit,
1234 4371 1448 4434 debebit
1472 4369 1588 4439 ejus
1614 4368 1777 4423 vitam
1805 4384 1923 4425 esse
1945 4370 2043 4424 ho-

491 4465 868 4528 nestissimam,
896 4464 1260 4519 ﬁdelissimam
1282 4464 1670 4523 demonstrare,
1700 4459 1866 4513 autin
1904 4474 2043 4513 rem-

491 4550 777 4619 publicam,
808 4558 905 4605 aut
929 4551 983 4603 in
1011 4558 1275 4618 parentes,
1299 4558 1574 4619 cognatos,
1601 4548 1830 4611 amicos;
1858 4556 1913 4601 et
1930 4547 2058 4616 ejus

491 4639 627 4693 bene
654 4646 799 4709 gesta
845 4637 1072 4701 ﬁdeliter
1111 4653 1191 4697 ac,
1217 4637 1449 4701 fortiter,
1493 4638 1540 4693 si
1565 4654 1672 4707 qua
1715 4636 1870 4708 [lla.,
1900 4636 2039 4707 quae]

490 4738 637 4791 sntit,
694 4726 1039 4797 proferenda;
1082 4736 1137 4783 et
1179 4726 1434 4781 miserum
1478 4742 1623 4790 esse,
1668 4735 1776 4780 tam
1813 4726 2041 4795 insignia

491 4819 635 4875 bona
655 4830 767 4874 tam
790 4835 956 4890 parvo
980 4827 1131 4873 reatu
1155 4817 1453 4873 obscurari.
1483 4815 1591 4871 Nec
1619 4818 1720 4872 hoc
1742 4818 1917 4886 ipsum
1946 4817 2044 4871 ali—

495 4934 601 4988 qua
640 4919 927 4987 cupiditate
970 4918 1055 4971 vel
1100 4918 1325 4981 malitia,
1375 4931 1471 4970 seu
1507 4913 1819 4969 infidelitate
1855 4928 2046 4985 perpe-

494 5015 687 5069 trasse,
718 5005 811 5058 sed
844 5020 975 5061 casn
1015 5015 1071 5059 et
1113 5006 1435 5077 ignorantia,
1464 5011 1557 5056 aut
1583 5003 1807 5056 alterius
1852 5019 2045 5073 sugge-

496 5095 669 5151 stione
714 5092 923 5155 fecisse,
964 5095 1277 5165 nullumque
1300 5095 1459 5164 323
1496 5094 1679 5163 patriae
1723 5092 2050 5161 profectibus

496 5187 582 5241 vel
603 5188 802 5256 pietate
824 5194 1131 5254 parentum,
1153 5186 1239 5241 vel
1263 5187 1519 5255 dignitate
1561 5184 1753 5255 [Edit.,
1792 5185 2045 5253 pietati...

496 5275 768 5349 dignitati]
815 5290 1023 5329 morum
1069 5276 1281 5329 studere
1328 5276 1464 5330 velle
1495 5274 1701 5345 [Edir.,
1751 5274 1953 5344 posse],
2004 5274 2049 5329 si

498 5368 735 5436 quolibet
757 5382 927 5437 parvo
960 5364 1073 5437 {vel
1118 5364 1241 5435 levi]
1276 5375 1424 5419 reatu
1455 5367 1633 5434 priora
1676 5364 1815 5419 bona
1860 5368 2049 5419 annul-
2090 5376 2093 5379 λ

498 5454 659 5509 lauda
676 5465 843 5521 sunt;
862 5464 1126 5526 'prcterea
1157 5453 1253 5525 [et]
1281 5455 1383 5508 hoc
1404 5456 1622 5523 optimis
1640 5455 1771 5509 viris
1788 5468 1908 5509 esse
1929 5472 2047 5525 per-

504 5544 782 5608 niciosum,
812 5555 873 5598 ut
908 5545 1206 5599 malitiosus
1232 5544 1481 5612 quislibet
1506 5546 1675 5599 bonos
1702 5544 2046 5601 audeatriusi-

504 5630 723 5687 ululare.
751 5632 810 5688 Si
837 5642 1012 5689 autem
1038 5644 1091 5689 et
1113 5636 1165 5688 in
1192 5642 1316 5689 ante
1337 5642 1454 5690 acta
1476 5634 1583 5689 vita
1604 5634 1793 5703 aliqua:
1818 5636 2045 5703 turpitu-

2213 3924 2344 3980 αλιι.
2384 3924 2833 3991 Commemoratis
2851 3923 2984 3980 locis
3022 3932 3459 3996 argumentorum
3488 3934 3543 3979 et
3566 3941 3696 3980 con-

2140 4017 2523 4084 ﬁrmationum,
2554 4020 2667 4088 ipsa
2692 4019 3087 4087 argumentatio,
3116 4025 3175 4071 ut
3195 4032 3333 4082 reor,
3364 4031 3699 4087 nequaquam

2142 4109 2427 4163 uniformis
2451 4123 2570 4163 esse
2594 4116 2786 4176 potest.
2813 4136 2883 4146 --
2914 4107 3045 4161 Au.
3089 4106 3203 4162 Non
3234 4107 3548 4173 uniformis;
3606 4110 3700 4165 sed

2141 4203 2317 4257 omnis
2364 4200 2773 4271 argumentatio,
2820 4214 2939 4268 qua
2967 4215 3033 4253 ex
3067 4200 3150 4252 bis
3187 4199 3319 4253 locis
3352 4214 3488 4267 quos
3544 4216 3697 4255 com-

2142 4290 2576 4354 memoravimus,
2631 4288 2929 4353 conficitur,
2969 4297 3058 4341 aut
3082 4288 3373 4356 probabilis
3400 4300 3491 4342 aut
3515 4304 3700 4344 ncces~

2145 4384 2285 4436 saria
2312 4383 2465 4436 debet
2493 4395 2628 4435 esse.
2661 4372 2967 4433 Necessaria
2986 4388 3087 4444 est,
3123 4395 3241 4449 qum
3262 4380 3419 4434 aliter
3444 4378 3560 4434 ﬁeri
3588 4397 3695 4437 non

2142 4480 2338 4541 potest,
2384 4480 2477 4526 ut:
2511 4470 2569 4526 Si
2624 4470 2848 4539 peperit,
2909 4471 3195 4525 concubuit
3245 4486 3367 4526 cum
3410 4471 3545 4524 viro.
3603 4472 3698 4528 llze

2145 4560 2295 4633 [Μεὀ
2336 4561 2480 4633 llzec]
2504 4577 2633 4616 vero
2652 4576 2747 4630 per
2770 4561 3209 4628 complexionem,
3247 4576 3339 4615 seu
3360 4574 3453 4630 per
3479 4575 3697 4615 enume-

2143 4653 2405 4707 rationem
2426 4666 2520 4706 seu
2546 4665 2640 4719 per
2668 4651 2963 4719 simplicem
2989 4650 3385 4705 conclusionem
3409 4650 3556 4703 ﬁunt.
3592 4648 3695 4704 Per

2141 4742 2560 4813 complexionem,
2587 4743 2644 4797 in
2671 4756 2793 4810 qua,
2822 4751 3000 4796 utrum
3032 4742 3381 4806 concesseris,
3404 4725 3693 4810 reprehen-

2144 4833 2287 4886 ditur
2320 4830 2532 4886 inhunc
2552 4830 2767 4885 modum
2797 4850 2810 4883 :
2843 4830 2900 4885 Si
2928 4832 3199 4901 improbus
3224 4844 3326 4895 est,
3363 4846 3459 4885 cur
3478 4831 3684 4886 tueris!

2144 4922 2205 4974 Si
2238 4921 2455 4989 probus,
2483 4935 2579 4973 cur
2607 4922 2867 4974 accusas?
2896 4920 3000 4976 Per
3018 4921 3474 4983 enumerationem,
3506 4920 3559 4974 in
3583 4936 3691 4990 qua
3726 4966 3729 4971 .

2144 5008 2385 5077 pluribus
2404 5007 2563 5063 rebus
2592 5008 2821 5063 inductis
2847 5026 2951 5064 una
2994 5008 3293 5064 necessario
3322 5008 3695 5075 confirmatur,
3728 5030 3731 5031 ν

2147 5098 2250 5151 hoc
2300 5102 2455 5165 pacto
2487 5112 2499 5146 :
2532 5095 2780 5161 Necesse,
2828 5107 2920 5151 aut
2970 5096 3370 5151 inimicitiarum
3421 5110 3582 5151 musa
3626 5098 3703 5152 ab

2147 5189 2251 5242 hoc
2268 5200 2385 5241 esse
2408 5186 2550 5241 hunc
2576 5189 2831 5251 occisum,
2857 5196 2947 5241 aut
2974 5195 3166 5249 metus,
3194 5193 3284 5239 aut
3307 5200 3399 5254 spe
3414 5185 3576 5250 lucri,
3602 5198 3697 5241 aut

2152 5275 2372 5342 alicujus
2402 5277 2559 5330 amici
2614 5294 2809 5342 causa;
2866 5286 2921 5331 et
2966 5277 3013 5330 si
3059 5277 3249 5329 horum
3282 5275 3412 5330 nihil
3464 5284 3569 5338 est,
3610 5292 3697 5331 re.
3761 5268 3765 5271 ’

2152 5367 2429 5434 linquitur,
2480 5369 2545 5421 ab
2580 5384 2643 5421 eo
2681 5368 2821 5422 hunc
2859 5382 2963 5420 non
2989 5380 3107 5419 esse
3134 5367 3400 5429 occisum;
3433 5380 3555 5418 nam
3585 5366 3692 5419 fru—

2149 5464 2258 5509 stre
2322 5455 2481 5509 homo
2503 5458 2673 5511 occidi
2725 5472 2828 5511 non
2851 5461 3041 5524 potest.
3102 5452 3207 5506 Per
3243 5452 3524 5520 simplicem
3576 5470 3700 5507 con;

2148 5544 2448 5609 clueionem,
2508 5548 2610 5601 hoc
2658 5546 2815 5600 modo
2855 5558 2871 5596 :
2912 5543 2969 5597 Si
3005 5554 3097 5597 vos
3117 5557 3203 5598 me
3242 5540 3415 5595 istbuc
3452 5558 3516 5596 eo
3566 5551 3698 5597 tem-

2148 5650 2276 5704 pore
2298 5636 2473 5691 dicitis
2520 5635 2665 5706 [hoc]
2722 5634 2930 5699 fecisse,
2980 5648 3167 5704 egneo
3219 5639 3457 5700 tempore
3501 5629 3695 5703 [Edit.,
