4266 6188
586 299 689 355 9'55
1412 292 1471 344 Β.
1509 287 1572 343 F.
1613 285 1834 343 ALBINI
1874 283 2007 340 SEU
2032 279 2305 337 ALCUINI
2338 280 2620 337 OPERUM
2659 281 2837 337 PARS
2877 279 2984 335 \’ll.
3684 273 3787 330 956

590 412 724 485 tum]
749 422 894 466 trans
908 422 1052 464 mare
1074 406 1171 461 fui.
1205 373 1324 459 ideo
1350 405 1404 459 id
1438 403 1578 473 quod
1620 399 1826 462 dicitis,
1849 410 1957 452 non
1985 394 2143 449 modo
2172 393 2221 453 Λ
2246 393 2504 463 optimum
2543 396 2716 449 virum
2769 396 2853 449 vis
2877 393 3106 455 habere;
3156 397 3210 444 et
3240 398 3295 444 tu
3322 389 3618 485 Xenophon
3659 404 3795 453 uxo-

589 477 852 563 non‘l'eci,
898 496 993 552 sed
1029 494 1290 550 nefacere
1314 493 1462 563 potui
1491 490 1708 561 quidem
1757 485 1907 559 [Μδη
1959 490 2026 537 ne
2053 495 2148 552 po-
2248 501 2361 540 rem
2400 485 2779 542 electissimam
2830 481 2978 554 [Hs.,
3035 477 3406 552 leetissimam]
3434 480 3664 541 maxime
3688 478 3793 536 vis.

590 590 784 644 tuerim
807 585 1018 656 quidem
1069 581 1287 653 facere].

660 678 790 733 CAR.
821 675 943 729 lluzc
965 672 1202 736 omnino,
1231 679 1293 724 ut
1333 668 1587 738 intelligo,
1640 662 1947 721 necessaria
1985 666 2143 724 sunt;

590 767 683 822 sed
717 763 815 838 [et]
854 771 912 823 ut
937 762 1114 826 video,
1173 759 1457 827 diligenter
1498 756 1786 811 videndum
1815 761 1915 815 est,
1944 766 2012 805 ne
2040 763 2147 818 quo

588 864 744 925 pacto
778 856 881 909 hoc
917 864 1085 922 genus
1127 845 1605 919 argumentationis
1643 841 1819 898 refelli
1854 839 2044 911 possit.
2075 864 2146 878 -α

589 951 721 1004 Aur.
770 948 882 1012 Est,
950 952 1011 999 ut
1067 941 1339 1013 intelligis,
1391 939 1581 996 Camle
1635 935 1788 1009 [Ms.,
1841 934 1988 989 omit.
2034 947 2144 986 voc.

592 1022 823 1111 eunte];
958 1099 966 1108 ,

659 1129 791 1186 αλιι.
814 1129 940 1183 Haec
953 1133 1283 1196 argumenta,
1302 1136 1420 1192 quae
1436 1118 1635 1183 dixisti,
1661 1113 1966 1172 necessaria
1987 1118 2143 1167 sunt:

584 1218 700 1286 jam
733 1215 1026 1288 probabilia
1080 1225 1295 1287 quoque
1334 1210 1500 1265 dicito
1547 1205 1700 1278 [Hs.,
1757 1201 1885 1273 die].
1914 1228 1985 1244 -ε
2010 1200 2141 1255 Αιιι.

592 1309 892 1364 Probabilia
934 1310 1081 1369 sunt,
1137 1315 1402 1371 querere
1450 1298 1567 1353 deri
1593 1296 1790 1359 solent,
1817 1300 1877 1346 ut
1904 1310 1919 1345 :
1944 1290 1999 1345 Si
2032 1300 2147 1343 ma-

593 1408 676 1453 ter
715 1407 817 1461 est,
874 1394 1050 1465 diligit
1084 1392 1290 1455 ﬁlium;
1340 1390 1386 1445 si
1426 1400 1621 1442 avarus
1642 1392 1743 1449 est,
1790 1381 2010 1452 negligit
2034 1379 2149 1449 jus-

587 1488 894 1560 jurandum.

661 1577 794 1632 CAR.
823 1574 958 1629 Num
1007 1570 1300 1643 probabilia
1340 1581 1551 1635 semper
1594 1578 1722 1619 vera
1748 1558 2144 1617 suun—Au.

592 1668 709 1723 Alia
733 1680 861 1721 vera
891 1662 1045 1735 μη,
1066 1658 1216 1731 vero]
1262 1659 1320 1712 in
1368 1654 1649 1724 opinione;
1686 1649 1873 1735 aliain
1896 1646 2154 1702 similitu-

594 1764 738 1816 dine.
786 1758 854 1813 In
886 1733 1250 1827 opinionemt,
1272 1749 1481 1804 inferna
1496 1759 1616 1799 esse
1630 1744 1735 1798 sub
1769 1733 1916 1795 terra
1948 1735 2148 1792 Simili-

594 1852 720 1904 tudo
764 1850 818 1902 in
836 1845 1121 1901 contrariis
1163 1841 1303 1895 etin
1345 1837 1563 1908 paribus
1615 1842 1908 1903 spectatur.

663 1942 794 1996 Cm.
853 1935 1128 2003 Quomodo
1174 1933 1227 1986 in
1261 1920 1546 1985 contrariis
1598 1931 1653 1979 et
1705 1921 2015 1992 in'paribus
2034 1919 2151 1972 ἳπ-

593 2032 723 2085 Atn.
758 2028 815 2083 lu
842 2024 1122 2080 contrariis
1151 2023 1254 2075 hoc
1272 2020 1429 2073 modo
1459 2035 1471 2068 :
1506 2014 1639 2069 Nam
1661 2014 1705 2067 si
1733 2012 1797 2065 iis
1832 2010 1923 2081 qui
1951 2010 2150 2078 impru-

595 2121 783 2173 denter
814 2116 1089 2177 lzeserunt,
1138 2109 1343 2181 ignosci
1388 2104 1656 2166 convenit,
1707 2102 1813 2156 illis
1840 2101 1928 2169 qui
1966 2113 2152 2153 neces-

595 2209 737 2263 sario
789 2203 1137 2275 profuerunt,
1179 2196 1363 2253 haberi
1389 2193 1614 2265 gratiam
1644 2206 1747 2245 non
1769 2189 2022 2258 oportet?
2074 2182 2176 2257 Ba.

595 2298 709 2368 pari
759 2293 879 2367 [sic]
913 2312 926 2344 :
958 2292 1090 2345 Nam
1112 2296 1172 2344 ut
1199 2288 1347 2341 locus
1394 2286 1514 2338 sine
1558 2289 1715 2351 portu
1759 2278 1982 2334 navibus
2032 2289 2151 2331 esse

580 2366 702 2443 .non
722 2392 898 2457 potest
931 2392 1095 2445 tutus,
1127 2381 1204 2434 sic
1230 2378 1438 2432 animus
1475 2375 1593 2428 sine
1641 2370 1744 2425 ﬁde
1784 2370 1994 2425 stabilis
2019 2366 2153 2427 ami—

596 2481 677 2534 cis
706 2492 806 2530 non
844 2480 1020 2545 potest
1046 2484 1183 2525 esse.

664 2567 824 2639 325
855 2566 989 2618 Cu.
1018 2564 1099 2616 An
1125 2560 1299 2615 omnis
1326 2554 1715 2626 argumentatio
1745 2566 1811 2603 ex
1834 2548 1919 2604 his
1946 2555 2154 2601 tantum

598 2661 732 2715 locis
762 2656 1129 2716 continuatur,
1151 2660 1373 2704 ematur
1411 2656 1467 2702 et
1486 2643 1893 2727 consideratur?
1923 2668 1989 2679 ~—
2022 2639 2150 2695 ALs.

600 2751 737 2805 Sunt
785 2756 993 2815 quoque
1037 2737 1540 2811 argumentationes,
1584 2750 1704 2803 qua:
1741 2746 1840 2802 per
1893 2729 2156 2785 inductio-

598 2855 722 2894 nem
762 2834 851 2890 vei
892 2831 1353 2887 ratiocinationem
1378 2833 1695 2887 tractantur,
1749 2822 1844 2875 sed
1870 2822 1952 2873 bze
1984 2818 2154 2888 magis

602 2932 672 2985 ad
719 2926 1061 2998 philosophos
1097 2923 1382 2991 pertinent.

2245 572 2421 638 Quare
2437 574 2538 631 nisi
2556 574 2663 628 hoc
2674 570 3025 641 perieceritis,
3044 581 3101 624 ut
3122 584 3292 638 neque
3304 568 3386 623 vir
3396 566 3604 631 melior,
3623 581 3797 637 neque

2244 663 2441 717 temina
2470 663 2692 717 electior
2716 663 2769 715 in
2794 661 2954 716 terris
2977 659 3068 726 sit,
3102 658 3340 730 proiecto
3369 658 3442 725 id,
3492 659 3635 729 quod
3653 673 3799 714 sem—

2245 767 2342 823 per
2365 754 2626 821 optimum
2650 751 2801 824 [Hr.,
2825 750 3123 823 optumum]
3157 750 3411 819 putabitis
3451 764 3589 814 esse,
3629 749 3800 809 maxi-

2245 858 2332 899 me
2366 842 2669 913 requiretis,
2723 852 2780 896 ut
2810 850 2866 896 tu
2909 842 3135 897 maritus
3190 840 3267 896 sis
3309 839 3525 908 optima:
3561 827 3802 904 feminae,

2244 945 2301 991 et
2329 937 2446 992 haec
2474 950 2634 1005 quam
2653 936 2857 1004 optimo
2901 937 3094 991 marito
3139 934 3265 1007 [ιε.
3339 932 3479 1005 viro]
3509 942 3679 1005 nupta
3706 934 3798 989 sit.

2244 1025 2345 1081 Hic
2364 1025 2526 1081 rebus
2549 1022 2656 1080 non
2683 1024 2860 1081 dubiis
2888 1025 3048 1079 dubia
3094 1023 3341 1095 probavit
3362 1038 3460 1093 per
3498 1023 3802 1079 similitudi-

2243 1131 2369 1171 nem
2390 1116 2725 1171 inductionis.
2776 1114 2995 1182 Quodsi
3036 1115 3155 1185 quis
3182 1114 3471 1184 separatim
3512 1122 3801 1183 quaereret,

2246 1207 2383 1262 forte
2407 1222 2511 1261 non
2543 1206 2945 1263 concederetur.

2314 1299 2446 1354 CAR.
2462 1298 2563 1353 iste
2577 1298 2924 1368 philosophus
2936 1313 3041 1352 non
3062 1297 3164 1352 fuit
3184 1287 3555 1370 Evangelicus.
3576 1330 3647 1345 --
3668 1302 3799 1357 Aut.

2246 1388 2365 1444 Non
2418 1384 2989 1461 [fuitEvangelieus],
3041 1387 3133 1441 sed
3178 1387 3497 1443 rhetoricus.
3546 1420 3617 1430 -—
3670 1389 3802 1444 Om.

2249 1480 2359 1535 Cur
2396 1481 2664 1535 credimus
2693 1478 2785 1533 ei?
2810 1508 2880 1518 —
2902 1476 3029 1534 Au.
3079 1477 3172 1532 ille
3222 1488 3439 1535 secutos
3476 1478 3602 1552 [est]
3652 1494 3803 1536 suam

2251 1576 2442 1623 artem.
2514 1606 2517 1607 ν

2323 1656 2453 1713 αλιι.
2494 1657 2631 1725 (miti
2666 1659 2734 1713 ad
2762 1658 2919 1713 haec?
2969 1657 3270 1729 Sequamur
3303 1666 3359 1716 et
3400 1675 3509 1718 nos.
3530 1662 3795 1715 nostram.

2247 1776 2320 1789 —-
2349 1748 2477 1803 Ats.
2512 1747 2763 1817 Sequere
2800 1764 2920 1819 mire
2947 1751 3099 1815 velis,
3156 1765 3350 1820 sequar
3377 1759 3428 1807 te
3470 1760 3803 1821 sequentem.

2316 1836 2447 1893 Cas.
2471 1838 2656 1904 Qualis
2676 1839 2834 1893 debet
2857 1849 2978 1894 esse
3001 1840 3088 1893 illa
3118 1843 3391 1897 inductio?
3406 1842 3624 1897 --At.s.
3649 1841 3811 1897 Simi-

2249 1928 2315 1982 lis
2346 1944 2555 1997 semper
2599 1929 2647 1983 ei
2676 1930 2777 1993 rei,
2823 1928 2975 1999 cujus
3034 1940 3192 1985 causa
3241 1931 3528 1987 inducitur.
3558 1963 3630 1974 —
3662 1932 3799 1989 Can.

2248 2018 2329 2071 An
2355 2017 2547 2081 lucida,
2571 2031 2636 2069 an
2658 2014 2884 2071 obseura
2899 2019 2992 2071 ?——~
3003 2018 3135 2074 Ara.
3154 2020 3449 2076 Videndum
3464 2029 3547 2076 est
3567 2020 3811 2091 diligenti

2250 2122 2399 2171 cura,
2425 2115 2482 2159 ut
2505 2121 2609 2160 non
2630 2106 3277 2176 intelligat‘adversarius,
3318 2123 3424 2179 quo
3444 2119 3683 2179 spectent
3708 2112 3813 2166 illae

2249 2196 2435 2263 prima:
2471 2195 2822 2259 inductiones,
2860 2205 2913 2251 et
2941 2198 3008 2251 ad
3035 2214 3195 2267 quem
3235 2199 3393 2253 ﬁnem
3434 2200 3543 2254 sint
3582 2216 3812 2269 perven-

2251 2292 2414 2350 turae;
2448 2298 2568 2338 nam
2610 2287 2703 2353 qui
2747 2286 2940 2339 viden't
2968 2286 3121 2357 μὴ..
3161 2286 3351 2359 videt],
3379 2288 3520 2360 [aut]
3557 2291 3807 2354 tacendo,

2254 2373 2388 2445 [aut]
2428 2374 2667 2444 negando
2689 2390 2793 2429 non
2821 2376 2947 2429 sinit
2973 2376 3181 2447 longius
3211 2378 3289 2432 ire
3313 2380 3807 2449 interrogationem.
3892 2446 3899 2453 ἱ

2251 2493 2322 2505 --
2345 2464 2475 2518 CAR.
2505 2462 2563 2519 Si
2591 2466 2786 2534 negat?
2810 2466 3026 2521 --Au.
3056 2470 3397 2525 Ostendenda
3423 2481 3505 2526 est
3526 2472 3813 2527 similitudo

2254 2570 2434 2609 earum
2457 2572 2574 2625 quae
2620 2567 2744 2611 ante
2763 2574 3029 2613 concessa:
3060 2574 3203 2613 sunt.
3246 2589 3315 2601 σι-
3341 2562 3472 2615 CAR.
3527 2562 3583 2616 Si
3638 2566 3814 2619 tacet»?

2254 2676 2323 2684 —
2358 2645 2489 2700 Ats.
2524 2645 2641 2699 Jam
2671 2646 2927 2701 elicienda
2953 2658 3037 2703 est
3062 2652 3364 2720 responsio,
3431 2660 3539 2716 aut,
3586 2655 3709 2723 quia
3736 2663 3814 2707 ta-

2254 2737 2533 2789 citurnitas
2564 2737 2801 2791 imitatur
2858 2738 3268 2806 confessionem,
3319 2742 3682 2799 concludenda
3731 2756 3815 2800 est

2254 2828 2664 2895 argumentatio,
2705 2828 2840 2882 sicut
2873 2830 2927 2883 in
2958 2832 3246 2887 concessis.

2324 2916 2455 2971 Clu.
2506 2918 2790 2983 Quomodo
2818 2933 2915 2987 per
2944 2922 3387 2975 ratiocinationem
3444 2924 3806 2979 conﬁrmanda

672 3020 802 3075 Cn.
834 3018 929 3070 Dic
955 3023 1130 3067 tamen
1165 3012 1229 3065 de
1251 3011 1373 3063 illis.
1399 3038 1465 3047 -—
1494 3006 1625 3061 Ara.
1656 3005 1685 3057 Ι
1686 3004 1899 3099 nductio
1922 3011 2007 3099 est
2032 3016 2155 3055 ora—
2180 3035 2229 3099 ε
2257 3010 2777 3078 estargumentatio?
2798 3009 3004 3063 —-Au.
3028 3010 3117 3063 Illa
3135 3010 3321 3083 [enim]
3341 3012 3399 3065 ﬁt
3417 3014 3798 3083 propositione,

606 3111 680 3165 tio
717 3123 834 3178 qua:
874 3119 971 3175 per
996 3111 1171 3158 certas
1192 3116 1280 3155 res
1313 3098 1557 3167 qumdam
1600 3094 1805 3148 incerta
1832 3092 2046 3161 probat,
2100 3098 2155 3143 et

606 3198 872 3257 nolentem
901 3192 1048 3247 ducit
1104 3190 1157 3243 in
1191 3188 1577 3243 assensionem.

675 3288 807 3342 Cn.
850 3283 959 3337 Hoc
984 3280 1179 3335 mirum
1214 3278 1441 3339 videtur,
1476 3274 1521 3329 si
1543 3273 1719 3326 facere
1753 3276 1951 3340 potest,
1981 3277 2039 3319 ut
2064 3282 2155 3320 no~

603 3379 721 3433 iens
766 3373 1081 3429 consentiat.
1108 3400 1177 3408 ——
1223 3369 1351 3421 ALs.
1400 3366 1597 3420 Audies
1627 3372 1681 3419 et
1728 3350 1867 3415 forte
1910 3358 2156 3427 exemplo

605 3469 807 3524 credes.
858 3464 992 3517 Nam
1016 3460 1357 3531 philosophus
1394 3456 1607 3525 quidam
1651 3469 1770 3506 eum
1808 3453 2159 3523 Xenophonte

606 3553 919 3631 [quondam]
940 3562 994 3606 et
1018 3552 1035 3598 ἵ
1042 3547 1178 3619 ejus]
1198 3562 1365 3615 uxore
1393 3547 1511 3599 iniit
1532 3543 1942 3613 disputationem
1964 3539 2155 3609 [Edim

604 3628 736 3704 inita
767 3640 1168 3715 disputatione],
1200 3648 1253 3691 et
1280 3638 1509 3706 primum
1552 3649 1674 3688 cum
1705 3646 1871 3685 uxore
1909 3628 2023 3696 ejus
2045 3641 2159 3682 ser-

607 3752 822 3795 munem
849 3732 1081 3790 instituit
1122 3749 1133 3781 :
1184 3730 1278 3782 Dic
1339 3727 1487 3787 mihi,
1533 3738 1732 3792 quaeso,
1791 3717 2157 3788 Xenophontis

608 3844 765 3892 uxor,
804 3826 851 3880 si
880 3824 1056 3877 vicina
1084 3830 1177 3873 tua
1223 3814 1642 3871 melius‘habeat
1690 3826 1880 3864 aurum
1904 3823 2067 3878 quam
2103 3814 2159 3859 tu

608 3920 792 3979 habes,
847 3922 1025 3968 utrum
1082 3908 1297 3970 illudne,
1343 3921 1407 3957 an
1443 3906 1592 3955 tuum
1630 3899 1830 3953 malis?
1872 3897 2023 3959 illud,
2082 3896 2161 3946 iu-

611 4008 745 4077 quit.
802 4003 936 4070 Quid
969 4002 1014 4055 si
1042 4006 1242 4077 vestem
1272 4005 1326 4049 et
1373 4002 1623 4047 caeterum
1649 3997 2022 4044 ornamentum
2046 4000 2161 4039 ntu-

609 4076 776 4153 liebre
804 4092 1021 4162 majoris
1041 4089 1195 4159 pretii
1226 4076 1427 4141 'habeat
1453 4096 1613 4151 quam
1644 4088 1699 4133 tu
1726 4079 1913 4140 habes,
1946 4085 2163 4131 tuumne

612 4205 682 4243 an
726 4187 870 4239 illius
925 4182 1111 4237 malles
1159 4178 1314 4249 μὴ,
1368 4172 1589 4243 malis]?
1634 4169 1943 4238 Respondit.
1996 4168 2158 4221 illius.

612 4277 743 4343 Age,
770 4271 955 4339 inquit,
987 4265 1157 4339 [quid]
1200 4266 1245 4318 si
1264 4266 1437 4317 virum
1477 4262 1750 4316 meliorem
1774 4259 1968 4313 habeat
2001 4272 2161 4325 quam

2257 3099 2589 3167 probatione,
2632 3098 2759 3169 [vel]
2800 3100 3180 3169 assumptione,
3214 3102 3308 3175 [et]
3336 3105 3698 3161 conclusione.

2324 3186 2454 3239 CAR.
2496 3186 2741 3241 Planiora
2782 3190 2894 3243 hare
2945 3192 3190 3259 exemplo
3235 3194 3475 3262 quolibet
3746 3225 3815 3237 -—

2256 3277 2386 3330 Λιιι.
2420 3274 2711 3345 Propositio
2739 3286 2843 3341 est,
2870 3287 2929 3331 ut
2962 3294 2977 3332 :
3024 3280 3211 3335 Melius
3232 3292 3553 3337 aceurantur
3573 3282 3706 3355 [AJ.,
3730 3301 3820 3339 ae-

2258 3366 2531 3437 curentur]
2581 3381 2699 3436 qua:
2736 3368 2959 3421 consilio
3008 3382 3287 3439 geruntur,
3344 3388 3508 3442 quam
3557 3390 3675 3445 qua:
3703 3375 3820 3431 sine

2258 3455 2480 3509 consilio
2527 3456 2990 3530 administrantur.
3018 3459 3333 3528 Approbatio
3361 3472 3485 3516 est:
3514 3464 3709 3517 Domus
3732 3480 3816 3524 ea.

2258 3560 2376 3615 quae
2414 3546 2619 3600 ratione
2645 3555 2698 3599 et
2744 3548 2969 3602 consilio
3000 3550 3220 3618 regitur,
3254 3551 3502 3605 omnibus
3548 3554 3709 3607 rebus
3740 3567 3819 3607 est

2258 3636 2587 3700 instructior,
2611 3651 2768 3704 quam
2799 3637 2906 3708 [ea]
2938 3653 3055 3707 qua:
3085 3641 3198 3693 sine
3240 3638 3462 3695 consilio
3512 3644 3821 3711 rationeque

2258 3727 2681 3779 administratur.
2732 3725 3025 3796 Assumpu’o
3068 3736 3151 3783 est
3190 3731 3270 3783 sic
3300 3749 3315 3781 :
3348 3730 3429 3783 Nil
3459 3734 3696 3786 omnium
3735 3749 3819 3787 τε-

2260 3830 2377 3867 rum
2427 3813 2557 3885 [Αι.,
2603 3816 2655 3868 in
2718 3817 2965 3871 omnibus
2997 3817 3177 3888 rebus]
3228 3820 3417 3874 melius
3460 3837 3621 3889 quam
3668 3835 3822 3875 mun-

2260 3903 2357 3955 dus
2400 3902 2820 3958 administratur.
2864 3905 2960 3960 Hic
3012 3907 3177 3961 altera
3210 3910 3455 3978 probatio
3504 3910 3814 3967 inducitur:

2260 3992 2391 4045 Nam
2436 3994 2709 4062 signorum
2735 4005 2889 4047 ortus
2911 4003 2968 4047 et
3004 4010 3243 4061 occasus,
3284 4008 3339 4052 et
3380 4016 3566 4054 annuae
3588 4000 3817 4073 fnigum,

2258 4090 2580 4150 temporum,
2606 4092 2680 4161 ⁸ει
2712 4083 2917 4136 dienam
2956 4087 3277 4141 mutationes
3315 4090 3447 4142 satis
3468 4092 3699 4144 mirabili
3730 4105 3821 4145 or-

2260 4170 2384 4223 dine
2416 4178 2470 4224 et
2511 4180 2659 4226 certa
2696 4172 3061 4227 vicissitudine
3088 4175 3465 4243 disponuntur,
3508 4194 3627 4247 qua:
3665 4182 3817 4252 signa

2262 4269 2405 4324 sunt,
2467 4277 2661 4331 magno
2704 4264 2927 4319 consilio
2976 4267 3230 4320 mundum
3281 4270 3415 4339 regi.
3468 4259 3602 4325 Tum
3640 4282 3818 4327 autem

614 4376 669 4419 tu
701 4365 915 4422 habeas,
957 4368 1205 4413 utrumne
1269 4364 1417 4409 tuum
1440 4354 1613 4406 virum
1662 4351 1833 4411 malis,
1875 4364 1942 4401 an
1980 4347 2119 4400 illius
2142 4347 2163 4397 Ῥ
2192 4362 2241 4423 ο
2262 4362 2571 4421 exspectata
2592 4354 2850 4408 conclusio
2873 4355 3185 4423 proferenda
3211 4366 3317 4421 est,
3340 4360 3441 4413 hoc
3463 4360 3819 4428 modonuod

616 4456 712 4508 llic
762 4452 951 4505 mulier
989 4446 1218 4501 erulmit.
1246 4439 1599 4507 Philosophus
1640 4446 1818 4489 autem
1865 4448 2162 4489 sermonem

616 4558 736 4597 cum
772 4536 1122 4604 Xenophonte
1186 4530 1432 4584 instituit.
1485 4528 1693 4593 Quaeso,
1756 4526 1951 4591 inquit,
1982 4522 2162 4577 Xeno-

614 4636 778 4703 phon,
812 4629 857 4683 si
906 4625 1110 4678 vicinus
1138 4630 1257 4675 tuus
1280 4635 1473 4687 equum
1497 4616 1769 4671 meliorem
1794 4614 1985 4669 habeat
2005 4628 2163 4681 quam

618 4733 741 4777 tuus
766 4729 870 4783 est,
921 4726 1137 4770 tuumne
1182 4713 1333 4766 malis
1383 4725 1597 4778 equum,
1643 4724 1708 4761 an
1764 4707 1966 4768 illius.?
2000 4707 2163 4767 illius,

622 4810 809 4877 inquit.
853 4804 991 4873 Quid
1014 4804 1058 4856 si
1102 4799 1319 4854 fundum
1360 4800 1631 4855 meliorem
1678 4798 1873 4851 habeat
1922 4811 2082 4863 quam
2110 4804 2164 4849 tu

618 4903 821 4960 habes,
882 4908 1102 4949 tuumne
1172 4890 1355 4953 malis,
1403 4902 1469 4940 an
1516 4887 1829 4941 meliorem?
1878 4885 2162 4947 Meliorem,

622 4990 792 5059 inquit
850 4986 999 5057 μὴ,
1044 4992 1219 5037 utrum
1261 4978 1471 5035 tandem
1503 4976 1719 5032 fundum
1754 4977 1946 5030 habere
1975 4976 2167 5029 malis?

621 5080 789 5142 illum,
848 5075 1035 5141 inquit,
1071 5072 1342 5125 meliorem
1392 5065 1639 5136 scilicet].
1701 5065 1838 5131 Quid
1866 5065 1909 5118 si
1937 5069 2167 5120 uxorem

622 5171 895 5226 meliorem
950 5164 1139 5217 habeat
1176 5177 1335 5230 quam
1371 5170 1427 5213 tu
1456 5161 1639 5223 babes,
1692 5156 1929 5227 nunquid
1952 5165 2005 5209 et
2026 5157 2169 5211 illam

622 5263 777 5317 malis
816 5255 968 5329 (ML,
1026 5262 1198 5305 utram
1248 5250 1457 5320 malis?]
1514 5248 1685 5317 Atque
1743 5247 1832 5301 hic
1876 5244 2170 5313 Xenophon

626 5370 832 5424 quoque
877 5348 1057 5403 tacuit.
1116 5346 1240 5397 Post
1285 5343 1626 5411 philosophus
1678 5358 1691 5391 :
1729 5339 1989 5404 Quoniam
2025 5346 2170 5391 uter-

627 5456 728 5510 que
756 5449 1006 5499 vestrum,
1054 5433 1245 5503 inquit,
1282 5431 1333 5484 id
1354 5430 1491 5483 mihi
1548 5428 1723 5481 solum
1745 5442 1850 5481 non
1878 5428 2171 5496 respondit,

2266 4442 2309 4495 si
2337 4442 2523 4496 melius
2568 4452 2825 4512 geruntur
2849 4458 2913 4496 ea
2952 4458 3070 4513 qum
3101 4446 3329 4499 consilio
3356 4460 3517 4516 quam
3561 4465 3681 4519 quae
3704 4451 3821 4506 sine

2265 4532 2487 4586 consilio
2524 4532 2999 4598 administrantur;
3057 4533 3152 4604 [nil
3178 4545 3351 4591 autem
3374 4540 3611 4594 omnium
3642 4555 3819 4595 rerum

2264 4623 2452 4677 melius
2500 4622 2902 4677 administratur
2950 4637 3109 4691 quam
3162 4634 3305 4681 totus
3361 4629 3645 4699 mundus];
3686 4643 3818 4684 con-

2215 4726 2221 4731 '
2264 4712 2385 4766 silis
2414 4709 2573 4777 igitur
2596 4711 2822 4764 mundus
2845 4713 3248 4768 administratur
3270 4715 3400 4785 [Αι.,
3434 4718 3667 4772 mundus
3690 4734 3819 4774 sane
3884 4780 3887 4781 ν

2264 4799 2465 4867 optime
2487 4799 2733 4871 regitur].
2761 4798 2873 4854 Hoc
2909 4809 3280 4869 argumentum
3312 4804 3572 4859 adversus
3598 4818 3691 4860 eos
3729 4822 3823 4862 τι·-

2242 4890 2357 4952 let,
2391 4890 2481 4957 qui
2524 4889 2707 4943 dicunt
2725 4890 2982 4943 mundum
3003 4905 3135 4947 casu
3150 4893 3257 4962 agi,
3288 4908 3397 4947 non
3438 4898 3661 4953 consilio
3684 4899 3817 4970 regi.

2336 4977 2466 5031 Cm.
2498 4977 2659 5045 .Quid
2678 4978 2895 5031 stultius
2914 4987 2997 5032 est
3023 4994 3184 5047 quam
3222 4982 3325 5035 hoc
3346 4994 3535 5052 putare
3553 4986 3575 5039 2
3596 4988 3819 5042 —-Au=.

2268 5065 2469 5120 Stultus
2505 5066 2664 5121 stulta
2692 5067 2942 5130 :estimat,
2980 5068 3065 5121 cui
3094 5076 3272 5123 tamen
3292 5073 3446 5141 juxta
3478 5072 3819 5129 Salomonem

2268 5159 2687 5226 respondendum
2715 5166 2819 5220 est,
2874 5172 2943 5210 ne
2967 5158 3069 5211 sibi
3096 5161 3311 5229 sapiens
3345 5165 3607 5219 videatur.

2338 5247 2466 5301 Cn.
2508 5245 2707 5299 Recoio
2733 5255 2805 5308 te,
2866 5249 3142 5320 magister,
3192 5253 3335 5306 inter
3358 5254 3615 5309 orationis
3639 5269 3821 5324 partes

2272 5338 2707 5407 reprehensionem
2736 5337 3069 5404 nominasse;
3118 5341 3209 5395 sed
3234 5349 3437 5395 tantam
3459 5342 3824 5401 conﬁrmatio-

2273 5444 2397 5481 num
2419 5425 2611 5481 seriem
2636 5422 2836 5487 audivi,
2861 5433 2921 5477 ut
2946 5427 3030 5481 vis
3056 5428 3301 5483 videatur
3322 5426 3693 5497 reprehensuri
3725 5433 3823 5489 all-

628 5531 769 5601 φιού
812 5528 1125 5599 egosolum
1164 5524 1349 5577 audire
1406 5521 1698 5585 volueram,
1737 5530 1953 5589 egomet
2000 5522 2174 5575 dicam
2273 5520 2392 5586 quis
2436 5514 2593 5585 325
2632 5514 2777 5567 locus
2804 5515 3038 5581 relictus,
3068 5533 3174 5586 quo
3206 5521 3670 5587 possitinﬁmre
3697 5538 3824 5577 οοη.

628 5620 752 5690 quid
779 5626 1275 5688 uterque‘restrum
1304 5614 1520 5682 cogitet.
1556 5610 1713 5683 [Nam
1735 5610 1832 5681 et],
1865 5620 1921 5665 tu
1958 5612 2171 5679 mulier,

2278 5606 2543 5662 ﬁrmatam
2572 5605 2638 5658 iis
2666 5607 2989 5672 argumentis
3024 5622 3258 5665 causam.
3293 5613 3522 5669 --'At.8.
3557 5615 3802 5686 Relinqui

3903 6014 4049 6089 ds.
