4266 6218
392 275 494 333 937
700 244 703 246 -
1197 274 1661 331 DIDASCALICA.
1700 303 1768 313 —
1807 269 2074 327 DIALOC.
2118 269 2204 323 DE
2245 265 2447 321 RIIEI‘.
2489 264 2574 319 ΕΤ
2617 260 2792 316 ι·ιιιί·.
3509 266 3610 320 938

398 400 484 445 tur
510 385 560 441 ei
603 384 754 442 locus
785 383 1124 452 inﬁ‘rmandi;
1160 387 1254 441 sed
1298 402 1403 441 non
1445 355 1544 440 nos
1575 386 1642 440 de
1693 398 1756 438 ea
1799 384 1957 438 dcbe-
1984 387 2032 445 Α
2061 381 2281 437 —Can.
2314 379 2424 436 IIoc
2453 382 2683 435 maxime
2712 381 2867 434 velim
2912 378 3068 436 scire.
3094 379 3360 447 quomodo
3392 378 3443 432 id
3479 381 3613 434 enini

397 493 517 536 mus
562 477 825 533 laborare.
861 477 1004 532 Pene
1048 478 1225 532 omnis
1263 493 1428 532 causa
1475 477 1528 532 in
1563 476 1738 546 seipsa
1793 475 1959 530 habet

310 589 322 606 ι
400 571 516 626 loca
537 568 887 624 conﬁrmandi
923 576 980 624 et
1016 567 1132 624 loca
1167 552 1609 636 reprehendendi.

460 658 601 737 (Cas.
643 658 944 727 Suspensus
971 673 1087 712 sum
1119 665 1294 711 tamen
1330 655 1459 726 quid
1488 653 1556 711 de
1578 669 1642 709 ea
1661 651 1794 708 velis
1821 651 1964 708 dice-

404 764 482 804 re.
518 777 587 788 —
623 743 752 820 ᾼιιι.
782 745 990 811 Dicam,
1019 753 1074 799 et
1096 744 1332 799 breviter
1365 743 1558 798 dicam.
1616 741 1963 812 Reprehensio

403 843 516 892 est.
547 850 644 906 per
671 849 831 902 quam
863 833 1283 905 argumentando
1309 831 1739 887 adversariorum
1764 830 1964 886 conﬁr-

405 925 570 982 matio
612 933 703 980 aut
746 923 1070 988 inﬁrmatur,
1107 933 1201 978 aut
1238 923 1463 977 tollitur.
1518 921 1645 977 Hac
1676 929 1854 977 autem
1877 921 1971 976 iis-

405 1017 526 1072 dem
554 1012 708 1086 μη,
741 1012 973 1086 hisdem]
997 1028 1062 1068 ex
1088 1013 1223 1068 locis
1247 1013 1506 1075 sumitur,
1547 1011 1741 1082 quibus
1764 1019 1820 1066 et
1842 1025 1970 1065 con—

405 1103 674 1168 ﬁrmatio;
725 1101 850 1170 quia
889 1100 1067 1156 omnis
1111 1115 1201 1156 res
1249 1098 1452 1173 [pene]
1478 1098 1621 1154 unde
1660 1098 1970 1154 conﬁrmari

406 1200 601 1265 potest,
633 1181 756 1246 inde
776 1200 830 1246 et
858 1189 1120 1245 inﬁrmari
1146 1198 1352 1260 potest;
1387 1190 1532 1261 quod
1556 1189 1636 1246 sic
1667 1190 1879 1254 evenit,
1926 1189 1972 1244 si

407 1293 500 1341 aut
527 1283 720 1355 falsum
750 1291 835 1338 est
856 1321 870 1348 ,
915 1283 1077 1337 unde
1116 1282 1453 1362 componitur
1488 1279 1826 1336 conﬁrmatio
1870 1279 1975 1335 hoc

407 1374 566 1431 modo
590 1391 602 1427 :
628 1371 746 1428 Non
767 1380 943 1442 potest
962 1371 1174 1442 sapiens
1202 1386 1342 1436 esse,
1367 1370 1460 1440 qui
1487 1369 1770 1442 pecuniam
1795 1368 1975 1440 negle-

409 1463 579 1537 xerit;
627 1461 780 1517 multi
818 1462 1092 1530 sapientes
1131 1460 1411 1530 pecuniam
1450 1459 1822 1530 neglexerunt.
1868 1455 1976 1511 Aut

409 1567 679 1607 commune
701 1589 719 1616 ,
764 1550 908 1620 quod
943 1549 1292 1604 nihilominus
1329 1552 1398 1605 ab
1439 1548 1761 1605 adversariis
1800 1555 1977 1618 potest

410 1641 538 1708 dici,
568 1641 672 1696 hoc
698 1639 896 1695 modo:
925 1637 1162 1705 Idcirco,
1201 1637 1443 1708 iudices,
1494 1638 1618 1708 quia
1644 1652 1827 1694 veram
1852 1652 1978 1693 eau-

2060 470 2249 540 possit.
2274 500 2343 509 —
2365 468 2494 524 Ann.
2529 469 2656 537 Ejus
2686 476 2948 538 praecepta
2978 468 3205 538 plurima
3246 477 3387 522 sunt.
3410 467 3614 543 Δ[ΑἰίειῘι

2061 563 2107 617 si
2133 562 2562 617 demonstramus
2586 601 2598 625 ,
2632 562 2774 616 illam
2815 577 2926 616 rem
2968 576 3126 632 quant
3157 562 3494 616 adversarius
3524 564 3616 617 de-
3671 633 3674 636 Q

2063 653 2263 719 fendit,
2293 654 2396 708 diis
2426 653 2832 718 immortalibus,
2859 653 3266 723 sapientissimis
3297 654 3616 716 hominibus.

2064 743 2292 807 senatui,
2322 743 2466 796 omni
2494 741 2985 811 populo'indignam
3023 742 3215 796 videri.
3276 743 3426 804 Item.
3457 742 3498 796 si
3529 744 3618 795 de-

2065 841 2426 887 monstramus
2454 832 2748 887 adversarii
2783 833 2887 886 alia
2931 831 3071 887 facta
3099 832 3332 893 crudelia
3353 873 3367 895 ,
3407 831 3618 900 iniusta.

2068 939 2230 980 avara
2254 966 2268 990 ,
2301 925 2608 989 inhonesta,
2649 924 3005 978 contumacia.
3045 923 3198 986 Item,
3229 923 3272 976 si
3304 932 3622 977 transactam

2070 1013 2184 1082 ejus
2205 1016 2369 1069 vitam
2405 1029 2689 1083 moresque
2718 1013 3096 1082 improhamus.
3150 1013 3312 1076 Item,
3339 1014 3466 1082 quid
3502 1012 3624 1066 mali

2069 1105 2141 1160 sit
2166 1105 2420 1166 futurum,
2450 1106 2494 1159 si
2520 1121 2623 1159 non
2649 1105 2919 1174 puniatur.
2956 1103 3106 1166 Item,
3138 1103 3436 1157 voluntario
3464 1104 3625 1156 male-

2072 1195 2193 1251 ficio
2240 1195 2321 1249 vel
2361 1195 2673 1249 inconsueto
2714 1195 2926 1248 veniam
2970 1208 3075 1248 non
3118 1192 3309 1246 debere
3349 1192 3462 1245 dari
3495 1191 3624 1263 HL,

2074 1301 2178 1340 non
2207 1284 2436 1357 deberi].
2477 1285 2609 1339 Item
2636 1325 2650 1349 ,
2690 1286 2734 1340 si
2773 1285 3075 1353 superbiam
3119 1284 3237 1352 eius
3260 1285 3342 1338 vel
3369 1298 3626 1352 arrogan-

2076 1378 2204 1430 tiam
2229 1375 2579 1432 ostendimus.
2616 1374 2778 1440 Item,
2810 1382 2880 1440 _ut
2916 1376 2981 1430 de
3007 1389 3065 1430 se
3090 1375 3206 1445 ipso
3225 1373 3384 1442 iudex
3414 1375 3630 1441 cogitet.

2075 1466 2160 1520 vel
2185 1467 2250 1522 de
2273 1467 2386 1521 suis
2411 1466 2623 1532 charis,
2663 1467 2708 1521 si
2740 1465 2868 1536 quid
2902 1465 3004 1520 tale
3029 1467 3108 1520 eis
3137 1466 3440 1522 accidisset.
3479 1466 3629 1530 Item,

2077 1555 2272 1611 multos
2295 1555 2501 1611 alacres
2527 1565 2860 1625 exspectare,
2887 1555 3015 1625 quid
3040 1563 3305 1609 statuatur
3336 1556 3435 1610 hac
3464 1555 3528 1611 de
3552 1570 3630 1618 re,

2076 1653 2138 1698 ut
2159 1660 2226 1700 ex
2249 1660 2315 1700 eo
2343 1646 2484 1714 quod
2526 1645 2653 1700 huic
2693 1659 3008 1701 concessum
3034 1645 3134 1710 sit,
3173 1645 3272 1700 sibi
3303 1659 3513 1714 quoque
3542 1643 3632 1697 tali

413 1748 526 1789 sam
551 1729 837 1796 habebam,
881 1728 1122 1784 breviter
1159 1725 1428 1809 peroravi.
1483 1727 1590 1783 Aut
1616 1725 1738 1782 'lcsc
1762 1735 1881 1783 est:
1915 1725 1972 1783 Si
2007 1723 2052 1784 Β
2077 1734 2142 1788 de
2169 1749 2228 1788 re
2252 1733 2381 1803 quid
2411 1734 2594 1798 liceat,
2628 1734 2922 1804 intelligere
2950 1734 3175 1802 possint.
3216 1733 3364 1795 Item,
3397 1734 3636 1802 indigna-

413 1825 468 1880 in
495 1831 727 1880 mentem
753 1837 857 1877 non
877 1822 1128 1886 venisset,
1146 1836 1252 1876 uon
1273 1819 1651 1876 commisisset.
1685 1817 1792 1873 Aut
1810 1835 1976 1873 remo-

413 1925 521 1968 tum
548 1921 602 1968 et
627 1912 838 1983 longius
857 1911 1045 1981 incipit
1067 1926 1228 1981 quam
1254 1910 1387 1966 satis
1414 1916 1498 1964 est
1539 1927 1553 1962 :
1599 1907 1656 1964 Si
1683 1907 1864 1978 Scipio
1887 1907 1978 1962 Ti-

413 2004 565 2059 berio
589 2000 830 2057 Graccho
866 2000 1031 2055 ﬁliam
1063 2015 1214 2055 suam
1255 1997 1558 2056 Corneliam
1587 2013 1693 2053 non
1722 1999 1975 2077 dedisset,

417 2092 533 2147 htec
555 2090 747 2146 seditio
769 2104 800 2143 a
830 2088 955 2144 ﬁliis
997 2104 1186 2145 eorum
1215 2089 1270 2144 in
1291 2089 1488 2160 populo
1516 2103 1623 2143 non
1649 2086 1932 2143 accidisset
1959 2101 1974 2140 :

417 2195 585 2252 quare
608 2165 844 2248 Scipioni
871 2178 976 2233 hoc
1002 2177 1201 2256 malum
1229 2177 1599 2248 imputandum
1635 2175 1788 2248 [κω
1816 2177 1978 2246 depu-

417 2263 660 2342 tandum]
687 2279 788 2325 est.
814 2271 922 2323 Aut
947 2269 1201 2339 offensum
1227 2266 1350 2340 [est,
1379 2268 1431 2324 id
1452 2265 1579 2338 est],
1609 2264 1752 2338 quod
1770 2278 1975 2329 eorum,

417 2362 510 2432 qui
538 2356 762 2416 au'diunt
785 2401 800 2426 ,
845 2359 992 2416 laedit
1011 2359 1366 2424 voluntatem,
1397 2364 1458 2412 ut
1479 2398 1494 2424 ,
1539 2357 1585 2412 si
1613 2363 1738 2413 ante
1758 2368 1979 2411 avarum

419 2449 558 2506 forte
603 2464 824 2507 accuses
867 2450 1108 2520 pecunia:
1145 2464 1401 2504 amorem.
1458 2447 1566 2503 Aut
1599 2441 1978 2510 adversarium,

422 2539 499 2614 [id
525 2540 629 2614 est]
670 2539 813 2611 quod
847 2548 951 2596 tum
995 2555 1173 2596 causa:
1210 2539 1395 2608 olllcit,
1443 2547 1524 2606 ut,
1566 2539 1609 2595 si
1634 2538 1834 2595 milites
1862 2545 1982 2591 tuos

420 2629 626 2684 hortari
651 2628 876 2692 debeas,
908 2629 1091 2696 copias
1117 2628 1350 2684 hostium
1387 2635 1442 2684 et
1473 2627 1838 2683 fortitudinem
1866 2627 1982 2680 lau-

423 2719 536 2776 des.
572 2718 725 2783 Item,
763 2717 1063 2788 mmplexio
1088 2718 1514 2790 reprehenditur,
1547 2717 1593 2772 si
1622 2716 1857 2772 converti
1887 2729 1980 2785 po-

427 2814 564 2871 test,
603 2808 708 2862 hoc
750 2808 947 2862 modo:
997 2805 1055 2861 Si
1081 2814 1313 2871 veretur,
1363 2821 1470 2862 non
1509 2815 1594 2861 est
1630 2803 1978 2868 accusandus,

425 2898 554 2969 quia
601 2900 804 2969 probus
841 2905 952 2963 est;
979 2897 1024 2953 si
1052 2897 1224 2970 [vero]
1255 2913 1360 2953 non
1401 2906 1635 2963 veretur,
1680 2897 1782 2952 scit
1808 2910 1865 2951 se
1897 2895 1980 2949 in-

426 2997 704 3044 nocentem
753 3003 872 3042 esse
898 3027 912 3053 ,
943 2999 998 3042 et
1035 2987 1156 3042 ideo
1188 3002 1306 3042 non
1347 2993 1431 3041 est
1456 2987 1805 3041 accusandus.
1859 2983 1978 3050 llic,

427 3078 598 3132 vereri
621 3091 740 3132 eum
783 3079 897 3133 sive
935 3090 1041 3132 non
1068 3077 1244 3132 vereri
1271 3077 1446 3141 dicas,
1482 3078 1586 3131 hoc
1609 3085 1760 3145 putat
1791 3089 1982 3130 conce-
2006 3057 2052 3116 (ἶ

429 3167 679 3232 dendum,
722 3174 781 3220 ut
825 3173 981 3235 neget
1003 3181 1061 3221 se
1081 3180 1200 3221 esse
1239 3161 1596 3224 accusandum
1644 3163 1792 3237 [Ma..
1823 3178 1982 3234 neges

427 3274 545 3314 esse
565 3257 981 3330 accusandum];
1031 3260 1172 3329 quod
1200 3259 1546 3313 conversione
1577 3257 1653 3311 sic
1689 3255 1980 3326 reprehen-

389 3406 396 3412 _
428 3350 610 3404 ditur:
639 3349 753 3404 Imo
791 3351 1122 3404 accusandus
1168 3359 1280 3415 est;
1311 3349 1356 3404 si
1386 3356 1630 3411 veretur,
1675 3355 1904 3402 testatur
1927 3362 1983 3398 se

432 3439 768 3494 innocentem
813 3454 918 3492 non
964 3454 1120 3494 esse:
1152 3439 1194 3493 si
1223 3454 1350 3494 vero
1374 3454 1480 3493 non
1516 3446 1749 3501 veretur,
1787 3438 1986 3507 probus

431 3544 537 3584 non
561 3537 660 3592 est,
689 3536 743 3582 et
773 3528 890 3581 ideo
912 3525 1242 3582 accusandus
1261 3535 1360 3581 est.
1400 3527 1528 3582 Item
1549 3525 1881 3581 enumeratio
1904 3539 1986 3576 re-

432 3618 798 3688 prehenditur,
836 3617 879 3672 si
907 3617 1211 3684 prteteritur
1250 3616 1501 3684 quiddam
1537 3616 1591 3670 in
1628 3614 1983 3669 enumeratio-

433 3722 521 3771 ne,
551 3707 651 3761 hoc
675 3707 866 3761 modo:
893 3706 1027 3772 Quia
1059 3695 1227 3760 babes
1252 3721 1446 3774 equum
1474 3691 1655 3769 istum,
1686 3707 1778 3757 aut
1810 3702 1982 3756 emisti

433 3811 575 3861 eum,
606 3801 698 3850 aut
724 3797 1031 3851 hereditate
1074 3796 1169 3850 tibi
1217 3798 1414 3853 evenit.
1463 3802 1556 3848 aut
1588 3807 1808 3848 munere
1835 3792 1988 3847 datus

435 3887 530 3941 tibi
571 3893 654 3940 est
689 3885 804 3957 [aut
840 3886 981 3940 domi
1018 3893 1176 3940 natus
1206 3883 1333 3956 est].
1389 3884 1527 3947 Aut,
1565 3884 1608 3939 si
1638 3885 1827 3938 horum
1858 3881 1989 3936 nihil

435 3983 544 4039 est,
595 3972 924 4043 subripueris
951 3987 1074 4027 eum
1103 3987 1318 4028 necesse
1357 3981 1459 4027 est.
1521 3971 1673 4038 Quod
1701 3971 1802 4027 hoc
1832 3972 1990 4025 modo

437 4062 866 4133 reprehenditur,
913 4061 959 4116 si
1005 4062 1109 4118 dici
1135 4069 1309 4132 potest
1330 4077 1397 4116 ex
1427 4064 1672 4118 hostibus
1704 4077 1822 4118 esse
1860 4076 1987 4131 cap-

439 4161 572 4206 tum.
613 4151 708 4205 His
751 4160 805 4205 et
848 4151 968 4205 aliis
1001 4151 1183 4206 multis
1220 4150 1390 4204 modis
1432 4151 1745 4218 reprehendi
1768 4158 1990 4220 possunt

441 4240 928 4311 argumentationes
951 4279 967 4305 ,
1006 4238 1096 4308 qui
1142 4253 1350 4292 summo
1391 4237 1566 4291 studio
1600 4238 1823 4292 cavendi
1867 4245 1992 4292 sunt

440 4330 639 4384 oratori
681 4331 883 4400 magis,
928 4343 1087 4398 quam
1119 4327 1244 4383 mihi
1263 4368 1277 4391 ,
1309 4335 1524 4397 propter
1547 4325 1862 4381 brevitatem
1891 4341 1987 4380 ex-

441 4420 712 4491 planandi.

511 4506 642 4562 Cas.
691 4507 875 4562 Restat
919 4502 1180 4564 conclusio
1223 4511 1368 4574 sola,
1394 4516 1581 4579 ‘quam
1628 4525 1721 4565 sex
1762 4511 1990 4581 partium

443 4599 701 4654 orationis
728 4599 954 4670 posuisti
981 4606 1277 4654 extremam
1295 4639 1310 4664 ,
1352 4601 1418 4654 de
1445 4615 1549 4669 qua
1577 4602 1711 4657 ordo
1736 4603 1990 4670 postulat,

443 4698 505 4757 ut
533 4689 703 4744 dicas.
725 4688 942 4743 —-At.s.
969 4686 1244 4741 Conclusio
1271 4695 1356 4742 est
1389 4688 1561 4742 exitus
1592 4697 1649 4743 et
1667 4692 1991 4763 determina-

446 4775 522 4830 tio
546 4777 708 4832 totius
729 4791 924 4832 cause.
949 4807 1019 4817 —
1040 4776 1169 4833 (λιιι.
1201 4775 1342 4843 Quot
1363 4777 1525 4831 habet
1543 4777 1755 4845 partes?
1775 4809 1845 4820 —
1864 4779 1989 4835 Αιιι.

448 4861 606 4919 Tres.
638 4863 1126 4932 Enumerationem,
1159 4865 1601 4935 indignationem,
1647 4867 1996 4933 conquestio-

449 4965 592 5006 nem.
610 4950 831 5006 —-Cn.
863 4953 1209 5009 Enumeratio
1238 4953 1593 5008 conclusionis
1631 4969 1750 5022 qua:
1779 4955 1901 5008 est?
1928 4985 1997 4995 —

394 5123 403 5130 λ
447 5045 580 5100 An.
607 5028 947 5102 Enumeratio
977 5045 1336 5103 conclusionis
1362 5055 1466 5111 est,
1493 5061 1589 5116 per
1615 5059 1772 5116 quam
1800 5059 1885 5099 res
1913 5045 1995 5098 di-

450 5148 645 5206 spersae
689 5135 744 5189 in
795 5147 959 5187 unum
999 5131 1175 5187 locum
1216 5143 1496 5202 coguntur,
1531 5143 1585 5190 et
1622 5133 1997 5189 reminiscendi

449 5238 612 5279 causa
647 5239 813 5279 unum
854 5224 952 5277 sub
993 5231 1264 5290 aspectum
1303 5225 1459 5279 simul
1492 5225 1865 5294 subjiciuntur,
1898 5223 1999 5277 hoc

449 5312 646 5368 modo:
675 5311 938 5378 Quidnam
967 5311 1194 5381 amplius
1216 5311 1550 5380 desideratis,
1579 5330 1612 5369 ο
1629 5315 1852 5384 iudices,
1877 5329 1998 5368 cum

451 5401 604 5456 vobis
621 5401 723 5455 hoc
747 5408 802 5454 ot
827 5402 931 5456 hoc
950 5402 1092 5467 dixi;
1131 5402 1234 5456 hoc
1253 5402 1430 5456 ethoc
1450 5403 1666 5474 planum
1694 5401 1826 5458 feci?

519 5483 648 5546 Cas.
677 5488 814 5556 Quid
831 5488 992 5544 eﬁlclt
1010 5490 1335 5560 indignatio?
1359 5519 1428 5530 —
1451 5493 1581 5547 Acs.
1614 5492 1802 5548 Odium
1829 5493 1882 5546 in
1908 5493 1998 5549 ad-

453 5579 744 5638 versarium
766 5587 822 5634 et
841 5577 1019 5650 [Μαι.
1037 5578 1143 5651 vel]
1165 5579 1507 5638 oﬂ‘ensionem
1543 5583 1595 5637 in
1621 5582 1736 5653 eius
1757 5598 1994 5638 causam.

803 5669 1074 5729 Panos.
1121 5667 1220 5728 CI.

2074 1837 2194 1876 mur
2214 1829 2441 1902 tetrum,
2485 1821 2730 1886 crudele,
2777 1822 3071 1902 nefarium,
3103 1823 3438 1894 tyrannicum
3465 1822 3639 1877 scelus

2075 1927 2179 1966 non
2203 1911 2422 1977 ulcisci;
2460 1911 2604 1982 quod
2621 1919 2886 1966 remotum
2908 1912 2979 1966 sit
3005 1913 3074 1966 ab
3093 1912 3238 1966 omni
3260 1912 3375 1983 lege
3401 1919 3456 1966 et
3474 1913 3637 1980 mqui-

2075 2010 2218 2066 tate,
2263 2001 2368 2056 tale
2397 2000 2596 2056 factum
2623 2017 2729 2056 non
2764 2001 3046 2057 vindicari.
3096 1991 3358 2068 Item,‘in
3391 2017 3513 2056 eum
3541 2003 3634 2070 qui

2061 2089 2292 2162 .lagderet
2320 2088 2501 2160 [Mss.,
2525 2089 2579 2144 in
2613 2105 2708 2146 eos
2730 2130 2744 2154 ,
2775 2091 2865 2160 qui
2895 2089 3110 2162 laedere]
3138 2091 3300 2156 alios,
3329 2106 3428 2146 nec
3449 2107 3508 2147 se
3540 2092 3632 2144 dr-

2076 2159 2292 2230 fendere
2320 2159 2626 2246 potuerunt,
2658 2159 2946 2232 crudeliter
2991 2159 3131 2232 facta
3175 2177 3442 2244 dicemus,
3488 2188 3545 2233 ut
3579 2180 3633 2234 in

2075 2282 2291 2336 pueros,
2323 2266 2596 2331 mulieres,
2628 2281 2804 2332 senes,
2838 2268 3098 2325 inﬁrmos.
3139 2270 3290 2334 Item,
3324 2272 3378 2327 in
3401 2272 3634 2341 pcregri-

2078 2370 2196 2422 nos,
2221 2356 2275 2410 in
2297 2356 2551 2426 hospites,
2585 2358 2638 2410 in
2666 2357 2900 2421 vicinos,
2931 2359 2985 2412 in
3013 2359 3214 2414 amicos
3239 2361 3439 2414 atrocia
3464 2370 3633 2431 gesta.

2077 2443 2232 2508 Item,
2258 2450 2316 2500 ut
2337 2444 2510 2515 iudex.
2523 2446 2700 2500 videat
2717 2486 2732 2510 ,
2773 2445 2819 2500 si
2852 2447 2964 2516 ipse
2987 2445 3290 2509 interfuerit
3313 2462 3375 2522 ac
3401 2462 3635 2518 praesens

2079 2533 2290 2590 viderit.
2329 2533 2487 2600 Item,
2518 2535 2564 2590 si
2590 2535 2796 2590 ostendi
2818 2544 2996 2604 potest
3017 2536 3086 2591 ab
3112 2552 3176 2592 eo
3199 2535 3426 2597 factum,
3470 2551 3635 2606 aquo

2079 2623 2297 2678 minime
2317 2623 2644 2694 oportuerit,
2689 2633 2742 2677 et
2767 2638 2796 2677 τι
2825 2639 2954 2694 quo,
2985 2625 3030 2680 si
3059 2623 3196 2679 alius
3223 2623 3433 2690 fecerit,
3457 2626 3641 2694 prohi-

2078 2714 2194 2770 beri
2219 2715 2545 2776 eonveniret.
2589 2713 2683 2769 llis
2725 2725 2780 2769 et
2827 2716 2945 2771 aliis
2979 2716 3143 2788 326
3177 2715 3418 2785 pluribus
3447 2716 3640 2781 modis,
3677 2777 3685 2790 θ
3744 2768 3746 2770 ,

2080 2814 2240 2878 prout
2279 2822 2337 2878 se
2361 2822 2546 2872 causa,
2578 2807 2747 2870 locus,
2781 2815 2990 2876 tempus
3017 2823 3360 2876 personaeque
3389 2807 3639 2878 afferunt,

2083 2898 2496 2968 indignationem
2538 2897 2620 2952 vel
2650 2897 2992 2960 offensionem
3035 2897 3089 2953 in
3119 2898 3484 2952 adversarium
3509 2913 3642 2953 con-

2083 2989 2251 3043 citare
2298 2988 2478 3043 debes.
2516 3016 2587 3026 —
2625 2987 2755 3041 (λιι.
2798 2972 2936 3042 Bene
2993 2987 3228 3057 intelligo
3271 2990 3335 3042 de
3383 2987 3640 3056 eiusmodi

2084 3077 2328 3131 oratione
2355 3091 2511 3144 posse
2536 3075 2744 3129 animos
2774 3075 3100 3129 audientium
3132 3077 3197 3130 ad
3231 3076 3642 3146 indignationem

2084 3167 2344 3236 instigari.
2379 3196 2445 3204 —
2471 3166 2603 3225 Aw.
2631 3165 2847 3220 Namut
2869 3165 2999 3231 dixi,
3027 3182 3091 3220 ex
3115 3167 3198 3220 his
3227 3169 3646 3238 argumentatio-

2083 3259 2257 3318 nibus,
2283 3273 2400 3326 qua:
2421 3273 2485 3325 ex
2516 3259 2758 3326 personis
2791 3266 2844 3311 et
2883 3272 2948 3311 ex
2976 3259 3204 3327 negotiis
3231 3260 3497 3325 eveniunt,
3532 3276 3644 3315 am-

2083 3346 2433 3416 pliﬁcationes
2463 3356 2515 3400 et
2541 3347 2927 3417 indignationes
2962 3349 3104 3403 nasci
3131 3357 3370 3418 possunt.

2153 3479 2284 3534 Cu.
2323 3479 2573 3543 Possunt,
2598 3489 2654 3534 ut
2679 3489 2881 3535 certum
2909 3488 3082 3534 teneo.
3128 3474 3240 3540 'Sed
3269 3482 3394 3548 quid
3420 3482 3489 3534 sit
3517 3497 3645 3536 con-

2084 3569 2311 3633 questio,
2341 3576 2394 3620 et
2417 3568 2542 3634 quid
2565 3566 2788 3632 elliciat,
2829 3576 2885 3621 et
2911 3569 3174 3637 quomodo
3205 3571 3272 3623 sit
3295 3570 3640 3639 perﬁcienda,

2085 3655 2299 3710 edicito.
2323 3686 2391 3695 —
2415 3656 2542 3710 Ana.
2577 3655 2885 3726 Conquestio
2911 3666 2991 3711 est
3017 3659 3187 3714 oratio
3220 3657 3524 3716 auditorum
3542 3665 3642 3717 mi-

2087 3748 2430 3801 sericordiam
2467 3758 2704 3817 captans.
2764 3749 2817 3802 In
2853 3749 2954 3803 hac
2980 3749 3209 3819 primum
3237 3753 3469 3805 animum
3498 3753 3646 3806 audi-

2088 3840 2220 3893 toris
2249 3840 2430 3892 mitem
2462 3855 2523 3893 ac
2546 3841 2946 3894 misericordem
2976 3841 3239 3895 conﬁcere
3270 3852 3497 3912 oportet,
3527 3861 3645 3914 qua!

2089 3930 2270 3983 multis
2300 3930 2471 3983 modis
2497 3930 2572 3990 lit,
2612 3938 2671 3983 ut
2707 3945 2824 3998 qua:
2849 3932 3124 3984 commoda
3148 3932 3466 4000 perdiderit,
3507 3943 3560 3986 et
3592 3935 3644 3987 in

2089 4020 2282 4088 quibus
2304 4020 2654 4073 incommodis
2678 4020 2784 4071 sit:
2818 4027 2877 4071 ut
2900 4019 2952 4072 in
2985 4028 3156 4073 morte
3186 4020 3278 4072 lilii
3305 4035 3472 4085 amor,
3500 4037 3641 4090 spes,

2089 4109 2375 4171 solatium,
2415 4108 2678 4162 educatio.
2738 4107 2895 4170 Item,
2946 4117 3145 4177 quanta
3185 4110 3319 4163 bona
3359 4109 3570 4168 fecisset
3592 4114 3645 4167 ei
3709 4141 3714 4145 ~

2090 4199 2182 4268 qui
2209 4207 2354 4252 tanta
2378 4198 2517 4251 mala
2548 4196 2670 4251 fecit
2695 4196 2873 4269 [Mss.,
2902 4198 3136 4270 fecisset]
3163 4199 3283 4260 sibi.
3309 4199 3460 4264 Item,
3484 4216 3644 4270 quam

2092 4295 2275 4356 turpes
2301 4302 2386 4340 res
2415 4295 2468 4340 et
2507 4286 2792 4340 illiberales
2837 4287 3171 4341 adversarius
3208 4287 3428 4356 profert.
3490 4290 3642 4353 Item,

2016 4385 2066 4444 υ
2091 4391 2251 4444 quam
2277 4376 2532 4429 miserum
2556 4377 2706 4430 vobis
2734 4378 3026 4442 videretur,
3060 4392 3092 4431 ο
3110 4376 3319 4455 iudices
3337 4419 3350 4443 ,
3380 4380 3423 4432 si
3449 4379 3648 4435 adfuis-

2093 4467 2241 4521 setis.
2279 4465 2431 4529 Item,
2466 4465 2592 4519 dum
2620 4467 2757 4520 bona
2782 4462 3301 4534 speravi,'venerunt
3327 4473 3456 4527 mihi
3483 4473 3643 4527 mala.

2092 4554 2220 4608 item
2248 4555 2447 4624 inopia,
2478 4554 2778 4616 inﬁrmitas,
2810 4553 3094 4612 infelicitas
3118 4558 3295 4629 [Mss.,
3324 4561 3648 4617 inﬁrmitatis

2094 4640 2398 4713 infelicitas]
2439 4643 2801 4710 conqueritur.
2861 4644 3021 4708 Item,
3068 4643 3351 4712 disiunctio
3389 4650 3646 4717 parentis.

2070 4729 2209 4795 .ﬁlii,
2233 4731 2424 4795 amici,
2461 4728 2643 4784 fratris
2661 4771 2674 4795 ,
2719 4733 2903 4787 uxoris
2929 4741 2984 4786 et
3007 4733 3248 4787 suavium
3277 4749 3645 4804 personarum.

2093 4823 2245 4888 Item,
2277 4824 2418 4893 quod
2440 4822 2578 4878 male
2605 4831 2860 4879 tractetur
2885 4825 2950 4879 ab
2973 4825 3050 4880 eis
3067 4865 3080 4890 ,
3124 4841 3151 4878 a
3176 4825 3367 4895 quibus
3390 4842 3495 4882 non
3522 4843 3652 4883 con-

2063 4966 2071 4982 ,
2095 4915 2294 4981 veniat,
2320 4915 2534 4978 amicis,
2557 4914 2744 4968 servis.
2785 4913 2939 4978 Item,
2968 4929 3126 4984 quam
3155 4915 3455 4970 misericors
3477 4932 3647 4972 essem

2097 5007 2344 5073 inillum.
2401 5004 2532 5060 Nam
2563 5005 2800 5074 gravitas
2839 5009 2894 5056 et
2933 5004 3220 5060 auctoritas
3249 5006 3507 5060 sermonis
3529 5006 3650 5074 plus

2097 5100 2353 5164 provocat
2409 5091 2592 5163 [Μαίη¹
2633 5088 2864 5160 proﬁcit]
2905 5104 3043 5160 saepe
3093 5091 3160 5144 ad
3207 5093 3646 5158 misericordiam,

2098 5198 2260 5253 quam
2283 5181 2556 5236 humilitas
2576 5188 2632 5234 et
2660 5180 2980 5235 obsecratio.
3019 5179 3122 5236 Sed
3151 5197 3292 5236 nunc
3328 5181 3554 5255 [habes]
3585 5186 3651 5242 de

2099 5274 2272 5343 prima
2301 5279 2357 5326 et
2379 5269 2612 5324 maxima
2638 5279 2793 5338 parte
2823 5271 3101 5324 rhetorica:
3142 5272 3293 5336 artis,
3337 5273 3388 5326 ld
3413 5283 3521 5334 est,
3569 5276 3651 5326 in-

2098 5361 2348 5425 sentiant.
2388 5358 2513 5415 lam
2536 5368 2871 5414 transeamus
2895 5357 2962 5413 ad
2991 5359 3124 5422 alias
3148 5371 3344 5430 partes.

2170 5491 2301 5547 Cn.
2343 5488 2722 5543 Transeamus.
2765 5487 2869 5543 Sed
2910 5490 3138 5558 primum
3179 5490 3265 5545 dic
3305 5505 3421 5559 quae
3469 5489 3644 5561 ψει,

2101 5581 2249 5653 quid]
2281 5582 2351 5637 sit
2371 5580 2660 5651 sophistica
2684 5579 2998 5636 locutio?—
3015 5577 3143 5634 Ars.
3179 5581 3234 5634 Si
3269 5597 3350 5636 me
3379 5582 3509 5635 alius
3531 5583 3648 5649 quis

3221 5672 3297 5731 30
