4266 6184
582 284 684 338 939
709 341 714 346 ‘

1414 273 1476 326 Β.
1512 271 1575 325 F.
1608 268 1833 324 ALBlNl
1866 263 2306 322 SEU'ALCUINI
2344 260 2625 320 OPERUM
2646 258 2824 314 PARS
2845 259 2952 314 VII.

3686 253 3793 308 940

582 394 652 449 de
678 390 857 447 schola
898 385 1081 457 palatii
1112 385 1186 439 tui
1229 357 1610 452 interrogasset
1633 419 1649 446 ,
1699 378 1921 433 forsitan
1944 374 2131 459 μιωη
2153 383 2212 442 -Δ
2238 375 2354 428 sine
2380 358 2646 444 ambiguo,
2682 389 2799 429 .non
2826 365 2986 426 nimis
3021 370 3206 440 procul
3226 367 3401 424 dnctis
3425 366 3790 423 translationi-

584 478 792 551 forsan]
819 477 1167 532 ostendissem
1189 473 1255 527 ei.

658 568 788 623 CAR.
825 565 932 621 Cur
976 563 1128 617 alteri
1177 567 1233 616 et
1274 575 1378 614 non
1406 556 1674 612 mihi?An
1699 555 1904 610 invides
1935 561 1996 608 ut
2039 553 2141 607 hoc

591 659 756 714 sciam
782 655 956 728 [Mss.,
983 653 1186 715 invides
1206 665 1291 705 me
1319 646 1516 718 scire]?
1535 646 1744 700 -—-Ar.s.
1766 644 1883 699 Non
1909 645 2138 709 invideo,

591 748 682 804 sed
731 759 891 816 parco
943 749 998 796 et
1040 735 1504 795 bonoro.—st.
1548 733 1662 788 Non
1690 733 1844 788 video
1883 733 2140 786 honorem

581 838 722 893 mihi
751 849 887 899 esse,
917 836 1039 888 dum
1069 834 1391 899 interrogata
1419 841 1598 897 negas.
1623 824 1842 879 —ALa-.
1868 823 2019 877 Licet
2043 823 2142 876 mi-

591 933 643 986 hi
694 933 1022 996 interrogare
1056 925 1230 978 te?—
1256 921 1388 976 CAR.
1424 919 1532 974 Cur
1563 917 1702 972 non?
1753 915 1886 969 Nam
1917 915 2139 968 interro-

592 1040 717 1096 gare
743 1023 1006 1093 sapienter
1048 1026 1130 1073 est
1156 1016 1385 1070 docere:
1414 1021 1470 1068 et
1511 1011 1556 1065 si
1592 1009 1728 1064 alter
1757 1007 1827 1062 sit
1856 1008 1944 1076 qui
1979 1007 2143 1096 inter:

593 1095 761 1186 rogat,
800 1113 934 1166 alter
979 1109 1070 1179 qui
1119 1108 1296 1168 docet,
1348 1119 1415 1158 ex
1462 1115 1571 1155 uno
1605 1108 1782 1154 tamen
1807 1137 1821 1163 ,
1874 1096 2000 1168 [hoc
2028 1095 2140 1186 est]

595 1185 865 1274 sapientia:
907 1199 1050 1253 fonte
1090 1196 1370 1262 utriusque
1409 1205 1598 1245 sensus
1641 1188 1898 1258 procedit.
1921 1185 2141 1240 —ALs.

588 1297 765 1350 Etiam
794 1277 1054 1361 procedit.
1095 1287 1162 1340 Et
1187 1285 1231 1338 si
1257 1283 1390 1337 alter
1410 1287 1510 1343 est,
1535 1279 1624 1348 qui
1651 1279 1976 1346 interrogat,
2008 1275 2145 1329 alter

588 1387 684 1456 qui
729 1381 1043 1452 respondeat
1087 1375 1266 1448 [Mss.,
1291 1369 1634 1441 respondet],
1677 1377 1805 1422 tunc
1840 1375 1894 1420 tu
1929 1366 2143 1456 quidem

591 1455 700 1530 non
725 1490 785 1528 es
811 1473 951 1526 idem
978 1468 1069 1537 qui
1101 1466 1400 1533 interrogas
1425 1460 1564 1530 quod
1587 1473 1686 1529 ego
1708 1458 1799 1526 qui
1825 1455 2140 1525 respondeo.

591 1595 661 1606 ——
683 1563 811 1619 CAR.
843 1559 1186 1628 Nequaquam
1215 1554 1372 1607 idem.
1397 1581 1467 1591 —
1485 1549 1613 1604 Aut.
1641 1548 1779 1615 Quid
1808 1547 1900 1601 tu?
1918 1576 1990 1586 -—
2011 1545 2143 1600 CAR.

593 1658 704 1726 Ego
729 1655 904 1708 homo.
927 1679 996 1690 —-
1021 1648 1152 1700 Acs.
1189 1644 1350 1698 Vides
1378 1640 1642 1710 quomodo
1674 1646 1728 1691 tu
1754 1651 1839 1690 me
1861 1635 2144 1690 conclude-

597 1761 656 1801 re
679 1741 865 1814 potes?
893 1769 962 1779 -—
989 1737 1123 1792 Cas.
1159 1731 1466 1800 Quomodo?
1489 1759 1559 1768 -
1587 1728 1717 1782 ALB.
1745 1726 1801 1781 Si
1843 1726 1975 1780 dicis
2000 1743 2012 1779 :
2037 1740 2143 1778 non

597 1833 736 1888 idem
763 1847 861 1901 ego
882 1837 936 1883 et
960 1837 1046 1892 tu;
1091 1833 1145 1880 et
1178 1838 1276 1891 ego
1305 1823 1488 1885 homo,
1521 1832 1852 1886 consequens
1876 1831 1964 1878 es,
2001 1822 2061 1868 ut
2090 1822 2146 1867 tu

599 1925 758 1977 homo
808 1934 911 1973 non
963 1916 1057 1970 sis.
1099 1941 1168 1952 —-
1207 1911 1337 1967 Gut.
1381 1909 1743 1977 Consequens.
1770 1935 1841 1944 —
1868 1903 1998 1958 ALB.
2042 1901 2150 1956 Sed

598 2019 728 2082 quot
769 2007 996 2080 syllabas
1034 2005 1196 2059 habet
1234 1999 1432 2055 homo?
1464 2027 1535 2037 —
1560 1997 1692 2051 CAR.
1738 1994 1899 2048 Duas.
1928 2023 1998 2032 —
2019 1991 2145 2045 ALB.

598 2100 846 2169 Nunquid
865 2108 921 2154 tu
942 2097 1059 2151 dua:
1078 2095 1178 2150 illa:
1197 2093 1413 2162 syllaba:
1438 2087 1751 2143 θεῖ-(1η.
1780 2084 2145 2154 Nequaquam.

603 2191 707 2246 Sed
732 2201 984 2258 quorsum
1011 2185 1145 2239 ista?
1163 2212 1236 2224 --
1259 2181 1388 2235 Aur.
1418 2178 1486 2234 Ut
1512 2176 1860 2258 sophisticam
1889 2173 2152 2241 intelligas

601 2256 914 2341 versutiam,
941 2284 996 2329 et
1015 2273 1195 2328 videas
1234 2268 1498 2339 quomodo
1533 2256 1777 2321 cencludi
1820 2270 1971 2332 potes
2017 2258 2152 2330 [Al.,

600 2368 820 2443 potest].
843 2399 913 2408 —
935 2366 1065 2421 Cm.
1092 2363 1258 2419 Video
1287 2370 1341 2415 et
1368 2358 1622 2428 intelligo,
1649 2371 1715 2409 ex
1736 2354 2005 2423 prioribus
2026 2366 2153 2443 con-

603 2440 797 2522 cessis,
810 2458 934 2511 dum
963 2451 1235 2514 concessi,
1277 2457 1337 2502 ut
1360 2456 1414 2501 et
1441 2460 1539 2516 ego
1565 2445 1725 2499 homo
1753 2456 1949 2506 essem,
1976 2447 2032 2494 et
2053 2440 2150 2492 bo-

606 2564 694 2604 mo
723 2548 826 2602 duo
849 2543 1062 2614 syllabae
1086 2547 1228 2604 sunt,
1276 2536 1517 2593 concludi
1545 2550 1630 2591 me
1653 2547 1833 2604 posse,
1861 2539 1919 2586 ut
1944 2545 2042 2600 ego
2070 2530 2153 2584 hac

605 2641 721 2694 duae
750 2635 963 2708 syllabae
987 2634 1106 2687 sim.
1146 2631 1213 2684 Et
1237 2629 1423 2694 miror,
1450 2641 1610 2695 quam
1638 2625 1867 2677 latenter
1901 2618 2155 2674 induxisti

605 2743 690 2783 me
712 2727 876 2796 prius,
904 2733 962 2778 ut
985 2720 1350 2777 concluderem
1381 2724 1454 2781 te,
1481 2709 1621 2785 quod
1650 2714 1809 2767 homo
1836 2726 1944 2764 non
1973 2721 2154 2774 esses;

605 2828 725 2888 post
744 2825 797 2872 et
816 2816 1100 2883 meipsum,
1125 2796 1266 2880 quod
1293 2811 1411 2863 duae
1436 2807 1654 2877 syllabae
1679 2818 1875 2858 essem.

1078 2922 1165 2975 DE
1203 2916 1686 2974 DlSPOSlTlONE.

2241 466 2359 530 bus,
2383 480 2484 520 nec
2507 465 2820 534 interposito
2850 464 3148 533 hyperbato
3184 460 3371 532 [κει.
3398 458 3792 531 hyperbaton]?

2309 572 2441 628 CAR.
2470 573 2747 640 Quomodo
2770 572 2999 642 facunda
3016 573 3040 625 .9
3058 601 3128 612 --
3152 571 3282 625 ALB.
3319 569 3566 625 Facunda
3594 561 3720 635 erit,
3745 570 3794 625 si

2239 666 2602 737 grammatica:
2634 664 2845 734 regulas
2873 673 3082 728 servet,
3121 672 3177 718 et
3208 664 3527 737 auctoritate
3550 671 3792 716 veterum

2239 732 2508 811 fulciatur.
2533 784 2605 796 -—
2638 732 2770 809 Clin.
2811 752 3049 820 Qualiter
3075 754 3141 808 ad
3175 732 3546 808 auctoritatem
3582 753 3792 821 prisco-

2241 860 2359 897 rum
2384 844 2561 912 potest
2584 845 2759 898 oratio
2781 853 2963 898 nostra
2987 844 3384 914 pervenire?——
3405 843 3535 897 Aw.
3559 842 3794 912 Legendi

2241 942 2365 988 sunt
2393 942 2670 992 auctorum
2703 935 2842 996 libri,
2875 949 3166 1002 eorumque
3192 935 3329 988 bene
3355 934 3496 988 dicta
3521 934 3794 988 memoria:

2241 1013 2662 1079 commendanda
2676 1023 2924 1095 [quorum
2943 1037 3189 1078 sermone
3209 1022 3496 1078 assuefacti
3510 1023 3599 1091 qui
3614 1030 3789 1085 erunt,

2241 1126 2310 1165 ne
2347 1113 2622 1179 cupientes
2661 1111 2873 1181 quidem
2910 1119 3161 1181 poterunt
3194 1111 3370 1181 loqui,
3409 1112 3512 1166 nisi
3558 1109 3792 1183 ornate].

2241 1201 2423 1271 Neque
2449 1210 2626 1257 tamen
2648 1201 2777 1274 [Al.,
2797 1203 2962 1276 enim]
2987 1205 3242 1279 utendum
3263 1204 3367 1258 erit
3386 1204 3576 1274 priscis
3594 1204 3793 1270 verbis,

2243 1289 2434 1358 quibus
2453 1289 2567 1359 jam
2593 1292 2918 1346 cdnsuetudo
2951 1300 3133 1346 nostra
3162 1308 3268 1346 non
3295 1293 3479 1355 utitur,
3512 1291 3613 1347 nisi
3648 1306 3794 1356 raro,

2243 1381 2467 1435 ornandi
2496 1389 2738 1436 causa'et
2764 1396 2954 1451 parce;
2995 1384 3087 1438 sed
3113 1389 3292 1437 tamen
3320 1384 3530 1437 usitatis
3559 1383 3680 1452 plus
3702 1398 3796 1437 or-

2244 1480 2405 1527 natur
2429 1472 2751 1542 eloquentia.

2287 1580 2444 1638 'Cln.
2472 1584 2556 1636 An
2587 1584 2755 1655 magis
2777 1594 3002 1639 ornatur
3032 1587 3085 1640 in
3115 1586 3337 1656 singulis
3360 1586 3570 1648 verbis,
3615 1583 3700 1638 vel
3744 1584 3800 1637 in

2175 1704 2224 1766 Β
2247 1673 2621 1766 conjunctione
2646 1676 2930 1729 verborum
2959 1673 3259 1744 eloquentia
3279 1675 3390 1744 ie-
3417 1673 3546 1728 Aus.
3575 1672 3809 1729 Utrum-.

2249 1781 2370 1835 que.
2402 1765 2537 1819 Nam
2567 1767 2622 1819 in
2647 1766 2867 1837 singulis
2891 1767 3090 1830 verbis,
3117 1774 3174 1821 et
3198 1767 3252 1820 in
3281 1766 3656 1836 conjunctione
3680 1779 3800 1819 ver-

2247 1855 2436 1909 borum
2460 1854 2623 1908 decus
2646 1855 2904 1909 orationis
2927 1862 3156 1909 constat.

2319 1963 2448 2017 CAR.
2487 1964 2543 2017 Si
2582 1964 2636 2018 in
2671 1964 2913 2032 utrisque
2948 1972 3186 2026 constat,
3223 1964 3288 2018 de
3321 1964 3562 2032 utrisque
3599 1963 3703 2017 dic.
3728 1991 3802 2002 —

2249 2052 2378 2108 ALB.
2418 2054 2476 2106 In
2502 2053 2726 2124 singulis
2748 2055 2930 2109 verbis
2956 2055 3062 2109 duo
3089 2062 3214 2109 sunt
3248 2069 3366 2121 qua:
3398 2054 3697 2108 orationem
3733 2052 3800 2105 il-

2251 2143 2511 2207 lustrant;
2564 2151 2657 2196 aut
2699 2144 2745 2198 si
2786 2144 2857 2197 sit
2897 2144 3173 2212 proprium
3201 2144 3457 2207 verbum,
3504 2151 3595 2197 aut
3638 2142 3684 2196 si
3731 2142 3805 2196 sit

2253 2232 2591 2287 translatum.
2637 2233 2694 2287 In
2724 2234 2954 2304 propriis
2984 2233 3073 2287 illa
3109 2232 3226 2288 laus
3249 2243 3365 2297 est,
3407 2235 3469 2287 ut
3503 2231 3710 2300 abjwta
3750 2239 3808 2286 et

2251 2323 2562 2379 inconsueta
2593 2324 2884 2395 fugiamus;
2931 2324 3118 2380 electis
3151 2333 3206 2380 et
3241 2324 3539 2379 illustribus
3565 2332 3804 2386 utamur,

2252 2414 2307 2468 in
2335 2415 2529 2484 quibus
2556 2414 2769 2482 plenum
2797 2413 3047 2482 quiddam
3090 2421 3145 2467 et
3182 2399 3483 2468 consonans
3521 2412 3698 2466 inesse
3725 2411 3807 2465 vi-

2253 2502 2461 2565 deatur,
2488 2502 2542 2554 in
2569 2517 2674 2570 quo
2694 2501 3024 2558 consuetudo
3048 2501 3211 2558 etiam
3236 2501 3374 2554 bene
3393 2501 3644 2570 loquendi
3669 2499 3810 2554 valet

2251 2591 2561 2671 plurimum.
2607 2591 2665 2645 ln
2694 2591 2966 2647 translatis
2990 2599 3138 2662 patet
3163 2601 3406 2655 ornatus,
3437 2606 3594 2660 quem
3624 2591 3811 2661 genuit

2254 2683 2562 2748 necessitas,
2609 2683 2787 2754 inapia
2838 2690 3022 2738 coacta
3064 2691 3120 2737 et
3164 2691 3409 2752 angusta,
3434 2691 3555 2751 post
3581 2679 3807 2754 [autem]

2253 2771 2538 2826 delectatio
2581 2780 2636 2826 et
2669 2771 2978 2840 jucunditas
3019 2771 3324 2827 celebravit.
3372 2772 3508 2826 Num
3549 2780 3610 2827 ut
3643 2771 3809 2826 vestis

2257 2861 2543 2931 repellendi
2588 2861 2804 2932 frigoris
2846 2876 3008 2916 causa
3053 2861 3226 2930 primo
3269 2860 3481 2929 reperta
3519 2869 3638 2923 est,
3684 2866 3809 2930 post

2259 2949 2502 3007 adhiberi
2531 2957 2716 3003 coacta
2750 2955 2836 3003 est
2873 2950 2942 3002 ad
2979 2957 3228 3002 ornatum
3265 2949 3428 3003 etiam
3469 2948 3709 3017 corporis
3751 2954 3810 3000 et

679 3039 889 3095 Memini
919 3047 998 3101 te,
1051 3035 1332 3103 magism?»
1375 3040 1493 3103 Ροεῑ
1519 3030 1879 3084 inventionem
1916 3026 2158 3096 Ροευίεθθ
2182 3035 2225 3095 C
2256 3039 2608 3110 dignitatem;
2655 3039 2734 3094 sic
2761 3039 2938 3093 verbis
2964 3039 3290 3094 translativis
3317 3039 3559 3094 instituta
3585 3047 3667 3094 est
3693 3039 3811 3094 ino—

609 3132 1022 3202 dispositionem;
1053 3127 1106 3181 in
1131 3140 1234 3194 qua
1263 3123 1560 3193 praecepisti
1589 3121 1783 3193 [Edit.,
1808 3117 2156 3190 praecipitur],

612 3225 958 3277 inventasres
993 3226 1260 3274 oratorem
1301 3214 1545 3270 ordinate
1574 3212 1913 3269 distribuere.
1964 3209 2021 3265 Si
2047 3211 2162 3266 haec

613 3326 822 3380 quoque
848 3309 950 3362 alia
978 3306 1153 3379 [Mss.,
1181 3305 1378 3377 aliqua]
1407 3305 1602 3358 habeat
1629 3309 1896 3372 praecepta
1913 3341 1929 3366 ,
1964 3302 2158 3371 pande.

683 3404 809 3458 Ars.
842 3399 958 3454 Non
992 3398 1156 3454 multa
1182 3411 1277 3465 per
1313 3410 1371 3450 se
1396 3395 1559 3450 habet
1578 3396 1691 3448 haec
1715 3408 1840 3462 pars
1872 3392 1936 3445 ad
1957 3405 2015 3444 se
2043 3391 2163 3462 [so—

617 3490 745 3562 lam]
770 3488 1086 3559 pertinentia
1117 3494 1380 3556 praecepta
1399 3524 1414 3548 ,
1464 3499 1580 3552 quae
1604 3497 1712 3536 non
1742 3481 2081 3546 inveniantur
2108 3480 2162 3533 in

616 3579 933 3638 inventionis
975 3576 1252 3646 prmeeptis
1294 3576 1376 3629 vel
1417 3571 1751 3628 elocutionis.
1808 3569 1944 3624 Nam
1968 3578 2023 3623 et
2050 3569 2165 3623 haec

618 3674 778 3727 rebus
811 3676 866 3722 et
890 3667 1069 3722 verbis
1095 3666 1324 3719 maxime
1346 3662 1589 3732 prodest,
1616 3669 1669 3714 et
1687 3666 2059 3714 ornamentum
2097 3658 2163 3711 li-

512 3793 535 3800 -
621 3759 844 3825 demque
871 3752 1415 3823 argumentationibus
1446 3756 1680 3817 praestat,
1727 3757 1782 3802 et
1809 3747 2019 3801 laudem
2045 3759 2166 3800 ora-

622 3850 752 3905 tioni
778 3847 977 3907 tribuit,
999 3858 1118 3896 cum
1138 3843 1316 3896 omnia
1340 3855 1445 3894 non
1469 3839 1637 3893 solum
1656 3838 1865 3900 ordine,
1892 3836 1984 3890 sed
2003 3836 2165 3890 etiam

623 3944 890 3993 momento
948 3913 1173 4002 quodam
1237 3937 1396 3998 atque
1453 3927 1654 3996 judicio
1707 3925 2061 3998 dispensanda
2113 3934 2168 3978 et

624 4027 980 4098 componenda
1010 4036 1135 4079 sunt
1153 4064 1167 4088 ,
1198 4031 1356 4093 prout
1380 4036 1616 4090 praesens
1643 4020 1778 4074 ratio
1806 4019 2049 4096 utilitatis
2077 4026 2167 4072 aut

624 4118 832 4172 decoris
876 4122 966 4168 aut
1005 4113 1336 4169 necessitatis
1361 4110 1615 4179 exegerit.
1661 4108 1769 4163 Sed
1793 4109 1933 4177 quod
1958 4109 2025 4162 ad
2051 4123 2170 4162 ver-

626 4208 813 4262 borum
851 4203 1246 4278 dispositionem
1275 4200 1506 4268 pertinet
1531 4238 1545 4262 ,
1593 4196 1723 4252 satis
1746 4197 1902 4266 plene
1929 4197 2168 4276 docetur,

627 4312 748 4349 cum
775 4296 840 4349 de
878 4293 1171 4348 elocutione
1209 4289 1521 4345 tractabitur
1563 4285 1716 4359 μὴ,
1746 4285 2049 4357 tractatur].
2097 4286 2172 4339 De

630 4396 807 4439 rerum
850 4397 978 4437 vero
1006 4382 1345 4449 dispositione
1367 4419 1381 4444 ,
1427 4395 1521 4448 per
1550 4378 1752 4448 singula
1788 4377 2025 4432 membra
2051 4390 2171 4431 ora-
2199 4370 2245 4430 Ι)

633 4474 810 4537 tionis,
841 4473 895 4526 in
916 4471 1231 4526 inventionis
1255 4464 1538 4538 praeceptis
1556 4469 1808 4522 traditum
1835 4476 1936 4523 est.

1105 4579 1194 4633 DE
1238 4575 1685 4632 ELOCUTIONE.

701 4694 832 4748 Cn.
871 4692 987 4748 Jam
1030 4707 1171 4746 nunc
1216 4705 1312 4744 nos
1336 4690 1467 4743 ordo
1509 4685 1882 4755 disputationis
1911 4684 1977 4738 ad
2005 4684 2173 4738 elocu-

638 4785 788 4837 tionis
827 4783 1042 4838 deduxit
1083 4781 1472 4848 inquisitionem
1497 4818 1514 4843 ,
1554 4792 1672 4846 quae
1719 4790 1961 4845 magnam
2000 4789 2174 4838 causa:

638 4873 793 4926 affert
810 4878 1138 4925 venustatem
1181 4876 1235 4921 et
1265 4867 1466 4920 rhetori
1509 4868 1838 4936 dignitatem.
1895 4864 2006 4918 Nec
2032 4873 2083 4917 te
2112 4865 2177 4917 ab

640 4963 796 5033 hujus
821 4968 929 5014 tam
957 4957 1110 5012 facile
1140 4971 1361 5011 excusas
1387 4956 1675 5025 responsis,
1697 4971 1856 5035 quam
1883 4953 2010 5026 [Al.,
2039 4953 2178 5024 φιω]

641 5069 708 5107 ex
736 5048 1095 5120 dispositionis
1133 5046 1411 5116 praeceptis
1437 5045 1533 5118 [te]
1572 5045 1777 5100 eruisti.
1807 5074 1877 5085 —
1905 5042 2032 5098 Ann.
2065 5042 2181 5096 Non

646 5137 775 5211 [me]
799 5152 991 5193 excuso
1015 5176 1030 5203 ,
1069 5136 1161 5190 sed
1185 5140 1340 5209 tuas,
1383 5133 1591 5188 domine
1623 5133 1699 5187 mi
1725 5148 1816 5187 rex
1837 5132 2006 5198 ,‘licet
2033 5130 2183 5185 tardo

645 5230 796 5299 pede,
824 5245 928 5284 non
953 5236 1132 5282 tamen
1157 5224 1315 5297 327
1359 5225 1508 5277 tarda
1535 5224 1801 5278 voluntate
1819 5265 1833 5291 ,
1885 5239 2080 5293 sequar
2105 5223 2184 5277 in-

647 5317 1044 5386 terrogationes.
1083 5345 1153 5354 —
1192 5313 1325 5368 CAR.
1374 5311 1582 5376 Primo,
1629 5311 1800 5380 qualis
1842 5326 1961 5368 esse
1999 5313 2188 5368 debeat

649 5407 884 5468 elocutio,
910 5404 1073 5472 aperi.
1099 5402 1314 5457 ——At.s.
1355 5399 1606 5455 Facunda
1628 5398 1785 5454 debet
1819 5404 1937 5455 esse
1961 5409 2016 5456 et
2035 5415 2187 5470 aper-

651 5506 723 5548 ta.
751 5524 818 5533 —
839 5493 969 5548 Cn.
999 5492 1271 5558 Quomodo
1311 5489 1529 5561 aperta?
1547 5518 1618 5528 —
1643 5488 1772 5543 Arn.
1822 5488 2021 5557 Aperta
2060 5491 2184 5555 erit,

651 5586 696 5639 si
722 5584 886 5638 utaris
918 5582 1334 5653 significantibus
1362 5591 1414 5636 et
1428 5581 1658 5652 propriis
1677 5579 1869 5646 verbis,
1903 5590 1959 5635 et
1979 5581 2190 5636 usitatis

2260 3129 2360 3197 pia:
2389 3127 2520 3200 [Al.,
2550 3129 2727 3198 inopia
2755 3127 2832 3201 et]
2875 3143 3070 3194 causa,
3118 3128 3308 3183 deinde
3350 3128 3687 3197 frequentata
3725 3137 3826 3183 εει·

2259 3217 2614 3273 delectatione
2635 3227 2690 3272 et
2707 3228 2920 3272 ornatu.
2952 3217 3087 3272 Nam
3105 3235 3361 3288 gemmare
3382 3221 3531 3284 uites,
3552 3219 3813 3274 luxuriari

2260 3323 2496 3371 messem,
2525 3308 2780 3377 ﬂuctuare
2806 3317 2995 3377 segetes
3020 3310 3183 3362 etiam
3213 3308 3398 3363 rustici
3427 3309 3639 3373 dicunt;
3671 3309 3814 3379 quod

2260 3397 2401 3450 enim
2428 3391 2691 3451 declarari
2717 3397 2803 3449 vix
2829 3405 3005 3464 potest
3030 3398 3192 3452 verbo
3215 3399 3451 3466 proprio,
3477 3396 3529 3452 id
3554 3397 3814 3462 translato

2263 3486 2575 3538 illustratur.
2609 3485 2682 3539 Ea
2709 3494 2884 3539 tamen
2912 3486 3194 3540 transferri
3217 3494 3446 3554 oportet,
3473 3502 3591 3555 quae
3610 3486 3817 3542 faciunt

2262 3589 2377 3629 rem
2415 3573 2729 3639 clariorem;
2782 3585 2841 3628 ut
2886 3584 3016 3629 est:
3067 3577 3316 3630 horrescit
3341 3593 3500 3655 [mare
3550 3576 3621 3648 [et
3658 3577 3815 3647 fervet

2263 3674 2393 3718 a'stu
2418 3664 2676 3736 pelagus].
2723 3664 3112 3739 Nonnunquam
3139 3667 3301 3722 etiam
3327 3665 3563 3722 brevitas
3588 3668 3817 3724 transla-

2265 3758 2410 3811 tione
2437 3755 2733 3819 coniicitur,
2766 3765 2858 3822 ω,
2888 3757 3045 3810 telum
3070 3774 3228 3811 manu
3256 3752 3422 3827 fugit;
3457 3759 3815 3829 imprudentia

2266 3847 2408 3900 enim
2432 3845 2521 3900 teli
2544 3845 2693 3898 missi
2733 3845 2966 3915 propriis
2990 3845 3169 3901 verbis
3196 3848 3421 3916 exprimi
3450 3847 3667 3903 brevius
3708 3863 3816 3903 non

2265 3946 2474 4009 posset;
2521 3945 2575 3991 et
2612 3938 3101 4006 quoniam'sumina
3128 3938 3242 3993 haec
3277 3938 3391 3993 labs
3423 3948 3504 3994 est
3532 3941 3816 3994 verborum

2268 4027 2668 4092 translatorum,
2686 4034 2755 4080 ut
2778 4041 2990 4081 sensum
3017 4027 3258 4097 aperiant
3280 4020 3457 4100 Uias},
3477 4028 3626 4085 verbi
3649 4037 3819 4084 trans-

2268 4115 2361 4169 lati
2473 4114 2698 4186 aperiat]
2971 4118 2975 4127 ‘

2337 4225 2468 4281 Cm.
2498 4226 2578 4282 An
2604 4228 2953 4297 undecunque
2984 4228 3109 4283 licet
3141 4229 3335 4284 ducere
3372 4231 3773 4286 translationem
3793 4232 3819 4286 1

2270 4347 2339 4356 -
2358 4317 2486 4372 Au.
2525 4318 2888 4386 Nequaquam,
2919 4321 3012 4374 sed
3041 4309 3248 4374 tantum
3276 4321 3343 4374 de
3369 4323 3606 4377 honestis
3634 4323 3816 4377 rebus.

2273 4405 2406 4460 Nam
2434 4420 2767 4474 summopere
2807 4406 3054 4477 fugienda
3096 4417 3179 4463 est
3216 4411 3389 4465 omnis
3433 4413 3704 4482 turpitudo
3729 4428 3821 4468 ea-

2273 4512 2392 4551 rum
2429 4511 2643 4561 rerum,
2689 4497 2756 4550 ad
2797 4513 2934 4566 quas
2972 4513 3156 4553 eorum
3199 4501 3405 4557 animos
3452 4504 3543 4572 qui
3597 4503 3821 4561 audiunt

2275 4588 2451 4649 trahet
2493 4587 2816 4653 similitudo;
2868 4597 2925 4643 ut
2964 4590 3164 4646 dictum
3204 4599 3325 4646 est:
3374 4591 3544 4646 Morte
3583 4588 3821 4664 Africani

2257 4689 2554 4733 "castratam
2589 4683 2952 4753 rempublicam
2981 4693 3037 4738 et
3063 4696 3255 4740 stercus
3283 4690 3461 4749 curiae.
3507 4688 3564 4742 In
3593 4697 3820 4756 utroque

2277 4767 2528 4824 deformis
2553 4773 2804 4839 cogitatio
2831 4773 3210 4829 similitudinis.
3259 4776 3389 4830 ltem
3426 4787 3531 4833 non
3557 4777 3628 4832 sit
3651 4777 3820 4847 major

2279 4859 2552 4914 translatio
2579 4876 2739 4929 quam
2765 4875 2850 4915 res
2875 4863 3124 4946 postulet,
3155 4874 3231 4930 ut,
3261 4875 3532 4935 tempestas
3559 4865 3682 4925 litis.
3717 4870 3825 4922 Aut

2279 4957 2462 5002 contra
2493 4951 2684 5015 minor,
2717 4959 2776 5004 ut
2801 4970 2813 5004 :
2847 4953 2959 5024 [aer
2985 4955 3177 5026 tonat],
3210 4971 3311 5012 .ceu
3339 4968 3515 5028 aperto
3544 4975 3670 5013 nm
3695 4959 3821 5011 dor-

2281 5041 2438 5093 miens
2465 5042 2651 5093 stertit.
2684 5041 2776 5096 Est
2803 5059 3014 5113 quoque
3040 5047 3262 5114 pulchra
3295 5042 3575 5103 translatio
3598 5061 3696 5117 per
3718 5063 3825 5101 ate-

2281 5129 2594 5197 tonymiam,
2639 5144 2759 5183 cum
2802 5145 2888 5186 res
2924 5146 3024 5200 per
3048 5143 3319 5191 auctorem
3357 5137 3434 5190 rei
3471 5131 3821 5206 signiﬁcatur,

2282 5225 2363 5283 ut,
2406 5233 2505 5287 pro
2545 5219 2684 5274 bello
2721 5221 2963 5298 Martem,
3010 5239 3110 5293 pro
3149 5225 3392 5296 frugibus
3417 5225 3671 5279 Cererem.
3721 5225 3828 5279 Aut

2283 5327 2404 5366 cum
2433 5313 2656 5369 virtutes
2681 5322 2737 5370 et
2762 5314 2891 5370 vitia
2923 5333 3019 5387 pro
3044 5318 3197 5388 ipsis,
3239 5320 3295 5373 in
3322 5319 3514 5388 quibus
3538 5325 3690 5379 sunt,
3731 5330 3828 5387 ap-

2283 5405 2559 5474 pellamus,
2588 5416 2684 5461 ut:
2715 5405 2782 5459 In
2806 5423 2961 5478 quam
2988 5411 3196 5464 domum
3227 5409 3457 5465 luxuries
3483 5409 3706 5478 irrupit,
3736 5414 3828 5462 aut

2285 5495 2512 5551 avaritia
2548 5500 2846 5566 penetrauit.
2898 5501 2992 5554 Est
3034 5509 3089 5554 et
3134 5502 3501 5572 synecdochlca
3547 5499 3828 5553 translatio

2287 5585 2530 5656 pulchra,-
2558 5603 2678 5644 cum
2705 5602 2769 5643 ex
2798 5598 2948 5660 parte
2978 5599 3145 5647 totum
3174 5601 3266 5647 aut
3294 5604 3360 5647 ex
3388 5600 3498 5647 toto
3523 5597 3729 5660 partem
3756 5587 3832 5642 si-
