4266 6182
619 290 728 349 945

1437 281 1497 334 n.
1536 279 1598 334 r.
1638 277 1862 334 suum
1903 275 2034 331 seu
2071 275 2346 332 ALCUlNl
2381 243 2662 331 OPERUM
2701 272 2878 328 rans
2918 272 3025 328 vu.

622 411 675 455 et
695 400 978 454 verborum
999 393 1169 464 copia,
1190 401 1243 462 et
1269 391 1478 445 decenti
1498 390 1737 456 corporis
1763 395 1924 449 motu,
1959 393 2019 439 ut
2050 385 2167 439 sine
2195 393 2240 446 Α
2268 381 2644 440 intellexerunt
2685 384 2739 438 in
2785 391 2973 437 natura
3015 381 3269 445 humana,
3317 388 3371 434 et
3404 396 3615 436 summo
3664 384 3845 441 studio

624 486 908 540 formidine
932 482 1094 537 faciat
1118 482 1172 534 in
1200 478 1427 548 publicis
1454 477 1858 546 quaestionibus,
1898 473 2181 542 quodcum

623 575 1006 633 consuetudine
1031 573 1193 643 gessit
1233 572 1286 624 in
1320 569 1565 639 privatis.
1591 597 1663 606 —
1687 567 1816 620 Ann.
1847 566 1982 619 Vere
2030 561 2184 616 intel-

623 668 747 736 ligis
769 677 826 721 et
851 665 1048 733 optime
1069 659 1428 732 prosequeris.
1461 656 1593 710 Nam
1615 663 1679 709 ut
1701 655 1754 707 in
1782 652 1974 708 castris
2004 650 2180 714 miles,

626 759 778 814 sicin
809 758 964 811 domo
989 763 1173 807 orator
1200 747 1358 805 debet
1383 749 1584 803 erudiri
1603 763 1618 810 ;
1636 746 1852 815 utquod
1870 745 2015 800 solus
2031 758 2184 797 exer-

629 853 834 910 cuerat,
862 846 1002 897 inter
1023 835 1218 894 multos
1239 839 1413 892 facere
1433 852 1498 890 ne
1526 835 1707 907 [Hss.,
1729 833 1856 905 non]
1881 832 2148 887 formidet.

702 937 833 992 αλιι.
871 933 986 986 iam
1014 945 1224 1000 quoque
1254 943 1473 982 necesse
1497 941 1619 981 esse
1646 925 1819 988 video,
1850 932 1908 977 ut
1934 923 2185 978 domesti-

635 1041 732 1081 cus
760 1035 1109 1078 usuS'oavere
1147 1018 1384 1086 incipiat,
1422 1015 1563 1085 quod
1596 1015 1838 1084 publicus
1894 1020 2188 1068 conventus

631 1115 912 1170 detrahere
941 1111 1125 1179 possit.
1166 1107 1277 1161 Nec
1307 1107 1451 1160 enim
1490 1105 1786 1158 inhonestis
1825 1103 2004 1159 verbis
2047 1105 2188 1157 inter

631 1221 755 1262 suos
775 1205 852 1258 uti
895 1204 1070 1263 debet,
1109 1200 1200 1268 qui
1241 1199 1480 1252 honestis
1502 1198 1643 1250 inter
1664 1195 1865 1250 alienos
1886 1195 2030 1264 loqui
2051 1195 2190 1250 desi-

632 1298 802 1351 derat.
833 1293 966 1348 Cum
994 1291 1134 1349 enim
1163 1291 1216 1343 in
1237 1290 1381 1344 omni
1409 1296 1561 1356 parte
1581 1289 1704 1340 vitae
1723 1288 1974 1341 honestas
1999 1301 2191 1355 perne-

633 1385 866 1440 cessaria
891 1384 980 1444 sit,
1006 1380 1237 1433 maxime
1267 1378 1318 1430 iu
1346 1376 1700 1437 sermonibus,
1725 1377 1850 1444 quia
1874 1375 1986 1430 fere
2014 1375 2190 1444 cujus-

635 1489 740 1543 que
762 1488 940 1527 mores
965 1485 1140 1525 sermo
1166 1470 1377 1537 probat,
1421 1468 1525 1523 nisi
1566 1467 1681 1532 tibi,
1726 1468 1998 1536 magister,
2038 1467 2193 1521 aliter

636 1559 1126 1616 videatut—Ann.
1148 1558 1275 1611 Mihi
1301 1572 1430 1612 vero
1450 1557 1516 1610 de
1542 1557 1643 1610 hac
1672 1572 1729 1610 re
1755 1556 1828 1610 nil
1854 1556 1997 1610 aliud
2021 1556 2191 1610 videri

639 1661 844 1723 potest,
881 1666 942 1704 ac
971 1651 1090 1704 ideo
1118 1633 1584 1719 consuetudinaria
1611 1646 2052 1700 sermocinatione
2071 1660 2192 1699 ver-

2234 541 2243 552 .
2278 475 2576 532 coluerunt.
2606 503 2672 513 -—
2698 472 2829 526 Cui.
2870 471 3006 538 Quid
3048 479 3175 526 tunc
3221 472 3382 526 distat
3421 473 3561 526 inter
3603 472 3842 544 philoso-

2279 571 2443 640 phum
2474 568 2632 623 talem
2675 576 2729 620 et
2773 565 3178 622 Christianum?
3200 594 3269 603 —
3294 565 3424 620 Atn.
3473 565 3634 622 Fides
3671 573 3726 628 et
3751 566 3846 621 ba—

2280 661 2497 730 ptisma.

2351 749 2482 804 CAR.
2511 749 2846 820 Prosequere
2889 757 3071 803 tamen
3096 748 3492 819 philosOphicas
3513 746 3852 804 deﬁnitiones

2283 840 2349 894 de
2371 839 2696 904 virtutibus;
2727 847 2780 893 et
2820 840 3050 909 primum
3095 840 3198 902 die,
3231 839 3358 908 quid
3389 839 3460 892 sit
3488 839 3599 907 ipsa
3636 838 3807 892 virtus
3827 838 3852 889 ?

2282 959 2352 969 —
2378 931 2506 985 Ann.
2539 931 2721 985 Virtus
2740 942 2824 986 est
2850 932 3013 985 animi
3031 931 3266 995 habitus,
3292 939 3494 985 natura;
3519 931 3700 995 decus,
3726 931 3853 985 vita

2286 1024 2442 1087 ratio,
2471 1038 2681 1081 morum
2707 1023 2971 1078 nobilitas.
3001 1053 3070 1062 —
3095 1021 3228 1077 CAR.
3258 1021 3400 1089 Quot
3443 1023 3603 1076 habet
3625 1021 3854 1091 partes?

2283 1141 2354 1152 -—-
2377 1111 2506 1166 Aut.
2538 1110 2813 1179 Quatuor:
2844 1112 3204 1181 prudentiam,
3248 1109 3539 1179 justitiam,
3585 1111 3855 1166 fortitudi-

2288 1222 2431 1271 nem,
2484 1207 2909 1281 temperantiam.
2948 1191 3176 1260 ——’Ctn.
3223 1205 3355 1272 Quae
3398 1213 3479 1259 est
3525 1205 3801 1274 prudentia
3830 1205 3857 1258 2

2286 1325 2355 1335 --
2375 1294 2503 1348 Ann.
2536 1295 2732 1348 Rerum
2759 1303 2815 1349 et
2831 1303 3144 1348 naturarum
3157 1295 3416 1351 rscientia.
3453 1323 3522 1333 -—
3546 1293 3678 1348 Cm.
3713 1289 3857 1360 QuOt

2289 1384 2449 1438 habet
2472 1391 2652 1452 partes
2674 1383 2697 1435 ?
2718 1412 2788 1422 —-
2815 1383 2942 1436 Ann.
2975 1382 3111 1438 Tres
3134 1400 3146 1435 :
3180 1385 3516 1446 memoriam,
3549 1383 3851 1453 intelligen-

2293 1475 2440 1537 tiam,
2481 1471 2889 1542 providentiam.
2915 1501 2986 1511 ——
3010 1471 3140 1527 CAR.
3186 1471 3386 1526 Harum
3424 1487 3636 1542 quoque
3672 1471 3859 1527 deﬁni-

2292 1567 2464 1620 tiones
2490 1567 2670 1620 dicito.
2700 1595 2771 1606 —
2797 1566 2926 1620 ALB.
2967 1566 3222 1621 Memoria
3259 1575 3363 1631 est,
3405 1581 3503 1636 per
3544 1581 3703 1634 quam
3744 1565 3858 1619 ani-

2293 1638 2419 1712 mus
2434 1658 2628 1727 repetit
2651 1656 2739 1711 illa
2763 1671 2882 1727 qua:
2907 1655 3141 1723 fuerunt.
3170 1657 3540 1734 Intelligentia,
3572 1671 3669 1725 per
3695 1669 3859 1725 quam

639 1744 704 1798 ba
734 1743 846 1798 sint
868 1742 1025 1803 lecta,
1052 1740 1294 1802 honesta,
1322 1736 1517 1802 lucida,
1566 1735 1846 1804 simplicia,
1886 1737 2044 1805 plano
2078 1751 2192 1802 ore,

2234 1727 2270 1786 Β
2295 1761 2359 1801 ea
2407 1747 2663 1816 perspicit
2685 1762 2803 1815 quae
2830 1755 2970 1802 sunt.
3003 1731 3364 1812 Providentia,
3400 1732 3495 1816 per
3528 1760 3689 1814 quam
3719 1743 3860 1797 futue

637 1832 785 1886 vultu
811 1831 1013 1897 quieto,
1058 1826 1191 1881 facie
1217 1826 1534 1894 composita.
1581 1826 1694 1879 sine
1733 1825 2081 1880 immoderato
2105 1841 2195 1879 ca-

637 1922 854 1984 chinno,
896 1919 1128 1974 clamore
1175 1916 1318 1969 nullo
1363 1915 1586 1985 prolata.
1637 1913 1770 1967 Nam
1809 1915 1979 1969 bonus
2008 1916 2197 1970 modus

639 2019 722 2067 est
745 2011 799 2065 in
845 2007 1127 2078 loquendo,
1160 1989 1410 2075 tanquam
1436 2005 1488 2058 in
1536 2003 1876 2070 ambulando,
1905 2005 2198 2060 clementer

646 2103 749 2167 ire,
799 2101 914 2155 sine
958 2099 1118 2164 saltu,
1148 2099 1261 2152 sine
1307 2111 1477 2160 mora,
1507 2105 1769 2164 quatenus
1812 2096 1990 2149 omnia
2036 2086 2198 2152 medii

641 2191 1020 2246 moderaminis
1048 2187 1395 2258 temperantia
1438 2185 1692 2257 fulgeant,
1720 2200 1855 2256 'qua:
1881 2197 1964 2241 est
2000 2202 2106 2241 una
2132 2187 2199 2243 de

644 2290 873 2351 quatuor
913 2277 1219 2340 virtutibus,
1261 2277 1326 2331 de
1354 2276 1547 2345 quibus
1582 2285 1790 2331 czeterze
1817 2284 2070 2344 tanquam
2113 2292 2200 2330 ra-

585 2400 590 2411 μ
643 2371 849 2424 dicihus
867 2366 1169 2437 procedunt
1195 2365 1442 2429 virtutes,
1474 2365 1527 2418 in
1556 2366 1749 2433 quibus
1773 2372 1855 2418 est
1890 2366 2080 2420 animae
2104 2381 2200 2420 no—

644 2461 843 2524 bilitas,
870 2459 992 2512 vita!
1031 2455 1281 2526 dignitas,
1311 2471 1519 2510 morum
1542 2456 1796 2509 honestas
1823 2463 1876 2508 et
1900 2453 2018 2508 laus
2042 2456 2200 2509 disci-

646 2551 823 2620 plinae.
1161 2536 1170 2541 λ
1625 2617 1629 2621 ¹

722 2641 853 2697 Cn.
883 2640 1121 2710 intelligo
1171 2638 1431 2694 comicum
1462 2637 1638 2709 [Mss.,
1665 2635 2108 2708 philosOphicum]
2140 2636 2202 2690 il—

648 2731 738 2788 lud
760 2716 1098 2800 proverbium
1127 2745 1231 2783 non
1256 2729 1425 2783 solum
1467 2729 1518 2780 in
1551 2728 1808 2790 moribus,
1838 2729 1927 2808 sed
1959 2727 2116 2782 etiam
2147 2728 2201 2781 in

650 2825 828 2879 verbis
845 2837 964 2877 esse
992 2823 1372 2877 necessarium.
1394 2849 1465 2864 -—
1488 2821 1616 2874 Ann.
1648 2821 1964 2884 Quodnam?
1985 2821 2199 2876 ——Can.

658 2914 707 2968 Ν
715 2931 740 2967 e
765 2913 887 2983 quid
913 2913 1085 2964 nimis.

1151 3001 1235 3054 DE
1271 2999 1698 3057 VIRTUTIBUS.

718 3094 843 3147 Ann.
876 3092 987 3154 Est,
1015 3099 1069 3144 et
1097 3105 1218 3144 vere
1241 3100 1322 3144 est
1350 3091 1400 3142 in
1427 3093 1571 3144 omni
1593 3107 1648 3145 re
1671 3092 2055 3156 necessarium,
2078 3094 2200 3160 quia
2225 3063 2271 3121 δ

650 3181 902 3251 quidquid
931 3179 1142 3232 modum
1181 3178 1410 3241 excedit,
1439 3179 1490 3230 in
1517 3180 1645 3233 vitio
1673 3189 1771 3232 est.
1820 3181 1942 3233 ldeo
1981 3181 2204 3235 virtutes

652 3275 706 3325 in
737 3271 910 3323 medio
936 3269 1120 3336 posita:
1150 3274 1292 3331 sunt,
1323 3267 1386 3320 de
1412 3267 1602 3335 quibus
1631 3275 1732 3319 tua:
1772 3268 2085 3321 venerandae
2114 3283 2206 3322 au-

652 3358 886 3413 ctoritati
912 3356 1061 3424 plura
1089 3355 1264 3408 dicere
1304 3356 1612 3422 potuissem,
1641 3356 1687 3408 si
1710 3356 1994 3424 disputatio
2022 3364 2203 3409 nostra

653 3449 718 3500 ad
750 3445 907 3498 linem
936 3459 1038 3497 non
1069 3442 1377 3507 festinaret;
1409 3452 1463 3496 et
1487 3445 1528 3497 si
1561 3458 1663 3496 non
1701 3443 2021 3510 superﬂuum
2060 3447 2209 3499 vide-

657 3545 802 3591 retur
833 3544 1004 3590 tecum
1037 3533 1100 3586 de
1119 3533 1403 3587 virtutibus
1428 3547 1603 3602 agere,
1631 3547 1786 3601 quem
1817 3534 2068 3586 virtutum
2099 3548 2204 3587 non

654 3636 860 3680 tantum
889 3625 1130 3687 scientia,
1159 3623 1252 3678 sed
1280 3623 1442 3678 etiam
1469 3631 1631 3677 ornat
1659 3621 1958 3677 eﬂicientia.

723 3718 854 3770 (Jan.
887 3714 1004 3766 Non
1033 3724 1208 3768 tamen
1237 3723 1304 3776 te,
1332 3717 1602 3783 magister,
1649 3714 1797 3782 prius
1827 3714 2088 3768 dimittam
2119 3729 2209 3767 ca-

658 3806 857 3857 lamum
888 3803 1243 3870 responsionis
1271 3802 1537 3864 claudere,
1567 3818 1722 3868 quam
1761 3804 1886 3856 mihi
1917 3805 2126 3856 nomina
2154 3814 2207 3858 et

659 3906 839 3966 partes
864 3905 1091 3962 quatuor
1117 3895 1372 3946 virtutum
1401 3908 1654 3958 exponas,
1684 3907 1814 3958 quas
1853 3894 2055 3946 radices
2080 3894 2210 3946 alia-

660 4002 777 4040 rum
805 4001 921 4040 esse
959 3986 1214 4036 virtutum
1242 3984 1438 4035 dixisti.
1468 3982 1630 4033 Paulo
1655 3990 1775 4034 ante
1808 3983 1944 4034 inter
1966 3999 2062 4036 nos
2083 3999 2210 4036 con-

656 4081 811 4143 stitit,
875 4078 1332 4132 sermocinationis
1386 4076 1817 4129 exercitationem
1863 4089 1980 4127 esse
2027 4089 2210 4129 neces-

656 4169 872 4221 sariam.
906 4168 960 4220 ln
996 4184 1098 4235 quo
1129 4168 1315 4220 melius
1348 4177 1438 4220 est
1469 4167 1765 4219 habendum
1812 4166 2075 4219 sermonis
2102 4173 2211 4219 stu-

658 4258 822 4318 dium,
851 4271 1012 4323 quam
1043 4257 1095 4307 in
1117 4257 1371 4308 virtutum
1414 4255 1749 4319 excellentia,
1781 4270 1897 4322 qum
1938 4256 2206 4323 utrinque,

658 4354 712 4398 et
739 4346 1092 4400 scribentibus
1113 4354 1167 4399 et
1194 4345 1487 4415 legentibus
1511 4345 1729 4397 multum
1760 4346 2009 4414 prodesse
2038 4343 2210 4398 valet?

661 4465 731 4476 κ-
755 4436 884 4489 Ana.
912 4436 1158 4499 Prodest,
1191 4446 1249 4488 ut
1275 4436 1428 4500 dicis,
1457 4435 1667 4488 domine
1695 4436 1776 4507 'mi
1804 4449 1918 4496 rex,
1949 4434 2044 4487 sed
2070 4434 2211 4486 inter

661 4533 945 4593 utrumque
968 4532 1229 4580 coarcto'r.
1280 4525 1413 4579 Nam
1460 4525 1729 4578 succincta
1771 4525 2006 4578 brevitas
2044 4540 2211 4593 pauca

658 4614 912 4684 postulat,
942 4622 997 4667 et
1025 4629 1112 4668 res
1137 4614 1303 4667 ardua
1330 4613 1480 4682 plura
1505 4613 1791 4666 desiderat.

732 4704 864 4759 Cui.
891 4704 1148 4775 Tempera
1178 4717 1228 4758 te
1251 4705 1391 4758 inter
1412 4712 1717 4771 utrumque,
1739 4716 1805 4756 ne
1826 4711 1914 4756 aut
1937 4703 2214 4770 prolixitas

663 4795 956 4859 fastidium,
980 4803 1078 4847 aut
1104 4784 1337 4847 brevitas
1361 4792 1710 4862 ignorantiam
1739 4800 1972 4862 generet.
1992 4820 2065 4831 --
2082 4792 2210 4847 Ann.

663 4883 844 4939 Primo
868 4884 1140 4939 sciendum
1168 4891 1269 4946 est,
1298 4882 1439 4950 quod
1464 4882 1704 4949 quaedam
1731 4895 1817 4934 res
1842 4889 1951 4933 tam
1979 4879 2136 4934 clara:
2164 4890 2217 4936 et

667 4985 778 5029 tam
805 4973 1006 5028 nobiles
1037 4983 1182 5037 sunt,
1227 4982 1286 5025 ut
1332 4986 1437 5026 non
1479 4979 1699 5040 propter
1725 4970 1866 5024 aliud
1893 4971 2218 5026 emolumen-

666 5074 780 5122 tum
816 5065 1123 5132 expetendae
1162 5065 1290 5129 sint,
1319 5063 1412 5118 sed
1454 5069 1672 5130 propter
1700 5076 1849 5117 suam
1888 5061 2219 5118 solummodo

669 5157 982 5226 dignitatem
996 5154 1242 5212 amandas
1264 5162 1388 5206 sunt
1414 5161 1469 5206 et
1485 5152 1851 5221 exsequendas.

737 5246 868 5300 CAR.
918 5245 1024 5299 Has
1052 5243 1197 5311 ipsas
1237 5256 1324 5294 res
1369 5231 1688 5311 magnOpere
1724 5243 1882 5296 velim
1931 5258 2219 5313 agnoscere

670 5334 849 5408 (1135.,
879 5330 1241 5404 cognoscere].
1257 5330 1470 5387 —Au.
1502 5332 1592 5388 Ea
1617 5342 1742 5390 sunt
1759 5335 1949 5399 virtus,
1971 5337 2216 5402 scientia,

670 5428 886 5488 veritas,
909 5439 1059 5478 amor
1077 5424 1264 5478 bonus.
1282 5451 1352 5461 —
1368 5421 1498 5475 Cn.
1517 5420 1762 5489 Nunquid
1787 5421 1935 5495 [non]
1959 5426 2056 5479 has
2074 5424 2223 5480 Chri-

670 5516 841 5568 etiam
868 5514 1051 5583 religio
1075 5514 1310 5583 apprime
1333 5511 1546 5568 laudat?
1569 5540 1637 5550 —
1655 5511 1785 5567 Ann.
1816 5512 2022 5569 Laudat
2045 5525 2097 5572 et
2125 5531 2219 5571 co-

673 5597 753 5652 lil-
776 5599 993 5658 -ὈΑιι,
1022 5606 1157 5672 Quid
1195 5606 1522 5678 philosophis
1565 5620 1686 5662 cum
1733 5606 1840 5661 iis?
1860 5636 1928 5646 —
1955 5607 2084 5663 Au.
2113 5607 2243 5693 Has.

2295 1851 2414 1889 rum
2441 1836 2637 1905 aliquid
2665 1836 3008 1906 praevidetur,
3036 1846 3326 1906 antequam
3356 1836 3469 1891 ﬁat.

2363 1925 2524 1994 330
2542 1925 2672 1978 (Jan.
2686 1923 2914 1982 iustitia:
2935 1919 3197 1982 rationem
3216 1943 3443 1998 expone.
3460 1928 3673 1984 —-At.n.
3697 1927 3863 1981 Insti-

2294 2017 2369 2071 tia
2390 2026 2473 2070 est
2498 2005 2710 2072 habitus
2730 2018 2895 2072 animi
2917 2019 3204 2087 unicuique
3224 2019 3301 2074 rei
3326 2020 3597 2090 prepriam
3624 2019 3865 2075 tribuens

2295 2105 2629 2174 dignitatem.
2661 2105 2719 2159 In
2763 2106 2866 2161 hac
2902 2107 3196 2162 divinitatis
3222 2107 3394 2163 cultus
3433 2117 3487 2163 et
3515 2107 3864 2163 humanitatis

2290 2194 2435 2264 jura,
2479 2203 2535 2250 et
2581 2197 2805 2265 aequitas
2853 2197 3017 2251 totius
3064 2198 3190 2250 vitae
3237 2196 3861 2254 conservatur.,—-Csn.

2297 2283 2426 2352 Ejus
2458 2299 2668 2354 quoque
2713 2293 2896 2355 partes
2934 2288 3128 2355 pande.
3157 2317 3226 2326 —
3251 2285 3382 2342 Ann.
3427 2287 3630 2342 Partim
3668 2289 3756 2342 illa
3780 2296 3866 2342 est

2297 2389 2365 2428 ex
2386 2384 2590 2429 natum
2605 2374 2746 2443 jure,
2774 2378 2971 2445 partim
2994 2392 3060 2430 ex
3086 2380 3487 2435 consuetudinis
3509 2395 3625 2434 usu.
3645 2379 3860 2436 —CAI.

2297 2463 2572 2529 Quomodo
2615 2481 2684 2520 ex
2714 2475 2920 2521 natura:
2959 2466 3083 2534 jure
3104 2469 3127 2521 ?
3148 2499 3219 2507 —
3245 2469 3377 2524 Ann.
3410 2471 3544 2537 Quia
3591 2481 3771 2541 partes
3797 2472 3864 2525 il-

2298 2552 2401 2607 lius
2437 2554 2679 2621 quaedam
2707 2562 2912 2609 natura:
2953 2557 3036 2610 vis
3083 2555 3213 2628 [Al.,
3244 2560 3504 2626 quasdam
3543 2559 3757 2632 natura]
3785 2561 3870 2614 in-

2301 2643 2451 2706 serit,
2491 2651 2548 2696 ut
2589 2643 2919 2712 religionem,
2966 2645 3222 2714 pietatem
3269 2646 3579 2720 [gratiam],
3628 2650 3866 2706 vindica-

2301 2734 2524 2798 tionem,
2565 2734 2980 2801 observantiam,
3030 2739 3335 2794 veritatem.
3377 2770 3447 2779 —
3485 2739 3618 2794 CAR.
3669 2741 3743 2795 De
3781 2742 3866 2796 his

2303 2825 2522 2894 singulis
2548 2827 2773 2881 lucidius
2807 2829 2976 2898 aperi.
3011 2859 3080 2868 —
3107 2829 3235 2884 Ann.
3278 2830 3476 2901 Religio
3503 2841 3602 2895 est,
3633 2821 3751 2901 qua:
3779 2848 3870 2887 su-

2303 2917 2527 2983 perioris
2572 2917 2848 2985 cujusdam
2894 2927 3118 2983 naturae,
3169 2916 3328 2988 quam
3372 2922 3604 2975 divinam
3656 2930 3866 2986 vocant,

2304 3018 2491 3058 curam
2527 3007 2960 3075 ceremoniasque
2986 3005 3158 3060 aﬂ‘ert.
3198 3008 3396 3072 Pietas,
3437 3025 3533 3078 per
3558 3025 3719 3078 quam
3746 3025 3870 3065 san-

2303 3095 2461 3164 guine
2485 3095 2802 3163 conjunctis,
2834 3098 3123 3164 patrimqne
3161 3099 3431 3152 benevolis
3461 3099 3713 3163 cilicium,
3742 3098 3866 3153 dili-

2305 3199 2537 3252 gensque
2562 3185 2809 3238 tribuitur
2830 3187 3025 3241 cultus.
3058 3187 3263 3253 Gratia,
3294 3190 3347 3243 in
3377 3205 3481 3258 qua
3509 3191 3867 3244 amicitiarum

2306 3271 2482 3343 [Hss.,
2511 3273 2930 3345 inimicitiarum]
2963 3288 3018 3329 et
3042 3276 3336 3331 ofﬁciorum
3366 3279 3584 3332 alterius
3609 3281 3867 3335 memoria

2304 3372 2358 3414 et
2384 3366 2757 3418 remunerandi
2781 3365 3025 3419 voluntas
3046 3369 3369 3422 continetur.
3428 3367 3741 3435 Vindicatio,
3772 3384 3872 3440 per

2305 3466 2463 3517 quam
2504 3452 2591 3517 jus
2635 3463 2724 3506 aut
2755 3453 2942 3520 injuria
2965 3463 3020 3508 et
3066 3458 3283 3510 omnino
3325 3472 3503 3520 omne,
3534 3459 3675 3526 quod
3719 3456 3873 3511 obfu-

2308 3551 2485 3595 turum
2515 3551 2616 3606 est,
2665 3544 2994 3599 defendendo
3038 3554 3130 3598 aut
3177 3546 3482 3601 ulciscendo
3508 3548 3867 3617 propulsatur.

2309 3631 2662 3696 Obseruantia,
2685 3650 2787 3703 qua
2811 3636 3053 3690 homines
3081 3637 3255 3705 aliqua
3279 3639 3534 3708 dignitate
3554 3639 3873 3695 anteceden-

2309 3730 2386 3776 tes
2413 3723 2556 3777 cultu
2587 3725 2814 3793 quodam
2852 3734 2907 3780 ct
2927 3727 3131 3780 honore
3157 3728 3459 3798 dignamur.
3515 3726 3711 3782 Veritas
3732 3770 3745 3791 ,
3777 3742 3874 3797 per

2307 3829 2465 3880 quam
2490 3830 2550 3867 ea
2581 3831 2697 3881 quae
2720 3825 2858 3879 sunt,
2891 3825 2981 3868 aut
3011 3833 3128 3885 qua:
3153 3815 3385 3880 fuerunt,
3419 3825 3512 3870 aut
3536 3832 3654 3886 qua:
3694 3817 3873 3871 futura

2307 3914 2450 3969 sunt,
2479 3905 2941 3977 indicanturl'Ms.,
2961 3907 3251 3979 dicuntur].
3272 3939 3340 3947 ——
3364 3909 3495 3963 Cui.
3514 3909 3786 3976 Quomodo
3806 3924 3874 3963 ex

2308 3997 2706 4049 consuetudinis
2730 4013 2822 4049 usu
2835 3998 3042 4066 justitia
3060 4008 3303 4052 servatur
3324 4000 3430 4050 ?—
3445 4000 3571 4053 ALn.
3606 4000 3678 4052 Ex
3693 4007 3874 4068 pacto,

2306 4084 2440 4152 pari,
2466 4083 2703 4150 judicato
2726 4084 2822 4155 [et]
2850 4101 2914 4138 ex
2945 4087 3074 4156 lege.
3110 4116 3180 4126 -—
3208 4088 3339 4142 CAR.
3371 4089 3496 4143 Plus
3519 4103 3699 4157 quaero
3731 4097 3785 4142 et
3810 4091 3877 4144 de

2309 4175 2393 4226 his
2429 4189 2656 4241 quoque:
2683 4205 2750 4213 —
2787 4177 2917 4229 Arn.
2951 4176 3170 4230 Pactum
3197 4187 3279 4231 est
3312 4180 3457 4246 quod
3493 4181 3633 4232 inter
3668 4180 3876 4250 aliquos

2307 4265 2572 4317 convenit.
2628 4262 2739 4318 Par
2776 4267 2826 4319 in
2855 4282 3039 4322 omnes
3082 4269 3338 4336 aequabile
3381 4279 3482 4323 est.
3546 4270 3872 4335 Judicatum,

2309 4355 2448 4423 quod
2480 4355 2698 4422 alicujus
2743 4359 2917 4427 magni
2962 4360 3084 4423 viri,
3138 4368 3233 4414 aut
3262 4361 3559 4428 aliquorum
3597 4361 3876 4416 sententiis

2311 4444 2654 4497 constitutum
2685 4453 2784 4497 est.
2810 4444 2919 4497 Lex
2947 4455 3029 4499 est
3055 4448 3198 4499 omni
3244 4448 3440 4516 populo
3468 4448 3724 4517 scriptum
3763 4447 3875 4518 jus,

2309 4532 2437 4600 quid
2461 4545 2650 4585 cavere
2679 4533 2758 4585 vel
2788 4534 2912 4601 quid
2941 4536 3226 4590 observare
3251 4538 3456 4592 debeat.

2379 4621 2512 4675 Cn.
2539 4620 2688 4676 Nunc
2717 4621 3082 4678 fortitudinem
3111 4641 3230 4679 cum
3274 4628 3385 4682 suis
3426 4629 3670 4698 partibus
3694 4636 3752 4681 ut
3777 4628 3871 4683 de-

2312 4724 2528 4779 promas
2554 4709 2798 4779 ell'lagito.
2826 4743 2896 4752 —
2919 4713 3050 4769 Anu.
3104 4713 3379 4770 Fortitudo
3419 4725 3502 4771 est
3538 4719 3876 4788 magnanima

2313 4800 2668 4869 periculorum
2695 4811 2750 4856 et
2785 4803 3025 4857 laborum
3050 4805 3341 4872 perpessio.
3378 4806 3506 4876 Ejus
3541 4817 3724 4877 partes
3750 4816 3878 4862 sunt

2321 4887 2730 4960 magnificentia,
2779 4893 3014 4957 fidentia,
3060 4896 3336 4963 patientia,
3365 4899 3779 4966 perseverantia.
3806 4927 3877 4938 —

2319 4977 2448 5034 CAR.
2476 4979 2676 5035 Harum
2697 4981 2930 5035 rationes
2955 4984 3184 5051 patefac.
3213 5011 3289 5024 --
3311 4983 3442 5040 Au.
3487 4971 3875 5053 Haguiﬁcentia

2321 5077 2403 5121 est
2421 5084 2599 5122 rerum
2621 5084 2933 5138 magnarum
2949 5079 3005 5126 et
3020 5071 3350 5126 excelsamm
3367 5088 3486 5127 cum
3509 5071 3673 5129 animi
3701 5076 3875 5144 arnpla

2321 5159 2550 5228 quadam
2585 5166 2642 5212 et
2680 5159 2952 5226 splendida
2997 5162 3362 5229 propositione
3399 5165 3673 5234 cogitatio,
3716 5171 3877 5232 sume

2323 5251 2713 5304 administratio
2735 5250 2926 5322 [Edit.,
2951 5252 3113 5305 animi
3152 5254 3452 5326 invitatio}:
3482 5253 3730 5308 Fiducia
3771 5262 3875 5319 est,

2319 5354 2416 5406 per
2442 5353 2605 5407 quam
2645 5340 2850 5410 magnis
2879 5349 2932 5395 et
2958 5341 3196 5397 honestis
3224 5343 3278 5397 in
3324 5345 3484 5398 rebus
3516 5341 3739 5398 multum
3763 5345 3879 5399 ani-

2319 5443 2438 5482 mus
2460 5429 2512 5482 in
2537 5444 2594 5482 se
2614 5429 2820 5484 ﬁducia:
2838 5438 2984 5484 certa
3015 5445 3137 5484 cum
3161 5447 3258 5501 spe
3280 5432 3581 5487 collocavit.
3613 5430 3878 5488 Patientia

2320 5528 2403 5572 est
2425 5519 2719 5575 honestatis
2759 5528 2851 5573 aut
2893 5519 3140 5575 utilitatis
3177 5533 3338 5576 causa
3365 5535 3545 5577 rerum
3588 5523 3877 5576 arduarum

2322 5619 2413 5663 aut
2435 5609 2722 5666 difﬁcilium
2744 5610 3040 5668 voluntaria
3065 5627 3128 5668 ac
3149 5611 3397 5668 diuturna
3425 5613 3716 5683 perpessio.
3749 5611 3877 5668 Pu.

3738 271 3844 327 sit
3945 239 3949 241 ’
