4266 6192
380 212 561 278 ,945

1220 254 1223 255 ν
1292 206 1757 264 DIDASCALICA.
1792 238 1863 248 —
1895 203 2164 263 DIALOG.
2202 206 2291 264 DE
2570 203 2659 261 ET
2696 203 2875 261 VIRT.

3564 207 3673 262 εις

458 325 748 381 severantia
773 331 858 379 est
886 323 939 378 in
968 322 1177 379 ratione
1199 323 1337 378 bene
1363 323 1700 379 considerata
1732 323 1939 380 stabilis
1958 330 2014 378 et
2041 328 2097 386 Α
2113 321 2258 375 vatio
2283 320 2736 393 spectet?—At.s.
2764 322 2834 380 Ut
2852 320 3104 391 diligatur
3124 319 3264 378 Deus
3289 329 3345 377 et
3369 321 3686 393 proximus-

280 390 289 398 ’
318 494 329 495 7
459 423 714 485 perpetua
740 414 1060 485 permansio.

528 503 661 561 Cn.
687 503 877 560 Restat
904 503 1048 576 [tibi]
1072 512 1133 559 ut
1157 504 1225 559 de
1265 506 1616 574 temperantia
1646 506 1811 570 dicas,
1850 522 1882 561 a
1908 521 2013 576 qna

458 601 578 648 orta
595 603 680 650 est
699 594 853 648 nobis
870 593 938 649 de
954 593 1238 667 virtutibus
1264 594 1537 664 inquisitio
1557 610 1574 650 :
1602 595 1755 666 cujus
1774 598 2016 667 proprie—

461 693 626 740 tatem
667 691 724 741 et
772 684 1004 753 partium
1059 683 1201 738 illius
1246 684 1432 739 audire
1478 695 1748 755 exspecto.
1773 717 1844 727 —
1878 688 2011 743 Aut.

465 774 827 853 Temperantia
842 780 926 828 est
946 772 1224 829 rationalis
1237 771 1418 845 [Μαι.
1438 773 1793 846 rationabilis]
1819 776 1872 830 in
1888 776 2013 831 lilii-

461 866 641 921 dinem
669 873 829 935 atque
856 865 911 919 in
938 864 1072 920 alios
1092 880 1197 920 non
1216 873 1393 921 rectos
1408 864 1637 935 impetus
1651 863 1839 938 [animi
1860 866 2014 922 ﬁrma

388 941 400 953 ”
460 963 527 1028 et
541 952 836 1026 moderata]
868 952 1158 1009 dominatio
1182 952 1377 1025 [Edit.,
1406 955 1636 1025 impetus
1673 955 2010 1030 moderatio].

459 1042 588 1114 Ejus
613 1052 794 1113 partes
821 1051 983 1099 sunt:
1011 1042 1357 1107 continentia,
1384 1044 1693 1111 clementia,
1732 1044 2010 1103 modestia.

459 1131 786 1187 Coutinentia
808 1140 912 1198 est,
934 1146 1031 1202 per
1056 1145 1217 1201 quam
1240 1132 1416 1190 omnis
1443 1134 1582 1189 mala
1610 1135 1875 1203 cupiditas
1901 1151 2018 1191 ma-

458 1239 563 1296 gna
588 1223 795 1279 consilii
816 1222 1199 1292 gubernatione
1234 1222 1440 1294 regitur
1462 1231 1518 1279 et
1540 1222 1873 1294 deprimitur.
1901 1223 2018 1280 Cle-

456 1315 651 1369 mentia
670 1320 771 1377 est,
800 1328 899 1384 per
916 1312 1077 1384 quam
1102 1306 1297 1383 injuria
1326 1321 1380 1368 et
1396 1313 1517 1368 odia
1544 1315 1664 1368 miti
1690 1315 1868 1371 animo
1888 1317 2017 1371 reti-

457 1410 670 1459 nentur.
701 1402 960 1457 Hodestia
1000 1410 1106 1469 est,
1133 1417 1229 1472 per
1255 1418 1415 1474 quam
1459 1402 1621 1474 totius
1664 1404 1785 1459 vita:
1828 1406 2018 1461 modus

456 1510 554 1553 seu
595 1497 763 1551 animi
804 1510 898 1551 seu
942 1496 1185 1566 corporis
1225 1496 1460 1553 motibus
1509 1494 1706 1569 [Edit.,
1751 1497 2016 1573 moribus]

456 1589 652 1660 ubique
669 1590 882 1646 honesti
901 1576 1027 1645 cura
1050 1600 1311 1645 servatur.

526 1678 658 1735 Cas.
701 1678 885 1736 Honor
915 1681 1145 1736 eximius
1184 1686 1268 1736 est
1310 1696 1492 1737 coram
1532 1681 1839 1737 hominibus
1878 1682 2020 1738 hanc

456 1770 714 1835 servanti,
743 1778 800 1825 et
824 1770 940 1826 laus
966 1770 1108 1841 a'pud
1148 1772 1430 1845 Dominum
1462 1770 1642 1844 [Hss.,
1671 1771 1884 1845 Deum].
1914 1771 2019 1827 Sed

460 1862 630 1918 miror
667 1878 765 1918 nos
788 1862 1139 1929 Christianos,
1168 1865 1212 1920 si
1244 1863 1364 1937 [illi]
1394 1865 1691 1935 philosophi
1722 1867 1821 1921 has
1852 1866 2021 1921 virtu—

458 1962 541 2008 tes
578 1953 648 2008 ob
688 1954 897 2008 illarum
944 1962 1150 2009 tantum
1188 1954 1499 2026 dignitatem
1521 1956 1606 2011 vel
1649 1956 1860 2012 laudem
1897 1961 2021 2012 vitae

432 2051 827 2107 servaverunt,
870 2060 969 2099 cur
993 2060 1093 2100 nos
1120 2044 1187 2099 ab
1227 2045 1294 2101 iis
1320 2046 1377 2100 in
1420 2045 1600 2101 multis
1643 2046 1798 2102 devio
1835 2063 2021 2105 errore

458 2132 804 2199 declinamus,
843 2149 963 2189 cum
1003 2136 1118 2191 haec
1152 2151 1294 2191 nunc
1321 2136 1375 2191 in
1406 2136 1510 2193 ﬁde
1541 2147 1594 2192 et
1622 2139 1885 2194 charitate
1908 2155 2020 2195 ser-

458 2225 707 2279 vantibus
731 2221 907 2295 [Hu.,
923 2224 1353 2297 observantibus]
1379 2235 1591 2281 aeternae
1616 2227 1797 2297 gloria:
1822 2228 1889 2282 ab
1904 2230 2019 2297 ipsa

457 2313 685 2367 veritate
721 2312 935 2368 Christo
976 2312 1102 2369 Iesu
1146 2315 1363 2384 praemia
1404 2315 1859 2385 pollicentur?—
1882 2318 2015 2373 Ana.

458 2400 585 2456 Plus
620 2402 908 2458 miserandi
934 2418 1092 2472 quam
1133 2404 1363 2461 mirandi
1400 2420 1604 2471 sumus,
1651 2408 1776 2478 quia
1802 2407 2019 2477 plurimi
2074 2400 2077 2407 ’

393 2532 396 2534 η
457 2505 524 2544 ex
547 2493 743 2547 nostris
764 2501 906 2554 sunt,
928 2509 1064 2563 quos
1086 2510 1183 2550 nec
1205 2505 1379 2550 terror
1404 2512 1705 2567 poenarum,
1729 2514 1830 2554 nec
1853 2497 2018 2571 gloria

454 2582 796 2651 praemiorum
821 2585 888 2639 ad
918 2585 1174 2639 virtutum
1201 2586 1510 2656 dignitatem
1539 2598 1770 2644 revocat.

527 2670 659 2727 Can.
702 2673 947 2744 Agnosco
990 2684 1045 2730 et
1072 2677 1187 2730 sine
1216 2676 1467 2748 lacrymis
1505 2696 1610 2733 non
1658 2681 1779 2737 dico
1821 2684 2019 2740 multos

456 2779 575 2820 esse
601 2766 753 2820 tales.
794 2765 1043 2821 Attamen
1068 2783 1218 2837 rogo,
1241 2775 1319 2833 ut,
1352 2786 1512 2839 quam
1552 2772 1789 2827 breviter
1817 2775 2011 2843 possis,

457 2856 724 2910 edisseras
762 2858 1026 2925 quomodo
1050 2858 1132 2914 hae
1156 2860 1476 2916 excellentes
1501 2863 1724 2918 virtutes
1756 2865 1807 2918 in
1836 2874 2016 2919 nostra

457 2947 711 3016 religione
750 2948 1051 3004 Christiana
1096 2952 1452 3021 intelligenda:
1478 2962 1637 3026 atque
1674 2957 2017 3011 observandae

457 3039 605 3093 sint?
630 3069 701 3079 —
722 3039 853 3094 Ana.
880 3040 1067 3097 Nonne
1096 3042 1189 3097 tibi
1217 3045 1425 3098 videtur
1458 3048 1718 3116 sapientia
1747 3064 1887 3115 esse,
1912 3066 2018 3119 qua

457 3128 598 3186 Deus
623 3131 913 3186 secundum
942 3132 1213 3187 modulum
1243 3134 1490 3190 humana:
1533 3138 1729 3193 mentis
1768 3139 2019 3211 intelligi-

456 3230 545 3291 tur
570 3232 625 3279 et
655 3224 890 3287 timetur,
916 3230 969 3278 et
996 3223 1234 3280 futurum
1262 3227 1378 3296 ejus
1403 3228 1639 3283 creditur
1658 3228 1952 3303 judicium?

525 3311 657 3367 Cas.
698 3312 937 3385 Intelligo
964 3314 1041 3388 [et
1070 3317 1325 3389 assentio]
1354 3319 1486 3373 nihil
1530 3336 1650 3377 esse
1689 3323 1790 3377 hac
1813 3325 2021 3394 sapien-

456 3399 735 3471 tia-[Mss.,
780 3404 903 3459 huic
950 3407 1246 3479 sapientia]
1292 3410 1658 3467 excellentius.
1707 3413 1773 3467 Et
1823 3415 1875 3467 in
1922 3414 2021 3470 Job

456 3490 635 3557 recolo
664 3493 920 3562 scriptum
944 3513 955 3545 :
989 3495 1127 3549 Ecce
1146 3496 1378 3552 hominis
1406 3501 1690 3568 sapientia,
1718 3503 1908 3570 pietas.
1935 3502 2022 3574 [Et

455 3581 584 3651 quid
632 3583 824 3652 pietas,
872 3584 973 3638 nisi
1030 3585 1123 3639 Dei
1171 3586 1362 3649 cultus,
1421 3588 1539 3659 qui}
1588 3588 1773 3646 Graece
1825 3592 2023 3647 dicitur

455 3675 723 3747 Θιοσᾶβηα
752 3672 929 3745 [Mss.,
959 3676 1316 3749 theosebion].
1344 3708 1415 3718 —
1438 3678 1569 3734 ALs.
1598 3680 1742 3737 Bene
1768 3682 2023 3755 intelligis

446 3770 513 3823 et
530 3778 673 3818 vere.
705 3762 964 3835 Sed.quid
999 3766 1092 3821 tibi
1114 3767 1322 3837 justitia
1362 3768 1571 3824 videtur
1596 3784 1735 3837 esse,
1768 3774 1869 3828 nisi
1896 3775 2023 3830 cha-

456 3855 589 3908 ritas
614 3854 708 3908 Dei
736 3854 956 3925 ejusque
974 3859 1347 3915 mandatorum
1373 3862 1721 3918 observatio?

524 3942 655 3998 (Σιιι.
685 3943 762 3999 Ει
790 3944 893 3999 hoc
932 3960 1183 4015 agnosco.
1222 3949 1363 4005 Nihil
1411 3952 1513 4008 hac
1552 3951 1761 4021 justitia
1802 3956 2020 4027 justius,

457 4034 564 4089 imo
591 4031 790 4086 nullam
818 4034 979 4088 aliam
1015 4050 1136 4092 esse
1160 4039 1263 4105 nisi
1293 4041 1469 4095 istam.
1504 4074 1575 4085 -—
1598 4044 1731 4100 Ana.
1772 4046 2023 4117 Nunquid

457 4139 562 4179 non
588 4124 951 4180 fortitudinem
996 4141 1115 4182 esse
1159 4122 1356 4194 Cernis,
1405 4132 1727 4201 quaghostis
1771 4136 2023 4207 antiquus

456 4216 712 4281 vincitur,
734 4224 791 4271 et
811 4216 1033 4272 adversa
1064 4218 1247 4273 mundi
1274 4218 1489 4276 fortiter
1515 4222 1859 4280 tolerantur?

525 4303 680 4374 331
708 4306 859 4374 Ctn.,
871 4306 1047 4363 Cerno
1068 4309 1336 4379 equidem,
1367 4327 1467 4367 nec
1490 4312 1691 4384 aliquid
1728 4317 1831 4372 hac
1856 4318 2022 4373 victo-

459 4393 541 4447 ria
565 4391 885 4449 laudabilius
905 4399 1133 4453 aestimo.
1163 4429 1234 4441 -—
1259 4399 1389 4456 ALB.
1418 4402 1500 4457 An
1524 4409 1875 4475 temperantia
1909 4409 2019 4466 'non

458 4492 559 4545 est,
612 4498 730 4553 qua
780 4482 1052 4540 libidinem
1113 4489 1384 4556 refrenat,
1423 4496 1703 4551 avaritiam
1754 4500 2019 4571 reprimit,

460 4586 645 4627 omnes
670 4572 833 4626 animi
860 4573 1090 4643 impetus
1112 4575 1263 4649 sedat
1278 4586 1331 4631 et
1357 4585 1657 4649 temperat?
1676 4616 1746 4625 —
1768 4586 1899 4643 Cas.
1927 4588 2022 4644 Est

462 4670 518 4717 et
540 4678 666 4723 vere
694 4663 820 4737 [εει.
854 4662 929 4737 et]
966 4667 1115 4721 omni
1147 4665 1348 4744 homini
1378 4668 1531 4724 valde
1558 4676 1883 4731 necessaria.
1915 4677 2020 4734 Sed

424 4814 429 4817 δ
462 4753 636 4811 adhuc
660 4771 863 4826 quaero,
888 4758 957 4813 ad
978 4773 1138 4831 quem
1162 4758 1319 4815 ﬁnem
1348 4760 1540 4817 barum
1560 4762 1815 4820 virtutum
1836 4766 2022 4824 obser-

2110 408 2193 463 An
2219 408 2364 466 aliud
2381 410 2651 467 aestimas?
3204 467 3211 477 ,

2178 498 2311 555 Cn.
2355 499 2441 556 Nil
2483 500 2731 571 equidem
2758 502 2922 558 aliud.
2957 500 3064 557 Sed
3100 516 3262 572 quam
3290 503 3453 557 breve
3486 501 3670 557 auditu

2110 595 2215 653 est,
2244 596 2354 643 tam
2374 589 2587 646 diﬁcile
2612 590 2759 647 factu
2796 601 2881 648 est
2917 601 2975 648 et
3009 591 3254 648 arduum.
3279 623 3349 634 —
3374 594 3505 648 Au.
3532 592 3670 660 Quid

2112 674 2322 734 facilius
2345 687 2428 736 est
2456 693 2618 749 quam
2650 695 2836 737 amare
2865 683 3072 752 species
3106 682 3377 753 pulchras,
3406 691 3462 737 et
3490 682 3674 738 dulces

2112 781 2352 837 sapores,
2379 784 2539 826 sonos
2572 786 2791 838 suaves,
2812 773 3005 830 odores
3032 770 3352 844 fragrantes,
3381 783 3555 828 tactus
3586 772 3675 841 ju-

2112 857 2334 923 cundos,
2362 859 2593 916 honores
2619 868 2676 915 et
2700 859 2985 918 felicitates
3010 864 3224 919 saeculi?
3250 862 3377 920 Haec
3399 879 3467 919 ne
3491 878 3672 921 amare

2111 947 2265 1005 facile
2283 952 2368 1004 est
2385 951 2594 1016 animae,
2620 965 2739 1021 quae
2759 951 2904 1007 velut
2921 952 3150 1009 volatilis
3172 954 3362 1009 umbra
3384 954 3674 1020 recedunt;

2113 1050 2169 1096 et
2212 1041 2377 1096 Deum
2424 1056 2531 1111 non
2582 1057 2785 1108 amare,
2821 1043 2913 1112 qui
2958 1050 3045 1098 est
3084 1052 3283 1099 interna
3310 1043 3676 1113 pulchritudo,

2115 1140 2314 1186 aeterna
2346 1133 2608 1198 suavitas,
2633 1140 2834 1202 atem
2858 1132 3101 1206 dulcedo,
3130 1141 3331 1189 eterna
3357 1132 3673 1205 fragrantia,

2114 1231 2315 1277 aeterna
2339 1221 2665 1295 jucunditas,
2694 1233 2986 1295 perpetuus
3009 1224 3198 1288 honor,
3225 1224 3535 1281 indeﬁciens
3558 1224 3677 1282 feli-

2115 1314 2284 1369 citas?
2306 1314 2536 1373 Maxime
2559 1330 2683 1371 cum
2707 1314 2900 1369 divinae
2925 1313 3216 1386 Scriptura:
3237 1316 3309 1370 nil
3335 1315 3475 1371 aliud
3498 1316 3677 1371 nobis-

2117 1417 2240 1457 cum
2266 1412 2449 1475 agant,
2477 1406 2577 1460 nisi
2604 1413 2663 1460 ut
2690 1405 2972 1476 diligamus
2996 1406 3163 1461 Deum
3188 1417 3242 1461 et
3266 1407 3546 1462 Dominum
3575 1423 3674 1463 no-

2117 1505 2285 1551 strum
2307 1510 2373 1549 ex
2393 1492 2506 1551 toto
2524 1497 2709 1561 corde,
2729 1511 2797 1552 ex
2822 1504 2933 1552 tota
2951 1496 3129 1551 anima
3148 1505 3202 1551 et
3216 1512 3301 1561 ,ει
3330 1506 3443 1552 tota
3478 1508 3673 1564 mente,

2118 1593 2175 1640 et
2204 1584 2506 1653 proximum
2543 1593 2784 1640 nostrum
2839 1595 3091 1656 tanquam
3140 1588 3512 1658 nosmetipsos.
3543 1587 3677 1642 Nam

2045 1663 2093 1727 Β
2119 1675 2443 1744 promissum
2468 1675 2726 1731 habemus
2750 1676 2817 1731 ab
2847 1676 2957 1742 illo,
2978 1678 3068 1747 qui
3092 1676 3277 1732 fallere
3302 1679 3510 1749 ignorat
3541 1697 3553 1732 :
3577 1678 3678 1733 Ju—

2116 1780 2259 1837 gum,
2290 1766 2480 1835 inquit,
2508 1782 2679 1820 meum
2707 1783 2861 1821 suave
2887 1777 2962 1821 est
2986 1775 3033 1821 et
3074 1784 3202 1822 onus
3229 1785 3398 1845 meum
3423 1767 3549 1829 leve.
3578 1768 3682 1823 La-

2116 1857 2382 1913 boriosior
2400 1866 2484 1912 est
2516 1858 2657 1912 enim
2703 1873 2855 1913 amor
2877 1858 3035 1927 hujus
3065 1861 3247 1914 mundi
3270 1876 3429 1929 quam
3456 1861 3676 1919 Christi.
3746 1890 3747 1893 η

2117 1942 2270 2012 Quod
2292 1946 2438 2000 enim
2468 1945 2523 2000 in
2551 1945 2641 2001 illo
2668 1947 2846 2001 anima
2870 1949 3082 2017 qumrit,
3113 1964 3216 2003 non
3242 1950 3465 2017 invenit,
3495 1952 3548 2007 id
3570 1962 3677 2018 est,

2117 2033 2428 2112 felicitatem
2452 2046 2508 2092 et
2534 2028 2919 2105 aeternitatem;
2948 2042 3197 2110 quoniam
3219 2043 3335 2098 hac
3358 2044 3537 2099 inﬁma
3560 2045 3685 2114 pul—

2117 2126 2368 2181 chritudo
2397 2128 2593 2182 transit
2614 2137 2668 2182 et
2694 2127 2916 2195 recedit,
2945 2130 3028 2185 vel
3058 2142 3328 2189 amantem
3349 2135 3566 2201 deserit,
3594 2139 3688 2193 vel

2118 2216 2188 2271 ab
2224 2226 2439 2272 amante
2487 2217 2769 2273 deseritur.
2803 2217 3003 2295 Teneat
3049 2234 3177 2292 ergo
3219 2222 3393 2276 anima
3435 2224 3678 2281 ordinem

2118 2322 2295 2363 suum.

2188 2397 2320 2453 CAR.
2351 2398 2481 2466 Quis
2507 2408 2592 2456 est
2609 2401 2742 2457 ordo
2767 2401 2958 2457 animae
2971 2401 3193 2458 ?—At.s.
3232 2402 3299 2459 Ut
3318 2402 3681 2475 diligat,quod

2119 2492 2364 2561 superius
2392 2503 2493 2558 est,
2532 2494 2583 2548 id
2610 2503 2709 2561 est,
2751 2495 2949 2563 Deum;
2979 2505 3034 2552 et
3059 2508 3226 2568 regat,
3270 2500 3412 2567 quod
3458 2488 3683 2555 inferius

2118 2591 2219 2648 est,
2248 2582 2300 2637 id
2325 2592 2425 2648 est,
2450 2600 2674 2654 corpus;
2726 2594 2780 2639 et
2812 2585 2984 2639 socias
3025 2587 3229 2640 animas
3267 2586 3547 2642 dilectione
3582 2604 3681 2643 nu-

2120 2676 2246 2730 triat
2272 2684 2325 2731 et
2355 2675 2549 2733 foveat.
2611 2676 2706 2731 llis
2753 2678 2893 2732 enim
2941 2677 3216 2733 sacriﬁciis
3250 2688 3475 2749 purgata
3520 2689 3683 2751 atque

2120 2780 2408 2826 exonerata
2444 2772 2620 2825 anima
2650 2772 2716 2825 ab
2744 2772 2847 2826 hac
2871 2770 3139 2827 laboriosa
3163 2782 3218 2826 et
3248 2789 3546 2830 aerumnosa
3574 2777 3685 2831 vita

2120 2863 2381 2919 revolabit
2409 2862 2498 2934 [ad
2526 2863 2783 2936 quietem]
2811 2873 2864 2919 et
2890 2865 3111 2919 intrabit
3132 2863 3261 2936 [Al.,
3293 2865 3596 2940 emigrabit]
3628 2870 3681 2922 in

2121 2954 2373 3023 gaudium
2403 2953 2614 3007 Domini
2639 2955 2739 3007 sui.

2191 3043 2323 3101 CAR.
2363 3044 2607 3113 Magnum
2649 3045 2933 3113 quemdam
2977 3045 3150 3100 virum
3199 3054 3253 3101 et
3298 3060 3423 3101 vere
3468 3046 3681 3101 beatum

2119 3135 2398 3204 praedicas,
2430 3134 2701 3204 magister.
2731 3164 2802 3175 -
2823 3134 2953 3189 Ana.
2987 3134 3230 3205 Magnum
3261 3143 3314 3190 te
3343 3134 3507 3191 faciat
3541 3136 3688 3197 Deus

2119 3233 2173 3278 et
2199 3238 2325 3279 vere
2350 3222 2818 3288 beatum,domine
2848 3224 2917 3277 mi
2948 3238 3063 3287 rex,
3091 3232 3147 3278 et
3184 3225 3237 3278 in
3284 3224 3387 3279 hac
3428 3226 3686 3284 virtutum

2120 3314 2397 3385 quadriga,
2419 3314 2485 3369 de
2508 3330 2608 3384 qua
2634 3314 2791 3384 paulo
2809 3323 2929 3368 ante
2944 3315 3171 3385 egimus,
3196 3316 3261 3369 ad
3282 3315 3512 3370 caelestis
3534 3318 3685 3387 regni

2122 3416 2297 3457 arcem
2342 3401 2568 3474 geminis
2610 3402 2908 3458 dilectionis
2949 3405 3137 3473 pennis
3180 3405 3429 3459 saeculum
3459 3406 3560 3460 hoc
3586 3421 3684 3460 ne-

2120 3507 2280 3561 quam
2310 3492 2642 3545 transvolare
2670 3492 2943 3548 concedat.

2190 3580 2322 3636 CAR.
2352 3581 2488 3645 Fiat,
2518 3581 2630 3646 ﬁat,
2657 3584 2823 3653 gratia
2851 3583 3030 3638 divina
3051 3584 3297 3653 donante.
3316 3587 3530 3643 —ALB.
3558 3589 3686 3646 Ser-

2121 3686 2210 3727 mo
2237 3672 2339 3728 iste
2370 3681 2577 3739 noster,
2605 3675 2697 3743 qui
2725 3674 2791 3728 de
2808 3674 3035 3729 volubili
3066 3676 3299 3732 civilium
3331 3680 3687 3749 quaeStionum

2122 3767 2337 3839 ingenio
2365 3766 2507 3841 [Αι.,
2554 3767 2742 3841 genio]
2773 3768 2982 3824 initium
3035 3770 3243 3837 habuit,
3285 3772 3429 3829 hunc
3472 3782 3688 3831 uerna:
3730 3760 3737 3763 ’

2122 3848 2430 3915 stabilitatis
2489 3860 2683 3916 habeat
2734 3858 2916 3926 ﬁnem,
2947 3875 3015 3916 ne
3044 3860 3239 3931 aliquis
3277 3876 3377 3918 nos
3414 3863 3684 3921 incassum

2124 3959 2331 4006 tantum
2361 3951 2680 4023 disputando
2705 3952 2915 4008 itineris
2940 3955 3210 4026 peregisse
3234 3954 3539 4011 contendat.

2190 4040 2322 4097 CAR.
2348 4042 2480 4110 Quis
2506 4051 2606 4109 est,
2639 4046 2732 4114 qui
2769 4042 2971 4099 frustra
3011 4046 3361 4102 sermocinari
3386 4049 3582 4105 audeat
3606 4049 3689 4105 di-

2121 4146 2262 4198 cere,
2287 4133 2331 4187 si
2354 4140 2447 4185 aut
2472 4134 2817 4188 honestarum
2846 4132 2951 4207 [est
2965 4134 3172 4209 saculi]
3194 4146 3463 4196 scrutator
3486 4138 3688 4214 [curio-

2122 4222 2235 4297 sus]
2283 4224 2501 4291 artium,
2555 4232 2649 4282 aut
2691 4225 3065 4283 excellentium
3118 4236 3354 4286 sectator
3384 4232 3687 4291 virtutum?

2049 4314 2276 4404 DNam-
2303 4329 2409 4381 me,
2463 4324 2523 4369 ut
2572 4314 2762 4382 fateor,
2816 4316 2883 4373 ad
2923 4317 3021 4374 has
3048 4320 3420 4389 inquisitiones
3450 4323 3687 4379 scientiae

2125 4422 2277 4461 amor
2300 4406 2522 4461 adduxit
2550 4424 2564 4460 :
2596 4414 2650 4463 et
2680 4409 2775 4463 tibi
2795 4409 3023 4479 gratiam
3044 4411 3234 4477 habeo,
3264 4416 3404 4483 quod
3433 4415 3688 4485 inquisita

2123 4512 2229 4551 non
2257 4497 2485 4566 negasti.
2514 4496 2590 4551 Ac
2620 4498 2739 4552 ideo
2763 4498 2902 4553 hanc
2931 4506 3135 4555 tuarum
3162 4503 3569 4571 reSponsionum
3594 4504 3691 4560 bo-

2124 4580 2478 4641 nevoléntiam
2502 4587 2687 4655 probo,
2728 4594 2783 4642 et
2812 4588 3065 4643 studiosis
3095 4588 3428 4660 profuturam
3453 4608 3569 4649 esse
3598 4610 3687 4649 ar-

2120 4678 2319 4741 bitror;
2358 4676 2404 4733 si
2449 4676 2608 4733 modo
2656 4677 2864 4734 macula
2916 4678 3098 4737 livoris
3126 4680 3388 4753 legentem
3425 4699 3528 4739 mn
3567 4695 3685 4739 εον-

2120 4769 2339 4839 rumpit.

1840 4874 2275 4940 SCHEMATA

464 4964 610 5040 ρυω
639 4971 1003 5044 sequuntur,
1039 4968 1105 5029 in
1140 4968 1276 5031 cod.
1314 4990 1456 5032 mss.
1485 4974 1550 5034 S.
1584 4972 1975 5061 Em‘rrterctmt’,
2008 4977 2403 5061 Frisingcmi
2425 5024 2440 5048 ,
2488 4980 2636 5041 aliis
2668 5026 2683 5053 ,
2745 4990 2924 5061 atque
2974 4984 3037 5043 in
3072 4982 3338 5049 editione
3382 4989 3682 5052 Duaccmi

1308 5152 1443 5207 ΔΙ.

1693 5249 1874 5304 Natura

1147 5304 1173 5424 ‘
1250 5306 1340 5380 Vir
1363 5304 1516 5361 bonus
1595 5304 1617 5410 ξ
1694 5312 1906 5379 Moribus

862 5368 1075 5417 Oratoris
1694 5374 1891 5424 Artibus

858 5430 1085 5538 ἓὲτξςῗῗεῖἐίδ
1153 5430 1179 5648 ξ
1258 5489 1311 5536 n-
1448 5492 1457 5503 α
1735 5512 1744 5523 .

1046 5505 1074 5539 ο
1302 5492 1459 5538 ιςθυόι
1691 5494 1873 5543 Natura

1092 5554 1100 5559 '
1258 5551 1451 5599 l’vrnlus
1588 5470 1615 5672 ἓ
1692 5556 1873 5606 Docuit

1259 5626 1366 5662 esse
1392 5614 1539 5664 debet
1694 5615 1789 5666 Usu

1092 5551 1173 5609 Ἰ
1258 5551 1451 5599 νυτιιυε
1590 5551 1609 5609 ί
1692 5556 1919 5609 Doctrina

1259 5614 1539 5664 essedebet
1589 5614 1615 5666 ῐ
1694 5615 1789 5666 Usu

1398 5092 1399 5097 η
1466 5052 1617 5112 (ιηηί
1653 5052 1804 5113 156ἵι
1832 5053 2054 5134 figuris
2087 5052 2629 5135 reprirsentantur.

2936 5256 3156 5309 Iuventio

2509 5317 2677 5381 Partes
2836 5317 2857 5381 \
2938 5318 3199 5381 Dispositio

2468 5376 2738 5429 Rhetorica)
2838 5376 2857 5429 ι
2938 5376 3155 5428 Elocutio

2414 5448 2757 5503 stmtqumqua
2833 5442 2856 5503 Ι
2936 5442 3161 5503 Herum-ia

2938 5502 3265 5553 Pronuntiatio
