4266 6228
530 300 533 303 ν
595 188 704 284 θδιί

1395 230 1455 283 Β.
1497 231 1556 284 l".
1598 232 1823 288 ALBINI
1862 233 1994 293 SEU
2017 235 2293 292 ALCUlM
2327 240 2613 295 UPERL‘M
2650 235 2829 298 PARS
2866 234 2976 323 Vl].

3711 243 3819 301 953

595 361 624 424 te.
650 339 1282 424 Animadvertis,facile,
1313 336 1827 424 lectoriAlcuinum
1860 357 2153 424 _enumera-
2182 351 2228 408 Α
2254 357 2437 413 gnum.
2464 342 2616 397 --C.
2644 338 2826 402 Primo
2862 348 3100 403 omnium
3141 349 3227 405 dic
3256 351 3397 406 unde
3432 351 3573 407 dicta
3599 352 3671 407 sit
3694 354 3819 424 phi-

588 413 733 464 tione
759 410 936 478 potius
975 407 1451 481 etdclinitionibus
1472 417 1641 481 atque
1667 410 1924 479 exemplis
1951 414 2150 481 passim

587 477 772 543 usum,
792 495 857 532 eo
898 477 1044 548 quod
1066 494 1172 532 non
1202 488 1307 533 tam
1343 477 1589 532 subtilem
1613 487 1666 535 et
1688 477 1992 535 accuratam
2024 482 2149 536 Dia-

583 551 827 604 lecticam
874 549 1000 619 (quo
1047 548 1261 603 nomine
1308 556 1460 601 extra
1515 548 1739 619 lycazum
1829 550 2049 619 uidquid
2081 552 2148 605 ad

583 617 877 691 disserendi
904 619 1165 691 rationem
1196 617 1445 691 pertinet,
1468 564 1825 691 intelligiturg
1853 628 2147 691 artemgseu

583 617 1165 673 disserendirationem
1196 617 1445 687 pertinet,
1487 617 1825 687 intelligitur)
1853 617 2023 674 artem
2054 636 2147 675 seu
2174 672 2177 675 γ

585 688 888 759 methodum
933 687 1169 743 scribere
1213 688 1526 759 instituerit,
1567 703 1730 759 quam
1756 687 1995 759 ejusdem
2026 689 2151 745 Dia-

585 704 888 742 metuouum
933 704 1169 743 scribere
1213 704 1526 749 msutueru,
1567 704 1730 810 quam
1756 704 1995 759 ejusuem
2026 704 2149 745 ura-

556 759 783 819 ,lectic;e
830 757 1692 829 elementorum“qualemquaem
1724 760 1937 813 tradere
1966 760 2149 829 cogni-

581 831 800 889 tionem.
838 847 856 879 ι
882 826 1020 896 liae
1044 827 1156 891 ille.
1188 826 1314 896 Mihi
1344 826 1485 881 haud
1515 827 1737 881 dubium
1764 838 1849 884 est
1883 826 2148 883 nanc'Al-

564 896 723 969 .cuiui
749 897 1110 969 Dialecticam,
1139 896 1241 969 etsi
1264 895 1520 969 fortassis
1535 897 1711 969 minus
1732 897 1943 953 subtilis
1965 898 2148 969 videag

533 964 669 1021 Wtur
706 983 867 1036 quam
914 967 1110 1037 Logica
1139 966 1370 1036 vulgaris
1403 964 1883 1037 Peripateticorum
1912 968 2146 1037 proximi

581 1037 851 1104 temporis,
885 1036 1051 1091 nmlto
1078 1036 1254 1091 tamen
1278 1037 1377 1099 ista
1401 1050 1518 1089 esse
1545 1036 1833 1092 utiliorem.

650 1108 756 1161 Nos
781 1122 898 1161 eam
924 1107 1025 1161 hoc
1054 1107 1171 1162 loco
1197 1106 1513 1160 exhibemus
1534 1105 1779 1173 plurimis
1806 1106 1938 1161 locis
1962 1119 2145 1160 emen-

576 1177 753 1231 datam
783 1193 847 1231 ex
892 1176 1047 1232 codd.
1085 1191 1214 1230 mss.
1248 1176 1679 1245 Vindoboneusi,
1716 1175 2043 1245 Frisiugensi
2090 1184 2146 1230 et

578 1247 633 1300 S.
674 1246 1028 1309 Emmerami;
1072 1246 1328 1315 lectiones
1375 1244 1648 1298 variantes
1694 1255 1748 1300 et
1796 1244 2038 1315 suppleta
2089 1246 2143 1298 in

577 1328 723 1371 textu
751 1318 887 1369 inter
911 1331 1075 1372 uncos
1092 1314 1342 1370 conclusa
1367 1329 1515 1368 more
1538 1323 1721 1368 nostro
1741 1314 2138 1369 collocavimus.

643 1386 797 1439 Juvat
828 1388 933 1441 huc
962 1385 1318 1440 transcribere
1356 1399 1475 1453 quae
1503 1383 1573 1453 ad
1596 1384 1737 1440 hunc
1767 1385 1959 1438 librum
1990 1392 2142 1437 nota-

572 1456 1043 1510 vitceleherrimus
1069 1455 1361 1524 Basnagius
1384 1463 1513 1507 tom.
1543 1452 1582 1506 Il
1604 1454 1753 1509 Lect.
1773 1455 2136 1524 antiquarum,

571 1540 695 1595 pag.
722 1525 845 1590 488,
872 1534 978 1579 not.
1016 1544 1034 1575 ι
1070 1526 1187 1585 Alia
1218 1523 1515 1595 dialectica,
1535 1524 1727 1595 inquit,
1759 1527 1872 1578 sive
1898 1523 2035 1577 alius
2058 1530 2141 1595 est

564 1592 963 1663 ide'Categoriis
987 1596 1124 1650 liber
1158 1610 1225 1649 ex
1265 1592 1551 1663 Aristotele
1590 1594 1657 1647 ab
1682 1593 1876 1653 Albino
1916 1592 2141 1647 transla-

574 1678 658 1720 tus
686 1678 709 1704 ιι
736 1661 874 1735 apud
902 1682 985 1721 me
1012 1681 1112 1720 ms.
1141 1678 1302 1734 quem
1336 1661 1528 1718 Carolo
1559 1662 1749 1735 Magno
1774 1664 1876 1719 hoc
1903 1662 2057 1717 titulo
2084 1670 2138 1717 et

574 1737 1079 1800 carminciuscribit
1113 1754 1123 1785 :
1165 1756 1182 1787 ι

572 1828 818 1899 Alriiinus
862 1830 1157 1897 magistere
1185 1832 1421 1899 partibus
1459 1826 1687 1899 Scythiae
1730 1828 1999 1883 deueniens
2043 1828 2161 1885 has,

640 1897 939 1968 Categorias
965 1899 1027 1952 ab
1054 1897 1327 1953 Aristotele
1350 1897 1647 1953 ercorum
1682 1915 1917 1952 sermone
1946 1900 2134 1968 editus,

639 1978 689 2020 et
702 1965 823 2089 post
848 1968 910 2021 ab
947 1968 1233 2039 Augustino
1262 1968 1462 2047 Latinis
1496 1968 1683 2022 litteris
1718 1965 2137 2049 elucidutasﬂa-

639 2055 696 2089 ro
721 2054 750 2089 ο
779 2039 885 2089 reai
907 2037 1235 2089 Francorum
1259 2056 1377 2089 cum
1402 2039 1481 2089 his
1518 2040 1741 2089 rersibus
1769 2038 2061 2089 destinarit.

639 2037 750 2090 rolo
779 2039 885 2109 regi
907 2037 1235 2092 Francorum
1259 2056 1377 2091 cum
1402 2039 1481 2093 his
1518 2040 1741 2093 rersibus
1769 2038 2061 2092 destinarit.

571 2127 821 2182 Continet
853 2130 955 2182 iste
977 2129 1161 2183 decem
1188 2138 1393 2184 natura:
1424 2131 1585 2185 verba
1611 2120 1838 2193 libellus,

572 2220 697 2283 ρυλε
717 2218 827 2288 jam
864 2218 1027 2273 verba
1055 2216 1256 2285 tenent,
1289 2236 1468 2275 rerum
1500 2220 1708 2275 ratione
1742 2219 2024 2289 stupenda,

571 2311 739 2363 Omne
768 2310 909 2380 quod
938 2311 991 2364 in
1030 2319 1270 2366 n0strum
1290 2312 1489 2381 poterit
1515 2310 1801 2365 decurrere
1826 2324 2063 2365 sensum.

571 2402 671 2465 Qui
699 2400 843 2469 legit,
876 2390 1145 2471 ingenium
1173 2412 1414 2457 veterum
1438 2402 1685 2458 mirabile
1718 2400 1918 2467 laudet,

570 2490 740 2556 Atque
767 2504 919 2543 suum
945 2491 1158 2544 studeat
1184 2493 1274 2545 tali
1298 2507 1551 2547 exercere
1577 2492 1779 2557 labore,

570 2581 849 2634 limrnans
885 2580 1052 2635 titulis
1080 2582 1204 2636 vita:
1240 2574 1361 2637 data
1390 2590 1630 2652 tempora
1653 2583 1912 2637 honestis.

570 2674 719 2727 llunc
748 2672 1046 2741 Augustino
1070 2674 1272 2743 placuit
1300 2674 1595 2728 transferre
1624 2674 1885 2744 magistro

570 2766 640 2817 De
672 2773 907 2818 veterum
934 2766 1079 2835 gazis
1109 2764 1416 2820 Graecorum
1437 2765 1586 2820 clave
1615 2765 1803 2819 Latina
1838 2783 1850 2818 :

567 2858 735 2920 Quem
762 2854 856 2908 tibi
888 2870 1004 2919 rex,
1039 2871 1263 2923 magnus
1292 2855 1493 2923 sophiae
1523 2862 1775 2919 sectator,
1795 2864 2024 2920 amator,

568 2944 783 2998 Munere
812 2946 900 3013 qui
930 2946 1022 2999 tali
1063 2946 1281 3015 gaudes,
1308 2946 1467 3001 modo
1500 2945 1654 3000 mitto
1681 2945 1986 3016 legendum.

569 3101 580 3111 .
620 3100 630 3109 .
665 3098 679 3112 .
714 3099 727 3111 .
762 3077 780 3110 ι
810 3058 912 3113 Sed
944 3059 1240 3129 Categorire
1270 3060 1373 3114 illae
1401 3060 1587 3115 decem
1632 3060 1930 3128 Augustino
1975 3058 2163 3114 tribui:

568 3129 924 3201 uou__debcut.
945 3131 1021 3201 ’Et
1050 3146 1233 3183 revera
1282 3130 1609 3201 Benedictini
1639 3131 1964 3186 acutissima:
1993 3131 2140 3201 naris

566 3201 617 3251 in
648 3199 1037 3281 distinguendis
1070 3201 1314 3271 genuinis
1362 3200 1645 3281 Augustini
1676 3201 1947 3281 _operibus
1991 3200 2044 3254 in
2075 3216 2138 3281 ca

567 3270 1023 3339 przestantissima,
1056 3270 1217 3339 quam
1250 3281 1530 3334 curarunt,
1562 3273 1813 3336 editione,
1845 3286 1951 3325 non
1981 3270 2140 3325 modo

566 3338 907 3410 Dialecticam
945 3351 999 3392 et
1027 3338 1336 3410 categorias
1376 3356 1440 3395 ex
1488 3342 1776 3397 Aristotele
1806 3342 2133 3409 desumptas,

565 3410 659 3481 sed
698 3420 752 3481 et
796 3407 1211 3464 Grammaticani
1242 3420 1298 3464 ut
1344 3421 1397 3465 et
1447 3410 1793 3467 Rhetoricam
1841 3407 2140 3481 Augustino

566 3478 960 3545 abjudicarunt,
999 3481 1132 3533 etin
1161 3482 1509 3549 appendicem
1547 3484 1675 3537 tomi
1706 3482 1728 3536 ι
1765 3495 1889 3536 cum
1931 3478 2141 3550 caeteris

564 3551 815 3618 operibus
844 3552 1041 3619 spuriis
1075 3550 1396 3619 rejecerunt.
1439 3572 1456 3603 ι

638 3620 743 3674 Nec
765 3621 829 3675 de
854 3623 1097 3676 versibus
1123 3623 1205 3675 hic
1239 3620 1524 3692 descriptis
1545 3634 1753 3679 certum
1784 3620 2005 3692 omnino
2033 3629 2136 3683 est,

565 3707 688 3745 mun
716 3693 945 3763 habeant
967 3693 1250 3763 Alcuiuum
1277 3691 1575 3758 auctorem,
1607 3693 1854 3763 quamvis
1882 3691 2024 3745 illius
2046 3706 2140 3743 no-

566 3777 683 3833 men
717 3760 984 3833 inkfroute
1034 3762 1282 3831 priefcrat
1316 3764 1486 3817 codex
1533 3760 1751 3833 quidam
1800 3768 2140 3833 pet-vetustus

567 3781 683 3814 men
717 3781 767 3815 ιη
808 3781 984 3816 troute
1034 3781 1282 3831 praaicrat
1316 3781 1486 3817 coaex
1571 3781 1751 3818 inuam
1800 3781 2139 3833 pervenistus

567 3830 1134 3903 ﬁanCt—Germaueusis
1163 3834 1244 3887 his
1283 3834 1461 3903 verbis
1492 3852 1504 3886 :
1533 3781 1796 3903 $rologus
1825 3831 2033 3903 Alcuini
2052 3833 2139 3903 ad

566 3900 810 3952 Cura/um
834 3902 1121 3969 Angustum
1146 3919 1300 3968 super
1322 3900 1625 3970 Categorias
1648 3900 1817 3955 sancti
1842 3900 2136 3968 Augustini.

568 3971 697 4025 Vide
728 3972 1045 4040 appendices
1083 3972 1147 4024 ad
1173 3972 1345 4041 Opera
1374 3969 1548 4025 sancti
1580 3969 1883 4039 Augustini.

1110 4084 1269 4155 335
1298 4082 1569 4139 vsasus

570 4180 647 4232 Me
680 4180 815 4250 lege,
842 4178 930 4248 qui
963 4186 1204 4231 veterum
1236 4177 1420 4245 cupias
1448 4190 1777 4246 cognoscere
1808 4190 2025 4243 sensus,

636 4269 716 4324 Me
742 4271 1046 4338 quicunque
1073 4270 1236 4337 capit,
1276 4269 1579 4324 rusticitate
1610 4272 1789 4325 raret.‘
1826 4298 1831 4303 ι

569 4361 699 4413 Nilo
736 4376 886 4415 meus
915 4361 1083 4415 lector
1109 4363 1287 4431 segnis
1308 4363 1400 4427 sit,
1423 4362 1547 4416 nolo
1576 4363 1861 4431 superbus,

639 4451 823 4505 Devoti
845 4459 898 4504 et
924 4452 1140 4505 humilis
1164 4454 1397 4520 pectoris
1428 4446 1579 4506 antra
1612 4452 1747 4507 colo.
1778 4514 1784 4525 ⁸

568 4546 675 4601 llas
703 4560 833 4615 rogo
858 4542 1071 4596 divitias
1109 4542 1313 4612 sophia:
1336 4548 1444 4595 non
1478 4548 1684 4595 temnat
1711 4548 1942 4604 amator,

592 4658 605 4665 π
638 4640 827 4694 Navita
862 4652 999 4708 quas
1022 4635 1195 4706 pelagi
1222 4642 1403 4703 portat
1431 4634 1499 4688 ab
1528 4633 1658 4687 orbe
1679 4648 1795 4688 suo.

1077 4727 1301 4783 CAPUT
1340 4725 1630 4782 PRIMUM.

832 4821 895 4858 DE
933 4815 1275 4857 PHILOSOPHIA
1318 4815 1385 4852 ΕΤ
1426 4812 1685 4857 PARTlBUS
1726 4811 1866 4851 PJUS.

637 4896 879 4950 Carolus.
918 4880 1057 4960 Quia,
1100 4891 1428 4945 mentionem
1472 4880 1823 4959 philosophim
1870 4890 1923 4942 in
1962 4888 2145 4957 priore

572 4984 944 5055 disputationis
976 4991 1171 5034 nostrae
1216 4993 1463 5033 sermone
1518 4978 1748 5037 iecimus
1786 4976 1959 5048 [Edit.
2010 4974 2146 5031 Mol-

574 5077 747 5139 theri.,
779 5072 903 5143 quia
934 5069 1258 5125 mentionem
1284 5070 1334 5121 in
1360 5068 1530 5136 priori
1551 5069 1912 5139 disputatione
1938 5066 2004 5122 dc
2029 5068 2148 5139 phi-

573 5167 811 5239 ltlSOphla
855 5176 1101 5219 sermone
1158 5168 1343 5213 nostro
1390 5157 1660 5230 fecimus],
1714 5159 1929 5213 videtur
1957 5160 2133 5215 condi.

573 5276 754 5331 gnum,
788 5249 1068 5325 magister,
1096 5263 1155 5306 ut
1178 5251 1450 5319 aliquanto
1474 5248 1665 5303 latiore
1689 5250 2032 5319 indagatione
2081 5252 2147 5304 de

573 5365 633 5405 ea
668 5351 939 5416 disputare
984 5344 1325 5411 incipiamus.
1353 5370 1425 5381 —
1455 5339 1694 5393 Albinus.
1738 5340 2042 5404 Faciamus,
2074 5339 2145 5394 si-

573 5441 681 5494 Culi
734 5450 835 5492 tua:
884 5436 1090 5489 videtur
1143 5429 1592 5507 [.lls.,videatur]
1631 5432 1906 5503 sapientize
1956 5434 2143 5490 condi-

2161 3019 2209 3080 C

2250 431 2527 503 loSopbia?
2552 464 2624 473 —
2650 434 2716 488 Α.
2739 434 2822 490 Ab
2858 451 3041 491 amore
3067 439 3360 508 sapientia.
3393 438 3550 512 [Nam
3577 442 3819 512 philoso-

2249 522 2374 589 phia
2397 537 2552 577 amor
2577 532 2662 578 est
2689 526 3007 598 sapientiae].
3035 527 3207 583 Grmci
3241 530 3419 600 philoa
3442 530 3622 606 (φίλον)
3658 548 3809 589 amo-

2250 627 2395 678 rem,
2423 615 2656 685 sopltiam
2687 617 2902 689 (σοφίαν)
2928 620 3248 689 sapientiam
3275 632 3492 680 vocant.

2317 701 2379 756 ο.
2411 702 2509 759 Dic
2551 705 2668 776 ejus
2702 722 2917 778 quoque
2962 696 3348 766 deﬁnitionem.
3376 714 3533 768 -Α.
3562 713 3813 772 Philoso-

2247 794 2372 865 phia
2400 786 2484 851 est
2520 806 2836 853 naturarum
2878 800 3155 870 inquisitio
3181 842 3197 867 ,
3226 818 3409 859 rerum
3447 805 3817 863 humanarum

2245 883 2654 961 divinarumque
2700 887 2968 957 cognitio,
2996 898 3254 959 quantum
3301 892 3508 947 homini
3553 896 3810 964 possibile

2245 980 2325 1027 est
2346 974 2635 1029 aestimare.
2659 974 2754 1030 Est
2776 992 2989 1048 quoque
3003 979 3336 1051 philosophia
3350 982 3607 1039 honestas
3632 982 3803 1056 [Εόἱι.

2247 1063 2563 1136 honestitas]
2605 1064 2747 1131 vitae,
2795 1066 3029 1122 studium
3073 1068 3209 1135 bene
3254 1072 3485 1138 vivendi,
3532 1074 3810 1129 meditatio

2245 1153 2456 1243 mortis,
2492 1161 2831 1243 contemptus
2880 1158 3097 1224 seculi;
3146 1162 3291 1229 quod
3344 1162 3513 1233 magis
3557 1165 3812 1219 convenit
3905 1206 3912 1212 .

2243 1240 2584 1308 Christianis,
2606 1244 2699 1313 qui
2728 1240 2911 1301 πουιί
2939 1248 3233 1305 ambitione
3268 1250 3473 1307 calcata
3501 1250 3809 1322 disciplina-

2241 1330 2336 1386 bili
2373 1331 2723 1387 similitudine
2750 1332 2945 1390 futurae
2970 1338 3158 1406 patria:
3185 1339 3388 1394 vivunt.
3426 1394 3429 1397 ,

2312 1420 2371 1477 C.
2405 1423 2483 1478 Ex
2511 1438 2616 1493 qua
2637 1427 2863 1481 materia
2897 1430 3142 1510 constat?
3165 1461 3235 1471 —
3255 1431 3320 1484 Δ.
3343 1431 3582 1510 Scientia
3611 1444 3665 1491 et
3692 1436 3811 1507 opl-

2241 1511 2401 1567 uione
2430 1511 2607 1584 [Mss.,
2636 1516 2974 1585 opinatione;
3023 1526 3078 1573 et
3104 1520 3268 1589 infra,
3319 1522 3604 1597 opinatio].
3648 1556 3716 1567 -—
3741 1524 3805 1582 ο.

2242 1598 2478 1656 Scientia
2506 1603 2635 1674 quid
2673 1602 2887 1660 est?'—
2910 1607 2975 1661 A.
3016 1608 3251 1664 Scientia
3276 1618 3359 1666 est
3403 1627 3528 1667 cum
3575 1607 3661 1669 res
3709 1614 3807 1670 ali-

2166 1682 2215 1744 Β
2240 1706 2345 1761 qua
2372 1699 2519 1747 certa
2557 1694 2764 1751 ratione
2788 1697 3100 1767 percipitur,
3124 1707 3205 1764 ut,
3239 1699 3455 1769 eclipsis
3481 1700 3610 1757 solis
3652 1702 3807 1757 luna-

2241 1783 2316 1837 ris
2333 1784 2593 1858 .corporis
2636 1784 2849 1855 objecta
2894 1795 2996 1841 est.
3044 1817 3117 1826 ——
3154 1785 3215 1842 C.
3267 1786 3460 1857 Opinio
3495 1789 3624 1859 quid
3678 1793 3807 1846 est?

2237 1902 2307 1910 -—
2332 1872 2396 1925 Α.
2428 1870 2621 1941 Opinio
2646 1882 2748 1938 est,
2775 1888 2897 1927 cum
2923 1874 3128 1929 incerta
3168 1891 3255 1931 res
3285 1877 3414 1931 latet
3461 1885 3514 1931 et
3543 1878 3686 1932 nulla
3714 1879 3806 1933 tir-

2238 1976 2327 2017 ma
2357 1962 2563 2018 ratione
2595 1962 2811 2018 dilliniri
2841 1973 3034 2035 potest,
3079 1976 3152 2027 ut,
3182 1968 3493 2038 magnitudo
3530 1970 3650 2024 coeli
3670 2011 3686 2035 ,
3718 1971 3803 2025 vel

2238 2050 2571 2120 profunditas
2609 2060 2785 2109 terrm.
2837 2085 2907 2094 ——
2947 2053 3007 2108 C.
3064 2055 3123 2109 ln
3172 2046 3301 2125 quot
3334 2055 3484 2127 μη,
3536 2058 3592 2113 in
3640 2058 3799 2130 quas]

2237 2152 2415 2214 partes
2444 2144 2699 2200 dividitur
2741 2145 3113 2217 philoSOphia?
3157 2176 3228 2185 —-
3255 2145 3318 2201 A.
3345 2147 3403 2201 lu
3431 2158 3542 2203 tres
3572 2164 3586 2203 :
3617 2150 3802 2219 physi-

2237 2252 2375 2301 cam,
2422 2238 2676 2303 ethicam,
2730 2237 3073 2309 logicam.—
3101 2236 3161 2293 C.
3209 2239 3335 2295 llaec
3373 2257 3585 2311 quoque
3634 2242 3804 2297 latino

2237 2343 2331 2382 ore
2357 2342 2611 2396 exprome
2633 2327 2763 2399 [Αι.,
2795 2344 3020 2399 expone.
3055 2358 3128 2369 —-
3158 2329 3220 2382 Α.
3254 2330 3482 2401 Physica
3516 2340 3601 2386 est
3647 2341 3809 2386 natu-

2238 2421 2386 2484 ralis,
2432 2420 2609 2475 ethica
2642 2416 2916 2492 moralis,
2953 2421 3126 2490 logica
3173 2420 3466 2476 rationalis.
3496 2452 3565 2462 —
3587 2421 3647 2476 C.
3677 2420 3805 2477 Olli-

2236 2512 2317 2566 cia
2349 2512 2676 2582 singularum
2721 2511 3019 2581 specierum
3049 2513 3239 2582 pande.
3286 2541 3358 2552 ——
3395 2512 3460 2566 Α.
3494 2513 3551 2568 In
3577 2516 3803 2585 physica

2237 2602 2593 2673 igiturcausa
2630 2603 2924 2671 qumrendi,
2972 2603 3025 2657 in
3063 2604 3239 2673 ethica
3281 2604 3415 2660 ordo
3460 2606 3695 2670 vivendi,
3744 2608 3799 2660 in

2238 2694 2407 2763 logica
2438 2694 2576 2748 ratio
2604 2693 2932 2763 intelligendi
2954 2703 3220 2749 versatur.

2292 2784 2351 2838 (ἰ.
2368 2785 2423 2838 in
2434 2794 2566 2855 quot
2579 2785 2784 2855 species
2800 2786 3019 2855 physica
3036 2785 3434 2841 dividitur?--A
3445 2828 3457 2839 .
3476 2785 3532 2840 In
3545 2794 3801 2855 quatuor:

2240 2877 2654 2941 arithmeticam,
2686 2877 3057 2946 geometriam,
3081 2876 3365 2940 musicam,
3395 2878 3803 2933 astronomiam.

2241 2998 2309 3008 -——
2330 2966 2391 3022 ϐ.
2430 2966 2485 3022 In
2516 2976 2645 3037 quot
2666 2978 2846 3036 partes
2874 2968 3129 3021 dividitur
3153 2967 3363 3021 ethica?
3380 2988 3460 3007 κ-
3484 2968 3547 3021 Α.
3593 2967 3649 3022 In
3673 2984 3808 3039 qua-

2242 3067 2363 3112 tuor
2385 3071 2599 3126 quoque
2639 3074 2650 3109 :
2685 3057 3020 3125 prudentiam
3043 3097 3057 3122 ,
3076 3054 3365 3124 justitiam,
3395 3057 3763 3113 fortitudinem
3789 3097 3806 3121 ,

2238 3147 2665 3217 temperantiam,
2692 3176 2761 3186 -ο
2783 3144 2843 3199 C.
2874 3144 3069 3216 Logica
3100 3148 3153 3201 in
3198 3156 3327 3217 quot
3374 3137 3595 3217 species
3617 3146 3809 3219 dividi-

2238 3239 2367 3292 tur?
2394 3268 2465 3280 --
2490 3238 2552 3291 Α.
2584 3237 2641 3291 ln
2690 3237 2843 3303 duas,
2877 3239 2931 3292 iu
2976 3238 3312 3294 dialecticam
3355 3249 3412 3293 et
3459 3238 3806 3293 rhetoricam.

2236 3330 2309 3386 ln‘
2340 3331 2656 3402 his‘quippe
2703 3329 2992 3410 generibus
3033 3328 3202 3384 tribus
3246 3329 3597 3400 pbilOsophia:
3638 3328 3806 3385 etiam

2237 3423 2451 3492 eloquia
2485 3420 2664 3475 divina
2686 3420 3009 3475 consistunt.
3540 3438 3543 3439 ν

2310 3531 2369 3585 C.
2398 3530 2857 3598 Quomodoi—A.
2878 3531 3007 3586 Nam
3033 3540 3125 3587 aut
3147 3534 3212 3588 de
3234 3543 3423 3589 natura
3439 3534 3811 3605 disputareso—
3907 3588 3913 3591 ,

2239 3622 2368 3686 lent,
2385 3622 2510 3676 utin
2531 3621 2793 3678 Genesiet
2814 3622 2867 3677 in
2892 3622 3217 3679 Ecclesiaste
3234 3642 3249 3691 ;
3266 3634 3359 3679 aut
3377 3626 3443 3680 de
3469 3625 3725 3686 moribus,
3750 3630 3813 3676 ut

2240 3713 2293 3766 in
2322 3710 2640 3767 Proverbiis
2666 3722 2720 3767 et
2745 3715 2799 3767 in
2829 3714 3078 3769 omnibus
3120 3715 3347 3785 sparsim
3379 3715 3561 3779 libris;
3594 3722 3687 3767 aut
3743 3711 3812 3768 de

2239 3802 2430 3872 logica,
2454 3817 2551 3871 pro
2576 3817 2680 3871 qua
2709 3803 2878 3856 nostri
2910 3802 3266 3873 theologicam
3305 3804 3407 3857 sibi
3432 3802 3723 3865 vindicant,
3751 3809 3811 3855 ut

2240 3893 2294 3946 in
2316 3890 2553 3945 Canticis
2578 3892 2909 3945 canticorum
2949 3898 3004 3945 et
3029 3898 3218 3945 sancto
3245 3890 3554 3961 Evangelio.

2309 3979 2371 4034 C.
2403 3980 2724 4050 Theologica
2746 3981 2876 4050 quid
2898 3982 3016 4035 est?
3038 4010 3109 4021 ~—
3130 3981 3195 4035 Α.
3224 3982 3543 4054 Theologica
3564 3992 3667 4049 est,
3693 3998 3812 4052 qum

2240 4071 2429 4127 Latine
2458 4071 2752 4142 lnspectiva
2775 4072 2990 4136 dicitur,
3042 4089 3148 4143 qua
3188 4075 3523 4145 supergressi
3576 4074 3811 4129 visibilia

2241 4166 2309 4221 de
2332 4164 2525 4220 divinis
2566 4171 2622 4220 et
2676 4164 2985 4222 coelestibus
3014 4166 3213 4237 aliquid
3244 4175 3426 4224 mente
3457 4154 3631 4223 solum
3682 4179 3813 4219 con-

2242 4259 2579 4331 templamur.
2612 4257 2747 4314 Nam
2775 4268 2830 4314 et
2858 4259 2911 4313 in
2932 4260 3030 4314 has
3069 4275 3284 4329 quoque
3305 4259 3439 4314 duas
3476 4266 3659 4328 partes
3690 4255 3815 4324 phi-

2165 4364 2220 4425 ι)
2242 4350 2483 4420 losophia
2518 4364 2649 4405 vera
2677 4350 2953 4415 dividitur,
2984 4351 3039 4405 id
3060 4359 3163 4414 est,
3188 4350 3243 4403 in
3267 4349 3617 4417 tnspectivam
3644 4357 3701 4401 et
3723 4360 3814 4401 ac-

2249 4443 2467 4499 tualem.

2317 4535 2379 4590 C.
2405 4534 2645 4605 Actualis
2685 4546 2805 4601 qua:
2839 4532 2955 4586 est?
2995 4559 3069 4587 -.-—
3092 4531 3156 4584 Α.
3194 4530 3714 4615 Actualis‘est,‘qu:e
3758 4530 3813 4585 in

2249 4625 2649 4697 operationibus
2665 4624 2790 4680 huic
2809 4625 2935 4679 vita:
2959 4624 3169 4679 mortali
3196 4626 3517 4681 necessariis
3547 4623 3809 4681 consistit.

2248 4716 2354 4771 Per
2403 4715 2543 4768 hanc
2597 4714 2761 4783 igitur
2809 4713 3000 4769 modus
3039 4712 3216 4786 [Hu.,
3256 4713 3394 4786 mos]
3430 4715 3685 4768 honestus
3729 4710 3812 4763 vi-

2250 4802 2406 4860 vendi
2449 4804 2719 4873 appetitur
2768 4812 2825 4860 et
2869 4804 3113 4858 instituta
3159 4804 3233 4858 ad
3263 4804 3494 4857 virtutes
3542 4799 3812 4854 tendentia

2250 4900 2599 4959 exercentur;
2624 4908 2721 4962 per
2744 4893 2891 4947 illam
2912 4908 3041 4948 vero
3059 4892 3201 4945 Deus
3231 4896 3460 4951 amatur,
3489 4902 3583 4956 spe
3605 4897 3658 4941 et
3708 4886 3814 4945 ﬁde

2252 4984 2463 5038 colitur.
2507 5014 2579 5023 -—
2616 4982 2676 5037 Ο.
2709 4982 2840 5049 Quis
2864 4991 2963 5047 est,
3001 4981 3091 5049 qui
3116 4976 3673 5050 philosophi:e[Edit.,
3696 4977 3816 5047 phi-

2253 5072 2571 5146 losophiam]
2618 5073 2896 5129 detrahere
2928 5069 3138 5124 audeat.
3164 5098 3235 5108 -ο
3282 5068 3346 5122 Α.
3370 5068 3556 5124 Nullus
3582 5070 3812 5139 sapiens.

2250 5195 2322 5205 —
2347 5164 2407 5221 (ἰ.
2438 5166 2575 5220 Vere
2617 5163 2803 5219 nullus
2821 5160 3053 5229 sapiens.
3084 5158 3189 5213 Sed
3220 5174 3506 5231 pergamus
3545 5158 3609 5213 ad
3659 5158 3823 5213 diale-

2251 5252 2403 5307 cticae
2431 5252 2564 5307 artis
2588 5249 2987 5320 inquisitionem
3014 5245 3150 5321 [Al.,
3191 5246 3591 5318 quaestionem].
3618 5246 3687 5300 Et
3711 5245 3823 5316 pri-

2252 5357 2398 5397 mum
2423 5343 2530 5407 dic,
2562 5341 2688 5411 quid
2705 5342 2775 5394 sit
2796 5338 3112 5403 dialectica?
3137 5371 3206 5380 -—
3220 5342 3283 5392 A.
3304 5340 3590 5393 Dialectica
3604 5346 3687 5391 est
3707 5336 3819 5390 dis-

2256 5431 2451 5501 ciplina
2475 5430 2752 5486 rationalis
2780 5429 3072 5497 quaerendi,
3099 5429 3389 5484 diﬂiuiendi
3417 5436 3471 5481 et
3499 5423 3820 5489 disserendi,

647 5568 670 5592 «ι
713 5554 784 5605 Ab
818 5551 1033 5604 Alcuino
1068 5549 1372 5603 translatus.
1404 5544 1631 5600 Fallitur
1692 5560 1757 5598 ex
1791 5544 2177 5598 inadvertcntia
2216 5543 2294 5597 vir
2364 5544 2574 5599 doctus.
2619 5541 2807 5597 Dicere
2852 5540 2995 5596 enim
3040 5542 3296 5607 debebat;
3346 5556 3363 5592 ί
3410 5538 3480 5595 ab
3525 5535 3823 5607 Augustino

578 5625 885 5685 translatus,
910 5637 1065 5690 quem
1097 5621 1351 5675 Alcuinus
1380 5615 1571 5674 Carolo
1596 5614 1850 5687 Magno...
1882 5614 2177 5669 inscribit.»
