4266 6210
499 227 606 286 953

1391 304 1396 306 ν
1463 233 2038 294 υωΑεεΑιιιεΑρ-
2072 237 2167 294 ns
2201 238 2631 300 omnem;
2682 220 2684 224 ’

3470 216 3694 309 Vest

495 343 659 399 etiam
677 349 733 397 et
750 357 880 397 vera
906 357 937 397 a
963 306 1111 398 falsis
1134 343 1470 402 discernendi
1491 356 1696 417 potens.
1713 378 1783 388 —
1801 345 1862 402 ο.
1893 346 2044 403 Unde
2071 353 2117 414 Α
2145 349 2343 406 risibile
2362 360 2468 418 est,
2491 353 2651 410 homo
2681 363 2782 410 est.
2814 355 2882 410 Et
2907 355 3022 412 hac
3046 358 3424 417 circumversio
3447 306 3695 420 necessa-

497 433 637 489 dicta
671 441 757 490 est
786 421 1098 488 dialectica?
1125 463 1198 476 —-
1239 435 1303 490 Δ.
1329 436 1483 493 Dicta
1504 447 1586 494 est
1607 438 1904 513 dialectica,
1925 439 2051 510 quia

499 519 648 586 inea
678 523 748 579 de
773 522 931 580 dictis
967 525 1285 594 disputatur.
1307 525 1445 582 Nam
1487 527 1656 583 lectos
1684 527 1858 602 [λέξις]
1885 531 2050 586 dictio

495 611 715 669 dicitur.

563 698 727 777 336
745 703 810 761 'C.
840 705 979 774 Quid
997 716 1081 764 est
1107 707 1247 763 inter
1267 708 1603 765 dialecticam
1621 720 1677 766 et
1691 711 2050 766 rhetoricam?

492 823 563 837 -
587 795 654 848 Α.
679 794 972 852 Dialectica
1007 800 1064 852 et
1089 799 1356 854 rhetorica
1384 808 1487 861 est,
1512 800 1654 870 quod
1688 801 1742 854 in
1767 816 1928 854 manu
1954 800 2049 855 ho-

492 885 656 941 minis
685 900 894 956 pugnus
922 887 1175 950 astrictus
1205 898 1262 945 et
1295 891 1472 960 palma
1493 891 1723 946 distenta
1747 889 1939 962 [Edit.,
1970 891 2048 946 di-

494 976 718 1050 stensa].
747 978 842 1033 llla
889 978 1040 1035 brevi
1090 982 1334 1037 oratione
1358 991 1673 1053 argumenta
1701 980 1832 1054 [Al.,
1886 991 1941 1037 et
1965 994 2048 1036 ar-

493 1069 768 1142 gumento]
798 1072 1093 1140 concludit;
1131 1075 1234 1130 ista
1259 1083 1358 1146 per
1390 1073 1653 1130 facundiae
1693 1089 1909 1143 campos
1955 1090 2047 1130 co-

475 1160 644 1238 opioso
679 1177 927 1218 semone
970 1165 1245 1220 discurrit.
1275 1164 1370 1219 llla
1391 1148 1556 1220 verba
1591 1165 1892 1230 contrahit;
1938 1164 2060 1222 ista.

493 1255 768 1312 distendit.
811 1257 1098 1314 Dialectica
1143 1258 1406 1328 siquidem
1445 1258 1512 1319 ad
1557 1258 1903 1313 inveniendas
1953 1272 2041 1312 res

492 1346 724 1414 acutior;
775 1349 1044 1404 rhetorica
1074 1349 1410 1409 adiurantes
1437 1348 1690 1404 dicendas
1735 1346 2036 1421 facundior.

490 1437 583 1492 Illa
607 1453 758 1494 raros
785 1447 840 1496 et
867 1440 1135 1496 studiosos
1159 1442 1421 1512 requirit;
1453 1441 1570 1496 haec
1597 1440 1902 1510 frequenter
1923 1455 2040 1510 pro-

491 1529 634 1584 cedit
663 1529 717 1584 in
742 1531 944 1585 turbas.
980 1561 1052 1572 —
1081 1530 1140 1586 Ο.
1163 1529 1303 1598 Quot
1323 1539 1449 1586 sunt
1474 1531 1680 1600 species
1708 1530 2038 1587 dialecticae?

489 1647 560 1659 —
579 1618 642 1673 Α.
672 1618 918 1690 Quinque
937 1621 1263 1692 principales
1287 1639 1300 1674 :
1335 1622 1578 1692 isagogze,
1609 1621 1912 1693 categorias,
1937 1621 2041 1694 syl-

2112 481 2115 486 ν
2149 441 2230 496 ria
2273 442 2487 498 dicitur.
2539 444 2650 501 Nec
2685 447 2760 502 ita
2804 448 3062 502 rationale
3108 450 3448 506 eireumverti
3494 463 3686 524 potest.

2147 530 2342 587 Dicere
2381 547 2510 588 vero
2547 549 2830 602 possumus
2861 537 3164 608 :Quidquid
3192 541 3350 596 homo
3396 552 3506 609 est,
3530 546 3692 600 ratio-

2147 621 2269 676 nale
2299 632 2420 689 est;
2450 639 2548 680 nec
2573 633 2750 681 tamen
2774 642 3032 684 converso
3053 631 3241 684 ordine
3273 650 3286 684 :
3317 632 3586 702 Quidquid
3607 649 3695 688 ra-

2145 710 2342 766 tionale
2383 721 2488 779 est,
2510 715 2670 770 homo
2697 726 2777 771 est
2805 732 2822 781 ;
2851 719 2976 786 quia
3003 719 3176 788 angeli
3219 721 3511 776 rationales
3547 731 3694 790 sunt,

2146 813 2250 854 non
2298 807 2477 856 tamen
2500 801 2746 860 homines
2778 814 2920 860 sunt.
2949 799 2968 818 '

2214 888 2276 945 ϐ.
2307 889 2444 958 Quid
2469 902 2550 948 est
2572 895 2812 952 accidens
2825 897 2851 950 ἓ
2870 927 2942 937 -
2963 898 3028 952 Α.
3057 899 3320 958 Accidens
3337 910 3420 958 est
3440 903 3694 973 quidquid

2146 981 2340 1036 accidit
2363 983 2447 1038 vel
2470 985 2671 1040 recedit
2695 995 2892 1055 praeter
2917 990 3227 1046 substantiae
3274 995 3689 1064 corruptionem,

2143 1080 2206 1126 ut
2233 1073 2382 1128 color
2403 1075 2660 1131 candidus
2681 1077 2765 1131 vel
2801 1078 2952 1147 niger
2969 1087 3135 1146 stare,
3155 1081 3238 1136 vel
3255 1082 3457 1151 jacere,
3488 1084 3692 1138 esurire

2141 1161 2225 1215 vel
2253 1163 2463 1227 satiari,
2493 1172 2549 1219 et
2573 1174 2769 1220 caetera
2789 1166 2935 1220 talia.
2967 1167 3106 1223 Sunt
3131 1184 3342 1241 quoque
3373 1171 3689 1236 accidentia,

2141 1248 2358 1317 quasic
2381 1251 2628 1306 accidunt
2656 1251 2836 1324 μαι,
2881 1255 3187 1328 accedunt],
3229 1265 3288 1311 ut
3330 1259 3541 1326 penitus
3584 1273 3692 1313 non

2141 1340 2410 1406 recedant,
2449 1349 2508 1395 ut
2531 1344 2826 1412 proceritas
2863 1345 2945 1400 vel
2985 1347 3220 1402 brevitas
3247 1349 3302 1402 in
3341 1363 3586 1418 corpore,
3635 1359 3692 1404 et

2139 1439 2353 1497 cetera,
2378 1446 2497 1502 qua:
2518 1432 2571 1486 in
2599 1433 2822 1503 singulis
2842 1449 3054 1505 quoque
3073 1439 3330 1494 membris
3369 1439 3694 1510 inseparabi-

2137 1519 2262 1576 liter
2278 1521 2561 1602 aliquoties
2583 1523 2850 1587 accidunt,
2880 1533 2942 1580 ut
2967 1529 3204 1583 curvitas
3228 1530 3342 1584 nasi
3373 1528 3551 1602 (llam,
3599 1547 3694 1586 na-

2138 1611 2261 1685 ris],
2282 1613 2508 1668 latitudo
2530 1614 2614 1669 vel
2639 1616 2882 1684 angustia
2913 1617 3025 1671 oris
3049 1619 3349 1674 rotunditas
3371 1618 3563 1692 [Edit.,
3607 1619 3690 1688 jo-

489 1705 834 1777 logismorum
874 1690 1233 1784 lbrmulajet]
1286 1690 1647 1780 dimniupnes,
1694 1690 1892 1783 topica,
2063 1690 2112 1751 Β
2139 1702 2408 1777 cunditas]
2436 1703 2732 1771 oculorum,
2761 1705 3040 1775 inqualitas
3067 1690 3472 1778 superciliorum
3496 1720 3553 1766 et
3587 1710 3692 1766 alia

488 1795 804 1854 riermenim.

1101 1888 1327 1947 CAPUT
1361 1889 1424 1945 ll.

1080 1995 1144 2033 ns
1181 1994 1435 2035 ιεΑεοειε.
1561 2024 1566 2029 .
1697 2049 1703 2054 ἡ

564 2071 625 2127 C.
657 2068 783 2136 Quae
805 2079 931 2124 sunt
950 2068 1212 2140 isagogxe?
1237 2100 1307 2110 —
1335 2069 1398 2124 Α.
1426 2070 1644 2142 lsagoga
1685 2072 1881 2142 quippe
1925 2071 2032 2125 La-

484 2163 598 2218 tine
633 2157 956 2214 introductio
977 2157 1192 2227 dicitur.
1222 2189 1291 2200 --
1317 2158 1378 2212 C.
1407 2158 1842 2230 Quid‘signiilcat
1869 2160 2034 2214 intro-

484 2251 700 2308 ductio?
718 2278 788 2289 -—
812 2248 875 2302 Α.
907 2247 1237 2304 lntroductio
1255 2257 1358 2314 est,
1400 2257 1519 2319 quae
1563 2264 1776 2305 sensum
1792 2259 2033 2304 nostrum

473 2357 581 2414 per
605 2343 783 2398 varias
815 2340 1102 2395 divisiones
1129 2355 1308 2394 rerum
1337 2341 1695 2396 communium
1719 2340 1782 2395 ad
1798 2341 2036 2410 preprie-

482 2440 648 2493 tatem
679 2431 961 2502 cujuslibet
990 2430 1068 2503 rei
1097 2429 1404 2486 introducit.

553 2520 626 2580 C.-
653 2523 781 2590 Quze
800 2531 926 2578 sunt
941 2531 1122 2592 partes
1157 2521 1316 2590 ejus?
1339 2553 1410 2563 —
1432 2521 1494 2576 Α.
1526 2521 1837 2596 [Quinque],
1881 2525 2033 2578 vide-

481 2612 607 2670 licet
635 2628 818 2684 genus,
847 2613 1072 2682 species,
1095 2612 1415 2677 diﬂ'erentia,
1445 2614 1712 2678 accidens,
1737 2614 2032 2684 proprium.

480 2735 552 2750 --
571 2703 633 2761 C.
662 2705 832 2760 Genus
856 2704 983 2773 quid
1016 2703 1132 2760 est?
1161 2733 1234 2744 -—-
1261 2704 1325 2762 Α.
1341 2703 1529 2759 ’ϐεηυε
1553 2714 1637 2760 εει
1661 2707 1876 2774 proprie
1897 2705 2036 2774 quod

483 2798 761 2866 speciebus
783 2795 960 2852 ditl'ert
986 2813 1002 2862 ;
1045 2804 1101 2852 et
1127 2796 1255 2866 quid
1282 2797 1354 2851 sit
1379 2812 1440 2851 ea
1468 2797 1786 2860 substantia,
1827 2797 1892 2852 de
1929 2813 2035 2866 qua

480 2891 694 2959 quaeris,
723 2891 990 2946 communi
1027 2892 1288 2946 vocabulo
1313 2890 1562 2954 ostendit,
1588 2899 1647 2945 ut
1679 2888 1894 2943 animal.
1931 2887 2050 2943 Per'

481 2979 718 3050 singulas
744 2981 886 3034 enim
908 2981 1136 3050 species,
1164 2980 1218 3035 id
1244 2987 1347 3047 est,
1378 2979 1629 3044 hominis,
1661 2979 1805 3048 equi,
1855 2978 2029 3042 bovis,

2143 1795 2330 1850 multa.

2211 1885 2270 1939 C.
2302 1885 2425 1941 Has'
2437 1887 2671 1956 quinque
2694 1897 2876 1959 partes
2902 1905 3009 1946 uno
3030 1890 3267 1961 quolibet
3291 1892 3534 1963 exemplo
3563 1909 3691 1948 con-
3771 1931 3778 1938 η

2134 1973 2306 2052 junge‘
2323 1972 2454 2046 [Αι.,
2487 1975 2843 2049 ᾶεε1π²].υ-
2859 1980 2926 2059 Α.
2953 1976 3126 2035 Genus
3154 1989 3256 2045 est,
3280 1991 3339 2036 ut
3368 1977 3693 2047 animauest

2139 2065 2282 2119 enim
2318 2064 2637 2121 vocabulum
2663 2066 2934 2137 generale,
2963 2084 3245 2125 commune
3294 2074 3532 2127 omnium
3577 2073 3692 2127 ani-

2137 2168 2283 2206 mam
2319 2153 2649 2215 habentium.
2675 2154 2881 2226 Species
2922 2167 3025 2223 est,
3080 2170 3140 2213 ut
3187 2159 3356 2214 homo.
3395 2160 3503 2216 Sua
3549 2163 3690 2216 enim

2141 2234 2368 2313 quadam
2399 2246 2576 2313 specie
2598 2256 2880 2316 separatur
2906 2265 2935 2302 a
2963 2251 3172 2305 ceteris
3200 2252 3577 2308 animantibus.
3626 2253 3694 2308 Et

2139 2347 2305 2401 genus
2327 2339 2409 2386 est
2442 2340 2638 2397 totum,
2659 2342 2718 2387 ut
2744 2345 2888 2402 puta,
2921 2347 3029 2390 tota
3060 2339 3311 2404 viventia,
3345 2341 3589 2396 animalia
3612 2343 3693 2396 di-

2138 2423 2338 2489 cimus;
2364 2426 2569 2494 species
2589 2426 2800 2496 quidem
2831 2444 2957 2497 pars
3002 2425 3112 2496 est;
3159 2439 3237 2494 ut,
3287 2437 3412 2500 pars
3449 2433 3691 2500 quaedam

2139 2515 2445 2570 animalium
2476 2518 2635 2572 homo
2663 2530 2762 2573 est.
2786 2518 3092 2588 Diﬂ'ercntia
3122 2530 3224 2585 est,
3253 2522 3527 2577 rationalis
3549 2539 3692 2578 mor-

2140 2600 2290 2666 talis;
2332 2603 2416 2656 bis
2437 2604 2579 2656 enini
2611 2604 2836 2667 duobus,
2869 2613 2928 2658 ut
2957 2609 3201 2675 superius
3236 2607 3489 2672 diximus,
3511 2609 3691 2666 dill’ert

2138 2689 2298 2745 homo
2320 2707 2348 2744 a
2368 2692 2573 2746 eaateris
2601 2694 2983 2747 animantibus.
3014 2693 3293 2764 Proprium
3318 2705 3400 2750 est
3439 2696 3686 2770 [ridere];

2141 2780 2264 2848 quia
2302 2781 2472 2834 ridere
2491 2792 2685 2851 praeter
2714 2783 2984 2837 hominem
3012 2783 3208 2839 nullius
3234 2787 3553 2841 naturaliter
3577 2789 3692 2845 aui-

2140 2869 2295 2923 malis
2319 2879 2401 2925 est
2427 2859 2553 2942 [Al.,
2584 2873 2785 2927 nullum
2814 2915 2825 2927 .
2854 2913 2868 2927 .
2900 2913 2915 2928 .
2943 2874 3138 2928 animal
3163 2875 3381 2948 potest].
3439 2878 3688 2936 Accidens

2140 2966 2242 3023 est,
2269 2967 2326 3011 ut
2349 2960 2496 3013 color
2524 2961 2576 3012 in
2630 2956 2874 3030 corpore,
2924 2964 3168 3018 doctrina
3214 2965 3268 3018 in
3317 2967 3513 3022 animo.
3565 2967 3689 3024 llzec

479 3039 650 3127 ιθωςίε
669 3077 724 3126 ει
745 3039 1080 3137 camm'mm’
1118 3039 1287 3143 genus
1313 3039 1395 3128 e'st
1420 3039 1640 3136 animal"
1669 3039 1727 3127 εί
1756 3039 2032 3143 aequante,
2053 3039 2103 3104 Ο
2133 3049 2598 3143 enimtemporum
2620 3052 2879 3106 varietate
2909 3062 2962 3106 et
2989 3055 3256 3119 accidunt,
3307 3065 3360 3110 et
3389 3067 3682 3114 mutantur.

478 3161 546 3218 de
568 3161 813 3217 omnibus
840 3163 1180 3236 praedicatur.

550 3250 610 3308 C.
641 3251 780 3321 Quid
824 3260 907 3308 est
929 3252 1160 3323 species?
1179 3265 1252 3292 —'-
1269 3251 1333 3306 Α.
1361 3251 1577 3323 Species
1598 3260 1697 3316 est,
1727 3255 1868 3320 quod
1899 3252 2032 3324 [Al.,

478 3342 620 3415 quas]
649 3343 716 3398 de
738 3343 982 3414 pluribus
1013 3351 1068 3398 et
1092 3341 1461 3400 dillerentibus
1499 3359 1740 3405 numero,
1769 3359 1874 3398 non
1917 3360 2036 3413 spe-

477 3434 580 3498 cie,
609 3434 664 3488 in
691 3450 757 3490 eo
781 3434 950 3505 quod-
968 3435 1097 3504 quid
1122 3435 1234 3500 sit,
1278 3435 1618 3506 prmdicatur.
1658 3435 1793 3490 Nam
1822 3437 1887 3491 de
1935 3434 2036 3489 So—

478 3519 654 3588 crate,
689 3523 913 3580 Platone
958 3533 1016 3580 et
1058 3524 1627 3603 Ciceroneaaqualiter
1665 3527 1825 3581 homo
1846 3526 2036 3595 praedi-

476 3624 650 3671 catur.
689 3614 805 3671 Una
841 3614 1032 3688 [enim]
1071 3618 1279 3686 species
1325 3619 1602 3672 hominum
1627 3627 1710 3672 est
1743 3618 2033 3672 secundum

478 3714 755 3771 naturam;
784 3704 874 3760 sed
903 3706 1058 3760 multi
1086 3706 1376 3762 secundum
1412 3721 1710 3774 numerum.

548 3797 609 3853 C.
644 3797 780 3864 Quid
803 3805 886 3853 est
903 3798 1201 3867 diﬁcrentia
1223 3797 1249 3850 ?
1271 3827 1341 3836 —
1363 3797 1426 3850 A.
1454 3795 1760 3851 Diﬂ’erentia
1785 3806 1890 3862 est,
1915 3813 2034 3866 quae

477 3889 632 3960 quale
663 3890 732 3945 sit
768 3890 868 3945 hoc
905 3889 989 3945 vel
1031 3889 1160 3944 illud
1188 3887 1408 3953 animal,
1437 3889 1686 3944 ostendit.
1721 3887 1790 3944 Ut
1816 3888 1859 3942 si
1890 3904 2035 3959 quie-

478 3987 633 4034 ratur
670 3980 845 4048 qualis
889 3981 958 4034 sit
987 3982 1165 4042 homo,
1207 3980 1434 4035 dicimus
1467 3997 1480 4033 :
1509 3979 1719 4034 Animal
1776 3980 2034 4034 rationale

475 4077 534 4125 et
560 4067 802 4122 mortale.
844 4067 900 4120 ln
930 4067 1015 4120 bis
1061 4068 1206 4120 enim
1255 4068 1460 4122 duobus
1509 4069 1576 4122 ab
1633 4068 1878 4123 omnibus
1915 4069 2033 4124 aliis

477 4157 836 4214 animantibus
864 4157 1180 4212 secernitur.
1228 4156 1286 4212 lu
1341 4171 1405 4210 eo
1432 4155 1620 4227 [enim]
1671 4160 1811 4226 quod
1838 4159 2033 4213 dicitur

411 4245 422 4254 “
479 4248 753 4313 rationale,
785 4254 1095 4318 segregatur
1121 4247 1189 4301 ab
1212 4247 1458 4301 omnibus
1486 4248 1693 4301 ratione
1729 4262 1837 4300 non
1882 4255 2030 4302 uten-

481 4339 639 4394 tibus.
663 4338 796 4392 Dum
824 4336 1038 4398 dicitur,
1069 4335 1313 4399 mortale,
1339 4337 1391 4392 in
1421 4350 1485 4389 eo
1507 4336 1574 4389 ab
1602 4335 1804 4404 angelis
1829 4336 2024 4392 differt.

480 4426 662 4495 Angeli
701 4427 842 4481 enim
879 4424 1166 4480 rationales
1200 4434 1253 4480 et
1282 4425 1610 4479 immortales
1634 4433 1756 4480 sunt
1777 4427 2027 4490 ;.anima-

478 4515 548 4570 lia
575 4529 703 4569 vero
749 4523 942 4569 cietera
993 4515 1239 4571 mortalia
1268 4525 1412 4582 sunt,
1443 4516 1537 4570 sed
1585 4533 1689 4570 non
1725 4517 2026 4572 rationalia.

480 4604 649 4660 Homo
677 4613 855 4659 autem
890 4604 1036 4659 solus
1059 4620 1127 4659 ex
1152 4607 1397 4675 utrisque
1426 4615 1666 4669 constat;
1700 4608 1801 4663 hoc
1833 4609 2031 4662 habens

477 4714 600 4755 cum
624 4697 825 4767 angelis
854 4711 1152 4761 commune,
1182 4696 1310 4750 illud
1355 4713 1477 4752 cum
1511 4701 1722 4753 caeteris
1747 4701 2033 4754 animanti—

478 4788 599 4844 bus.
624 4787 669 4844 Ο
717 4788 911 4842 mirum
950 4785 1174 4842 animal!
1213 4801 1315 4840 una
1341 4794 1491 4854 parte
1515 4788 1750 4852 caeleste,
1782 4798 1835 4844 et
1865 4791 2030 4845 altera

433 4865 436 4869 ’
479 4884 750 4932 terrenum
775 4879 787 4931 Σ

548 4964 607 5023 C.
636 4967 771 5033 Quid
813 4977 895 5023 est
917 4971 1220 5039 proprium?
1244 4999 1312 5009 --
1332 4967 1394 5022 Α.
1419 4966 1697 5036 Proprium
1737 4978 1836 5032 est,
1867 4987 2036 5040 quan-

480 5057 549 5113 do
577 5055 932 5124 unaqumlibet
961 5059 1166 5126 species
1194 5058 1506 5113 naturaliter
1546 5057 1724 5125 aliquo
1750 5067 1896 5111 certo
1938 5063 2034 5114 ad-

481 5147 774 5203 ditamenta
797 5144 1060 5216 designari
1089 5155 1295 5215 potest,
1328 5150 1470 5205 etab
1501 5148 1641 5201 omni
1671 5149 1894 5201 aliarum
1924 5166 2038 5219 spe-

477 5238 683 5293 cierum
705 5235 1079 5291 communione
1105 5237 1360 5304 separari.
1382 5237 1469 5300 Ut,
1495 5237 1657 5292 solius
1674 5236 1900 5291 hominis
1916 5255 2038 5308 pro-

481 5329 682 5396 prietas
699 5336 801 5394 est,
833 5325 1049 5383 risibilis
1075 5321 1302 5396 [Forte.,
1324 5327 1613 5391 risibilem;
1646 5326 1736 5386 aL,
1763 5329 2036 5395 proprium

484 5427 565 5471 est
591 5418 751 5490 risus]
781 5434 918 5474 esse.
943 5418 1010 5472 Ει
1033 5415 1305 5472 sciendum
1333 5425 1415 5477 est
1440 5419 1577 5486 quod
1600 5418 1864 5486 singulare
1892 5435 2033 5472 sem-

487 5519 582 5574 per
630 5509 901 5576 proprium
953 5507 1292 5563 circumverti
1340 5523 1498 5575 posse
1539 5523 1750 5562 necesse
1806 5517 1920 5571 est;
1981 5521 2039 5565 ut

491 5603 614 5663 puta
644 5614 654 5646 :
691 5595 956 5666 Quidquid
995 5598 1153 5652 homo
1181 5604 1259 5652 cst
1286 5595 1482 5651 risibile
1509 5607 1606 5651 est.
1638 5598 1701 5654 Et
1736 5616 1745 5649 :
1772 5598 2036 5667 Quidquid

2201 3142 2359 3214 337
2387 3142 2663 3210 Quomodo
2709 3160 2772 3199 ex
2827 3145 2910 3199 his
2956 3148 3192 3216 quinque
3234 3150 3474 3217 partibus
3520 3155 3694 3210 oratio

2131 3236 2325 3306 plenae.
2353 3235 2504 3308 [Ms.,
2547 3236 2726 3308 plena]
2770 3240 3050 3292 sententia:
3092 3239 3339 3312 conjungi
3381 3241 3581 3298 debet?
3623 3274 3694 3285 -—

2135 3333 2196 3388 Α.
2222 3333 2328 3387 lta:
2363 3332 2533 3389 Homo
2555 3343 2639 3388 est
2659 3335 2854 3390 animal
2883 3338 3162 3402 rationale,
3190 3340 3437 3405 mortale,
3465 3341 3690 3406 risibile,

2134 3423 2257 3478 boni
2284 3424 2514 3494 malique
2540 3442 2728 3496 capax.
2758 3424 2846 3482 Sic
2867 3430 3027 3492 etiam
3057 3431 3109 3483 in
3131 3432 3278 3485 omni
3306 3432 3546 3487 oratione
3568 3433 3694 3487 sub-

2135 3512 2366 3568 stantiali
2397 3515 2580 3569 tandiu
2611 3516 2948 3585 interponere
2978 3519 3232 3573 debemus
3257 3521 3463 3587 species
3495 3529 3550 3573 et
3589 3521 3693 3574 dif-

2135 3599 2409 3668 ferentias,
2439 3606 2669 3673 quandiu
2695 3607 2917 3661 seclusis
2945 3609 3191 3663 omnibus
3211 3650 3224 3672 ,
3255 3625 3375 3679 qua:
3401 3611 3542 3665 idem
3569 3625 3689 3667 esse

2132 3700 2374 3762 possunt,
2403 3694 2544 3761 quod
2564 3695 2808 3762 inquiris,
2839 3704 2892 3750 et
2919 3697 2983 3750 ad
3008 3698 3060 3751 id
3085 3701 3427 3766 perveniatur
3455 3698 3583 3772 [Al.,
3617 3704 3686 3758 ad

2135 3781 2207 3847 id,
2247 3784 2388 3853 quod
2426 3784 2684 3853 inquiris,
2733 3789 3116 3862 perveniatur],
3151 3800 3216 3846 ur
3235 3793 3536 3862 proprietas
3577 3794 3694 3863 ejus

2135 3875 2446 3932 substantia:
2482 3884 2628 3930 certa
2676 3887 2954 3943 teneatur,
3001 3894 3159 3947 quam
3195 3881 3419 3936 delinire
3459 3885 3690 3952 eu’pisti.

2135 3965 2258 4020 Haec
2283 3968 2667 4022 commentario
2691 3967 2838 4039 μαι,
2866 3972 3259 4039 commentitio;
3287 3971 3357 4025 al.
3378 4011 3394 4034 ,
3423 3988 3694 4028 commen-

2135 4055 2328 4126 tatitio]
2379 4070 2628 4111 sermone
2667 4036 2732 4110 d—e
2773 4036 3002 4127 isagogis
3039 4058 3318 4128 Porphyrii
3365 4059 3506 4114 dicta
3544 4059 3690 4114 suill-

2133 4145 2294 4198 ciant.
2344 4143 2491 4200 Nunc
2520 4147 2650 4201 ordo
2678 4149 2910 4217 postulat
2949 4149 3016 4202 ad
3059 4149 3360 4206 Aristotelis
3397 4152 3693 4223 categorias

2133 4250 2230 4290 nos
2255 4235 2510 4290 transire.

2736 4328 2962 4385 CAPUT
3000 4329 3084 4382 lll.

2698 4435 2762 4471 DE
2801 4432 3135 4473 εΑτεοοιιιιε.

2206 4516 2266 4572 C.
2319 4515 2616 4586 Sequamnr
2659 4517 2940 4582 ordinem,
2992 4527 3046 4572 et
3092 4519 3207 4588 ejus
3262 4522 3416 4578 nobis
3461 4523 3690 4579 nominis

2135 4606 2308 4675 primo
2321 4606 2494 4674 pande
2509 4606 3043 4677 etymologiam—ri.
3067 4607 3361 4680 Categoriie
3373 4610 3571 4674 Grece,
3591 4611 3692 4667 La-

2135 4697 2245 4750 tine
2271 4696 2680 4764 praedicamenta
2705 4697 3018 4770 [dicuntur].
3048 4729 3118 4738 —
3146 4698 3206 4757 (ἔ.
3232 4699 3371 4764 Quid
3397 4701 3688 4771 signiﬁcas,

2136 4786 2262 4839 dum
2289 4786 2426 4841 dicis
2453 4787 2899 4856 medicamenta?
2931 4815 3002 4826 —
3027 4787 3090 4838 Α.
3116 4786 3250 4852 Dum
3273 4787 3338 4843 de
3371 4790 3607 4859 qualibet
3632 4807 3692 4848 re

2138 4877 2348 4948 loquor,
2365 4886 2478 4932 tum
2498 4877 2565 4930 de
2585 4891 2647 4931 ea
2669 4877 2915 4945 praedico,
2936 4877 3075 4930 sicut
3098 4877 3396 4949 philosophi
3413 4880 3692 4938 voluerunt

2138 4967 2380 5036 intelligi.
2421 4995 2489 5004 -—
2518 4963 2576 5017 C.
2609 4964 2746 5028 Quot
2769 4963 2941 5018 modis
2975 4964 3033 5018 lit
3057 4965 3143 5018 illa
3167 4966 3496 5036 pmdimtio,
3529 4986 3691 5038 quam

2139 5056 2476 5117 locutionem,
2502 5062 2561 5107 ut
2588 5054 2719 5107 mihi
2742 5054 2969 5116 videtur,
2995 5055 3270 5112 nominare
3293 5073 3592 5127 possumus.
3621 5089 3689 5099 —

2143 5145 2202 5197 Α.
2240 5145 2401 5198 Recte
2431 5144 2524 5197 tibi
2567 5143 2794 5197 videtur.
2829 5145 3044 5199 Duobus
3072 5147 3241 5201 modis
3270 5147 3330 5200 ﬁt
3371 5149 3567 5202 locutio
3592 5164 3690 5205 no-

2140 5215 2286 5297 stra;
2328 5242 2418 5286 aut
2466 5232 2532 5286 de
2575 5235 2903 5297 substantia,
2951 5243 3043 5288 aut
3087 5236 3152 5290 de
3196 5236 3574 5291 accidentibus.
3618 5268 3689 5277 ~—

2141 5325 2199 5378 C.
2227 5324 2373 5379 Unde
2400 5324 2593 5378 dicitur
2619 5327 2917 5380 substantia
2937 5327 2959 5378 ?
2978 5356 3044 5364 —-
3067 5325 3129 5378 Α.
3147 5324 3450 5379 Substantia
3472 5328 3684 5391 dicitur,

2140 5417 2259 5484 quia
2286 5415 2551 5479 subsistit,
2577 5425 2636 5471 ut
2664 5415 2815 5488 [Ma.,
2847 5416 2919 5486 et]
2958 5424 3041 5468 est
3067 5430 3394 5484 unaquaeque
3417 5427 3604 5471 natura
3634 5419 3689 5474 in

2140 5524 2234 5561 sua
2289 5507 2628 5574 proprietate.
2675 5535 2743 5545 ——
2788 5505 2846 5560 C.
2897 5507 3034 5572 Quot
3076 5517 3201 5560 sunt
3244 5509 3582 5562 accidentia?
3621 5542 3689 5552 ~—

2144 5602 2203 5653 .l.
2246 5597 2619 5670 Corporalibus
2661 5599 2863 5654 naturis
2894 5613 3098 5654 novem.
3142 5628 3209 5638 -—
3253 5596 3311 5652 (ἰ.
3341 5597 3502 5665 Qum?
3526 5628 3597 5641 —
3620 5605 3684 5655 Α.
