4266 6184
619 270 723 324 955

1400 267 1477 320 .n.
1515 264 1579 318 ι’.
1617 262 1842 319 ALBINI
1878 262 2009 318 seu
2043 262 2318 321 ALCUINI
2352 256 2649 320 orsnuu
2672 255 2851 318 PARS
2887 241 2995 319 vn.

3733 259 3842 315 O56

614 381 920 447 Quantitas,
951 380 1020 435 ad
1046 376 1245 447 aliquid
1269 417 1283 442 ,
1322 377 1572 445 qualitas,
1616 375 1813 438 facere,
1845 374 1977 444 pati,
2005 374 2174 439 situs,
2203 387 2256 444 Α
2281 373 2484 429 fontem
2512 375 2777 447 dicimus;
2800 391 2900 446 pro
2924 383 3078 445 parte
3101 375 3332 445 quadam
3353 373 3568 443 utrique
3592 373 3669 428 cei
3689 371 3843 428 simi-

613 471 730 537 ubi,
759 471 994 541 quando,
1023 469 1222 524 habere
1247 466 1378 540 [Al.,
1422 465 1679 537 habitus].
1717 464 1813 520 llis
1843 479 2035 520 novem
2053 463 2183 533 iun-

613 563 721 618 ctis
754 563 825 618 ad
845 563 1222 624 substantiam,
1252 575 1411 630 quam
1439 558 1614 613 Gnaei
1634 558 1789 612 asina
1813 564 2029 621 vocant,
2050 554 2186 610 ﬁunt

613 654 801 710 decem
843 654 1149 724 categorizn.
1191 651 1257 704 Et
1301 651 1443 705 inter
1467 650 1582 704 haec
1603 647 1792 703 decem
1812 647 1997 711 verba,
2023 644 2181 714 quid-

613 745 744 814 quid
784 745 947 799 homo
988 743 1256 813 loquitur,
1302 739 1684 794 inevitabiliter
1737 736 2026 791 invenitur.
2076 734 2183 790 Sed

613 834 928 903 priusquam
952 833 1018 887 de
1039 833 1125 887 his
1146 829 1370 901 singulis
1388 829 1661 898 disputare
1679 825 2020 896 incipiamus,
2034 840 2184 897 omo-

611 940 895 997 nymorum
948 924 1122 994 legem
1143 962 1160 986 ,
1208 936 1331 991 qua
1368 919 1765 989 categoriarum
1809 925 1938 973 sunt
1981 917 2182 971 insim-

610 1025 815 1084 menta,
845 1017 1145 1072 videamus.

679 1105 743 1162 ϐ.
771 1106 932 1161 Fiat!
964 1105 1032 1159 Et
1056 1105 1290 1174 primum
1311 1102 1486 1173 pande
1510 1099 1978 1170 interpretationes
2002 1097 2180 1153 nomi-

608 1214 738 1253 num
765 1197 842 1252 de
871 1196 979 1250 illis
1006 1194 1180 1249 tribus
1217 1192 1522 1262 speciebus,
1550 1204 1688 1259 quas
1727 1188 1784 1244 in
1828 1185 2204 1266 grammatica.

605 1288 937 1361 legebamus,
965 1285 1020 1340 id
1039 1294 1146 1350 est,
1166 1298 1474 1354 omonyma,
1491 1295 1810 1351 synonyma,
1834 1279 2177 1350 polyonyma.

604 1413 678 1424 —
703 1384 771 1437 Α.
798 1380 1099 1450 Omonyma
1123 1377 1418 1447 mquivoca,
1449 1389 1744 1446 synonyma
1788 1374 2039 1438 univoca,
2085 1387 2181 1442 po-

606 1474 858 1544 lyonyma
885 1470 1160 1541 plurivoea
1184 1467 1375 1528 Latine
1398 1466 1502 1521 dici
1525 1474 1771 1536 possunt.
1794 1495 1866 1506 —
1893 1463 1955 1519 C.
1979 1463 2179 1518 Eorum

603 1577 819 1634 quoque
838 1559 1197 1617 differentiam
1213 1557 1402 1612 audire
1427 1563 1697 1626 exspecto.
1713 1555 1860 1609 -Α,
1887 1551 2180 1625 Omonyma

605 1665 755 1719 sunt,
782 1668 908 1708 cum
937 1652 1056 1707 duae
1077 1665 1166 1705 res
1189 1660 1476 1704 commune
1518 1646 1790 1717 accipiunt
1833 1660 2051 1710 nomen,
2097 1645 2180 1698 rei

603 1761 734 1803 vero
760 1744 1204 1814 interpretatione
1226 1750 1582 1812 separantur;
1620 1749 1701 1807 ut,
1728 1741 1890 1795 homo
1905 1739 2093 1809 'pictns
2117 1744 2177 1792 et
2202 1723 2249 1782 Β

604 1842 767 1896 homo
800 1852 982 1892 verus.
1012 1837 1070 1891 in
1101 1837 1185 1891 his
1219 1849 1451 1904 namque
1473 1848 1638 1887 unum
1673 1827 2010 1896 nomen‘est,
2039 1829 2182 1884 ratio

601 1947 735 1987 vero
759 1930 847 1984 vel
887 1927 1265 1999 interpretatio
1302 1927 1535 1980 diversa.
1575 1923 1711 1980 Cum
1752 1923 1899 1979 enim
1944 1922 2179 1987 dixeris,

602 2039 791 2079 verum
820 2021 1092 2076 hominem
1135 2017 1338 2089 animal
1375 2019 1516 2082 esse,
1543 2016 1686 2085 quod
1715 2024 1962 2071 movetur
2000 2023 2057 2071 et
2098 2016 2179 2070 ci-

601 2116 731 2169 bum
759 2113 960 2182 mpiat,
985 2119 1042 2166 et
1065 2110 1275 2165 ratione
1300 2109 1516 2179 vigeat;
1556 2123 1680 2163 cum
1717 2106 1855 2162 nihil
1879 2106 2073 2161 horum
2114 2105 2182 2160 de

600 2189 747 2276 picto
789 2213 947 2276 potes
992 2204 1194 2268 dicere,
1245 2195 1554 2256 necessario
1592 2198 1880 2254 videantur
1923 2189 2178 2268 disparia.

604 2295 911 2367 Synongma
932 2307 1064 2348 vero
1090 2302 1236 2358 sunt,
1261 2306 1382 2361 quae
1406 2301 1461 2347 et
1486 2290 1704 2346 nomine
1729 2297 1787 2344 et
1803 2289 1887 2344 sui
1915 2289 2184 2357 interpre-

605 2387 808 2441 tatione
823 2385 1160 2456 junguntur;
1196 2390 1256 2437 ut
1283 2381 1483 2437 animal
1505 2386 1610 2446 est,
1636 2380 1781 2450 quod
1808 2380 1989 2435 cibum
2014 2380 2180 2446 capit,

602 2477 792 2548 spirat,
821 2487 1068 2532 movetur
1091 2483 1148 2531 et
1171 2473 1402 2530 mortale
1425 2480 1510 2528 est
1534 2490 1549 2526 :
1591 2474 1708 2527 htec
1731 2471 1878 2526 enim
1905 2469 2088 2526 omnia
2114 2469 2182 2524 de

605 2570 845 2636 homine,
875 2584 1037 2640 equo,
1061 2577 1118 2623 et
1141 2567 1280 2623 bove
1307 2566 1557 2623 similiter
1577 2566 1684 2620 dici
1712 2573 1960 2636 possunt.
1989 2562 2184 2634 Polya-

603 2677 763 2732 nyma
789 2669 940 2725 sunt,
970 2658 1188 2730 quando
1231 2657 1398 2713 multa
1436 2657 1653 2712 nomina
1683 2672 1846 2712 unam
1871 2671 1986 2711 rem
2013 2654 2181 2724 signi-

603 2751 788 2817 ficant,
810 2765 986 2821 neque
1007 2750 1115 2805 ulla
1138 2747 1440 2805 differentia
1467 2746 1553 2803 vel
1575 2748 1716 2802 ratio
1739 2746 1984 2802 redditur
2009 2744 2183 2801 nomi-

603 2858 754 2907 num,
779 2856 878 2896 cur
897 2855 1058 2894 unam
1088 2852 1202 2893 rem
1228 2847 1308 2894 tot
1325 2837 1544 2893 nomina
1565 2836 1892 2906 signiﬁcent,
1918 2844 1998 2900 ut,
2019 2835 2180 2900 ensis,

603 2946 806 2994 mucro,
832 2929 1064 3000 gladius.

673 3023 773 3078 His
808 3036 1024 3092 quoque
1055 3019 1358 3091 iunguntur
1393 3021 1726 3090 heteronynsa
1773 3019 1924 3094 [ΑΔ.
1965 3018 2180 3074 homio—

606 3112 800 3188 nyma]
831 3110 1058 3185 [multis]
1085 3125 1238 3181 teque
1265 3111 1571 3167 nominibus
1597 3126 1688 3166 res
1713 3110 1951 3180 singulas
1971 3107 2180 3181 signiﬁ-

477 3253 488 3266 .
607 3204 808 3269 cantia,
844 3204 938 3259 sed
976 3203 1032 3257 in
1072 3203 1158 3258 his
1203 3202 1346 3257 ratio
1372 3201 1740 3256 diversitatem
1767 3200 2046 3279 nominum
2075 3199 2183 3254 dis-

604 3293 796 3357 cernit,
848 3293 1016 3359 velut,
1044 3294 1240 3360 homo,
1281 3292 1548 3358 mortalis,
1578 3301 1845 3348 terrenus.
1896 3289 2069 3349 Homo
2113 3291 2182 3347 ab
2209 3348 2232 3355 ν

610 3383 970 3449 humanitate,
995 3385 1241 3438 mortalis
1278 3399 1309 3438 a
1343 3384 1670 3438 necessitate
1698 3383 1908 3448 mortis,
1936 3391 2182 3437 terrenus

607 3482 839 3540 a'terra,
882 3473 936 3527 in
961 3471 1095 3544 [Αι.,
1126 3469 1217 3544 ex]
1246 3487 1352 3543 qua
1380 3473 1562 3527 omnia
1593 3473 1886 3542 gignuntur
1913 3471 2176 3543 [dicitur].

677 3558 739 3615 C.
769 3560 853 3615 Ad
881 3575 1044 3630 quam
1068 3559 1304 3630 speciem
1330 3560 1548 3630 propria
1567 3560 1783 3614 nomina
1803 3559 2185 3627 pertinent?—

607 3656 672 3708 Α.
697 3654 1038 3726 Regulariter
1062 3655 1204 3710 scire
1228 3654 1503 3719 debemus,
1528 3654 1708 3709 omnia
1728 3653 1946 3724 propria
1966 3653 2182 3709 nomina

607 3747 911 3824 communia
938 3760 1060 3801 esse
1088 3760 1265 3814 posse,
1294 3754 1349 3800 et
1371 3760 1660 3816 omonyma
1682 3745 1978 3810 vocari,‘ut
1994 3744 2184 3800 Cicero

605 3851 714 3889 non
743 3851 884 3889 unus
907 3836 1002 3890 sed
1023 3836 1245 3904 plures:
1283 3835 1377 3890 sed
1401 3835 1569 3904 signis
1596 3843 1653 3889 et
1692 3835 2025 3905 proprietate
2050 3851 2185 3906 qua-

607 3929 730 3982 dam
758 3926 1099 3981 discernendi
1126 3935 1290 3990 sunt;
1329 3926 1452 3993 quis
1477 3926 1548 3979 sit
1576 3925 1663 3979 ille
1697 3934 1754 3978 et
1796 3926 1918 3992 quis
1958 3926 2096 3980 alius
2129 3934 2186 3980 et

608 4018 731 4088 quis
756 4018 948 4072 tertius
972 4015 1185 4081 Cicero,
1215 4024 1276 4069 ut
1303 4015 1468 4070 alium
1491 4030 1734 4070 crassum
1763 4016 1934 4080 dicas,
1957 4015 2187 4070 alterum

609 4119 855 4174 tenuem;
888 4107 975 4163 vel
1001 4107 1190 4177 longus
1223 4105 1434 4162 dicatur
1457 4106 1618 4172 alius,
1646 4106 1785 4162 alter
1809 4106 2017 4172 brevis;
2057 4121 2188 4161 can-

609 4201 735 4256 dido
756 4201 937 4257 colore
960 4201 1105 4270 quis,
1129 4200 1267 4255 alter
1295 4199 1472 4272 nigro.

683 4294 744 4347 C.
775 4293 1075 4377 Oinonyma
1096 4302 1227 4363 quot
1247 4293 1419 4349 modis
1440 4292 1611 4347 ﬁunt?
1630 4323 1703 4332 —
1722 4291 1792 4347 Α.
1822 4289 2058 4346 Duobus.
2080 4289 2188 4344 Aut

611 4384 756 4440 enim
784 4383 1006 4445 fortuito
1033 4383 1188 4450 ﬁunt,
1228 4391 1318 4439 aut
1344 4383 1621 4438 hominum
1651 4382 1925 4440 voluntate
1952 4395 2183 4436 nascun-

611 4483 719 4528 tur.
750 4502 822 4512 -—
847 4470 908 4526 C.
935 4472 1181 4528 Fortuito
1207 4473 1509 4543 quomodo?
1544 4503 1616 4514 -—
1646 4472 1712 4526 A.
1765 4471 1901 4528 Cum
1947 4471 2180 4541 quodam

610 4579 740 4620 casu
769 4561 945 4618 simile
969 4563 1092 4632 quis
1120 4563 1273 4616 alteri
1301 4565 1530 4632 accipiat
1556 4562 1692 4633 [Αι.,
1722 4562 1944 4618 alterius
1963 4560 2180 4632 accipit]

610 4671 828 4712 nomen.
856 4649 925 4696 -ὶ
960 4654 1024 4711 C.
1053 4654 1332 4722 Quomodo
1353 4655 1664 4710 voluntate?
1692 4675 1764 4695 —
1785 4654 1851 4706 Α.
1875 4653 2012 4708 Cum
2036 4653 2185 4706 simi-

610 4748 779 4804 litudo
806 4749 1040 4804 nominis
1061 4761 1127 4802 ex
1157 4746 1418 4802 industria
1443 4745 1764 4814 imponentis
1789 4741 2023 4814 alligitur
2050 4741 2184 4813 [Al.,

611 4838 926 4912 eﬁingitur].
949 4869 1020 4880 -——
1047 4839 1106 4895 C.
1135 4838 1193 4895 Si
1215 4840 1298 4895 hie
1322 4846 1501 4909 partes
1519 4836 1640 4907 plus
1657 4842 1882 4907 possunt
1903 4832 2100 4888 dividi?
2115 4861 2190 4872 —

612 4929 680 4984 A.
729 4929 933 4986 ﬂorum
963 4942 1177 4996 autem,
1221 4947 1341 5002 quae
1381 4945 1450 4985 ex
1480 4928 1744 4985 industria
1786 4924 1873 4981 vel
1912 4923 2187 4978 voluntate

619 5032 934 5087 nascuntur,
966 5036 1195 5092 quatuor
1219 5034 1345 5079 sunt
1367 5038 1602 5098 genera:
1645 5021 1795 5086 Icon,
1842 5028 1962 5074 cata
2004 5014 2188 5071 analo-

610 5113 778 5184 giam,
809 5130 1020 5183 apertos,
1038 5130 1259 5184 prosena
1280 5114 1476 5186 [Εἰπὸη
1499 5115 1608 5170 κατ’
1629 5114 1912 5186 ἀναλογίαν,
1940 5110 2024 5183 ἀφ’
2055 5109 2183 5172 ἑνός,

618 5209 749 5280 πρις
774 5203 880 5277 sq.

687 5299 854 5370 338
875 5297 936 5353 C.
969 5298 1162 5352 Latino
1197 5311 1292 5352 ore
1318 5296 1433 5352 haec
1463 5296 1631 5366 aperi.
1658 5325 1730 5335 —
1753 5295 1817 5348 A.
1847 5291 2151 5348 Similitudo
2169 5329 2185 5356 ,

615 5403 717 5456 pro
741 5397 915 5459 parte,
958 5390 1026 5442 ab
1055 5402 1182 5452 uno,
1211 5388 1276 5443 ad
1319 5400 1506 5441 unum.
1545 5415 1614 5426 —
1656 5381 1719 5438 ϐ.
1755 5383 2024 5453 Exemplis
2063 5397 2192 5438 con-

619 5481 795 5534 firma.
823 5509 887 5520 --
911 5479 977 5533 A.
1007 5477 1329 5545 Similitudo,
1361 5487 1418 5533 ut
1440 5478 1602 5532 homo
1627 5476 1802 5546 pictus
1820 5481 1876 5528 et
1898 5489 2058 5529 verus
2079 5472 2190 5528 sola

621 5578 674 5630 in
706 5577 1051 5634 similitudine
1083 5579 1418 5650 copulantur.
1461 5574 1569 5631 Pro
1601 5585 1765 5646 parte,
1791 5582 1870 5638 ut,
1906 5589 2012 5644 quo
2035 5580 2193 5644 pacto

618 5667 940 5739 principium
962 5671 1206 5727 animalis
1223 5685 1317 5727 cor
1334 5669 1580 5732 dicimus,
1606 5667 1678 5720 ita
1697 5664 2017 5734 principium
2041 5677 2191 5733 aqua:

2278 463 2449 520 litudo
2475 465 2708 520 nominis
2729 466 2942 522 videtur
2980 465 3246 536 adiuncta.
3286 465 3364 519 Ab
3397 479 3525 530 uno,
3550 478 3674 518 cum
3707 461 3846 518 dici-

2279 571 2402 611 mus
2461 557 2780 614 medicinale
2832 557 3036 614 ferrum
3052 598 3068 626 ,
3118 556 3435 613 medicinale
3475 562 3801 625 praceptnm
3821 591 3841 619 ,

2280 647 2617 703 medicinalis
2659 649 2881 704 scientia
2903 689 2924 724 ,ἢ
2965 649 3295 710 medicinalis
3339 663 3504 714 usus;
3539 646 3609 702 ab
3649 660 3758 701 uno
3783 645 3842 699 in

2280 746 2474 793 cuncta
2502 738 2848 795 descendunt.
2877 740 2959 795 Ad
2985 756 3145 795 unum
3172 747 3274 807 est,
3301 752 3378 804 ut,
3411 738 3502 792 illa
3526 737 3673 808 potio
3695 734 3844 793 salu-

2278 827 2392 884 bris
2434 837 2518 885 est
2535 871 2551 896 ,
2584 829 2674 886 ille
2714 832 2954 888 medicus
2979 827 3211 905 salubris
3237 839 3352 897 est,
3390 830 3480 886 illa
3506 829 3672 885 herba
3699 828 3847 883 salu-

2280 915 2396 973 bris
2417 928 2520 974 est.
2549 920 2674 976 Haec
2691 922 2835 976 enim
2855 931 3050 978 cuneta
3074 920 3209 995 [Αι.,
3224 922 3436 992 juncta,
3455 930 3505 975 et
3532 917 3842 994 conjuncta]

2279 1023 2469 1074 unum,
2500 1011 2552 1065 id
2576 1017 2678 1075 est,
2705 1011 2956 1079 salutem,
2978 1013 3224 1088 videntur
3247 1013 3529 1084 attingere.

2349 1095 2413 1153 C.
2441 1098 2738 1166 Quia‘mihi
2760 1103 3040 1171 perspicue
3067 1101 3342 1157 nominum
3366 1101 3684 1156 varietatem
3707 1098 3848 1156 dixi-

2277 1189 2349 1243 sti
2368 1228 2385 1254 ,
2413 1198 2659 1260 superest
2682 1198 2743 1245 ut
2762 1180 3112 1261 qubstionum
3140 1194 3403 1249 rationem
3422 1205 3686 1262 exponas,
3712 1205 3847 1260 quas

2279 1295 2387 1335 non
2414 1281 2519 1337 nisi
2546 1283 2851 1338 nominibus
2872 1291 2928 1339 et
2952 1284 3131 1340 verbis
3153 1293 3405 1340 constare
3427 1297 3586 1355 posse
3612 1283 3842 1338 aestimo.

2277 1370 2402 1426 ideo
2429 1371 2528 1428 has
2552 1373 2685 1427 duas
2709 1381 2890 1442 partes
2917 1373 3238 1444 principales
3260 1389 3380 1431 esse
3406 1383 3602 1429 natura
3624 1389 3723 1429 nos
3749 1374 3847 1430 do-

2277 1468 2386 1518 cet.
2410 1460 2617 1518 Nomen
2644 1477 2878 1533 namque
2898 1464 3251 1519 substantiam
3275 1464 3553 1528 ostendit;
3593 1462 3842 1530 verbum,

2278 1551 2408 1621 quid
2429 1552 2655 1622 quisque
2683 1550 2862 1618 faciat,
2891 1555 3088 1624 quidve
3103 1555 3370 1625 patiatur.

2348 1663 2414 1717 Α.
2437 1663 2634 1719 Tribus
2653 1678 2721 1719 ex
2741 1663 2976 1721 fontibus
2996 1680 3182 1722 omnes
3198 1665 3470 1738 profluunt
3487 1664 3842 1736 qnzestiones;

2279 1762 2375 1807 aut
2399 1752 2468 1807 ab
2493 1753 2580 1808 his
2603 1769 2724 1823 quae
2761 1763 2919 1822 sunt;
2947 1763 3041 1810 aut
3065 1755 3133 1810 ab
3171 1756 3258 1812 his
3283 1771 3403 1825 quae
3430 1752 3841 1824 percipiuntur:

2278 1851 2372 1898 aut
2396 1844 2463 1899 de
2491 1843 2624 1917 [Al.,
2649 1845 2738 1919 ab]
2756 1846 2843 1902 his
2867 1861 2987 1918 quae
3012 1846 3281 1900 dicuntur.
3332 1845 3445 1901 Una
3481 1851 3567 1900 est
3592 1844 3845 1898 substan-

2279 1936 2508 2001 tiarum;
2555 1935 2681 2004 quia
2719 1935 2865 2008 [Al.,
2909 1944 2967 1991 et
3005 1932 3150 2009 sum]
3193 1943 3320 1991 sunt
3354 1949 3544 1991 omnes
3571 1948 3677 1998 res,
3707 1946 3847 2004 quas

2278 2036 2470 2107 natura
2496 2029 2724 2098 peperit.
2751 2026 2936 2084 Altera
2966 2041 3254 2092 sensuum;
3293 2027 3419 2096 quia
3455 2041 3617 2081 sensu
3640 2022 3848 2095 percipi

2279 2135 2387 2175 non
2411 2128 2652 2190 possunt,
2684 2120 2788 2175 nisi
2812 2119 2896 2175 ha
2921 2135 3010 2174 res
3036 2135 3154 2189 qua
3178 2125 3324 2184 sunt,
3359 2125 3416 2172 et
3451 2131 3680 2187 quarum
3707 2115 3839 2170 ima-

2278 2210 2433 2282 gines
2481 2211 2660 2266 animo
2687 2208 2982 2266 formamus
3005 2217 3061 2264 et
3084 2207 3385 2264 condimus.
3435 2207 3620 2262 Tertia
3653 2205 3849 2261 dictio-

2280 2316 2429 2367 num,
2456 2302 2511 2356 id
2549 2316 2802 2372 namque,
2833 2301 2974 2371 quod
3002 2299 3125 2370 quis
3162 2299 3398 2370 concipit
3420 2297 3555 2372 [Al.,
3580 2293 3847 2368 concepit]

2279 2390 2494 2457 animo,
2532 2391 2713 2462 lingua
2732 2391 3084 2462 prosequenti
3108 2382 3462 2447 demonstrat.
3493 2388 3636 2460 Ergo
3675 2402 3849 2459 quan—

2280 2497 2442 2552 quam
2467 2483 2757 2552 separatim
2780 2483 2898 2538 haec
2918 2483 3022 2537 tria
3045 2481 3412 2545 nominentur,
3435 2478 3651 2534 mistam
3669 2486 3852 2533 tamen

2280 2574 2347 2629 de
2370 2573 2543 2629 tribus
2568 2573 2980 2643 disputationem
3023 2573 3280 2642 debemus
3323 2569 3586 2640 accipere.
3624 2566 3758 2624 Nam
3782 2567 3852 2623 de

2279 2649 2563 2735 praeceptis
2589 2662 2719 2736 [Αι.,
2746 2661 3038 2735 perceptis]
3066 2659 3160 2734 qui
3198 2661 3453 2733 loquitur,
3495 2668 3552 2716 et
3586 2658 3849 2729 originem

2282 2769 2463 2809 rerum
2506 2735 3054 2829 trahig'et'praasidia
3097 2752 3358 2807 orationis
3398 2749 3668 2820 implorat.
3710 2745 3853 2804 Sunt

2282 2843 2447 2915 igitur
2477 2843 2584 2909 illa,
2619 2858 2738 2913 qua:
2783 2850 2875 2897 aut
2911 2840 3239 2914 percipimus
3280 2838 3527 2896 sensibus
3571 2837 3849 2909 corporis;

2282 2943 2377 2990 aut
2403 2941 2581 2990 mente
2611 2941 2666 2989 et
2697 2934 3033 3006 cogitatione
3055 2932 3375 3003 colligimus.
3420 2927 3679 2984 Sensibus
3704 2936 3854 3006 tene-

2283 3040 2426 3090 mus,
2462 3037 2583 3094 qua:
2627 3033 2720 3078 aut
2745 2999 2996 3088 videndo,
3044 3029 3139 3077 aut
3185 2999 3587 3084 contrectando,
3618 3025 3712 3072 aut
3757 2999 3854 3072 ἐα-

2284 3114 2511 3182 diendo,
2559 3121 2654 3169 aut
2701 3113 2994 3184 gustando,
3045 3119 3140 3168 aut
3182 3109 3460 3167 odorando
3501 3107 3850 3181 percipimus.

2283 3206 2458 3262 Mente
2486 3205 2872 3276 cOgnoscimus,
2900 3202 3026 3258 dum
3066 3202 3342 3278 quodlibet
3367 3217 3583 3272 corpus,
3612 3207 3674 3253 ut
3718 3203 3848 3268 puta

2281 3299 2517 3357 hominis
2545 3297 2630 3354 vel
2656 3296 2904 3352 animalis
2934 3296 3116 3352 multis
3140 3304 3392 3352 constare
3415 3310 3483 3349 ex
3505 3290 3750 3361 partibus
3772 3290 3854 3346 in-

2283 3393 2599 3462 telligimus;
2623 3390 2787 3444 etiam
2815 3388 2896 3443 vel
2923 3399 3170 3442 crescere
3205 3386 3294 3440 vel
3333 3398 3651 3449 senescere;
3692 3382 3854 3439 modo

2283 3481 2403 3550 angi
2428 3480 2597 3544 curis,
2626 3479 2784 3533 modo
2805 3492 2993 3532 securo
3015 3485 3235 3547 pectore
3256 3476 3639 3546 conquiescere
3663 3491 3678 3540 ;
3707 3473 3854 3529 sani-

2283 3577 2393 3624 tate
2421 3569 2556 3624 alias
2576 3567 2703 3634 frui,
2734 3567 2868 3623 alias
2895 3568 3104 3624 dolores
3130 3569 3372 3640 perpeti;
3398 3569 3630 3639 peritum
3657 3580 3725 3621 ex
3746 3565 3852 3620 im-

2282 3663 2478 3735 perito,
2509 3678 2575 3718 ex
2599 3663 2816 3718 indocto
2841 3662 3078 3718 doctum.

2356 3756 2416 3811 (Ζ.
2452 3756 2614 3812 Forte
2637 3757 2753 3812 llth
2774 3741 3042 3827 sapientes
3063 3755 3296 3824 propriis
3322 3753 3629 3809 nominibus
3652 3748 3858 3804 discer-

2283 3862 2415 3924 nere
2440 3846 2759 3902 voluerunt?
2780 3875 2852 3885 —
2872 3845 2936 3899 Α.
2965 3845 3158 3916 Etiam.
3185 3841 3319 3896 Nam
3345 3841 3400 3896 id
3420 3839 3563 3909 quod
3588 3835 3863 3907 corporali

2285 3953 2446 3994 sensu
2494 3937 2851 4001 discernitur,
2880 3935 3066 3997 usian,
3105 3933 3160 3987 id
3205 3941 3319 3997 est,
3349 3930 3703 3986 substantiam
3749 3927 3857 3986 dici

2266 4031 2573 4105 jusserunt.
2619 4025 2753 4081 Illud
2786 4033 3004 4089 autem,
3034 4024 3177 4094 quod
3215 4023 3382 4078 animi
3412 4030 3645 4078 tractatu
3682 4020 3856 4077 solum

2286 4117 2575 4189 colligitur,
2601 4125 2694 4172 aut
2724 4113 2877 4188 (Hm,
2905 4114 2990 4188 ac]
3017 4131 3160 4186 saepe
3179 4122 3419 4172 mutatur
3445 4112 3782 4185 symbebicos,
3802 4108 3860 4165 id

2285 4219 2386 4274 est,
2411 4209 2660 4266 accidens
2695 4207 2961 4281 nominari
2988 4205 3172 4279 [Μαίη
3195 4201 3498 4274 nominare]
3529 4201 3854 4276 maluerunt.

2289 4302 2455 4359 Usian
2483 4316 2697 4372 quoque
2720 4301 3088 4371 ypocimenon,
3115 4297 3171 4351 id
3212 4305 3298 4351 est
3316 4335 3332 4360 ,
3362 4292 3645 4360 subiacens
3678 4287 3860 4359 appel-

2286 4395 2400 4449 lare
2423 4392 2722 4448 voluerunt.
2739 4389 2830 4445 llla
2853 4403 2984 4445 vero
3003 4401 3123 4457 qua:
3141 4385 3414 4463 accidunt,
3427 4378 3854 4450 enypocintenon,

2287 4488 2340 4542 id
2366 4494 2469 4548 est,
2501 4486 2556 4539 in
2593 4480 2890 4549 subiacenti
2931 4472 3274 4549 [accidentia]
3319 4473 3591 4527 dixerunt.
3627 4467 3859 4525 Necesse

2287 4582 2372 4630 est
2401 4586 2533 4626 vero
2552 4567 2849 4624 accidentia
2878 4565 2934 4619 in
2962 4560 3202 4635 qualibet
3239 4577 3360 4619 esse
3387 4560 3704 4617 substantia.
3733 4558 3860 4613 ideo

2289 4665 2380 4718 illa
2407 4659 2705 4718 substantia
2735 4657 3019 4728 subiacens
3039 4655 3267 4721 dicitur;
3293 4654 3385 4709 illa
3410 4668 3541 4709 veno
3563 4649 3858 4707 accidentia

2290 4753 2345 4806 in
2371 4749 2668 4821 subiacenti
2699 4747 3031 4803 substantia:
3062 4755 3124 4802 ut
3158 4754 3307 4817 pote,
3339 4740 3623 4811 disciplina
3659 4737 3717 4791 in
3742 4736 3862 4790 anl-

2292 4859 2402 4909 mo,
2428 4842 2575 4898 mlor
2594 4842 2650 4897 in
2671 4855 2916 4911 corpore,
2944 4846 3037 4894 aut
3062 4839 3129 4893 de
3154 4835 3261 4891 illis
3279 4846 3473 4887 novem
3491 4826 3863 4885 accidentibus

2292 4934 2586 5006 quodlibet,
2615 4950 2734 5005 qua:
2770 4932 3017 5006 superius
3041 4923 3453 4983 nominavimus.

2361 5022 2423 5080 C.
2452 5002 2719 5081 Debemus
2741 5002 2917 5078 tamen
2943 5002 3058 5088 ipsa
3084 5006 3378 5069 accidentia
3399 5008 3481 5064 vel
3503 5007 3556 5063 in
3579 5007 3694 5078 ipsa
3716 5006 3857 5071 asia,

2291 5115 2376 5170 vel
2400 5124 2553 5171 extra
2577 5114 2749 5168 asiam
2772 5109 2953 5166 dicere
2977 5104 3130 5160 esse?
3156 5132 3227 5142 —
3249 5101 3317 5157 Α.
3342 5099 3457 5154 Alia
3490 5098 3544 5154 in
3571 5097 3683 5168 ipsa
3700 5137 3716 5163 ,
3734 5149 3736 5152 ,
3753 5094 3859 5150 alia

2293 5214 2468 5262 extra.
2491 5205 2638 5260 Intra
2678 5200 2849 5256 asiam
2876 5203 3002 5251 sunt
3029 5192 3277 5266 qualitas,
3313 5191 3587 5263 quantitas
3621 5197 3680 5244 et
3701 5187 3862 5243 sitm.

2293 5297 2418 5352 Haec
2443 5295 2588 5351 enim
2613 5293 2729 5348 sine
2755 5291 2868 5360 ipsa
2888 5300 3007 5343 esse
3033 5301 3139 5341 non
3164 5292 3408 5357 possunt.
3441 5282 3561 5336 Mox
3593 5279 3740 5336 enim
3756 5317 3774 5346 ,
3800 5282 3870 5336 ιιι

2290 5387 2563 5442 hominem
2585 5381 2672 5437 vel
2699 5393 2899 5449 equum
2924 5377 3123 5432 dixeris
3141 5417 3157 5442 ,
3185 5368 3394 5430 adverti
3421 5381 3642 5426 necesse
3665 5373 3750 5424 est
3770 5364 3864 5420 bi-

2291 5478 2536 5550 pedalem
2583 5468 3197 5548 autquadrupedalem;
3251 5464 3431 5520 album
3483 5469 3575 5516 aut
3604 5459 3816 5550 nigrum
3841 5493 3861 5521 ,

2293 5547 2524 5624 stantem
2556 5570 2648 5618 aut
2665 5559 2954 5628 iacentem.
2983 5557 3149 5612 Extra
3179 5556 3332 5609 usian
3364 5567 3494 5606 vero
3524 5559 3649 5604 snnt
3678 5547 3860 5609 locus.

2296 5670 2504 5727 tempus
2526 5662 2581 5710 ct
2605 5649 2838 5707 habitus.
2871 5648 3002 5704 Nam
3031 5649 3085 5705 in
3110 5648 3224 5704 loco
3251 5645 3334 5700 vel
3361 5652 3600 5712 tempore
3624 5650 3741 5695 esse
3765 5632 3862 5688 ali-
