4266 6218
472 288 473 291 γ
526 206 629 265 957
1418 166 1427 170 ’
1497 170 1967 289 nmsscsucs.
2007 242 2062 252 —

2114 209 2203 267 ns
2238 172 2678 270 nmmum.
3642 216 3748 275 958

523 338 718 394 quem;
738 322 928 381 vestiri
952 323 1039 379 vel
1060 321 1370 391 armari,‘ab
1390 324 1510 379 asia
1534 332 1784 405 separata
1802 332 1946 380 sunt.
1967 321 2086 377 Alia
2111 325 2163 382 Α
2185 322 2521 383 emensaerit
2542 321 2768 378 latitudo
2780 337 2905 386 cum
2920 323 3269 394 longitudine,
3280 324 3513 397 epifaaia
3526 326 3745 394 dicitur,

521 423 649 473 sunt
668 415 1010 481 communia,
1039 415 1094 470 id
1117 422 1219 481 est,
1248 413 1391 470 intra
1411 422 1465 471 et
1489 423 1643 470 extra
1664 414 1851 481 striati,
1876 420 1966 479 ιιι,
1998 428 2084 469 re-
2181 411 2237 467 id
2258 421 2362 479 est,
2385 413 2737 485 superﬁcialis
2755 431 3027 472 mensura.
3051 447 3126 459 —-
3150 415 3214 473 6.
3242 416 3382 485 Quid
3418 419 3464 474 si
3492 419 3581 474 bis
3606 419 3745 475 duo-
3792 460 3795 463 -

519 506 652 561 latio
669 546 686 572 ,
711 505 891 561 facere
920 514 976 561 et
1004 506 1136 577 pati.
1158 504 1328 576 Maius
1349 521 1480 563 vero
1508 514 1563 563 et
1585 507 1795 574 minus,
1832 520 1999 585 unum
2023 506 2081 560 in

516 612 575 653 se
597 596 815 663 habent,
843 597 989 652 aliud
1010 606 1169 652 eum
1182 614 1258 653 se.
1296 596 1429 653 Item
1461 598 1633 669 facere
1656 606 1712 654 et
1740 606 1893 654 extra
1918 604 1976 652 et
1998 597 2081 651 in-

518 694 624 751 tra,
651 694 714 742 ιιι
737 684 945 743 eadem
970 685 1196 757 quisque
1219 686 1326 743 dici
1352 702 1462 743 non
1486 694 1693 765 potest,
1725 686 1828 743 nisi
1851 686 2081 742 alterum

516 777 726 842 cadat;
766 777 1152 849 similiter'patt‘
1170 792 1191 830 :
1217 777 1352 833 «καί
1376 777 1520 834 ειιὶιιι
1540 776 1637 837 vel.
1660 777 1745 833 uri
1776 777 1958 833 nullus
1983 791 2081 848 po-

515 872 652 931 test,
670 864 775 921 nisi
799 866 871 921 ab
891 866 1063 923 altern
1088 867 1324 937 patiatur
1348 866 1499 941 [ls.,
1517 868 1807 946 patietur].
1902 910 1905 911 ν

536 952 547 962 “
582 952 646 1011 6.
673 955 840 1013 Estne
874 956 980 1012 alia
1016 959 1213 1015 borum
1251 959 1606 1017 accidentium
1647 958 1980 1017 dinei-entia?
2004 991 2077 1003 —

511 1047 579 1100 Α.
609 1046 726 1103 Est.
762 1047 843 1103 Ea
870 1048 1015 1104 enim
1043 1064 1164 1120 qua:
1186 1050 1372 1106 insunt
1402 1051 1616 1121 cuique,
1647 1058 1742 1106 aut
1772 1051 1830 1106 in
1856 1050 1991 1117 solo,
2018 1059 2077 1107 et

510 1135 569 1191 in
589 1136 777 1221 omni;
815 1146 911 1196 ant
933 1138 1127 1195 insolo
1149 1140 1411 1219 etnouiu
1434 1142 1616 1207 omni;
1653 1143 1827 1199 autin
1848 1144 1995 1198 omni
2019 1150 2079 1199 et

508 1229 879 1299 noninsolo;
916 1241 1012 1289 aut
1048 1235 1232 1297 neejn
1266 1234 1941 1308 solo,necinomniesse
1979 1253 2076 1294 ne-

508 1334 662 1377 cesse
703 1328 807 1377 est.
850 1321 925 1377 Et
971 1324 1072 1380 has
1108 1333 1340 1395 quatuor
1376 1324 1584 1397 species
1622 1324 1797 1383 αι·κεί
1838 1336 2071 1396 vocant;

509 1409 904 1485 Etttuocepanti,
918 1417 1399 1484 cmpuli,
1410 1407 1644 1488 multis
1658 1432 1879 1474 malo
1892 1417 2070 1491 [MSS-9

505 1499 955 1575 Emnocepantt'
1073 1507 1304 1577 εηραιιιί,
1346 1506 1619 1589 mmo]
1642 1520 1821 1575 caute,
1850 1516 2071 1567 amona

503 1593 749 1663 nepam.

2177 502 2280 560 bus
2326 504 2657 562 altitudinem
2708 507 3071 579 adjungit‘l—
3114 510 3179 563 Α.
3230 508 3435 566 Cuncta
3480 511 3596 566 haec
3638 511 3745 567 tria

2176 605 2443 649 mensura:
2466 593 2670 651 sociata
2694 595 2925 652 solidum
2962 612 3157 667 corpus
3183 596 3472 666 perﬁciunt
3495 613 3619 654 cum
3646 615 3743 656 sex

2176 680 2290 737 suis
2313 683 2559 753 partibus
2584 688 2935 757 praescriptis,
2981 689 3175 760 bisque
3210 689 3499 745 ascribitur
3544 705 3743 747 secun-

2175 771 2826 877 dum_[loci]
2847 817 2865 843 ,
2909 776 3069 849 longe
3098 778 3183 835 vel
3198 777 3534 877 juxta.‘l‘i$m
3567 778 3739 842 aliud,

2174 862 2318 931 quod
2358 863 2491 919 mihi
2540 879 2577 919 a
2630 865 2835 922 dextris
2872 867 2959 922 vel
2984 868 3261 943 sinistris,
3310 864 3436 924 ante
3461 862 3568 924 ‘vel
3594 876 3773 924 retro

2163 953 2329 1024 justo
2346 962 2463 1023 est;
2487 955 2633 1011 aliud
2658 958 2804 1026 quod
2823 957 3004 1028 longe;
3026 960 3183 1014 verbi
3198 961 3372 1031 gratia
3398 974 3415 1015 :
3440 959 3541 1029 Hic
3561 961 3744 1032 paries

2171 1059 2340 1114 prope
2373 1055 2490 1113 est;
2514 1054 2572 1101 et
2596 1046 2686 1102 ille
2711 1047 2797 1102 vel
2833 1048 2925 1104 ille
2953 1064 3110 1104 mons
3136 1049 3312 1120 longe.
3529 1060 3537 1068 '

2198 1206 2203 1210 _
2239 1131 2305 1190 C.
2335 1134 2522 1192 Potest
2568 1134 2647 1192 ita
2694 1136 2763 1193 de
2806 1136 2949 1193 intra
2993 1147 3052 1193 et
3093 1154 3257 1213 supra
3285 1137 3637 1210 intelligi?-—-
3670 1138 3739 1194 Α.

2168 1224 2374 1281 Potest.
2420 1223 2574 1298 [Sed]
2610 1218 2893 1285 sciendmn
2940 1227 3068 1301 [est]
3117 1229 3265 1284 aliud
3318 1244 3441 1285 esse
3486 1229 3739 1286 naturale

2169 1331 2334 1387 super
2348 1325 2407 1372 et
2431 1317 2656 1373 subter:
2686 1318 2834 1374 aliud
2854 1334 3016 1385 vero,
3057 1319 3202 1390 quod
3229 1318 3374 1376 circa
3399 1335 3499 1377 nos
3538 1328 3643 1375 est.
3665 1349 3743 1363 ~—

2170 1404 2231 1461 6.
2246 1406 2403 1473 Quod
2425 1414 2512 1466 est
2532 1409 2798 1476 naturale,
2814 1417 2871 1466 et
2888 1410 3033 1482 quod
3058 1413 3203 1466 circa
3226 1411 3620 1467 nosesti—A.
3637 1410 3743 1467 Na-

2169 1497 2418 1553 mraliter
2438 1498 2584 1553 enim
2613 1498 2812 1557 celum
2852 1500 3115 1574 [semper]
3166 1517 3330 1573 supra
3370 1510 3466 1559 est
3507 1510 3565 1558 et
3591 1510 3739 1558 terra

2167 1585 2328 1653 infra,
2357 1587 2503 1657 quod
2522 1580 2859 1667 migratipne‘
2880 1598 3065 1645 nostra
3113 1591 3312 1646 mutari
3357 1589 3531 1663 [Edit.
3552 1630 3572 1657 ,
3601 1608 3741 1662 puu-

657 1681 787 1738 Bac
818 1681 1083 1754 exemplis
1120 1651 1365 1756 planiera
1404 1647 1575 1743 facias
1601 1689 1782 1745 velim.
1808 1720 1883 1734 -.-
1898 1690 1964 1745 Α,
1996 1690 2069 1747 Ut
2095 1676 2145 1737 Β
2166 1647 2337 1747 ειιτὶξ
2365 1647 2521 1747 ire,
2546 1647 2869 1750 migratio...
2902 1680 3212 1753 immutare]
3239 1647 3569 1752 non'potest:
3602 1647 3741 1738 ⁵Νι)-

500 1773 547 1827 si
570 1773 846 1832 hominem
870 1775 993 1846 quis
1015 1776 1238 1833 delinire
1261 1778 1447 1835 volens
1467 1776 1632 1853 dicat,
1658 1781 1805 1838 risus
1830 1796 1953 1838 esse
1973 1797 2067 1838 ca-

499 1876 716 1931 pacem;
746 1864 852 1919 hoc
871 1865 1003 1920 etin
1026 1865 1141 1922 solo
1167 1867 1383 1924 homine
1409 1865 1514 1935 est,
1541 1877 1597 1925 et
1620 1870 1675 1925 in
1700 1870 1888 1937 omni:
1917 1871 2066 1928 solus

498 1967 733 2023 namque
760 1954 925 2010 homo
957 1956 1115 2023 ridet,
1151 1965 1209 2013 et
1237 1959 1448 2015 cunctis
1472 1959 1651 2017 ridere
1689 1960 1934 2018 naturale
1955 1946 2061 2020 est.

497 2038 562 2095 lu
584 2040 701 2097 solo
724 2049 784 2098 et
800 2026 917 2098 uon'
932 2043 990 2099 in
1012 2046 1177 2110 omni,
1205 2052 1267 2102 ut
1282 2048 1341 2120 isi
1359 2049 1482 2119 quis
1498 2038 1766 2107 diﬂiniens
1792 2052 2065 2119 hominem

498 2143 753 2202 capacem
781 2132 1082 2204 disciplinae
1109 2135 1255 2191 dicat
1278 2148 1439 2203 esse;
1478 2136 1589 2193 hoc
1618 2139 1675 2193 iu
1702 2139 1819 2195 solo
1844 2140 2065 2210 quidem

494 2219 715 2278 homine
735 2223 965 2281 inveniri
993 2234 1203 2297 potest,
1232 2243 1340 2284 non
1376 2235 1556 2284 tamen
1582 2229 1640 2284 iu
1662 2230 1848 2299 omni;
1886 2246 2064 2305 neque
2112 2280 2119 2287 .

491 2311 639 2367 enim
680 2328 869 2368 omnes
913 2315 1226 2386 disciplinas
1291 2317 1455 2390 339
1494 2308 1796 2377 didicerunt
1833 2321 2059 2393 aliquas.

492 2400 550 2457 ιιι
570 2403 720 2458 omni
746 2411 805 2459 et
830 2418 936 2460 non
965 2405 1020 2461 in
1041 2406 1187 2473 solo;
1211 2415 1275 2462 ut
1295 2409 1343 2464 si
1363 2409 1485 2478 quis
1505 2401 1777 2467 hominem
1798 2410 2063 2471 dilllniens

490 2494 656 2584 dicat,
691 2495 748 2552 id
766 2511 888 2553 esse
912 2498 1184 2556 hominem
1209 2500 1352 2571 quod
1375 2502 1564 2572 spirat,
1597 2506 1739 2573 quod
1765 2504 1945 2561 cibum
1965 2519 2060 2584 eae

406 2614 413 2622 -
472 2585 619 2655 piat,
641 2588 746 2644 hoc
772 2588 828 2644 in
865 2592 1013 2647 omni
1036 2592 1253 2664 quidem
1275 2600 1360 2650 est
1383 2594 1619 2662 homine,
1658 2610 1764 2652 non
1800 2603 1981 2653 tamen
2003 2583 2062 2654 tu

488 2676 603 2733 solo
625 2694 641 2745 ;
678 2693 813 2734 nam;
835 2686 890 2736 et
904 2683 1139 2751 pecudes
1166 2682 1346 2738 cibum
1365 2684 1585 2753 capiunt
1601 2692 1658 2739 et
1680 2683 1808 2740 brat
1829 2685 2056 2756 spirant.

488 2765 598 2824 Nec
624 2769 681 2823 in
705 2769 845 2837 solo,
866 2784 969 2847 nec
988 2772 1045 2825 in
1070 2771 1258 2838 omni;
1296 2779 1358 2827 ut
1396 2772 1443 2828 si
1477 2773 1600 2843 quis
1622 2773 1677 2829 in
1700 2774 1935 2831 hominis
1956 2774 2061 2831 dif-

486 2856 728 2915 ﬁnitione
752 2858 807 2914 id
829 2868 951 2916 esse
970 2859 1114 2916 dicat
1138 2853 1598 2933 hominem,‘quod
1621 2863 1802 2921 album
1820 2871 1932 2932 est;
1957 2879 2061 2921 nec

486 2947 541 3003 in
566 2948 685 3004 solo
707 2964 810 3005 nec
835 2951 893 3005 in
913 2953 1060 3008 omni
1083 2960 1189 3020 est,
1232 2966 1407 3024 neque
1434 2954 1578 3011 enim
1605 2962 1697 3011 aut
1718 2954 1881 3012 homo
1908 2956 2057 3024 solus

483 3040 745 3097 candidus
772 3036 1124 3098 invenituret
1148 3058 1254 3099 non
1279 3043 1380 3100 bos
1402 3051 1497 3099 aut
1511 3052 1723 3115 equus;
1762 3054 1859 3101 ant
1876 3047 2054 3103 omnis

482 3128 827 3198 homoalbus
850 3139 953 3189 est.

551 3218 615 3275 C.
638 3221 775 3291 Qua:
812 3237 879 3279 ex
909 3223 1028 3280 istis
1052 3224 1331 3294 speciebus
1377 3226 1661 3283 certiorem
1696 3226 1750 3282 in
1802 3229 1921 3283 tuin
1964 3225 2081 3282 fa-

483 3312 634 3369 ciunt
668 3314 1080 3373 didinitionem?
1098 3347 1172 3359 —
1204 3317 1270 3371 Α.
1298 3315 1445 3373 Dum.
1475 3316 1536 3373 lu
1558 3318 1674 3375 solo
1695 3326 1753 3374 et
1778 3318 1834 3374 in
1860 3318 2044 3387 omni;

430 3436 433 3437 ν
480 3407 679 3474 altera,
708 3424 830 3480 qua:
847 3410 903 3465 in
930 3411 1065 3478 solo,
1094 3411 1282 3467 nonin
1306 3412 1497 3478 omni;
1520 3420 1604 3480 ut,
1631 3412 1905 3470 hominem
1930 3428 2049 3470 esse

479 3497 764 3567 risibilem,
805 3492 1209 3571 disciplinaeque
1236 3497 1508 3571 capacem.
1530 3512 1537 3519 '
1556 3502 1653 3559 Hae
1841 3496 2049 3574 species

342 3626 347 3631 ~
479 3584 549 3649 ad
575 3594 999 3667 investigandum
1022 3597 1198 3663 πείθει,
1224 3594 1290 3652 de
1323 3588 1429 3667 qua
1455 3584 1705 3665 inquiris,
1727 3595 1871 3651 viam
1892 3593 2047 3651 mon-

479 3693 673 3746 strant.
706 3686 775 3742 Et
799 3686 919 3743 dum
963 3686 1083 3743 alia:
1119 3692 1327 3742 certum
1353 3677 1557 3758 aliquid
1584 3684 1892 3759 signiﬁcare
1936 3700 2044 3742 nou

476 3786 741 3848 mu
1280 3824 1286 3827 _
1854 3812 1857 3815 .

1096 3865 1325 3928 CAPUT
1348 3869 1441 3927 Ν.
1540 3858 1543 3863 ’

670 3996 673 4003 η
738 3977 745 3989 ν
1027 3974 1093 4033 ps
1142 3966 1505 4024 notarius-rs.
1538 3964 1573 3984 “·

424 4084 432 4093 κ
545 4044 608 4102 c.
638 4046 893 4130 Decursis
932 4046 1097 4118 igitur
1121 4040 1660 4130 breviter-partibus,
1685 4044 1883 4130 quibus
1924 4048 2043 4103 uia

472 4138 647 4211 possit
670 4126 922 4208 intelligi,
1165 4126 1310 4213 nune
1909 4139 2042 4193 scits

475 4233 842 4291 accidentibus
865 4231 1167 4303 inquirere;
1196 4239 1254 4289 et
1274 4233 1619 4305 «mitam
1638 4222 1658 4299 ⁷,
1706 4245 1869 4303 quam
1918 4230 2036 4302 pri-

474 4322 789 4395 mam[Al.,
812 4320 1013 4395 primo]
1056 4320 1313 4393 posuisti,
1350 4321 1585 4391 primum
1620 4334 1848 4392 expone.
1869 4348 1941 4361 --
1964 4319 2033 4374 Δ.

472 4411 587 4467 Nec
609 4406 1019 4473 siaecausailla
1041 4411 1214 4482 prima
1252 4411 1427 4481 posita
1453 4419 1569 4477 est;
1614 4423 1740 4465 nam
1773 4419 1897 4464 cum
1931 4407 2035 4462 ali-

472 4493 616 4575 quod
646 4510 843 4571 corpus
865 4501 1184 4579 viderimus,
1222 4500 1314 4571 id,
1344 4510 1607 4573 quantum
1647 4501 1737 4568 sit,
1766 4498 2038 4556 aestimare

471 4591 914 4761 110ἓιῗᾝιιοιιιικιο
953 4681 1227 4754 quantitas
1274 4676 1739 4756 astimarisolet?
1776 4712 1847 4726 -
1870 4683 1935 4738 Α.
1974 4681 2035 4737 lu

468 4776 726 4831 menum
752 4773 1120 4847 longitudinis,
1145 4770 1449 4829 latitudinis
1462 4778 1518 4827 et
1536 4771 1837 4843 altitudinis
1859 4790 1883 4838 ;
1906 4772 2035 4844 quia

471 4866 587 4922 haee
610 4866 716 4921 trla
733 4881 932 4937 corpus
956 4865 1234 4942 quodlibet
1258 4864 1811 4945 haberenecesseest.

469 4954 696 5033 singulis
717 4948 839 5011 dun!
876 4956 1089 5025 species
1134 4954 1397 5025 adjacent.
1430 4944 1801 5024 Lassitudini,
1830 4944 1959 5010 ante
1978 4964 2035 5011 et
2066 5026 2075 5030 ἤ

470 5059 646 5117 retro;
683 5048 974 5114 latitudini,
994 5047 1254 5106 dextrum
1293 5058 1349 5106 et
1386 5050 1697 5111 sinistrum;
1738 5045 2029 5117 aliiudini,

468 5128 685 5201 sursum
726 5150 783 5199 et
821 5140 1094 5197 deorsum.
1122 5141 1220 5199 llis
1245 5138 1392 5199 enim
1438 5158 1535 5199 se:
1580 5139 1827 5213 partibus
1871 5155 2032 5197 omne

469 5224 667 5304 corpus
690 5218 1174 5291 circumscribitur.
1558 5238 1561 5243 ί
1610 5228 1611 5235 ‘
1695 5254 1699 5259 .
1808 5260 1813 5263 .
2006 5242 2013 5249 ο

514 5325 599 5395 (6.
626 5324 765 5393 Quid
797 5324 844 5381 si
876 5322 1069 5394 aliquis
1087 5322 1257 5378 solam
1278 5324 1665 5397 longitudinem
1695 5319 1914 5378 metitur
1932 5322 2035 5378 i—

469 5416 532 5470 Α.
558 5415 865 5487 Longitudo
890 5415 1002 5471 sola
1024 5414 1141 5470 sine
1162 5413 1443 5472 latitudine
1461 5422 1770 5470 mensurata
1799 5431 2032 5485 gramme

470 5508 685 5572 dicitur,
700 5508 755 5563 id
771 5516 875 5573 est,
896 5507 1104 5563 linealis
1124 5514 1393 5563 mensura.
1408 5538 1478 5548 —
1490 5506 1549 5561 C.
1568 5504 1705 5574 Quid
1726 5498 1773 5561 Si
1801 5505 1941 5578 longi
1950 5516 2029 5563 tu-

471 5598 580 5654 dini
607 5598 944 5654 latitudinem
973 5598 1241 5656 metiendo
1260 5598 1379 5670 quis
1405 5592 1772 5671 adjéccrith—
1803 5598 1866 5653 Α.
1892 5600 2024 5656 Cum

2165 1779 2341 1826 strum
2379 1777 2561 1824 autem
2602 1784 2768 1841 super
2809 1778 2867 1827 et
2900 1769 3100 1826 subter
3148 1770 3469 1841 migratione
3496 1785 3742 1827 commu-

2163 1866 2346 1926 tatur;
2370 1865 2434 1912 ut
2461 1858 2510 1913 si
2536 1858 2660 1928 quis
2693 1859 2901 1935 cumin
2942 1858 3291 1915 inferioribus
3315 1859 3514 1924 fuerit,
3541 1859 3613 1914 ad
3649 1874 3739 1915 su-

2160 1950 2376 2020 periora
2396 1951 2756 2020 conscendat;
2804 1962 2897 2009 aut
2930 1968 2964 2010 e
2989 1941 3358 2027 superioribus
3380 1953 3450 2009 ad
3479 1951 3738 2010 inferiora

2160 2040 2470 2098 descendat.
2896 2098 2903 2101 .

2229 2136 2294 2192 6.
2315 2135 2456 2191 Num
2476 2138 2659 2193 omnia
2691 2139 2761 2201 ad
2785 2139 3142 2208 quantitatem
3173 2138 3498 2208 pertinentia
3524 2139 3612 2194 his
3637 2154 3736 2195 sex

2157 2227 2406 2298 partibus
2438 2226 2910 2283 ineludunturi—
2933 2229 3000 2284 Α.
3028 2227 3146 2285 Non
3170 2229 3353 2285 omnia
3374 2229 3475 2285 has
3499 2228 3736 2285 circum-
3766 2301 3770 2305 η

2157 2320 2455 2391 positiones
2485 2321 2707 2377 habent.
2739 2321 2975 2393 Tempus
2995 2335 3127 2377 vero
3147 2329 3204 2375 et
3234 2335 3495 2377 numerus
3515 2331 3576 2379 et
3610 2336 3738 2377 ora-

2157 2410 2255 2477 tio,
2283 2411 2410 2467 licet
2430 2409 2501 2468 ad
2524 2413 2881 2482 quantitatem
2926 2412 3256 2483 pertineant,
3286 2412 3372 2467 his
3410 2418 3594 2467 tamen
3621 2426 3733 2467 non

2160 2503 2444 2574 subiacent
2461 2504 2737 2587 claustris.
2756 2503 2937 2561 Unum
2960 2518 3091 2560 vero
3116 2512 3172 2560 et
3200 2502 3384 2577 [lu.,
3411 2501 3520 2576 vel]
3546 2502 3735 2559 decem

2156 2604 2214 2654 et
2249 2596 2431 2671 [lss.,
2464 2596 2573 2671 vel]
2599 2604 2817 2655 centum
2856 2612 2980 2652 cum
3017 2596 3287 2662 dicimus,
3335 2595 3732 2667 ipsum-nume-

2156 2705 2277 2767 runt
2305 2690 2479 2745 solum
2504 2690 2775 2756 dicentes,
2804 2703 2911 2744 non
2931 2687 3133 2767 aliquid
3155 2687 3511 2767 corporaliter
3530 2693 3729 2745 'nume-
3785 2732 3787 2735 τ

2154 2764 2356 2844 rantes,
2510 2778 2810 2849 reperimus
2830 2778 2887 2833 in
2905 2775 3015 2833 illis
3034 2765 3281 2833 dextrum
3311 2764 3517 2847 aliquid
3548 2776 3635 2833 vel
3654 2777 3732 2834 si-

2152 2869 2409 2926 nistrum.
2426 2862 2827 2943 Similiteretin
2849 2877 3092 2938 tempore
3111 2867 3399 2941 aut[llu.,
3412 2869 3596 2943 atque]
3614 2884 3732 2927 ser-

2135 2975 2316 3020 .mone
2340 2960 2583 3016 maxime
2602 2972 2727 3016 cum
2746 2960 2863 3015 huic
2877 2959 3136 3016 citissime
3155 2948 3427 3015 labuntur.
3441 2959 3576 3016 Nam
3591 2969 3731 3017 tem-

2078 3018 2138 3081 C‘
2153 3064 2257 3120 pus
2534 3055 2685 3107 motu
2698 3065 2912 3121 semper
2935 3053 3191 3117 decurrit,
3218 3052 3274 3107 in
3296 3060 3530 3119 tantum,
3558 3062 3622 3110 ut
3644 3053 3732 3115 di-
3834 3072 3835 3075 ‘

2151 3125 2406 3213 ligentius
2428 3140 2890 3200 considerantibus
2922 3151 3061 3212 pene
3082 3142 3216 3198 nihil
3244 3156 3483 3214 praesens
3500 3150 3624 3200 esse
3644 3143 3728 3201 vi-

2140 3233 2361 3288 ‘deatur.
2392 3222 2545 3287 lta‘et
2567 3240 2769 3295 sermo,
2792 3247 2915 3287 cum
2945 3234 3183 3289 nondum
3206 3234 3384 3291 dictus
3405 3234 3590 3300 fuerit,
3608 3248 3721 3292 non

2150 3331 2395 3396 apparet.
2423 3323 2767 3381 Manifestum
2798 3324 2894 3403 est
2920 3318 3087 3397 igitur
3122 3327 3241 3382 huic
3263 3326 3375 3400 tria
3399 3326 3725 3399 positionem

2148 3408 2489 3473 diversarum
2516 3416 2762 3487 partium
2779 3408 2893 3471 non
2917 3417 3140 3473 habere.
3504 3430 3514 3439 ν·

2217 3504 2279 3561 6.
2311 3506 2371 3561 Si
2399 3506 2574 3573 magis
2594 3511 2692 3559 aut
2717 3490 3084 3579 minus,un
3110 3504 3285 3561 Graeci
3305 3505 3504 3571 ntulott,
3534 3508 3748 3563 ceston

2147 3593 2325 3667 [lss.,
2351 3602 2609 3657 motam;
2629 3593 2729 3659 al.,
2750 3594 2938 3664 ’μᾶλλον
2960 3602 3009 3649 et
3025 3593 3259 3667 ἔλαττον]
3282 3595 3486 3660 dicunt,
3504 3599 3721 3665 quanti-

2144 3666 2227 3741 tas
2246 3685 2449 3740 habere
2478 3683 2781 3755 potest?—
2804 3682 2872 3739 Α.
2899 3681 3018 3739 Non
3070 3666 3266 3755 potest.
3323 3683 3504 3757 [Nam]
3548 3688 3724 3757 magis

2040 3816 2043 3821 .
2144 3776 2388 3848 bipedale
2429 3774 2515 3832 vel
2548 3775 2728 3831 minus
2750 3775 2857 3831 dici
2887 3790 2995 3831 non
3040 3784 3249 3847 potest;
3284 3772 3385 3833 nec
3411 3772 3583 3850 magis
3611 3787 3735 3836 tres

2143 3874 2241 3925 aut
2260 3867 2441 3923 minus
2468 3874 2579 3923 tres
2605 3866 2889 3925 nominare
2931 3865 3079 3924 licet.
3126 3860 3391 3947 Similiter
3412 3877 3627 3942 tempus
3666 3879 3721 3926 et

2142 3958 2320 4013 oratio
2364 3957 2539 4028 magis
2584 3963 2679 4012 aut
2724 3957 2906 4013 minus
2950 3972 3060 4013 non
3109 3957 3344 4025 habent;
3398 3959 3494 4015 sed
3535 3959 3720 4015 omnia

2141 4046 2462 4118 quantitatis
2496 4047 2656 4117 paria
2700 4052 2801 4101 aut
2836 4047 3064 4117 imparia
3092 4047 3453 4117 nuncupanda
3476 4056 3623 4103 sunt.
3646 4079 3719 4091 —-

2140 4135 2205 4191 6.
2241 4136 2383 4203 Quid
2415 4135 2462 4191 si
2486 4135 2667 4207 magis
2691 4134 2909 4206 longum
2937 4136 3241 4207 antgmlnus
3267 4138 3627 4197 dicamusl-s—
3646 4142 3714 4198 Α.

2141 4225 2293 4282 Tunc
2318 4223 2390 4281 ad
2415 4223 2617 4296 aliquid
2645 4224 2919 4295 categoria
2946 4224 3075 4282 erit.
3100 4226 3237 4283 Nam
3264 4230 3438 4302 magis
3463 4217 3641 4289 simile
3661 4243 3744 4301 et

2139 4318 2317 4372 minus
2340 4316 2520 4372 simile
2546 4315 2781 4373 solemus
2800 4317 3011 4385 dicere;
3043 4318 3225 4393 simile
3249 4335 3380 4377 vero
3400 4322 3619 4381 cuilibet
3643 4325 3718 4380 si-

2142 4408 2256 4465 mili
2281 4406 2457 4465 simile
2482 4415 2589 4465 est.
3310 4480 3315 4485 ι

2653 4494 2819 4574 uo
2856 4499 3086 4559 CAPUT
3136 4502 3203 4558 ν.
3316 4486 3323 4493 ‘

2372 4608 2373 4611 ‘
2486 4659 2496 4665 _
2694 4578 3145 4657 uestimenti.
3272 4626 3275 4629 η
3418 4632 3421 4633 ν

2208 4683 2270 4741 c.
2293 4683 2498 4740 Verum
2538 4678 2668 4750 quia
2701 4678 3045 4741 :mentioucm
3074 4678 3361 4751 categorin
3402 4678 3475 4734 ad
3509 4679 3711 4753 cum-4

2126 4777 2334 4851 iecisti,
2364 4773 2509 4830 illius
2536 4769 3107 4843 proprietates‘pande.
3126 4794 3202 4811 —-
3219 4769 3287 4825 Α.
3313 4769 3712 4839 Ραείιιιι,ειὶεει

2138 4862 2566 4930 estnordinarie
2617 4860 2789 4936 [Al.,
2839 4870 2998 4919 extra
3055 4860 3355 4936 ordinem].
3404 4861 3540 4919 Nam
3570 4873 3711 4935 post

2136 4959 2493 5035 quantitatem
2518 4954 2753 5026 qualitas
2773 4957 3077 5029 ponebatur
3097 4953 3152 5010 in
3177 4954 3395 5011 ordine.
3412 4955 3494 5009 Ad

2136 5054 2266 5123 ergo
2291 5046 2622 5118 categoriam
2648 5049 2924 5111 vacamus.
2947 5058 3053 5116 qua
3081 5043 3260 5117 [κει.
3286 5042 3429 5117 quae]
3458 5043 3533 5111 id,
3561 5050 3713 5116 quod

2135 5149 2237 5207 est,
2252 5123 2454 5195 dicitur
2473 5153 2541 5194 ex
2566 5137 2759 5203 altero,
2778 5145 2834 5192 et
2854 5136 2974 5192 sine
2989 5133 3144 5206 cuius
3163 5132 3426 5189 societate
3452 5148 3575 5193 esse
3597 5151 3709 5194 non

2133 5224 2333 5305 possit;
2381 5238 2438 5287 et
2478 5228 2633 5299 cujus
2656 5228 2742 5284 vis
2766 5227 2942 5281 omnis
2981 5242 3049 5282 ex
3075 5225 3301 5283 alterius
3326 5225 3709 5298 conjunctione

2132 5323 2445 5389 descendit;
2495 5326 2559 5375 ut
2602 5317 2866 5387 duplumy
2893 5316 3074 5389 simpli
3118 5317 3318 5373 dicitur
3351 5316 3604 5386 duplum;
3646 5326 3705 5375 et

2132 5413 2327 5485 majus,
2353 5410 2551 5469 minori
2581 5409 2779 5465 dicitur
2803 5407 3007 5476 maius;
3054 5416 3111 5464 et
3160 5408 3352 5472 simile,
3378 5406 3540 5461 simili
3570 5407 3708 5464 dici-

2132 5516 2220 5563 tur
2248 5505 2446 5561 simile.
2471 5532 2543 5543 —-
2569 5499 2631 5554 6.
2666 5500 2733 5556 Et
2762 5502 2865 5557 hoc
2907 5500 3099 5565 claret,
3128 5500 3197 5554 ad
3241 5498 3442 5569 aliquid
3469 5515 3574 5554 non
3604 5516 3705 5555 sua

2129 5598 2203 5665 vi,
2241 5596 2335 5653 sed
2361 5592 2583 5653 alterius
2609 5591 2985 5662 conjunctione
3005 5590 3317 5647 consistere.
3359 5586 3466 5644 Sed
3503 5589 3548 5645 si
3594 5588 3699 5643 alia
