4266 6210
561 220 666 276 939

1371 222 1432 277 Β.
1471 224 1533 280 r.
1573 223 1800 280 ALBINI
1837 221 1968 280 seu
2006 219 2282 278 secum:
2318 191 2604 277 osseus
2640 178 2818 275 eius
2854 218 2962 278 vn.

3676 217 3781 274 960

564 336 722 391 modo
750 335 922 405 possit
939 333 1152 392 diﬂniri
1171 335 1372 407 profer.
1396 368 1470 380 —
1493 338 1562 392 Α.
1591 338 1743 395 ’l‘unc
1766 351 1898 408 ergo
1914 346 1972 393 et
1995 349 2128 391 vere
2149 347 2198 403 Α
2226 331 2356 402 quid
2387 332 2507 388 est?
2537 362 2610 374 --
2647 331 2715 387 Α.
2754 331 2978 388 Habitus
3020 340 3136 408 est,
3178 332 3325 404 quod
3364 333 3578 390 animus
3619 334 3780 407 longo

562 435 620 482 et
668 429 886 498 proprie
938 428 1008 482 ad
1062 427 1262 499 aliquid
1315 428 1530 495 dicitur,
1557 443 1680 484 cum
1725 428 1826 484 sub
1849 443 1957 483 uno
2003 433 2128 481 ortu

567 527 732 589 atque
753 534 948 576 occasu
986 529 1042 575 et
1061 520 1114 574 id
1138 520 1280 590 quod
1295 519 1539 590 jungitur
1557 519 1637 592 [et
1663 519 1716 576 id
1735 519 1822 574 cui
1835 514 2126 590 jungitur],

567 609 879 674 invenitur;
915 617 978 664 ut
1010 618 1162 681 puta,
1195 625 1386 666 servus
1427 597 1482 665 et
1528 609 1798 674 dominus,
1842 617 2131 677 utrumque

569 698 656 754 vel
691 699 853 755 simul
878 710 984 764 est,
1022 700 1106 754 vel
1127 701 1288 756 simul
1312 715 1418 755 non
1450 710 1552 758 est.
1579 700 1791 775 Etenim
1811 714 1934 754 uim
1961 691 2132 752 domi-

569 805 699 846 num
722 791 946 856 dixeris,
973 791 1279 854 necessario
1306 791 1502 846 existet
1523 797 1581 845 et
1604 803 1824 853 servus;
1847 783 1978 843 'c'um
2002 799 2132 840 vero

549 878 848 937 dominum
879 882 1088 947 tuleris,
1121 897 1220 939 nec
1247 897 1436 938 servus
1458 889 1700 953 apparet.
1749 879 2010 935 Similiter
2036 878 2133 932 du—

569 969 718 1042 plum
744 979 802 1026 et
839 972 1090 1043 simplum
1118 972 1442 1028 alterutrum
1487 988 1547 1028 se
1580 972 1665 1028 vel
1711 972 2026 1028 interimunt
2046 970 2132 1026 vel

568 1063 878 1118 ostendunt.
905 1063 1208 1134 Apparente
1227 1065 1370 1118 enim
1391 1063 1553 1134 duplo
1579 1044 2128 1146 nasciturQsimplum;

571 1153 732 1223 duplo
762 1162 1019 1224 pereunte
1059 1169 1158 1209 nec
1184 1153 1433 1225 simplum
1480 1153 1677 1226 [ἕλιξι.
1710 1150 2014 1224 semipium]
2039 1166 2162 1221 po--

577 1245 710 1299 terit
735 1259 1054 1314 permanere
1081 1263 1096 1300 :
1125 1244 1378 1300 similiter
1412 1245 1460 1299 si
1483 1244 1734 1315 simplum
1764 1259 1872 1299 non
1899 1244 1990 1310 sit,
2037 1258 2136 1299 nec

572 1334 792 1404 duplum
817 1342 918 1390 est.
946 1335 1016 1389 At
1056 1337 1102 1390 si
1136 1333 1390 1406 simplum
1411 1332 1590 1399 fuerit,
1615 1341 1672 1390 et
1701 1333 2136 1404 duplumneces-

573 1425 719 1480 sario
746 1427 1044 1496 apparebit.
1087 1480 1098 1487 ,
1646 1421 1648 1423 ’
1880 1497 1890 1507 1

644 1516 705 1572 C.
735 1516 852 1585 Quo
885 1512 1107 1574 numero
1130 1517 1216 1574 vel
1241 1519 1438 1590 quibus
1462 1519 1676 1576 casibus
1697 1520 1784 1576 ha:
1807 1519 2138 1591 conjunctio-

575 1621 673 1662 nes
725 1607 998 1662 nominum
1024 1607 1218 1678 solent
1268 1608 1594 1663 essei—A.
1629 1607 1836 1679 Saepius
1881 1608 2136 1680 singulari

2227 401 2392 477 liabet
2417 429 2688 491 tempore;
2726 430 2785 477 ut
2812 422 2982 478 virtus
3007 401 3066 479 et
3089 401 3387 493 disciplina.
3434 415 3662 480 Mectio
3697 401 3784 492 est

2226 513 2508 570 mutabilis
2554 514 2751 570 mentis
2793 514 3075 586 impulsio;
3105 522 3188 581 ut_
3211 515 3490 585 repentina
3519 515 3787 586 cupiditas

2227 607 2311 662 vel
2335 607 2632 664 iracundia.
2655 637 2726 650 —
2747 605 2810 663 ε.
2833 606 2973 675 Quid
2995 617 3080 663 est
3100 608 3240 678 inter
3262 607 3516 664 virtutem
3541 615 3598 664 et
3623 605 3789 666 disci?

2226 696 2558 766 plinam2—
2581 696 2653 750 «Α.
2691 695 2811 752 Hoc
2843 694 3102 767 profecto,
3133 695 3278 766 quod
3317 693 3598 765 disciplina
3635 695 3692 750 in
3717 710 3785 752 ea

2229 794 2383 857 parte
2417 786 2633 852 anim,
2653 801 2775 856 qua
2800 785 3134 842 rationabilis
3167 775 3393 853 dicitur,
3412 785 3786 842 tantummodo

2229 888 2497 936 versatur.
2521 879 2704 936 Virtus
2729 893 2860 935 vero
2904 894 3092 936 omnes
3119 878 3311 934 anima!
3342 882 3527 949 partes
3576 877 3782 948 ample-

2229 970 2413 1036 ctitur,
2435 983 2756 1039 omnemque
2797 964 2931 1040 [Αι.,·
2969 967 3265 1044 totamque]
3295 968 3530 1024 animam
3557 959 3656 1023 suo
3684 967 3787 1023 im-

2230 1060 2384 1131 perio
2431 1059 2693 1130 gubernat
2717 1066 2772 1112 et
2798 1059 2962 1128 regit;
2988 1066 3049 1112 ut
3079 1067 3136 1114 et
3163 1057 3509 1114 iracundiam
3525 1057 3705 1112 domet
3731 1065 3789 1113 et

2233 1147 2551 1219 cupiditates
2583 1146 2739 1220 ul
2790 1155 3034 1220 amoveat
3055 1187 3070 1211 ,
3123 1147 3267 1218 quod
3312 1145 3593 1217 disciplina
3643 1146 3789 1202 baud

2233 1235 2411 1294 facere
2445 1245 2640 1308 potest.
2663 1219 2738 1278 "-
2759 1234 2819 1291 C.
2852 1219 2996 1304 Quot
3019 1244 3142 1292 sunt
3167 1247 3347 1306 partes
3375 1235 3785 1293 δήσατ’-Α.
3876 1278 3879 1280 .

2234 1309 2388 1390 Tres,
2419 1324 2782 1391 rationabilis,
2813 1324 3098 1380 irascibilis
3116 1365 3132 1390 ,
3181 1324 3628 1395 concupiscibilis.
3655 1321 3790 1381 ’Sed

2235 1417 2350 1473 huic
2375 1416 2531 1473 alias.
2576 1413 2730 1472 Nunc
2760 1424 2994 1484 emptum
3023 1415 3127 1471 iter
3178 1428 3466 1486 pergamus
3493 1411 3630 1485 [ΑΛ.
3667 1428 3789 1470 car-

2233 1505 2405 1581 paml-
2803 1505 2810 1512 ’

2305 1596 2367 1653 C.
2406 1599 2650 1656 Potentia
2701 1599 2962 1654 naturalis
3011 1597 3139 1668 quid
3193 1598 3314 1654 est?
3349 1627 3422 1640 —
3469 1595 3534 1649 Α.
3570 1594 3791 1663 Quoties

576 1712 831 1764 numero,
873 1706 934 1753 ut
962 1698 1212 1768 simplum
1233 1698 1412 1769 dupli,
1447 1708 1601 1770 pater
1637 1699 1752 1754 nui.
1808 1699 1913 1754 sed
1941 1707 1998 1754 et
2032 1698 2136 1753 alia
2172 1686 2213 1746 Β
2237 1688 2359 1758 quis
2385 1686 2593 1742 videtur
2612 1688 2698 1744 vel
2716 1702 2873 1758 posse
2899 1687 2982 1744 vel
3009 1705 3114 1743 non
3136 1703 3292 1759 posse
3312 1701 3370 1743 se
3393 1685 3594 1756 aliquid
3614 1683 3793 1742 facere

577 1787 881 1858 huiusmodi
909 1789 1142 1860 genitivo
1173 1789 1353 1854 casui;
1411 1789 1516 1844 alia
1548 1781 1687 1862 [Ai.,'
1711 1787 1875 1861 nunc]
1919 1789 2133 1856 dativo;

577 1879 832 1950 pleraque
861 1877 996 1952 [ΑΛ.
1024 1878 1189 1952 nunc]
1221 1879 1453 1935 ablativo
1479 1879 1720 1950 copulari
1755 1879 1950 1936 solent.
1979 1879 2143 1936 Geni-

581 1971 693 2025 tivo
718 1971 957 2040 quidem,
984 1978 1044 2025 ut
1068 1985 1256 2026 servus
1279 1969 1511 2034 domini;
1538 1970 1759 2039 duplum
1792 1969 1991 2040 simpli.
2038 1969 2144 2024 Da-

580 2061 690 2115 tivo
720 2077 735 2114 :
773 2057 959 2114 Simile
988 2059 1178 2124 simili,
1207 2073 1308 2129 par
1352 2059 1490 2129 pari.
1523 2057 1771 2115 Ahlativo
1797 2072 1928 2115 vero
1959 2072 1974 2112 :
2007 2057 2142 2114 Sen-

580 2150 738 2207 sibile
762 2165 924 2206 sensu
957 2149 1230 2205 sensibile.

653 2240 712 2296 Si
743 2241 868 2297 huic
893 2241 1177 2311 categorias
1212 2240 1418 2297 alterna
1457 2240 1741 2297 conversio
1773 2238 2017 2295 accidere
2043 2253 2141 2309 po-

581 2333 722 2389 test?
737 2363 808 2374 —
833 2331 897 2385 Α.
928 2332 1123 2387 Etiam.
1145 2332 1291 2395 Nam,
1311 2342 1598 2403 utrumque
1626 2333 2018 2390 rationabiliter
2038 2333 2144 2387 dici

579 2431 790 2494 potest;
823 2431 879 2478 et
903 2437 1092 2478 servus
1117 2422 1339 2488 domini,
1368 2430 1425 2480 et
1460 2423 1707 2478 dominus
1733 2422 1904 2488 servi;
1934 2430 1990 2478 et
2017 2422 2145 2489 sim-

581 2501 732 2582 plum
753 2511 918 2579 dupli,
948 2519 1002 2565 et
1030 2511 1250 2580 duplum
1271 2511 1467 2581 simpli.
1500 2511 1566 2566 Et
1592 2511 1869 2566 sciendum
1893 2519 1978 2565 est
2001 2510 2145 2579 quod

583 2616 794 2672 semper
839 2599 1061 2653 relativa
1091 2598 1178 2652 vel
1219 2599 1378 2652 simul
1406 2599 1555 2652 nasci
1581 2597 1666 2652 vel
1693 2597 1852 2652 simul
1879 2596 2145 2666 exstingui

581 2700 814 2765 oportet,
845 2691 1226 2745 utsubtracto
1274 2703 1431 2745 servo
1475 2687 1723 2742 dominus
1761 2703 1868 2743 non
1916 2695 2028 2750 est;
2062 2700 2146 2740 re-

583 2794 732 2839 moto
758 2783 974 2839 domino
1002 2797 1102 2836 nec
1145 2795 1334 2836 servus
1377 2787 1615 2850 apparet.
1660 2778 1742 2833 ita
1787 2779 1853 2833 de
1903 2786 2058 2847 patre
2092 2783 2148 2832 et

584 2873 714 2928 filio.
743 2874 820 2926 Ac
849 2873 970 2926 ideo
990 2869 1284 2926 secundum
1305 2870 1444 2924 banc
1465 2869 1752 2938 categorias
1780 2865 2020 2938 regulam
2048 2865 2148 2920 mi-

585 2963 753 3017 randa
776 2969 860 3015 est
879 2959 1012 3022 Arii,
1039 2958 1120 3013 vel
1146 2958 1318 3028 magis
1345 2957 1673 3020 miseranda,
1711 2965 1767 3010 et
1791 2955 1910 3026 ejus
1936 2967 2148 3023 quoque

584 3054 855 3107 sociorum
893 3049 1056 3103 stulta
1107 3047 1356 3113 caecitas;
1404 3052 1708 3101 asserentes
1731 3041 1924 3098 Filium
1953 3055 2147 3097 secun-

587 3141 713 3195 dum
755 3151 964 3211 tempus
1010 3139 1158 3193 Patri
1187 3153 1308 3194 esse
1349 3136 1733 3208 posteriorem;
1773 3135 1900 3190 dum
1931 3133 2149 3189 omnino

586 3240 799 3289 constat
817 3231 1106 3285 secundum
1130 3229 1461 3285 dialecticam
1475 3227 1633 3286 simul
1654 3227 2147 3297 consempiternun

586 3338 706 3380 esse
731 3323 924 3378 Filium
970 3337 1090 3378 cum
1134 3322 1297 3377 Patre
1329 3320 1508 3392 llam,
1542 3320 1739 3375 Filium
1762 3319 1955 3391 Patri].
1994 3320 2060 3376 Et
2103 3319 2149 3374 si

589 3418 729 3473 Deus
755 3413 916 3468 Pater
946 3413 1110 3484 (quod
1147 3429 1246 3469 nec
1279 3413 1491 3468 illorum
1527 3413 1776 3482 impietas
1801 3412 2033 3467 audebat
2055 3425 2151 3466 ue-

589 3506 736 3578 gare)
754 3515 986 3561 aeternus
1007 3512 1111 3570 est,
1127 3505 1312 3574 utique
1338 3511 1392 3560 et
1411 3501 1576 3558 Filius
1601 3511 1834 3559 aeternus
1851 3511 1935 3560 est
1958 3497 2148 3560 secun-

588 3597 714 3651 dum
742 3595 1036 3651 dialectica:
1066 3594 1289 3650 rationis
1315 3591 1712 3650 necessitatem.

1196 3707 1421 3766 CAPUT
1451 3708 1536 3782 vi.

1140 3795 1206 3832 υε
1261 3795 1582 3841 ρυιιιτλτε.

659 3868 722 3926 C.
749 3867 901 3923 Nunc
929 3865 1204 3936 qualitatis
1241 3867 1508 3921 rationem
1533 3881 1773 3936 expone;
1816 3875 1872 3923 et
1914 3867 2149 3937 primum

591 3962 695 4024 dic,
727 3959 855 4030 quid
885 3959 955 4012 sit
979 3958 1120 4013 inter
1151 3956 1463 4025 qualitatem
1484 3967 1542 4012 et
1573 3957 1766 4026 quale?
1786 3987 1855 3999 -
1874 3957 1941 4011 Α.
1970 3956 2152 4024 Quali-

591 4062 755 4107 tatem
797 4055 1034 4119 namque
1070 4048 1319 4114 dicimus,
1348 4045 1714 4112 dulcedinem,
1757 4049 2150 4113 austeritatem:

549 4195 554 4200 .
593 4143 1252 4211 albedinem,nigredinem.
1280 4140 1447 4208 Quale
1471 4155 1600 4216 vero
1645 4141 1980 4212 intelligitur,
2012 4157 2149 4212 quo-

593 4234 693 4288 ties
717 4232 894 4285 album
915 4232 1117 4300 aliquid
1138 4231 1387 4297 dicimus,
1403 4231 1561 4287 dulce
1579 4231 1664 4287 vel
1685 4241 1985 4287 austerum.
2001 4229 2146 4285 --C.

592 4323 814 4378 Videtur
839 4324 982 4377 enim
1027 4325 1342 4392 qualitatem
1378 4339 1628 4395 magnam
1669 4322 1870 4379 habere
1906 4333 2152 4379 'commu-
2181 4350 2229 4410 υ

590 4415 806 4467 nionem
833 4427 951 4465 cum
964 4413 1174 4466 ueteris
1190 4413 1494 4480 categoriis.
1509 4442 1578 4450 —
1593 4413 1659 4464 Α.
1671 4412 1904 4466 incurrit
1916 4427 2149 4482 namque

591 4505 644 4558 in
683 4511 907 4558 cieteras
934 4516 1143 4567 omnes,
1171 4510 1227 4556 et
1253 4479 1372 4557 ideo
1403 4499 1668 4556 difﬁcilior
1689 4509 1802 4566 est;
1833 4509 1893 4555 ut
1933 4479 2148 4567 puta—in

591 4599 706 4650 asia
755 4595 1043 4660 invenitm,
1081 4609 1200 4649 cum
1239 4594 1488 4658 dicimus,
1532 4594 1692 4647 homo
1743 4593 2148 4662 grammaticus.

592 4687 661 4741 In
685 4697 878 4758 quanto
909 4702 924 4739 :
954 4686 1088 4741 Alba
1111 4696 1183 4741 et
1217 4687 1369 4758 nigra
1417 4685 1645 4756 epifania
1678 4683 1784 4758 [AL
1808 4726 1824 4751 ,
1851 4684 2149 4756 mensura].

595 4778 661 4831 1η
687 4778 755 4830 ad
780 4778 979 4847 aliquid
1009 4792 1027 4829 .·
1049 4778 1289 4835 Prudens
1316 4786 1500 4850 pater;
1524 4779 1757 4848 Optimus
1785 4776 1943 4832 filius.
1975 4776 2043 4831 In
2073 4777 2154 4845 fa-

595 4890 708 4927 cere
728 4887 747 4922 :
786 4872 928 4927 Dure
982 4874 1167 4926 saltat.
1198 4871 1263 4924 In
1289 4873 1398 4941 pati
1439 4889 1457 4926 :
1507 4871 1636 4926 Fert
1664 4869 1878 4926 fortiter
1906 4869 2148 4922 vulnera.

595 4961 662 5016 In
687 4961 798 5017 loco
823 4975 840 5012 :
862 4959 1139 5016 Obscurus
1165 4961 1332 5014 iouis.
1356 4959 1424 5013 In
1448 4970 1674 5030 tempore
1699 4975 1716 5012 ε
1753 4961 1972 5018 Calidus
2005 4975 2154 5016 men—

595 5054 668 5106 sis
681 5060 772 5106 aut
800 5050 1040 5121 frigidus.
1072 5048 1138 5102 In
1156 5049 1370 5117 jacere:
1393 5048 1599 5103 Pronus
1628 5051 1958 5121 autsupinus
1982 5049 2154 5120 jacet.

595 5139 660 5193 In
686 5140 870 5195 habere
898 5157 914 5194 :
940 5139 1203 5193 Decenter
1229 5143 1487 5190 armatus.
1527 5159 1532 5176 ε
1881 5153 1884 5156 ·

663 5228 722 5283 C.
747 5229 887 5295 Quot
914 5229 1075 5284 habet
1099 5230 1212 5284 haec
1255 5227 1520 5298 categoria
1564 5229 1801 5295 species?
1820 5260 1890 5270 ——
1909 5233 1971 5282 Α.
2006 5231 2150 5299 Qua-

598 5326 738 5381 tuor,
760 5333 897 5387 quas
924 5318 1238 5375 Aristoteles
1267 5331 1464 5390 genera
1490 5325 1661 5371 vocat.
1695 5316 1932 5373 Primum
1978 5337 2149 5392 genus

596 5415 678 5457 cst
707 5407 920 5461 habitus
948 5419 1003 5460 ct
1026 5407 1252 5474 all‘cctio,
1293 5407 1582 5463 secundum
1615 5408 1851 5474 potentia
1870 5411 2150 5476 naturalis,

601 5496 816 5549 tertium
863 5500 1090 5566 passiva:
1137 5499 1425 5568 qualitates
1472 5499 1585 5575 sive
1632 5499 1933 5566 passiones,
1990 5513 2152 5568 quar-

605 5597 713 5639 tum
766 5587 948 5644 formae
1002 5605 1064 5646 ac
1119 5589 1496 5671 flgurm.-—C_.
1530 5590 1753 5644 Habitus
1803 5590 1884 5645 vel
1942 5590 2152 5648 affectio

2235 1792 2333 1849 per
2359 1786 2631 1844 naturam,
2657 1786 2717 1834 ut
2741 1779 2891 1834 verbi
2917 1779 3088 1848 gratia
3113 1778 3244 1833 visis
3267 1775 3582 1846 corporibus
3601 1788 3796 1845 puero-

2238 1882 2378 1932 rum,
2407 1867 2651 1923 dicamus
2667 1881 2762 1922 eos
2781 1868 2835 1922 in
2859 1867 3039 1921 futuro
3071 1865 3157 1922 vel
3178 1879 3427 1920 cursores
3451 1863 3536 1920 vel
3560 1862 3790 1937 pugilla-

2239 1963 2382 2012 tores
2403 1952 2537 2028 (AL,
2558 1953 2786 2027 pugiles]
2821 1954 2967 2020 fore;
3021 1970 3128 2010 non
3157 1953 3300 2024 quad
3327 1953 3500 2009 adhuc
3537 1953 3640 2009 hac
3675 1959 3796 2009 arte
3861 2013 3864 2016 λ

2240 2050 2547 2106 teneantur,
2598 2041 2697 2098 sed
2738 2042 2983 2098 videntur
3019 2057 3115 2111 per
3159 2041 3455 2096 naturalem
3502 2041 3794 2111 potentia

2241 2148 2359 2188 eam
2383 2144 2544 2204 posse
2583 2131 2801 2188 habere.
2833 2131 3092 2187 Similiter
3117 2131 3184 2187 de
3212 2131 3442 2187 sanitate
3482 2140 3540 2186 et
3575 2129 3801 2185 infirmi.

2241 2231 2353 2279 tate
2397 2238 2466 2281 ex
2494 2223 2736 2292 corporis
2760 2221 3019 2294 qualitate
3047 2235 3188 2293 saepe
3213 2221 3387 2276 solent
3429 2220 3620 2276 medici
3663 2233 3801 2291 pra:-

2241 2311 2441 2368 dicere.
2974 2327 2978 2331 ί

2311 2402 2373 2458 C.
2399 2402 2634 2458 Passivze
2682 2404 2969 2473 qualitates
3014 2404 3099 2460 vel
3136 2403 3412 2474 passiones
3461 2416 3579 2473 qua:
3629 2409 3753 2456 sunt
3775 2401 3801 2455 ἲ

2241 2523 2316 2536 --
2342 2493 2407 2547 Α.
2435 2493 2671 2550 Passivae
2698 2504 2875 2550 autem
2911 2496 3197 2564 qualitates
3230 2502 3354 2549 sunt
3381 2502 3470 2548 aut
3492 2493 3680 2549 albedo
3708 2499 3804 2547 aut

2245 2583 2468 2652 nigredo
2491 2591 2548 2639 et
2585 2597 2774 2639 eorum
2795 2584 2992 2648 media,
3020 2584 3181 2638 rubor
3209 2592 3266 2640 et
3291 2585 3478 2654 pallor.
3514 2583 3636 2636 llaec
3657 2583 3800 2636 enim

2244 2688 2350 2729 non
2376 2674 2477 2729 nisi
2499 2674 2582 2728 vel
2605 2674 2796 2728 anima:
2826 2674 2907 2728 vel
2947 2675 3186 2744 corporis
3212 2674 3458 2742 passione
3485 2679 3797 2726 nascuntur.

2246 2763 2317 2823 Ut
2347 2764 2494 2818 enim
2532 2763 2802 2834 nigrescat
2838 2763 3058 2833 aliquid,
3105 2763 3344 2833 corporis
3374 2763 3553 2831 passio
3593 2769 3712 2824 est;
3742 2767 3804 2814 ut

2244 2853 2504 2924 pallescat
2521 2852 2604 2908 vel
2640 2854 2908 2919 rubescat,
2939 2854 3151 2915 animae,
3204 2866 3322 2921 quae
3350 2866 3472 2906 cum
3513 2849 3802 2921 turpitudi-

2247 2943 2332 2998 nis
2358 2942 2731 2998 verecundiam
2757 2943 2898 2997 l'erre
2918 2942 3238 3011 nequiverit,
3281 2941 3433 3012 quasi
3455 2941 3520 2996 ad
3542 2939 3806 2996 defensio-

2250 3045 2372 3085 nem
2398 3031 2502 3096 sui,
2528 3029 2736 3101 copiam
2760 3031 3034 3100 sanguinis
3072 3032 3125 3085 in
3151 3031 3448 3086 exteriores
3472 3039 3655 3101 partes
3684 3044 3807 3084 cor-

2247 3120 2395 3191 poris
2419 3118 2627 3185 fundit;
2658 3135 2829 3190 eoque
2849 3120 2927 3185 fit,
2954 3105 3232 3189 utpudore
3254 3121 3421 3175 nimio
3436 3122 3822 3184 rubescamus._

2246 3209 2422 3265 Pallor
2439 3225 2653 3280 quoque
2677 3211 2838 3264 simili
2875 3212 3066 3266 anima:
3099 3212 3347 3280 passione
3384 3211 3650 3273 consistit,
3679 3223 3806 3265 cum

2247 3298 2491 3369 perculsa
2538 3297 2668 3370 [ΑΙ.⁹
2705 3289 2956 3371 perculsi]
2987 3309 3131 3353 metu
3179 3299 3342 3354 nimio
3371 3300 3437 3354 ad
3467 3299 3643 3354 cordis
3665 3299 3807 3354 ulte-

2228 3377 2393 3471 riora
2421 3386 2680 3460 confugit,
2717 3403 2837 3443 eam
2885 3389 3105 3460 sanguis
3147 3389 3468 3458 insequitur,
3518 3387 3721 3462 [adeo],
3751 3397 3811 3445 ut

2248 3477 2518 3533 desertum
2563 3479 2840 3550 sanguine,
2892 3479 3034 3550 quod
3067 3488 3152 3535 est
3197 3479 3249 3534 iu
3285 3487 3592 3549 conspectu,
3616 3493 3812 3548 corpus

2251 3567 2510 3625 albescat.
2543 3568 2637 3625 [ire
2686 3569 2848 3642 igitur
2891 3569 3196 3642 qualitates,
3248 3570 3295 3626 si
3323 3571 3416 3624 diu
3462 3579 3814 3642 perseverant

2250 3659 2328 3733 [in
2362 3659 2633 3732 corpore],
2677 3662 2906 3731 passivae
2951 3661 3239 3729 qualitates
3278 3661 3517 3716 dicenda!
3561 3668 3722 3724 sunt;
3766 3662 3812 3714 si

2252 3767 2378 3807 vero
2399 3753 2468 3808 ad
2494 3752 2659 3805 breve
2686 3759 2895 3818 tempus
2924 3751 3226 3804 exstiterint
3261 3751 3356 3814 ita,
3401 3758 3462 3804 ut
3496 3749 3604 3805 cito
3641 3749 3815 3806 disce-

2249 3843 2399 3908 dant,
2425 3841 2702 3911 passiones
2725 3855 2818 3894 eas
2848 3840 3023 3911 potius
3043 3840 3403 3896 nominamus.

2320 3952 2382 4009 C.
2429 3952 2581 4008 Nunc
2639 3953 2886 4024 quartam
2945 3953 3179 4010 edissere
3237 3953 3511 4023 speciem;
3555 3962 3609 4009 et
3643 3954 3816 4026 primo

2251 4043 2377 4112 quid
2405 4042 2477 4098 sit
2501 4043 2643 4098 inter
2668 4041 2869 4098 formas
2899 4052 2952 4098 et
2980 4043 3176 4114 figuras
3189 4042 3430 4114 ‘explana
3452 4041 3583 4115 [Al.,
3606 4043 3813 4115 dicito].

2251 4167 2320 4178 -—
2333 4136 2396 4192 Α.
2426 4129 2634 4208 Figura:
2652 4137 3029 4192 inanimaiibus
3050 4135 3178 4208 [Al.,
3197 4135 3534 4200 animalibus,
3552 4133 3814 4204 mendose]

2252 4230 2576 4293 tribuuntur,
2606 4213 2665 4282 ut
2689 4226 2836 4298 puta,
2865 4230 3103 4299 trigonus
3127 4227 3209 4284 vel
3241 4235 3573 4296 tetragonus.
3606 4224 3816 4278 Forma;

2253 4328 2428 4373 autem
2459 4319 2798 4384 animalibus,
2849 4320 2903 4372 in
2948 4319 3140 4386 quibus
3182 4317 3445 4370 formosos
3500 4315 3707 4385 aliquos
3733 4315 3816 4369 vel

2255 4408 2520 4464 deformes
2545 4409 2678 4480 [Al.,
2705 4408 2933 4462 formosa
2965 4408 3141 4475 aliqua
3188 4406 3270 4460 vel
3299 4403 3580 4481 defOrmia]
3622 4407 3820 4462 asseri—
3859 4429 3868 4431 -

2257 4512 2394 4551 mus.
2424 4497 2482 4550 in
2507 4497 2692 4550 eodem
2719 4510 2931 4564 quoque
2957 4495 3230 4564 qualitatis
3274 4511 3465 4567 genere
3499 4498 3737 4552 curvitas
3762 4503 3817 4552 et

2257 4585 2537 4648 rectitude,
2581 4586 2843 4653 asperitas
2877 4593 2932 4640 et
2960 4585 3213 4652 lenitudo,
3267 4587 3461 4642 raritas
3481 4594 3537 4641 et
3574 4584 3812 4641 densitas

2257 4673 2615 4728 inveniuntur.

2327 4763 2386 4818 C.
2421 4764 2477 4818 Si
2502 4765 2732 4834 qualitas
2754 4770 3185 4823 contrarietatem
3212 4766 3440 4834 recipit?
3483 4793 3553 4804 —-
3572 4765 3633 4816 Α.
3659 4763 3816 4831 Quie-

2257 4855 2379 4908 dam
2414 4856 2602 4926 recipit
2643 4860 2955 4926 ctquaadam
2990 4873 3090 4911 non
3140 4857 3342 4923 recipit.
3381 4854 3509 4921 Quis
3545 4854 3687 4908 enim
3715 4855 3814 4909 du-

2258 4943 2390 5020 bitat
2411 4946 2569 5000 saluti
2593 4945 2784 5018 [Edi!.,
2806 4947 2973 5014 salvo]
2994 4946 3318 4999 contrarium
3341 4958 3456 4996 esse
3482 4943 3812 5014 languorem,

2251 5035 2471 5104 justitire
2508 5038 2795 5107 justitiam,
2849 5042 2988 5092 malo
3015 5038 3259 5091 bonum?
3295 5038 3334 5090 E
3370 5047 3554 5091 contra
3584 5055 3708 5092 vero
3732 5037 3813 5092 fu-

2259 5144 2349 5183 sco
2373 5130 2456 5183 vel
2481 5129 2716 5200 pallido;
2752 5131 3014 5196 triangulo
3051 5128 3131 5180 τε]
3178 5129 3491 5197 tetrangulo,
3519 5130 3598 5183 vel
3649 5138 3813 5184 tetra-

2257 5233 2394 5286 gono
2421 5219 2748 5274 contrarium
2778 5219 2904 5270 nihil
2941 5226 3036 5266 (si.
3071 5247 3134 5255 -—-
3166 5214 3223 5269 (ἲ.
3258 5216 3310 5271 Si
3355 5219 3525 5287 magis
3550 5234 3614 5273 ac
3639 5218 3818 5274 minus

2255 5313 2488 5380 recipit?
2515 5342 2583 5351 —-—
2619 5312 2683 5364 A.
2721 5311 2928 5376 Rccipit
2950 5311 3183 5373 <_>mnino,
3209 5311 3298 5362 sed
3329 5325 3434 5363 non
3464 5310 3656 5363 cuiuis.
3681 5308 3817 5363 Nam

2256 5403 2427 5474 magis
2456 5402 2631 5457 album
2664 5401 2744 5454 vel
2798 5401 2961 5466 magis
3007 5400 3210 5466 nigrum
3266 5401 3440 5453 dicere
3488 5412 3811 5467 possumus:

2256 5499 2350 5552 scd
2376 5498 2545 5567 magis
2576 5496 2860 5564 trigonum,
2919 5491 2994 5543 wl
3018 5554 3028 5572 .
3048 5494 3210 5562 magis
3268 5499 3601 5561 tetragonum
3627 5490 3816 5567 μιεε..

2257 5590 2338 5644 vel
2370 5590 2546 5644 minus
2575 5582 2862 5657 lrigomlm]
2890 5584 2988 5636 (Ιίςὶ
3020 5601 3120 5640 non
3155 5593 3346 5657 potest.
