4266 6198
454 304 549 361 961

448 685 736 756 singularis
761 695 922 756 atque
945 702 1049 741 una
1072 701 1314 753 numero,
1341 696 1396 741 et
1423 687 1693 742 contraria
1728 687 1783 741 in
1809 701 1868 743 se
1889 702 2007 741 sus-

446 774 629 843 cipiat,
692 780 754 830 ut
799 784 952 845 puta,
993 773 1154 832 homo
1208 777 1495 848 singularis
1545 777 1661 837 uia
1710 784 1795 832 est
1844 777 2006 847 atque

445 863 603 919 unius
630 865 836 919 numeri
884 873 941 920 et
957 866 1311 935 susceptibilis
1356 866 1769 921 contrarietatis.
1820 866 2005 936 Itaque

444 952 604 1006 modo
631 953 920 1009 sanitatem
946 956 1103 1009 modo
1120 956 1484 1025 aegritudinem
1510 953 1781 1025 suscipere
1809 965 1999 1026 potest.

446 1035 739 1102 Quantitati
766 1056 895 1096 vero
932 1043 1200 1111 proprium
1250 1051 1353 1104 est.
1404 1052 1464 1097 ut
1490 1042 1604 1111 ejus
1647 1044 1825 1099 omnia
1854 1045 2003 1114 paria

442 1127 526 1182 vel
552 1128 776 1198 imparia
807 1132 1091 1197 dicantur;
1120 1140 1198 1198 ut,
1230 1132 1331 1187 iste
1357 1133 1518 1187 homo
1567 1132 1641 1187 illi
1669 1134 1867 1188 homini
1904 1149 2003 1203 par

442 1216 525 1271 vel
551 1219 724 1289 impar
760 1229 845 1274 est
872 1221 1257 1288 magnitudine.
1288 1222 1369 1274 Ad
1390 1222 1588 1292 aliquid
1617 1212 1746 1278 vero
1764 1225 2002 1293 proprie-

441 1314 609 1361 tatem
638 1308 820 1373 habet,
850 1319 909 1365 ut
933 1312 986 1365 in
1012 1325 1069 1366 se
1094 1321 1492 1375 convertantur,
1524 1313 1678 1366 sicuti
1708 1321 1791 1367 est
1813 1328 2000 1369 servus

438 1395 637 1451 domini
670 1406 725 1453 et
743 1399 991 1455 dominus
1041 1401 1201 1454 servi.
1237 1400 1517 1466 Qualitatis
1554 1414 1684 1455 vero
1726 1401 1997 1471 singulare

437 1495 540 1551 est,
573 1496 634 1542 ut
655 1499 846 1545 cuncta
873 1492 988 1561 ejus
1007 1492 1296 1547 secundum
1338 1492 1652 1560 qualitatem
1687 1492 1882 1547 similia
1905 1501 1999 1548 aut

415 1573 713 1631 dissimilia
765 1580 1125 1644 nominentur,
1171 1587 1231 1633 ut
1280 1581 1435 1635 dulce
1488 1580 1633 1634 omni
1677 1580 1837 1646 dulci,
1872 1582 1994 1637 albo

435 1663 636 1731 album,
672 1667 845 1723 calido
872 1668 1100 1724 calidum
1122 1678 1215 1723 aut
1238 1668 1411 1724 simile
1450 1676 1543 1723 aut
1574 1669 1833 1725 dissimile
1858 1686 1995 1749 nun-

434 1763 680 1823 cupatur.

1031 1850 1255 1906 CAPUT
1284 1850 1392 1905 vn.
1450 1926 1452 1929 λ

921 1977 987 2017 DE
1024 1975 1224 2017 ηεειιι
1257 1977 1328 2019 ΒΤ
1355 1977 1497 2017 ΡΔΤΙ.

505 2066 565 2123 C.
594 2065 847 2141 Superest
868 2080 928 2128 ut
946 2074 1013 2130 de
1038 2073 1216 2129 facere
1238 2082 1293 2129 et
1309 2076 1440 2146 pati,
1471 2076 1527 2130 in
1547 2073 1741 2145 quibus
1761 2075 1991 2132 maxime

434 2157 720 2214 verborum
765 2163 906 2217 ratio
920 2170 1156 2230 constat,
1184 2165 1310 2235 quia
1357 2166 1561 2233 pariter
1608 2180 1729 2233 esse
1769 2180 1991 2221 necesse

427 2255 532 2311 est,
557 2249 760 2318 pariter
786 2252 1126 2321 respondeas.
1157 2253 1314 2306 —‘A.
1344 2252 1469 2309 Haec
1493 2255 1599 2311 duo
1620 2269 1689 2310 ex
1711 2255 1989 2325 qualitatis

428 2332 574 2394 fonte
601 2340 849 2396 videntur
902 2342 1245 2397 descendere.
1285 2341 1342 2397 id
1382 2334 1633 2412 namque,
1686 2344 1828 2413 quod
1855 2343 1987 2399 cali-

426 2425 554 2481 dum
600 2427 752 2495 iacit,
804 2431 1033 2486 calidum
1071 2432 1141 2487 sit
1165 2447 1383 2487 necesse
1430 2442 1532 2488 est.
1586 2432 1830 2487 Calidum
1858 2448 1988 2490 vero

423 2512 580 2584 quale
607 2514 799 2588 [Edit.,
828 2518 990 2592 quod]
1009 2534 1129 2575 esse
1153 2520 1541 2602 cognoscimus.
1566 2519 1824 2577 Similiter
1844 2522 1987 2591 quod

424 2602 656 2658 calidum
679 2604 755 2671 ﬁt,
787 2621 818 2660 a
863 2609 1112 2676 passione
1154 2609 1427 2677 qualitatis
1472 2610 1667 2686 accipit
1704 2614 1938 2668 calorem
1969 2630 1981 2664 :

421 2699 477 2746 et
503 2692 594 2761 qui
622 2692 797 2760 docet,
858 2711 979 2750 cum
1028 2696 1550 2763 docet-doctore“,
1576 2706 1632 2754 et
1667 2699 1984 2770 discipulum

422 2778 592 2858 facit}:
628 2791 852 2853 uterque
881 2783 1033 2856 [Ed.,
1069 2785 1377 2858 utrumque]
1430 2796 1609 2842 autem
1655 2786 1769 2844 sive
1797 2790 1987 2847 doctor

420 2869 535 2924 sive
554 2870 844 2940 discipulus
870 2873 1039 2943 qualis
1070 2883 1151 2928 est
1177 2892 1189 2927 :
1222 2884 1276 2929 et
1294 2885 1490 2930 caetera
1511 2875 1593 2931 his
1622 2878 1839 2932 similia.

491 2957 552 3012 C.
586 2959 721 3016 Num
747 2964 799 3018 in
835 2966 919 3019 his
962 2966 1245 3036 categoriis
1277 2969 1544 3022 contraria
1589 2970 1983 3026 inveniuntur?

418 3078 490 3087 —
518 3049 581 3102 Α.
624 3050 809 3106 Solent
849 3054 991 3107 enim
1024 3070 1232 3127 genere
1272 3071 1393 3110 esse
1442 3058 1654 3125 similia,
1709 3063 1979 3123 contrarii

420 3138 695 3206 qualitate.
742 3141 951 3195 Etenim
981 3143 1231 3207 calidum,
1262 3146 1405 3213 quod
1433 3145 1624 3215 frigido
1648 3161 1867 3218 praestat
1893 3169 1979 3209 ea-

417 3227 583 3283 lorem
612 3232 692 3284 sui
724 3230 853 3303 [AL,
901 3236 1044 3303 quod
1082 3232 1270 3304 frigido
1309 3238 1487 3292 obstat
1525 3239 1720 3295 caloris
1747 3239 1844 3313 vi],
1867 3221 1979 3298 .sub

416 3317 602 3373 eodem
632 3335 825 3389 genere
847 3332 945 3376 est.
1002 3322 1259 3381 Similiter
1296 3330 1435 3397 quod
1491 3329 1646 3385 dulce
1692 3340 1792 3397 est,
1825 3333 1978 3389 dulce

418 3422 525 3462 non
563 3408 712 3477 facit,
747 3413 851 3467 nisi
893 3414 945 3467 id
974 3416 1114 3484 quod
1140 3418 1293 3473 dulce
1318 3435 1424 3475 non
1466 3420 1645 3477 fuerit.
1679 3422 1810 3478 Nam
1854 3426 1895 3479 si
1926 3427 1979 3479 id

372 3494 375 3497 “
417 3502 559 3569 quod
580 3506 800 3572 patitur,
828 3507 982 3562 dulce
1010 3508 1170 3564 fuerit
1196 3524 1290 3579 per
1310 3522 1557 3569 naturam
1582 3518 1686 3583 sui,
1708 3517 1867 3591 342
1903 3522 1977 3574 al-

415 3586 582 3643 terius
609 3591 959 3659 dulcedinem,
999 3612 1157 3663 quam
1205 3597 1382 3669 [Mu.,
1432 3602 1562 3673 quo]
1592 3586 1974 3674 recipis—trum

307 3680 310 3682 ⁷
415 3680 595 3736 habet.
636 3682 863 3739 Necesse
896 3697 977 3740 est
999 3701 1125 3758 ergo
1165 3688 1318 3745 dulce
1347 3696 1455 3747 non
1480 3707 1602 3748 esse
1630 3695 1682 3749 id
1705 3699 1846 3764 quod
1873 3714 1971 3768 pa-

415 3769 565 3835 titur,
595 3780 655 3825 ut
678 3773 1010 3830 dulcedinem
1042 3780 1269 3849 recipiat
1321 3781 1591 3849 alienam;
1626 3792 1682 3840 et
1706 3790 1971 3845 contraria

411 3872 537 3916 sunt
558 3863 611 3917 in
641 3864 894 3933 qualitate
920 3868 1073 3924 dulce
1098 3878 1152 3924 et
1172 3885 1432 3927 amarum.

486 3951 543 4004 C.
586 3952 720 4019 Quid
757 3964 859 4021 est,
910 3959 1051 4026 quod
1099 3960 1279 4015 dixisti
1328 3978 1523 4031 genere
1572 3982 1691 4023 esse
1739 3972 1973 4027 similia?

411 4069 482 4079 —
511 4040 574 4093 Α.
603 4041 743 4111 Ignis
773 4060 876 4098 non
905 4056 1081 4116 potest
1104 4064 1133 4102 a
1157 4051 1310 4105 melle
1337 4054 1579 4124 accipere
1600 4058 1966 4130 dulcedinem;

412 4144 550 4197 aqua
570 4120 697 4185 vero
732 4142 942 4202 potest;
981 4137 1105 4205 quia
1133 4140 1418 4207 quamdam
1453 4120 1859 4203 similitudinem
1876 4120 1971 4203 ha;

410 4216 538 4272 bent
565 4220 618 4273 in
640 4234 849 4289 genere.
872 4254 942 4297 έ-
963 4223 1022 4278 C.
1051 4224 1131 4279 An
1154 4230 1322 4297 magis
1343 4244 1410 4282 an
1434 4230 1610 4286 minus
1636 4233 1970 4291 admittunt?

410 4332 481 4346 -—
504 4307 568 4359 Α.
608 4308 799 4375 Etiam.
836 4310 1126 4368 Possumus
1145 4316 1285 4368 enim
1320 4317 1518 4385 dicere,
1566 4322 1734 4393 magis
1756 4324 1841 4378 vel
1863 4327 1967 4380 mi-

409 4412 511 4451 nus
536 4400 688 4454 docet
721 4403 1009 4472 magister;
1037 4413 1091 4459 et
1122 4406 1292 4476 magis
1316 4408 1397 4463 vel
1447 4411 1623 4467 minus
1667 4414 1855 4471 doctus
1882 4428 1965 4474 est

400 4482 716 4554 discipulus.

938 4578 941 4583 ‘
990 4598 1218 4657 asper
1248 4600 1373 4659 vm.

1029 4724 1096 4764 DE
1120 4727 1345 4769 JACIII.‘
1406 4772 1409 4773 ν
1508 4768 1513 4773 .

476 4816 537 4870 C.
567 4816 704 4884 Quid
724 4819 790 4875 de
808 4821 984 4890 jacere
1006 4823 1260 4880 habemus
1274 4825 1570 4899 intelligere
1590 4829 1617 4883 τ
1631 4858 1708 4875 --
1728 4833 1793 4887 Α.
1819 4834 1958 4903 Quid

406 4904 572 4972 aliud,
600 4909 702 4961 nisi
736 4910 897 4965 situm
931 4920 986 4966 et
1020 4914 1339 4983 positionem
1390 4917 1649 4987 corporis,
1684 4921 1737 4975 si.
1760 4920 1957 4992 jaceat,

404 5003 529 5061 stet,
555 4996 635 5049 vel
680 4999 863 5054 sedeat
887 5004 1179 5071 quislibet?
1224 5005 1451 5065 Necesse
1477 5017 1561 5063 est
1603 5011 1767 5077 enim,
1799 5028 1959 5070 omne

404 5099 615 5155 wrpus,
639 5088 781 5156 quod
809 5096 903 5144 se:
924 5091 1115 5163 Uidit,
1137 5096 1217 5169 in]
1236 5098 1490 5167 partibus,
1515 5109 1574 5155 ut
1592 5103 1957 5173 praediximus,

404 5179 711 5247 includitur,
747 5184 803 5238 in
824 5186 1065 5253 quolibet
1109 5204 1227 5244 esse
1250 5192 1445 5247 locoet
1469 5196 1705 5263 quolibet
1730 5200 1890 5253 modo
1903 5200 1957 5255 in

403 5267 522 5358 loco
537 5280 679 5338 esse,
704 5280 870 5328 utaut
888 5288 984 5343 per
996 5274 1373 5347 longitudinem
1388 5284 1725 5350 extendatur,
1756 5295 1848 5342 aut
1864 5303 1962 5358 per

404 5354 739 5415 latitudinem
771 5360 1117 5429 dill'undatur,
1148 5373 1208 5419 ut
1231 5381 1325 5435 per
1342 5369 1674 5425 altitudinem
1699 5354 1957 5441 erigatur.

404 5444 471 5499 Et
498 5445 611 5503 hac
657 5445 837 5514 ouinia
883 5457 951 5510 ad
994 5457 1154 5511 situm
1202 5462 1471 5527 pertinent
1520 5468 1780 5534 corporis,
1826 5470 1962 5527 situs

406 5549 533 5589 vero
563 5537 677 5608 ipse
703 5540 888 5598 locans
916 5542 1119 5618 (Forte,
1157 5548 1337 5605 situm.
1364 5590 1379 5604 .
1406 5590 1420 5605 .
1454 5552 1697 5627 localem]
1728 5570 1846 5614 esse
1870 5574 1963 5617 ne-

406 5638 677 5682 685580“.

1459 302 1903 362 mmscaucs
1938 333 2007 343 —
2034 302 2123 357 ne
2160 276 2579 361 DlALECTlCA.

522 418 583 473 ϐ.
618 415 674 472 Si
700 416 863 472 etiam
883 424 965 472 me
987 426 1217 489 quatuor
1264 419 1530 489 praedictae
1569 418 1853 490 categorias
1878 430 2006 487 pro-
2032 420 2083 474 Δ

448 505 625 577 prium
663 505 863 576 aliquid
896 521 991 575 per
1029 520 1087 562 se
1111 506 1607 577 singulzehabeant,
1646 507 1805 563 velim
1849 519 2011 576 espo-

448 609 567 650 nas.
598 625 670 637 —
697 595 761 648 A.
792 596 1019 651 Habent.
1061 596 1194 650 Nam
1245 597 1375 651 «sic
1424 597 1701 666 proprium
1721 604 1824 660 est,
1854 605 1916 651 ut
1940 596 2011 657 si:

2007 3104 2053 3167 C
2082 3134 2181 3173 vus
2210 3120 2440 3177 habendi
2492 3126 2691 3194 gradus
2744 3104 2873 3201 [Αιζ
2896 3110 3102 3188 octava.
3131 3174 3144 3187 .
3176 3176 3189 3190 .

2688 415 2912 472 CAPUT
2949 414 3039 471 IX.

2248 517 2259 525 ’
2632 521 2699 562 ιιε
2727 524 2810 563 UBI
2838 524 2907 563 E‘l‘
2930 523 3156 587 οηλκυο.

2179 596 2239 650 C.
2270 595 2409 664 Quid
2426 598 2595 653 habes
2610 598 2677 654 de
2693 599 2779 652 ubi
2802 608 2858 653 et
2872 600 3080 670 quando
3105 599 3327 655 dicere?
3356 629 3426 641 —
3446 601 3512 655 Α.
3536 600 3676 669 Quid

2109 688 2275 752 aliud,
2297 689 2401 744 nisi
2429 690 2571 759 quod
2604 689 2691 745 ubi
2717 690 2771 746 in
2796 690 2915 745 loco
2944 698 2998 746 et
3018 691 3228 761 quando
3254 691 3310 747 in
3340 693 3581 763 tempore
3605 693 3678 747 si-

2107 779 2405 849 gniﬁcant?
2432 778 2563 833 Nam
2590 794 2748 834 omne
2778 795 2975 850 corpus
3001 795 3222 836 necesse
3250 790 3335 836 est
3370 781 3547 838 locum
3573 782 3673 837 ali-
3722 864 3723 869 η

2105 884 2289 939 quem,
2319 870 2372 923 in
2397 870 2637 939 quolibet
2682 880 2922 940 tempore
2954 885 3257 942 occupare;
3290 880 3365 935 ut,
3408 873 3593 927 Roma
3618 872 3674 928 in

2104 967 2295 1012 senatu
2326 958 2421 1023 fui,
2453 967 2577 1014 ante
2604 960 2791 1014 horam
2840 960 3075 1026 tertiam,
3102 972 3226 1031 post
3249 962 3498 1017 Martium
3526 977 3676 1017 men-

2102 1060 2234 1100 sem.
2274 1047 2401 1101 llaec
2426 1049 2480 1102 in
2521 1048 2640 1104 loco
2668 1058 2722 1102 et
2766 1058 3007 1120 tempore
3054 1065 3171 1105 esse
3198 1051 3567 1116 debent;non
3594 1049 3676 1108 lo-

2101 1149 2198 1190 cus
2226 1145 2282 1190 et
2308 1146 2535 1206 tempus.

2707 1227 2930 1284 CAPUT
2959 1227 3029 1283 Χ.

2712 1333 2778 1371 DE
2804 1332 3031 1372 “ABEN-3.

2168 1402 2228 1458 C.
2256 1403 2461 1469 Restat,
2483 1414 2543 1460 ut
2563 1406 2630 1460 de
2648 1407 3080 1480 liaberejncipias
3100 1405 3298 1473 dicere,
3326 1416 3382 1465 et
3403 1416 3534 1481 quot
3553 1423 3672 1465 mo-

2095 1490 2179 1546 dis
2230 1494 2428 1549 habere
2473 1495 2715 1551 dicamur
2767 1498 3007 1567 aliquid?
3036 1528 3105 1540 ~—
3160 1500 3226 1554 Α.
3256 1500 3389 1583 octo
3437 1500 3667 1556 habendi

2095 1592 2221 1638 sunt
2248 1587 2474 1656 species.
2525 1588 2707 1643 Prima
2731 1596 2835 1654 est,
2878 1591 3109 1659 quoties
3128 1592 3308 1646 animo
3336 1592 3537 1661 aliquid
3570 1593 3667 1648 ha-

2094 1670 2282 1730 bemus
2305 1717 2320 1741 ,
2359 1677 2725 1745 utjustitiam,
2769 1681 3099 1751 disciplinas,
3145 1683 3373 1739 virtutes
3395 1684 3481 1738 vel
3508 1685 3677 1740 vitia.‘

2025 1772 2070 1831 Β
2098 1762 2365 1829 Secunda,
2390 1768 2601 1836 quoties
2630 1769 2683 1823 in
2707 1783 2930 1840 corpore
2958 1770 3156 1826 habere
3184 1773 3385 1842 aliquid
3411 1773 3663 1840 dicimur,

2091 1862 2153 1929 ut
2178 1854 2497 1923 albedinem,
2559 1861 2917 1930 nigredinem,
2970 1864 3287 1918 varietatem
3333 1865 3417 1920 vel
3470 1874 3665 1923 extera

2091 1940 2211 2013 quae
2241 1960 2340 2015 per
2364 1949 2677 2018 qualitatem
2699 1953 2911 2022 corpori
2942 1954 3126 2009 insunt
3150 1953 3345 2027 [Edit.,
3376 1957 3661 2032 insidunt].
3719 1967 3727 1972 “

2092 2034 2270 2092 Tertia
2295 2038 2362 2094 de
2406 2044 2707 2111 quantitate
2732 2046 3031 2113 descendit,
3061 2049 3272 2118 quoties
3304 2058 3537 2119 quatuor
3571 2051 3660 2108 vel

2090 2126 2328 2195 quinque
2377 2129 2574 2198 pedum
2620 2132 2817 2188 habere
2858 2133 3085 2190 dicimur
3116 2134 3247 2207 [ΔΙἿ
3301 2137 3429 2208 quid
3462 2138 3663 2197 habere

2089 2214 2307 2289 dicitur]
2338 2215 2741 2287 longitudinem.
2775 2220 2998 2289 Quarta,
3028 2239 3149 2279 cum
3179 2226 3361 2281 nonin
3386 2235 3501 2283 toto
3539 2243 3663 2285 cor-

2087 2320 2237 2376 pore,
2268 2308 2363 2364 sed
2386 2309 2439 2365 in
2473 2321 2625 2381 parte
2644 2317 2886 2385 corporis
2906 2317 3109 2389 aliquid
3135 2320 3334 2376 habere
3358 2321 3661 2391 ﬁrmantur,

2087 2406 2149 2453 ut
2176 2402 2344 2473 digito
2401 2406 2678 2475 annulum,
2715 2409 2769 2465 in
2798 2411 2933 2481 pede
2979 2414 3190 2472 calceos
3221 2416 3307 2473 vel
3344 2420 3658 2477 cothurnos.

2087 2484 2282 2553 Quinta
2327 2494 2537 2561 species
2564 2505 2666 2562 est,
2697 2512 2819 2554 cum
2856 2516 2974 2569 non
3004 2506 3059 2557 in
3087 2518 3334 2576 corpore,
3388 2508 3482 2563 sed
3510 2509 3657 2565 circa

2085 2589 2282 2646 corpus
2307 2578 2503 2636 habere
2528 2584 2731 2654 aliquid
2766 2587 3019 2655 dicimur,
3046 2598 3107 2645 ut
3127 2592 3291 2649 vestis
3320 2602 3479 2666 atque
3502 2597 3659 2653 indu-

2086 2676 2266 2723 menta
2288 2672 2488 2726 omnia.
2528 2671 2712 2740 Sexta,
2742 2678 2952 2745 quoties
2997 2680 3142 2750 ipsas
3186 2685 3430 2753 corporis
3474 2686 3659 2757 partes

2086 2756 2284 2813 habere
2304 2776 2606 2830 narramur,
2635 2774 2695 2818 ut
2718 2781 2927 2834 manus,
2971 2770 3155 2839 pedes,
3182 2781 3363 2842 caput,
3404 2756 3500 2836 aut.
3524 2777 3656 2833 reli-

2084 2864 2211 2917 qua,
2238 2867 2381 2942 qua);
2398 2864 2527 2909 sunt
2572 2857 2628 2910 in
2654 2873 2910 2931 compage
2960 2866 3345 2940 membrorum.
3380 2868 3654 2942 Septimus

2083 2952 2219 3032 vero.
2236 2940 2387 2998 locus
2409 2954 2493 2999 est
2520 2944 2652 3018 [Αι.,
2670 2952 2911 3019 septima
2944 2954 2996 3007 in
3019 2954 3193 3011 locum
3219 2940 3497 3032 pertinet],
3520 2976 3655 3031 quo-

2084 3026 2186 3082 ties
2207 3029 2292 3082 far
2310 3033 2394 3085 vel
2418 3035 2601 3088 vinum
2629 3052 2722 3092 vas
2756 3040 2972 3109 aliquod
3000 3044 3201 3115 habere
3254 3026 3473 3102 dicitur:
3496 3026 3655 3104 θεια-
3714 3070 3715 3073 η

3237 3137 3488 3212 species],
3542 3150 3647 3207 est,

2080 3209 2173 3276 qui
2221 3213 2611 3278 possessionem
2656 3228 2895 3274 nostram
2957 3223 3039 3276 vel
3090 3220 3383 3282 dominium
3441 3209 3651 3287 videtur

2079 3299 2379 3365 ostendere,
2414 3317 2535 3355 cum
2565 3306 2705 3359 {edes
2731 3307 2813 3361 vel
2842 3324 2934 3363 rus
2963 3314 3083 3379 quis
3112 3316 3308 3372 habere
3336 3319 3552 3376 dicitur.

2147 3383 2206 3439 C.
2237 3387 2484 3459 Nunquid
2508 3410 2614 3448 non
2658 3397 2786 3452 licet
2812 3400 2967 3455 nobis
3008 3404 3207 3474 dicere,
3248 3410 3525 3469 mulierem
3550 3414 3647 3470 ha-

2076 3479 2204 3535 bere
2230 3485 2480 3539 maritum
2504 3504 2519 3551 ;
2550 3488 2631 3544 vel
2660 3492 2744 3544 vir
2784 3507 3007 3549 uxorein
3036 3497 3218 3562 habet,
3268 3509 3425 3569 pater
3450 3503 3641 3572 ﬁlium,

2076 3568 2131 3622 et
2160 3568 2299 3625 illius
2324 3576 2618 3641 genitorem
2638 3580 2669 3631 ἳ-
2694 3605 2762 3619 -ο
2790 3581 2855 3633 Α.
2890 3582 3031 3637 Sane
3048 3585 3120 3639 ita
3144 3588 3249 3643 dici
3274 3568 3403 3660 [Al.,
3430 3568 3634 3669 dicerej

2074 3658 2319 3755 doctores
2352 3674 2623 3731 respuunt,
2654 3676 2814 3737 atque
2845 3671 3133 3744 improprie
3172 3658 3401 3747 proferri
3444 3658 3637 3755 [Edit.,

2072 3747 2340 3823 conferre]
2368 3754 2707 3812 confirmant.
2741 3761 3052 3831 Propterea,
3082 3770 3223 3837 quod
3253 3747 3500 3829 asserunt
3527 3747 3636 3834 non

2073 3838 2257 3893 haberi
2307 3857 2483 3910 posse,
2532 3849 2672 3915 quod
2724 3850 2885 3905 habet
2934 3854 3255 3926 habentem;
3298 3864 3394 3919 sed
3438 3868 3641 3924 rectius

2072 3926 2176 3981 dici
2208 3938 2507 3997 autumant,
2530 3949 2649 3991 esse
2674 3939 2882 3994 mulieri
2922 3944 3119 4012 virum,
3166 3949 3249 4002 vel
3276 3966 3497 4010 uxorem
3522 3940 3639 4014 viro

2071 4032 2207 4082 esse,
2234 4030 2441 4090 patrem
2483 4024 2592 4079 lilio
2616 4042 2754 4095 esse,
2802 4028 3021 4088 famulis
3072 4036 3344 4094 dominum
3372 4058 3533 4111 esse;
3566 4051 3655 4104 εἱσι

2070 4116 2283 4180 quidem
2312 4118 2464 4172 verbi
2492 4119 2649 4187 hujus
2675 4122 2781 4175 vim
2823 4124 2875 4178 in
2899 4125 3000 4182 hoc
3026 4142 3145 4194 esse
3194 4136 3544 4204 contendunt,
3577 4152 3637 4197 ut

2069 4204 2374 4292 signiﬁcare
2422 4221 2530 4262 non
2589 4213 2779 4279 possit,
2833 4222 2888 4270 et
2944 4215 3143 4274 habere
3193 4218 3423 4292 aliquem
3454 4236 3509 4282 et
3544 4229 3636 4285 ha-

2066 4291 2201 4347 beri.

2141 4384 2199 4439 C.
2229 4386 2304 4442 Ex
2351 4390 2435 4445 his
2464 4394 2710 4450 omnibus
2763 4399 2946 4457 decem
2992 4390 3421 4473 prredicamentis
3466 4427 3631 4470 unam

2072 4476 2202 4574 mihi
2247 4479 2509 4554 copjunge
2536 4488 2857 4545 orationem.
2883 4522 2955 4533 --
2980 4494 3045 4549 Α.
3096 4497 3259 4554 Plena
3297 4500 3426 4572 (AL,
3458 4506 3635 4574 perfe-
3664 4548 3671 4557 .

2065 4566 2172 4638 cta]
2188 4570 2333 4624 enim
2355 4575 2528 4630 oratio
2556 4578 2622 4632 de
2652 4579 2734 4633 his
2760 4580 2833 4635 ita
2846 4584 3093 4657 conjungi
3131 4566 3307 4657 potest
3331 4610 3345 4646 ε
3379 4566 3629 4665 Rugusti-

2064 4668 2166 4713 nus
2205 4675 2429 4732 magnus
2465 4677 2666 4737 orator,
2718 4671 2859 4727 titius
2906 4675 3070 4743 illius,
3120 4689 3269 4737 stans
3318 4684 3371 4738 in
3408 4670 3630 4756 templa,

2064 4748 2221 4803 hodie
2271 4751 2527 4808 infolatur
2559 4756 2736 4828 [Μαίη
2787 4759 3065 4839 infulatus]
3096 4808 3111 4833 ,
3146 4770 3466 4842 disputando
3505 4748 3630 4832 fati;

2060 4848 2238 4908 gatur.
2270 4841 2595 4932 Augustinus
2619 4851 2733 4903 asia
2758 4860 2841 4906 est
2864 4870 2878 4919 ;
2910 4870 3157 4928 magnus,
3178 4841 3440 4932 quantitas
3464 4883 3477 4932 ;
3505 4884 3632 4925 ora-

2066 4936 2169 4992 tor,
2204 4929 2472 5000 qualitas;
2502 4934 2641 4991 ﬁlius
2668 4938 2830 5007 illius,
2874 4945 2943 4998 ad
2972 4929 3216 5019 aliquid,
3244 4959 3411 5019 stans,
3452 4929 3584 5015 situs
3605 4978 3629 5025 ,-

2064 5018 2119 5120 ίξξ
2150 5022 2363 5120 mimi:
2403 5022 2590 5092 ίοευεὶ
2617 5029 2796 5120 δρᾱίθ,
2832 5038 3354 5117 ιςηιριιυίηΐοιεωδ.
3381 5018 3625 5120 habitus,-

2064 5109 2398 5179 disputando,
2426 5128 2615 5183 agere;
2649 5110 2919 5192 fatigatur,
2946 5128 3075 5197 pati.

2131 5198 2291 5272 ω
2316 5199 2377 5254 C.
2396 5201 2464 5257 Et
2484 5214 2567 5259 est
2590 5209 2761 5277 prima
2792 5216 2910 5269 asia
2935 5216 3019 5272 his
3044 5234 3231 5275 novem
3259 5223 3625 5285 accidentibus

2062 5286 2379 5380 subiacens?
2398 5322 2470 5333 —-
2486 5294 2552 5349 Α.
2579 5297 2714 5355 Nam
2737 5316 2957 5360 necesse
2981 5318 3065 5364 est
3092 5312 3510 5380 magnitudinem
3534 5317 3621 5372 vel

2060 5377 2371 5471 qualitatem
2401 5381 2454 5436 in
2490 5388 2731 5456 quolibet
2767 5407 2993 5462 corpore
3022 5377 3279 5465 inveniri,
3327 5410 3381 5454 et
3407 5411 3621 5471 patrem

2058 5476 2115 5522 et
2150 5467 2317 5522 illium
2346 5471 2489 5528 inter
2512 5476 2646 5535 duas
2683 5483 2825 5536 arias
2858 5486 3093 5550 versari;
3156 5467 3425 5544 similiter'
3456 5502 3509 5547 et
3562 5493 3620 5549 in

2058 5560 2177 5615 loco
2202 5567 2256 5615 et
2283 5562 2605 5634 in'tempore
2628 5584 2752 5626 esse
2776 5573 3057 5641 cujuslibet
3090 5582 3330 5647 corporis
3359 5590 3471 5647 est;
3522 5598 3619 5637 ve-

2062 5655 2178 5710 stiri
2212 5669 2338 5709 vero
2366 5665 2419 5711 et
2443 5666 2615 5729 stare;
2661 5671 2715 5717 et
2754 5662 2953 5733 aliquid
2997 5681 3157 5737 agere
3217 5672 3296 5727 vel
3345 5674 3453 5743 pati
3499 5674 3625 5743 quis

3570 304 3771 371 982.
