4266 6180
577 248 681 328 963
1383 273 1441 326 ιι.
1479 270 1540 324 r.
1578 269 1804 325 mum
1839 265 1968 323 seu
2005 263 2280 321 ALCUINI
2319 260 2600 318 orsnuu
2630 218 2809 316 rans
2847 259 2956 314 vn.
3674 255 3780 311 964

577 402 687 441 non
713 385 953 458 agnoscit
974 385 1028 439 in
1055 385 1292 454 quolibet
1314 383 1551 453 corpore
1569 396 1688 438 esse
1711 376 2133 454 consideranda?
2162 381 2205 438 Α
2235 388 2399 428 unum
2441 386 2562 426 esse
2599 369 2759 439 prius
2792 381 2955 458 quam
2999 364 3126 458 duo,
3153 363 3280 433 quia
3319 362 3426 417 duo
3458 377 3524 417 ex
3553 377 3660 417 uno
3687 377 3782 458 na-

578 477 650 532 Et
671 455 787 533 haec
813 477 1113 532 accidentia
1136 476 1369 530 nonnisi
1395 475 1449 544 in
1471 474 1712 543 qualibet
1749 468 1984 540 subiecta
2011 469 2138 522 sub-
2222 473 2478 528 ‘seuntur,
2502 476 2608 515 non
2631 474 2795 514 unum
2823 473 2891 513 ex
2917 456 3153 522 duobus;
3187 462 3244 510 et
3270 469 3376 512 uno
3394 461 3651 544 pereunte
3678 455 3785 509 duo

581 566 783 621 stantia
813 564 1174 620 inveniuntur.
1679 616 1682 619 _
2227 567 2353 608 esse
2379 566 2483 607 non
2507 555 2758 618 possunt;
2795 547 3000 602 duobus
3021 552 3197 618 autem
3221 543 3592 613 pereuntibus,
3618 558 3782 597 unum

527 639 530 641 ’
746 676 758 682 ·
1177 651 1401 708 CAPUT
1439 650 1529 705 XI.
2236 649 2412 695 tamen
2452 644 2751 708 permanet.
2793 636 3006 695 Tertius
3055 634 3244 695 modus
3274 640 3359 698 est
3382 633 3614 698 ordinis,
3640 632 3784 688 utin

2235 727 2526 798 disciplinis
2553 725 2704 795 prius
2731 733 2813 778 est
2838 722 3185 794 singularium
3219 720 3399 793 [Mss.,
3431 719 3785 794 singularum]

2235 818 2440 871 discere
2461 814 2682 879 formas,
2709 823 2763 879 et
2791 813 3004 868 nomina
3033 811 3362 879 litterarum;
3413 812 3603 868 dehinc
3627 812 3787 885 sylla-
3844 825 3859 838 ‘

1177 651 1401 708 CAPUT
1439 650 1529 705 XI.

924 760 991 798 π
1017 758 1337 800 ῦοιίτκλιιιιε
1362 755 1462 796 νει.
1500 756 1786 797 oreoslrrs.

560 833 563 836 ’
621 833 711 901 ,σο
741 835 877 890 Dum
898 836 1092 903 saepius
1120 834 1174 888 in
1201 843 1385 889 nostra
1405 832 1766 902 disputatione
1807 831 1874 886 de
1918 837 2136 884 cuntra-
2235 831 2446 906 discere]

579 928 678 981 riis
705 926 1048 980 introduxisti
1077 925 1206 998 [Al.,
1239 924 1568 978 mentionem
1593 920 1815 993 fecisti],
1842 917 2141 974 contrario-
2235 906 2264 960 Ι]

2099 933 2141 971 μ
2235 903 2446 960 barum
2472 903 3266 974 conjunctionescognoscere;
3322 908 3452 956 tunc
3498 903 3784 969 verborum

570 1033 702 1071 rum
729 1015 816 1071 vel
839 993 1204 1086 oppositorum
1224 1015 1383 1069 velim
1405 1013 1665 1068 rationem
1695 1026 1950 1080 exponas.
1979 1009 2134 1062 -Α.
2190 1059 2194 1063 ,
2232 1012 2446 1053 sumere
2491 996 2768 1062 ηοῑίιίθῐηὲ
2829 1002 3132 1064 Ροῧῑτθωιη
3187 994 3342 1086 ηοδῖε
3393 1001 3478 1049 θεῖ
3520 993 3788 1049 νοηιίοηίε

579 1085 980 1159 Contrariorum
1004 1117 1133 1158 vero
1157 1117 1353 1172 genera
1376 1111 1606 1171 quatuor
1631 1110 1773 1164 sunt,
1792 1100 2138 1170 qumAristo-
2233 1088 2405 1160 [Εάίεκ
2426 1127 2442 1153 ν
2468 1086 2712 1157 ιἪίοιιίέ]
2765 1089 2895 1140 υειιέ
2943 1085 3320 1149 assumendi“.
3363 1092 3583 1154 ΡΓοΡιθι·
3628 1100 3788 1153 quem

581 1191 716 1246 ιειεε
775 1193 1088 1246 “nam,”
1139 1191 1562 1265 ,[ᾆντικέιμενα],
1624 1191 1677 1245 id
1713 1199 1796 1244 es;
1819 1230 1833 1254 ,
1897 1189 2136 1259 opposita
2236 1187 2426 1234 cuncta
2455 1177 2608 1248 quasi
2648 1176 3029 1247 praecurrentia
3067 1176 3303 1230 membra
3331 1175 3480 1244 prius
3509 1175 3785 1265 discimus.

579 1288 756 1334 vocat.
786 1279 1027 1333 Primum
1051 1295 1220 1350 genus
1251 1290 1355 1346 est,
1377 1264 1523 1349 quod
1573 1281 1846 1334 diversum
1891 1285 2135 1343 vocatur,
2236 1270 2264 1337 Ε

2106 1293 2135 1343 ι,
2236 1270 2469 1337 Quartus
2496 1270 2685 1325 modus
2711 1276 2811 1332 est,
2839 1268 2963 1322 dum
2986 1267 3249 1322 feliciores
3275 1274 3330 1320 et
3356 1266 3628 1336 meliores,
3646 1264 3791 1335 prio-

580 1369 1533 1441 utsapientia,stultitia:quodgenus
1554 1372 1608 1425 in
1625 1369 2006 1426 tresdividitur
2024 1383 2140 1438 spe-
2238 1376 2324 1415 res
2384 1359 2574 1430 vulgus
2637 1357 2833 1412 assolet
2883 1357 3099 1433 dicere.-'
3136 1355 3390 1423 Ουίηῑιιῖιὶ
3426 1368 3628 1441 ,ἕωυὲ
3662 1363 3745 1408 εει
3771 1393 3789 1419 9

581 1458 712 1512 cies.
745 1457 877 1511 Nam
912 1465 1038 1512 sunt
1059 1459 1298 1528 quaedam
1321 1440 1385 1514 ex
1413 1461 1494 1515 eis
1520 1459 1707 1533 [Hss.,
1743 1468 1868 1514 sunt
1894 1461 2134 1528 quaedam
2234 1467 2266 1520 q

2103 1475 2134 1513 n
2234 1450 2448 1520 quando
2477 1449 2602 1504 illud
2631 1447 2780 1518 prius
2805 1453 2908 1511 est,
2929 1444 3075 1515 quod
3102 1461 3167 1499 ex
3195 1459 3252 1499 se
3289 1443 3465 1514 [Μαίη
3492 1440 3635 1516 esse]
3661 1441 3788 1498 alte-

579 1545 897 1618 ejus],qute
926 1548 1158 1602 medium
1184 1548 1402 1612 habent,
1426 1557 1485 1602 ut
1511 1550 1792 1604 candidum
1827 1557 1884 1604 et
1925 1551 2135 1618 nigrum
2238 1558 2355 1598 rum
2403 1540 2549 1609 facit,
2591 1548 2650 1595 ut
2695 1539 2922 1610 exempli
2969 1539 3161 1609 gratia,
3192 1538 3236 1593 si
3285 1538 3446 1594 homo
3494 1545 3599 1603 est,
3643 1544 3793 1592 recte

581 1638 817 1692 medium
844 1638 1044 1692 habent
1070 1637 1302 1691 colorem
1325 1638 1579 1710 pallidum
1623 1648 1677 1692 et
1723 1638 1952 1693 fuscum.
2003 1638 2138 1692 Sunt
2171 1635 2206 1710 _'_
2237 1647 2359 1690 eum
2388 1631 2616 1687 dicimus
2645 1629 2840 1684 animal
2863 1629 3141 1700 rationale,
3167 1629 3407 1692 mortale,
3435 1629 3576 1683 risus
3597 1642 3788 1698 capax.

582 1727 826 1795 quaedam
859 1742 978 1795 quae
1008 1728 1130 1782 sine
1174 1702 1349 1783 medio
1378 1705 1605 1794 summi
1634 1731 1798 1794 salus,
1828 1731 2088 1800 aegritudo
2120 1747 2132 1781 :
2170 1702 2210 1758 υ
2239 1720 2344 1774 Sed
2372 1722 2474 1774 hoc
2510 1735 2676 1789 genus
2702 1719 2918 1789 prioris,
2941 1719 2992 1772 in
3034 1733 3092 1772 se
3128 1718 3365 1772 converti
3392 1725 3588 1786 potest.
3616 1747 3687 1756 —
3723 1716 3786 1772 C.

582 1816 773 1891 horum
821 1816 954 1871 nihil
1003 1818 1237 1871 medium
1286 1829 1387 1880 est,
1412 1820 1538 1886 quia
1571 1833 1790 1874 necesse
1813 1827 1895 1874 est
1921 1835 2081 1873 unum
2108 1835 2139 1874 e

583 1905 791 1960 duobus
808 1906 986 1960 inesse
1007 1907 1237 1974 corpori.
1260 1907 1326 1960 Et
1347 1916 1472 1962 sunt
1492 1910 1754 1978 qumdam,
1769 1925 1887 1978 quae
1907 1911 2138 1964 medium

588 1994 805 2058 habent,
832 1995 927 2049 sed
956 1996 1072 2051 sine
1103 1997 1321 2052 nomine
1367 2005 1452 2051 est
1495 1998 1756 2056 medietas
1797 2014 2005 2063 eorum,
2034 1999 2137 2053 nisi

584 2082 732 2147 huic,
762 2084 1127 2153 oppositorum
1172 2087 1474 2156 negatione,
1504 2086 1763 2142 formetur
1807 2103 2003 2142 nomen
2023 2104 2052 2152 ξ
2080 2095 2141 2141 ut

579 2169 786 2242 justum
808 2180 864 2227 et
890 2173 1145 2242 injusth
1168 2176 1367 2231 habent
1404 2168 1683 2246 quidam-
1701 2178 1953 2243 medium,
1978 2186 2038 2232 ut
2059 2185 2143 2232 est

584 2267 742 2328 sputa
780 2275 1010 2326 screare,
1038 2278 1195 2318 aures
1220 2280 1482 2335 purgare,
1505 2282 1628 2335 quae
1669 2268 1985 2321 vocabulum
2035 2282 2142 2321 non

587 2347 809 2415 habent,
841 2351 946 2405 nisi
975 2351 1216 2408 dicamus
1241 2369 1341 2409 nec
1357 2356 1560 2425 justum
1586 2369 1685 2410 nec
1705 2348 1979 2424 iniustum.

654 2441 958 2520 Secundum
986 2459 1155 2514 genus
1204 2448 1608 2504 contrarietatis
1650 2457 1736 2503 est
1773 2430 2138 2513 relativorum,

585 2545 705 2600 quae
726 2531 802 2584 ita
831 2532 931 2586 sibi
957 2542 1314 2602 opponuntur,
1339 2543 1400 2589 ut
1425 2537 1491 2590 ad
1515 2551 1578 2591 se
1615 2535 1976 2602 conferantur,
2004 2537 2146 2594 sicut

584 2621 806 2690 duplum
834 2630 887 2676 et
908 2623 1177 2693 simplum,
1205 2626 1377 2695 magis
1419 2635 1479 2680 et
1521 2627 1718 2681 minus.
1747 2625 1819 2680 Et
1840 2624 1944 2681 hoc
1967 2625 2142 2681 solum

584 2724 756 2780 genus
775 2715 1137 2784 oppositorum
1165 2715 1492 2774 conferatur.

657 2801 899 2864 Tertium
932 2818 1098 2873 genus
1115 2813 1230 2870 est,
1258 2819 1377 2874 qua:
1402 2821 1501 2874 per
1523 2806 1765 2862 habitum
1789 2815 1844 2863 et
1889 2808 2142 2878 privatio-

587 2903 712 2942 nem
749 2887 926 2955 ﬁunt;‘
943 2891 998 2944 in
1019 2892 1105 2945 his
1137 2907 1366 2963 namque
1392 2895 1668 2950 observari
1699 2906 1928 2967 Oportet,
1954 2906 2014 2954 ut
2038 2900 2145 2954 sint

2237 1801 2549 1880 Quomodo?
2573 1840 2642 1848 —
2657 1809 2721 1861 Α.
2750 1808 2883 1862 Nam
2910 1809 3165 1877 quidquid
3187 1809 3348 1862 homo
3372 1816 3479 1875 est,
3499 1805 3661 1877 344
3679 1806 3794 1860 ani-

2236 1902 2344 1957 mal
2365 1908 2449 1955 est
2475 1898 2718 1961 mortale,
2753 1895 3028 1958 rationale,
3059 1896 3197 1949 risus
3228 1909 3432 1963 capax;
3476 1894 3794 1962 item,quid-

2237 1995 2365 2064 quid
2387 1992 2582 2048 animal
2608 1998 2690 2046 est
2713 1989 2958 2052 mortale,
2986 1986 3268 2051 rationale,
3297 1986 3437 2039 risus
3460 1999 3632 2064 capax
3649 2024 3664 2048 ,
3695 1985 3794 2044 ho-

2239 2084 2436 2140 minem
2459 2097 2576 2136 esse
2598 2094 2816 2134 necesse
2836 2087 2936 2132 est.
2952 2076 3055 2131 Sed
3078 2087 3252 2129 tamen
3281 2075 3547 2129 hominem
3571 2087 3795 2130 necesse

2240 2182 2321 2229 est
2345 2171 2495 2243 prius
2521 2184 2668 2235 esse;
2696 2178 2752 2223 et
2797 2169 2875 2222 sic
2920 2165 3130 2242 tandem
3174 2164 3276 2218 ista
3300 2162 3539 2218 deﬁnitio
3559 2162 3645 2217 Vel
3667 2177 3794 2218 con-

2239 2265 2415 2318 versio
2441 2279 2568 2317 vera
2595 2277 2714 2318 esse
2739 2261 2952 2331 poterit.
3397 2323 3399 2325 ι

2311 2353 2372 2407 C.
2413 2353 2595 2410 Modos
2621 2361 2851 2424 quoque,
2874 2353 3069 2422 quibus
3093 2351 3292 2428 aliquid
3319 2349 3475 2405 simul
3505 2365 3626 2428 esse
3650 2350 3795 2420 dica-

2243 2460 2383 2509 mus,
2405 2434 2695 2499 voluissem
2721 2444 2928 2498 audire.
2957 2473 3021 2484 -—
3052 2441 3115 2496 Α.
3147 2426 3341 2498 Tribus
3380 2443 3552 2498 modis
3595 2425 3796 2512 aliquid

2245 2528 2402 2592 simul
2456 2550 2574 2592 esse
2621 2536 2868 2597 dicimus,
2902 2531 3000 2588 aut.
3033 2543 3290 2603 tempore,
3322 2542 3415 2588 aut
3461 2533 3676 2599 nhtura,
3707 2542 3796 2589 aut

2243 2641 2456 2697 genere.
2487 2656 2558 2667 ——
2594 2623 2654 2678 C.
2686 2625 2762 2678 Da
2783 2625 3024 2693 exempla
3071 2655 3138 2664 ——
3165 2624 3228 2679 Α.
3263 2624 3540 2695 Tempore,
3572 2634 3632 2679 ut
3663 2627 3798 2684 duos

2242 2717 2487 2772 homines
2511 2730 2618 2770 uno
2647 2723 2884 2785 tempore
2913 2713 3069 2768 simul
3095 2729 3213 2769 esse
3235 2715 3481 2776 dicimus.
3510 2715 3659 2770 verbi
3685 2731 3799 2788 gra—

2243 2788 2564 2867 tia'Albinus
2597 2813 2650 2860 et
2676 2804 2955 2860 Homerus.
2976 2799 3184 2857 Natura
3205 2845 3219 2869 ,
3252 2811 3312 2858 ut
3337 2803 3587 2873 simplum
3618 2812 3673 2858 et
3701 2804 3798 2858 du-

2242 2895 2408 2966 plum.
2435 2893 2648 2957 Genere,
2673 2901 2733 2946 ut
2756 2891 3158 2960 animalia,quaa
3183 2891 3358 2960 specie
3387 2892 3796 2959 discernuntur;

586 2988 816 3050 utraque
844 2982 898 3036 in
932 2983 1118 3038 eodem
1151 2988 1383 3056 negotio,
1409 2988 1462 3043 in
1489 2989 1676 3046 eodem
1703 2991 1840 3056 loco,
1872 2986 2146 3063 in'oppor.
2167 3022 2212 3085 Ο
2246 2987 2388 3041 aliud
2411 2985 2658 3055 pedestre
2678 3025 2691 3049 ,
2718 2983 2860 3037 aliud
2886 2981 3114 3045 volatile,
3147 2981 3284 3036 aliud
3327 2982 3578 3052 aquatile,
3597 2983 3802 3052 'quihus

589 3079 719 3124 tuno
746 3079 1003 3141 tempore.
1024 3072 1083 3126 in
1115 3075 1543 3147 eodemrnegotio
1571 3087 1697 3134 sunt
1728 3082 1943 3136 caecitas
1971 3092 2034 3136 et
2058 3083 2143 3137 vi-

587 3177 713 3228 sus;
764 3163 819 3217 in
866 3164 1094 3220 videndo
1134 3167 1281 3220 enim
1323 3176 1378 3223 et
1418 3184 1526 3223 non
1568 3170 1796 3228 videndo
1822 3173 2141 3228 consistunt.

589 3251 716 3307 Haec
742 3253 796 3305 in
823 3254 1012 3307 eodem
1036 3254 1157 3310 loco
1184 3261 1586 3330 sunt;utrique
1619 3278 1874 3334 namque,
1915 3266 2143 3320 caacitati

592 3353 647 3397 et
673 3343 958 3411 visioni,in
981 3347 1150 3403 oculis
1175 3349 1324 3408 locus
1352 3349 1501 3425 [est].
1531 3354 1590 3408 In
1618 3363 1859 3426 tempore
1883 3372 2143 3426 congruo,

592 3441 653 3487 ut
673 3433 879 3488 calvum
899 3451 1006 3491 non
1032 3437 1347 3504 dicere,nisi
1368 3442 1414 3500 si
1441 3457 1507 3498 eo
1530 3451 1790 3513 tempore,
1803 3461 1910 3514 quo
1928 3446 2147 3514 capillos

595 3522 793 3578 habere
819 3525 1094 3596 debuerat,
1117 3543 1227 3584 non
1261 3529 1454 3591 haheat
1483 3551 1496 3585 :
1522 3534 1750 3602 capillos
1780 3549 1908 3589 vero
1927 3535 2144 3599 habere,

594 3613 810 3668 velnon
839 3615 1041 3674 habere
1061 3619 1166 3676 sibi
1188 3622 1488 3692 oppositum
1509 3632 1615 3678 est.
2090 3662 2094 3666 -

628 3772 631 3774 ,
668 3702 929 3782 Quartum
954 3720 1082 3763 vero
1099 3722 1267 3775 genus
1289 3711 1684 3767 cautrarietatis
1708 3727 1774 3768 ex
1801 3705 2150 3768 allirmatione

595 3797 651 3846 et
670 3791 990 3861 negatione,
1011 3849 1014 3852 u
1036 3803 1099 3852 ut
1121 3787 1386 3860 Homerus
1419 3799 1688 3866 disputat,
1735 3800 2004 3864 Homerus
2043 3817 2148 3856 non

597 3879 868 3950 disputat;
896 3880 1199 3947 Macharius
1217 3888 1422 3951 currit.
1452 3887 1754 3943 Macharius
1781 3905 1888 3945 non
1931 3891 2100 3945 currit
2133 3909 2146 3944 :

597 3971 740 4038 quod
767 3986 938 4041 genus
963 3973 1104 4043 apud
1119 3974 1437 4035 dialecticos
1467 3993 1655 4039 omnes
1677 3982 1996 4050 quastiones
2015 3997 2151 4052 pene

597 4075 858 4132 generare
877 4064 1030 4120 solet.
1358 4119 1360 4124 ,
1948 4111 1951 4117 .

668 4143 730 4232 ς.
772 4148 838 4213 Si~
865 4150 1148 4221 aliquando
1181 4154 1322 4220 mala
1366 4158 1522 4214 malis
1559 4163 1932 4233 opponuntur?
1973 4191 2045 4204 --
2084 4164 2148 4216 Α.

601 4240 777 4294 Etiam
825 4248 1113 4300 secundum
1155 4250 1526 4321 philosophos,
1553 4254 1645 4324 qui
1680 4256 1908 4310 virtutes
1943 4271 2154 4324 semper

2243 3077 2490 3150 omnibus
2529 3075 2809 3144 aequaliter
2854 3073 3051 3128 animal
3099 3089 3264 3144 genus
3309 3082 3412 3128 est.
3463 3104 3532 3114 —
3558 3073 3630 3129 ‘C.
3656 3074 3800 3141 Quot

2244 3151 2416 3224 modis
2455 3167 2516 3220 iit
2554 3164 2885 3227 differentia?
2910 3193 2980 3203 -—
3008 3162 3073 3216 A.
3102 3153 3350 3228 materia,
3379 3173 3472 3218 aut
3499 3179 3682 3233 opere,
3707 3160 3808 3220 aut

2244 3262 2296 3315 in
2346 3268 2592 3327 utroque.
2625 3287 2694 3295 —
2721 3253 2779 3310 C.
2827 3253 2970 3316 Pone
3010 3254 3332 3324 exemplum.
3360 3285 3430 3296 -—
3457 3255 3522 3308 Α.
3552 3255 3801 3331 Materia,
3878 3242 3884 3247 ’

2245 3353 2291 3408 si
2315 3352 2422 3408 sint
2445 3347 2627 3420 annuli
2649 3347 2852 3402 similes
2886 3348 3010 3413 duo,
3042 3363 3178 3404 unus
3201 3361 3417 3412 aureus,
3444 3346 3582 3412 alter
3613 3361 3801 3423 argen-

2243 3451 2382 3496 teus.
2408 3438 2594 3511 Opere,
2611 3437 2655 3490 si
2683 3453 2748 3492 ex
2781 3451 2911 3490 auro
2939 3435 3223 3502 dissimiles
3245 3434 3426 3514 annuli
3449 3434 3799 3508 fabricentur.

2245 3527 2568 3600 Utroque,ut
2596 3528 2640 3581 si
2663 3526 2888 3581 annulus
2915 3517 2985 3589 iit
3015 3541 3208 3580 aureus
3235 3534 3290 3580 et
3317 3525 3472 3580 stilus
3492 3524 3799 3598 argenteus.

2838 3638 3060 3700 CAPUT
3095 3637 3202 3692 ΧΠ.
3316 3693 3318 3696 ,

2635 3758 2638 3762 .
2682 3776 2688 3781 .
2733 3723 2858 3788 ,βω-ξ
2901 3724 3252 3764 Αιδυκεκτιε.

2316 3800 2376 3855 G.
2406 3789 2861 3870 Argumentomm,
2893 3801 3154 3854 rationem
3199 3797 3670 3877 diversitatemque
3707 3814 3802 3855 vo-

2245 3891 2486 3956 luissem,
2513 3901 2572 3971 ut
2586 3900 2834 3947 enotares
2858 3889 3034 3963 [Mss.,
3063 3877 3392 3961 enucleares]
3420 3891 3570 3946 mihi.
3599 3890 3667 3945 Et
3691 3893 3801 3961 pri-

2248 3998 2414 4046 mum,
2441 3989 2500 4036 ut
2523 3981 2692 4046 dicas,
2719 3983 2846 4052 quid
2876 3983 2946 4037 sit
2986 3991 3377 4053 argumentum,
3405 3980 3605 4053 ﬂagito.
3634 4011 3707 4032 η-
3731 3983 3796 4036 Δ.

2245 4071 2632 4142 Argumentum
2653 4081 2736 4127 est
2763 4073 2841 4126 rei
2871 4072 3044 4128 dubiae
3071 4070 3371 4128 adirmatio.
3398 4071 3467 4126 Et
3497 4079 3713 4140 constat
3734 4086 3805 4144 ex.

2250 4149 2657 4226 annuntiatione
2687 4158 2902 4230 [ιῖόνιεε9
2929 4158 3350 4230 enuntiatione].
3380 4188 3451 4198 —
3475 4157 3536 4213 ϐ.
3580 4158 3805 4232 Annua:

2249 4250 2402 4304 tiatio
2426 4249 2552 4317 quid
2574 4249 2694 4303 eLst?
2715 4280 2784 4288 —
2806 4249 2870 4301 Α.
2899 4248 3080 4304 Oratio
3101 4263 3284 4303 verum
3313 4256 3403 4302 aut
3423 4248 3615 4323 falsum
3632 4249 3802 4318 signi-

602 4330 808 4389 medias
839 4346 959 4390 esse
998 4334 1268 4403 dixerunt,
1289 4344 1440 4398 et'ex
1489 4355 1718 4411 utraque
1753 4354 1918 4412 parte
1952 4345 2153 4400 habere
2178 4353 2230 4411 ι)
2255 4337 2439 4403 ﬁcans,
2468 4337 2527 4392 in
2553 4338 2880 4392 nominativo
2906 4353 3034 4402 casu
3059 4353 3180 4394 cum
3211 4337 3349 4409 [Hoc
3371 4347 3468 4404 est,
3495 4336 3699 4410 addito]
3725 4345 3801 4398 est

602 4419 754 4474 vitia.
770 4421 838 4475 Et
861 4423 964 4477 hoc
983 4437 1104 4479 reor
1121 4423 1435 4495 Apostolum
1459 4431 1808 4500 signiﬁcasse,
1831 4433 1959 4498 dim
1981 4434 2146 4489 dicit:

608 4509 700 4565 Via
745 4513 891 4582 regia
935 4514 1089 4568 nobis
1126 4515 1494 4589 gradieudum,
1522 4535 1695 4590 neque
1743 4521 1810 4576 ad
1857 4521 2149 4587 dexteram,

602 4614 776 4669 neque
801 4601 870 4656 ad
909 4601 1183 4656 sinistram
1216 4604 1586 4671 declinandum
1614 4625 1630 4661 :
1657 4615 1738 4662 ut.
1766 4609 1886 4678 plus
1926 4609 2174 4680 justum,.

601 4686 658 4740 et
697 4686 874 4742 minus
913 4687 1136 4763 justum.
1165 4721 1238 4733 --
1261 4692 1321 4746 C.
1353 4694 1629 4764 Quomodo
1653 4697 1771 4768 plus
1800 4700 2038 4768 justum?
2085 4730 2156 4740 —

603 4776 668 4858 Α.
703 4776 827 4841 Plus
861 4777 1070 4847 justum
1097 4781 1462 4858 [Magiusto]
1503 4797 1590 4844 est
1636 4792 1934 4855 severitas;
1980 4793 2156 4848 minus

598 4862 744 4932 justo
778 4869 1028 4926 adulatio.
1056 4870 1201 4926 Inter
1219 4888 1340 4941 qua:
1365 4876 1467 4930 duo
1488 4877 1625 4932 mala
1646 4877 1875 4939 mediam
1896 4878 2156 4947 justitiam

605 4954 931 5019 locaverunt.
953 4957 1220 5034 Similiter
1252 4962 1392 5017 inter
1418 4966 1728 5029 versutiam,
1757 4967 2158 5022 hebetudinem-

605 5055 730 5114 que,
757 5043 1086 5114 prudentiam
1111 5063 1435 5117 posuerunt;
1465 5054 1607 5108 inter
1633 5054 1906 5110 libidinem
1934 5056 2160 5112 insensi-

604 5133 973 5205 bilitatemque
1003 5143 1350 5207 temperantia
1380 5143 1666 5201 constituta
1695 5153 1808 5212 est;
1850 5147 1992 5202 inter
2015 5145 2160 5219 timi-

608 5218 829 5279 ditatem
855 5233 910 5279 ct
937 5225 1218 5296 audaciam
1229 5228 1494 5300 fortitudo
1519 5243 1727 5302 regnat.

681 5313 744 5368 (Σ.
769 5314 908 5384 Quot
935 5318 1109 5396 modis
1142 5318 1291 5386 prius
1319 5319 1584 5391 dicimus?
1605 5324 1750 5379 ο-Δ,
1781 5324 2160 5396 Quinquenn-

611 5404 694 5459 dis
720 5406 862 5478 aliud
908 5393 1103 5492 [Edita
1127 5407 1286 5481 alius]
1331 5408 1501 5476 altero
1521 5413 1677 5482 prius
1694 5393 1917 5477 dicitur.
1939 5393 2162 5474 l’rimus

610 5503 714 5559 est,
743 5512 862 5555 cum
890 5492 1119 5576 aliquem
1149 5500 1375 5560 dicimus
1421 5512 1647 5574 tempore
1687 5504 1947 5574 priorem,
1977 5507 2029 5568 id
2053 5516 2158 5573 est,

611 5583 896 5642 seniorem.
917 5586 1192 5672 Secundus
1212 5594 1400 5649 modus
1421 5602 1504 5649 est
1524 5609 1758 5661 numero,
1773 5594 2158 5666 dumdicimus,

2251 4435 2306 4481 et
2332 4443 2434 4481 non
2462 4436 2572 4491 est;
2609 4435 2670 4479 ut
2699 4444 2712 4478 :
2749 4425 2916 4481 Homo
2941 4435 3042 4489 est,
3069 4429 3230 4482 homo
3255 4441 3361 4480 non
3389 4436 3492 4482 est.

2319 4513 2380 4569 C.
2408 4515 2546 4581 Quid
2571 4515 2624 4568 in
2648 4515 2769 4570 aliis
2797 4517 3043 4578 casibus?
3067 4546 3137 4556 —
3161 4517 3224 4570 Α.
3252 4517 3394 4571 Nihil
3421 4532 3608 4572 verum
3637 4511 3804 4589 signi-

2252 4608 2377 4662 ﬁcat
2407 4606 2586 4660 addito
2613 4614 2686 4659 est
2727 4604 2855 4677 [vel]
2886 4622 2988 4658 non
3014 4615 3108 4670 est,
3134 4607 3236 4660 nisi
3260 4607 3524 4662 addantur
3541 4606 3660 4660 alia!
3683 4619 3806 4674 par-

2253 4707 2354 4762 tes,
2377 4703 2469 4761 ut,
2499 4696 2730 4751 hominis
2755 4700 2865 4759 est,
2895 4704 2958 4749 ut
2991 4697 3232 4750 mortalis
3278 4699 3349 4750 sit
3397 4703 3454 4751 et
3502 4693 3798 4760 rationalis.

2252 4787 2406 4850 Item,
2437 4787 2636 4840 homini
2665 4794 2749 4840 est
2771 4788 2913 4846 risus
2935 4784 3208 4862 proprium
3255 4782 3801 4856 [Edit.,-propﬁetas]

2253 4875 2520 4937 accidens.
2547 4874 2624 4934 Ita
2651 4881 2708 4929 et
2729 4871 2831 4945 [in]
2862 4875 3073 4930 ueteris
3090 4874 3324 4929 casibus.
3348 4903 3416 4915 —-
3439 4873 3504 4933 Ο,
3530 4872 3661 4930 Scio
3676 4885 3810 4930 cur

2255 4965 2373 5041 dico
2405 4983 2418 5017 :
2449 4963 2740 5032 Romaest,
2768 4963 2874 5035 vel,
2901 4963 3062 5020 homo
3088 4970 3193 5018 Μ
3220 4971 3325 5029 est,
3351 4978 3540 5021 verum
3569 4977 3696 5020 use
3719 4964 3804 5020 vel

2254 5053 2466 5119 falsum.
2492 5048 2744 5113 Sedetani
2964 5053 3133 5112 Homo
3163 5049 3249 5122 vel
3272 5072 3378 5110 non
3403 5056 3599 5119 immo;
3649 5055 3806 5124 horno

2254 5145 2400 5212 enim
2421 5157 2616 5203 mea
2633 5150 2748 5214 est;
2789 5144 2887 5200 sed
2929 5143 3075 5212 quid
3097 5144 3177 5205 sit
3211 5156 3320 5203 eos
3355 5139 3514 5202 homo
3553 5143 3713 5212 velim
3741 5153 3806 5199 ut

2255 5238 2518 5296 ὤας.»-
2543 5237 2607 5292 Α.
2648 5231 2821 5296 Homo
2853 5244 3170 5302 nomen-eat,-
3198 5245 3263 5292 ut
3288 5236 3629 5298 dicina-.301.
3650 5239 3805 5299 ωηο

2256 5327 2523 5390 inii-itum
2553 5332 2888 5393 nomn-est;
2917 5328 3189 5387 hominem
3201 5328 3352 5402 enim
3365 5334 3695 5399 κεδας-ιω
3725 5333 3810 5383 ta-

2255 5418 2528 5486 neuquid
2560 5420 2631 5476 Iit
2648 5419 2915 5478 omni.
3447 5456 3450 5458 -

2325 5503 2392 5571 (ἶ.
2430 5509 2875 5588 “amatorum
2923 5508 3333 5580 Mona-{Nu
3356 5505 3814 5582 οιωωενριίοιια]

2254 5611 2610 5674 prosequere,
2634 5607 2690 5653 et
2732 5599 2996 5668 quomodo
3041 5608 3408 5669 proponantur
3455 5600 3812 5656 edissere.—
