4254 6242
1614 41 1964 53 γ-μ-έ-τ--ντντ-τ-η

2001 42 2035 49 —-—
2120 34 2945 49 m-‘bﬂvawcm
2964 32 3695 45 Wﬂaﬂwiﬂ-a_
3718 36 3775 39 ηπ

392 328 499 387 965

1433 332 1881 389 DIDASCALICA
1918 362 1991 374 -
2026 332 2115 388 DE
2152 332 2574 390 DIALECTICA.

3466 337 3623 396 ⁷966

386 443 456 499 Δ.
478 443 614 498 Aliae
640 442 803 514 igitur
818 452 945 499 sunt
961 446 1350 515 propositiones
1372 454 1812 519 argumentorum
1835 446 1952 501 uni-
1974 451 2025 507 Α
2052 445 2192 501 mala
2234 454 2343 514 est,
2387 449 2573 518 utique
2611 448 3020 519 grammaticam
3056 463 3164 505 non
3204 449 3382 521 legere
3415 418 3617 508 malum
3644 489 3651 496 ρ

384 535 656 601 versales;
714 535 832 590 alixe
881 538 1267 605 particulam,
1296 539 1414 595 alia
1462 540 1795 612 singulares,
1830 539 1949 595 alia:

386 626 697 685 indiﬁlnitae.
727 661 799 673 —
825 627 886 682 (λ.
916 631 1119 687 Harum
1147 633 1486 709 singularum.
1527 633 1771 702 exempla
1819 646 1950 701 pro-

385 717 490 778 fer.
514 753 588 766 —-
608 726 673 780 Α.
705 724 1049 783 Universales
1073 732 1228 790 sunt,
1250 732 1311 779 ut
1330 765 1344 791 ,
1375 724 1557 780 Omnis
1598 724 1751 779 homo
1771 723 1951 796 justus

384 826 483 884 est,
508 817 593 874 vel
622 836 636 849 ·
662 816 851 873 Omnis
889 818 1042 871 homo
1070 812 1299 887 injustus'
1334 825 1427 870 est.
1456 815 1837 880 Particulares,
1866 822 1949 879 ut,

387 903 618 973 Quidam
643 907 798 962 homo
810 907 990 979 justus
1016 915 1112 973 est,
1140 905 1224 959 vel
1248 923 1262 960 :
1285 905 1512 971 Quidam
1538 907 1692 959 homo
1720 905 1950 975 injustas

383 1005 480 1049 est.
508 994 841 1065 Singulares,
872 1005 951 1060 ut,
982 995 1240 1051 Homerus
1260 995 1437 1065 justus
1457 1004 1561 1060 est,
1590 994 1675 1048 vel
1710 1013 1722 1048 :
1757 993 1951 1048 Home-

384 1101 474 1140 rus
511 1070 760 1157 iniustus.
810 1086 1145 1153 lndiﬁinitaa,
1170 1095 1257 1153 ut,
1284 1085 1451 1140 Homo
1471 1085 1652 1156 justus
1696 1096 1791 1151 est,
1813 1084 1900 1139 vel
1931 1103 1946 1138 :

387 1174 563 1232 Homo
592 1178 822 1247 injustas
850 1188 947 1233 est.

456 1265 519 1322 ε.
546 1266 823 1335 Quomodo
851 1269 934 1323 hat
971 1268 1305 1339 appellantur
1346 1267 1743 1338 propositiones
1788 1281 1949 1336 argu-

382 1359 730 1431 mentorum?
759 1388 829 1400 -—
856 1358 919 1414 Α.
950 1360 1045 1415 Hae
1068 1348 1212 1415 enim
1260 1367 1384 1414 sunt
1434 1358 1721 1429 simplices,
1749 1367 1805 1414 et
1850 1374 1948 1428 ap-

383 1448 654 1521 pellantur
702 1452 1055 1521 categoricae,
1095 1452 1149 1507 id
1199 1459 1308 1516 est,
1349 1451 1723 1521 praedicativaa.
1769 1482 1841 1492 —
1880 1450 1943 1506 ο.

386 1537 541 1595 Unde
566 1540 818 1596 dicuntur
847 1541 1238 1611 praedicativaz?
1271 1571 1343 1581 ——
1366 1540 1431 1595 Α.
1458 1540 1593 1608 Quia
1619 1541 1780 1595 homo
1821 1542 1948 1596 sub-

336 1634 364 1662 π’
384 1630 580 1686 stantia
608 1640 724 1698 est,
746 1632 957 1713 iustitia
992 1635 1268 1705 accidens;
1314 1643 1369 1689 et
1405 1636 1729 1705 praedicatur
1756 1636 1826 1713 de
1848 1636 1946 1691 ho-

382 1722 547 1777 mine.
588 1752 660 1763 —
697 1721 758 1777 C.
806 1710 945 1791 Quid
982 1736 1066 1779 est
1109 1724 1249 1780 inter
1290 1726 1557 1780 hominem
1604 1735 1659 1780 et
1704 1710 1940 1795 justum;

380 1801 558 1869 nonne
584 1821 711 1868 sunt
733 1812 840 1869 duo
867 1814 1102 1880 nomina,
1122 1812 1200 1886 [et
1221 1816 1324 1871 duo
1346 1814 1772 1887 termini]?—A.
1806 1814 1944 1870 Sunt

380 1903 527 1958 enim
550 1903 656 1958 duo
677 1904 892 1959 nomina
922 1914 977 1959 et
1001 1905 1108 1960 duo
1131 1906 1378 1971 termini;
1406 1906 1459 1961 e't
1487 1902 1944 1977 terminus'major

378 1992 447 2046 de
472 1993 704 2050 termino
731 1996 928 2051 minori
964 1996 1306 2066 praedicatur.
1330 2027 1403 2038 —
1440 1995 1501 2052 ϐ.
1534 1997 1849 2065 Quomodo?
1874 2030 1945 2039 —

378 2082 444 2137 Α.
465 2080 679 2139 Justitia
704 2085 847 2140 enim
878 2087 944 2142 de
966 2087 1184 2145 homine
1220 2087 1563 2158 praedicatur,
1590 2099 1647 2144 et
1674 2090 1838 2146 homo
1862 2098 1946 2146 est

378 2172 556 2229 minor
588 2175 870 2231 terminus.
904 2176 1035 2243 Non,
1054 2178 1199 2234 enim
1240 2182 1307 2235 de
1334 2179 1451 2235 solo
1478 2180 1717 2248 homine,
1743 2181 1836 2237 sed
1878 2182 1945 2237 de

378 2260 491 2319 Deo
517 2271 573 2320 et
606 2264 810 2337 angelis
846 2266 1055 2337 iustitia
1100 2267 1453 2338 praedicatur;
1498 2278 1560 2324 et
1608 2270 1729 2324 ideo
1773 2268 1945 2345 major

377 2355 641 2411 terminus
657 2354 869 2425 iustitia
898 2365 983 2413 est
1018 2373 1177 2428 quam
1204 2359 1394 2424 homo,
1424 2359 1548 2429 quia
1597 2359 1758 2414 latius
1795 2367 1944 2429 patet

378 2442 561 2516 [Hss.',
586 2445 788 2520 vadit];
820 2455 876 2503 et
896 2448 1059 2505 homo
1086 2448 1361 2519 subjectus
1384 2458 1468 2505 est
1482 2449 1738 2520 iustitiae;
1761 2457 1815 2504 et
1837 2449 1943 2503 mi-

375 2551 478 2591 nor
506 2539 767 2594 termi'nns
803 2539 1077 2610 subjectus
1119 2540 1347 2607 dicitur;
1399 2540 1603 2609 major,
1635 2540 1760 2609 quia
1788 2538 1939 2611 [HS-3

374 2625 491 2698 qui]
525 2626 686 2684 latius
725 2629 898 2696 vadit,
943 2630 1266 2699 praedicatus
1310 2631 1575 2688 terminus
1614 2629 1830 2683 dicitur.
1872 2658 1944 2668 —

374 2712 437 2769 C.
457 2714 651 2771 Mirum
674 2716 804 2772 mihi
825 2724 925 2783 est,
941 2720 1210 2788 quomodo
1229 2720 1478 2775 accidens
1497 2717 1671 2787 major
1687 2719 1761 2773 sit
1780 2734 1941 2789 quam

374 2806 694 2864 substantia.
738 2839 811 2852 —
838 2810 902 2863 Α.
937 2808 1075 2879 Quid
1102 2810 1267 2875 enim,
1296 2808 1515 2865 candela
1552 2806 1637 2864 vel
1681 2809 1793 2875 lux,
1819 2824 1943 2879 quae

374 2898 444 2955 de
469 2900 690 2955 candela
712 2902 929 2968 emicat,
953 2901 1124 2972 major
1151 2901 1237 2957 vel
1265 2901 1489 2956 melior?
1513 2897 1574 2955 ϐ.
1600 2899 1798 2971 Utique
1822 2900 1936 2955 lux.

377 3017 445 3030 —
470 2990 535 3043 Α.
580 2989 767 3047 Nonne
794 2992 885 3046 lux
911 2992 1160 3048 accidens
1201 2999 1285 3047 est
1326 2990 1581 3060 candelae,
1620 2999 1676 3046 et
1716 2990 1941 3047 candela

358 3077 674 3132 substantia
703 3080 820 3133 est?
844 3110 917 3119 —
1031 3080 1148 3180 Est:
1169 3087 1225 3134 et
1251 3094 1499 3180 agnosco.
1517 3080 1572 3133 in
1596 3094 1661 3180 eo
1686 3080 1935 3180 accidens
1961 3117 2009 3180 ο

377 3180 534 3236 posse
563 3181 684 3222 esse
707 3167 1011 3223 substantia
1034 3168 1225 3241 melius
1265 3175 1323 3225 et
1359 3167 1552 3238 majus.
1600 3167 1713 3224 Sed.
1748 3183 1936 3239 prose-

373 3270 541 3327 quere
568 3265 783 3313 caetera.
902 3248 905 3249 ⁷
1428 3305 1436 3314 .

346 3408 347 3411 η
444 3346 510 3401 Α.
540 3346 679 3404 Sunt
702 3344 868 3404 enim
920 3349 1039 3404 alia
1078 3348 1475 3421 propositiones
1498 3360 1938 3431 argumentorum

374 3435 753 3506 hypotheticae,
779 3438 834 3495 id
861 3448 959 3503 est,
988 3440 1396 3496 conditiohales.
1444 3472 1515 3481 —
1556 3440 1616 3497 Ο.
1658 3442 1938 3510 Quomodo

372 3526 763 3584 conditionales
773 3530 866 3583 9—
879 3530 943 3583 Α.
967 3529 1173 3597 Quibus
1205 3530 1443 3587 conditio
1469 3532 1651 3603 aliqua
1680 3535 1937 3604 supponi-

308 3679 312 3683 _
376 3622 503 3681 tur;
525 3624 582 3671 et
606 3627 732 3672 sunt
761 3613 1015 3688 duplices,
1045 3620 1149 3674 hoc
1174 3620 1358 3693 modo,
1388 3628 1459 3676 ut
1478 3618 1665 3676 Omnis
1685 3623 1862 3691 homo,
1891 3625 1938 3679 si

375 3704 541 3760 bonus
576 3716 672 3773 est,
693 3707 872 3777 justus
898 3717 1005 3773 est;
1036 3709 1109 3763 ita
1144 3703 1361 3765 tandem
1391 3704 1573 3785 justus
1610 3712 1695 3766 est
1738 3712 1933 3777 homo,

379 3796 425 3853 si
452 3797 747 3863 bonitatem
793 3799 974 3853 habet.
1001 3798 1134 3854 Item
1166 3818 1180 3853 :
1212 3794 1498 3865 Culum,“
1529 3794 1811 3878 rotundum
1840 3809 1936 3869 est,

362 3888 599 3961 _oolubile
629 3898 739 3955 est;
779 3889 853 3944 ita
893 3885 1108 3945 tandem
1137 3887 1381 3963 [Caelum]
1408 3878 1627 3949 volubile
1650 3898 1745 3957 est,
1777 3891 1823 3945 si
1853 3906 1940 3945 ro—

376 3976 773 4047 uwmm.’
954 3996 959 4002 ε
1278 3996 1283 4001 ο
1379 3964 1418 3994 ’λ
1588 4002 1593 4009 ~

449 4066 609 4141 345
646 4065 706 4123 C.
746 4063 845 4122 "An
874 4064 1115 4127 fnecesse
1166 4076 1269 4135 est,
1313 4078 1379 4124 ut
1432 4071 1616 4142 priora
1675 4068 1938 4143 repetam,

378 4176 545 4216 unum
567 4160 856 4215 terminum
880 4158 1138 4227 majorem
1160 4171 1301 4226 esse,
1323 4160 1552 4216 alterum
1576 4161 1943 4218 minorem?—

379 4252 446 4308 Α.
469 4251 620 4317 Non,
648 4252 774 4322 quia
815 4264 959 4321 sepe
993 4251 1191 4306 accidit
1228 4250 1460 4321 aequales
1494 4248 1617 4307 esse
1659 4251 1952 4319 terminos,

374 4348 460 4407 ut,
483 4340 636 4396 homo
663 4340 876 4395 n'sibilis
908 4348 1001 4394 est.
1051 4338 1187 4394 Nam
1222 4338 1327 4394 alia
1356 4346 1550 4394 natura
1587 4338 1809 4395 risibilis
1834 4354 1942 4396 non

380 4435 499 4494 est,
545 4429 652 4483 nisi
702 4430 894 4494 homo;
948 4443 1051 4483 nec
1094 4428 1255 4483 latins
1283 4427 1503 4484 risibills
1526 4428 1676 4485 vadit
1728 4426 1939 4501 [exten-

380 4513 569 4588 ditur],
594 4515 700 4571 nisi
725 4515 791 4569 ad
812 4517 1085 4572 hominem
1116 4508 1309 4571 solum.

449 4602 511 4661 ο.
540 4604 819 4673 Quomodo
858 4596 1089 4662 discerni
1120 4612 1362 4676 possunt,
1394 4621 1514 4677 quau
1557 4607 1666 4663 sint
1707 4607 1940 4678 aequales

382 4697 465 4755 vel
507 4694 921 4766 inaequalesi—
940 4696 1005 4749 Α.
1034 4694 1202 4763 Quod
1234 4697 1465 4766 aequales
1507 4698 1784 4767 aequaliter
1829 4699 1939 4754 cir-

383 4787 645 4859 cumverti
689 4792 935 4857 possunt,
978 4784 1083 4840 hoc
1122 4783 1318 4839 modo:
1348 4783 1629 4855 Quidquid
1662 4786 1815 4841 homo
1840 4795 1937 4855 est,

382 4868 578 4933 risiﬁie
612 4887 717 4945 est;
763 4886 825 4934 et
854 4875 1121 4948 Quidquid
1139 4875 1350 4930 'risibile
1376 4882 1471 4939 est,
1504 4874 1657 4929 homo
1690 4884 1786 4931 est.
1827 4876 1939 4933 Nec

384 4967 463 5022 sic
509 4955 800 5035 iumqtiales
836 4966 1179 5022 circnmverti
1226 4970 1476 5035 possunt,
1529 4969 1623 5027 ut,
1672 4954 1938 5035 Quidquid

384 5056 537 5110 homo
562 5055 649 5119 sit,
675 5046 878 5123 justum
900 5056 1003 5119 sit;
1038 5053 1125 5108 vel
1154 5052 1416 5125 Quidquid
1433 5053 1638 5122 justum
1666 5053 1753 5119 sit,
1784 5053 1938 5109 tanta

384 5144 472 5199 sit.

455 5232 515 5295 C.
543 5231 820 5301 Quomodo
851 5228 1102 5299 quaelibet
1133 5243 1226 5286 res
1260 5233 1347 5286 his
1366 5230 1709 5301 argumentis
1735 5230 1937 5285 conﬁr-

388 5324 526 5380 mari
547 5324 724 5394 potest
760 5320 1082 5376 ant'destrui
1101 5320 1127 5373 ’ἒ
1149 5346 1217 5361 --
1237 5319 1300 5374 Α.
1331 5320 1445 5377 Hoc
1471 5321 1631 5375 modo
1657 5336 1673 5373 :
1704 5318 1765 5375 Si
1792 5321 1940 5375 omni

390 5412 594 5469 homini
635 5418 786 5467 recte
830 5409 979 5481 idqui
1016 5409 1215 5463 bonum
1256 5413 1375 5476 est,
1428 5412 1544 5465 tum
1590 5412 1942 5481 grammatica

393 5504 530 5559 bona
555 5504 658 5557 est.
697 5498 839 5557 Nulli
862 5500 1080 5556 dubium
1108 5506 1214 5563 est,
1240 5500 1368 5568 quin
1392 5506 1541 5555 recte
1570 5499 1717 5569 loqui
1744 5497 1942 5569 bonum

393 5598 503 5657 est;
532 5588 716 5660 utique
741 5590 1091 5662 grammatica
1109 5586 1249 5643 bona
1276 5596 1387 5654 est;
1415 5590 1540 5658 quia
1567 5589 1947 5658 rectiloquium

397 5682 513 5738 siue
530 5682 880 5757 grammatica
902 5692 1022 5739 esse
1048 5692 1151 5734 non
1176 5684 1371 5748 potest.
1400 5678 1567 5735 item:
1590 5678 1646 5735 Si
1672 5672 1947 5738 rusticitas

2050 546 2154 604 est,
2184 539 2311 609 quia
2339 540 2514 596 omnis
2540 540 2701 595 homo
2747 540 2949 611 absque
2994 544 3344 613 grammatica
3380 545 3619 621 rusticus

2050 640 2152 688 est.
2184 632 2317 688 Item
2351 651 2365 686 :
2397 633 2453 689 Si
2491 635 2669 689 omnis
2700 634 2967 704 sapientia
2988 636 3127 690 bona
3154 643 3259 701 est,
3287 636 3474 707 utique
3500 637 3623 707 phi-

2050 722 2292 793 losOpbia
2321 723 2461 779 bona
2484 733 2585 787 est,
2611 724 2737 794 quia
2757 724 3092 795 philosophia
3119 740 3327 781 summa
3353 728 3619 797 sapientia

2049 823 2152 868 est.
2182 813 2249 867 Et
2272 814 2324 868 hi
2351 821 2476 868 sunt
2496 814 2790 887 syllogismi
2820 814 3224 871 conditionalcs.

2120 900 2181 956 Ε.
2228 902 2296 957 Ει
2323 905 2415 974 qui
2448 914 2573 959 sunt
2598 900 3058 974 prmdicativii—
3080 904 3144 958 Α.
3173 906 3274 974 Qui
3303 906 3621 979 simpliciter

2050 991 2255 1046 vadunt
2275 992 2405 1065 [Αι.,
2428 993 2722 1066 constant],
2759 994 2862 1049 hoc
2890 996 3154 1060 modo,'ut
3182 1036 3197 1050 .
3226 997 3393 1052 Omne
3407 1000 3615 1068 justum

2048 1082 2351 1149 honestum;
2394 1100 2542 1138 omne
2582 1085 2853 1139 honestum
2887 1086 3107 1140 bonum:
3146 1104 3296 1142 omne
3324 1090 3490 1158 igitur
3518 1090 3617 1159 ju-

2047 1182 2183 1226 stum
2210 1173 2418 1229 bonum.
2465 1174 2596 1242 Haec
2637 1174 2827 1248 [enim]
2872 1178 3195 1233 universalia
3241 1179 3615 1236 conﬁrmativa
3712 1195 3720 1201 '

2048 1264 2326 1331 dicuntur;
2362 1267 2489 1337 quia
2526 1267 2903 1322 universaliter
2949 1268 3306 1335 cont-luditur,
3336 1284 3497 1324 omne
3520 1272 3612 1340 ju-

2047 1363 2192 1411 stum
2236 1357 2435 1412 bonum
2473 1373 2614 1414 esse.
2667 1359 2799 1413 item
2827 1376 2841 1413 :
2874 1358 3039 1413 Omne
3075 1356 3281 1426 justum
3309 1362 3616 1426 honestum;

2046 1446 2250 1501 nullum
2275 1448 2547 1503 honestum
2576 1458 2759 1519 turpe;
2787 1447 2988 1503 nullum
3019 1434 3182 1521 igitur
3212 1451 3419 1520 justum
3442 1461 3615 1522 turpe.

2046 1536 2145 1592 llic
2184 1538 2328 1593 enim
2364 1553 2433 1593 ex
2460 1539 2751 1613 universali
2778 1538 3130 1595 affirmatione
3158 1542 3351 1611 transit
3378 1540 3447 1596 ad
3491 1540 3617 1595 uni-

2046 1629 2309 1684 versalem
2345 1632 2708 1701 negationem,
2737 1638 2795 1686 et
2845 1631 3129 1685 confirmat
3167 1631 3370 1686 nullum
3406 1629 3615 1698 justum

2044 1713 2165 1772 es‘se
2190 1726 2365 1788 turpe.
2393 1718 2525 1773 item
2554 1736 2567 1772 :
2593 1717 2869 1784 Quoddam
2887 1719 3093 1789 justum
3120 1722 3425 1785 honestum;
3466 1737 3620 1775 omne

1974 1785 2019 1844 Β
2047 1785 2318 1863 honestum
2369 1808 2524 1875 utile;
2569 1808 2831 1880 quoddam
2876 1785 3036 1879 igitur
3068 1809 3274 1879 justum
3319 1809 3465 1865 utile.
3519 1810 3619 1865 Hic

2043 1897 2460 1966 particular-iter-
2489 1897 2723 1953 aliirmat
2748 1899 3016 1967 quoddam
3052 1897 3258 1967 justum
3299 1900 3432 1956 utile
3472 1916 3609 1957 esse.

2042 1987 2207 2042 Item:
2233 1987 2511 2053 Quoddam
2532 1990 2739 2063 justum
2775 1991 3080 2054 honestum;
3111 1989 3314 2044 nullum
3340 1990 3615 2046 honestum

2043 2084 2227 2146 turpe;
2278 2076 2541 2148 quoddam
2585 2077 2749 2146 igitur
2782 2077 2985 2146 justum
3031 2094 3135 2131 non
3178 2088 3253 2132 est
3287 2088 3455 2150 turpe.
3514 2079 3617 2137 Hic

2043 2181 2258 2248 quoque
2321 2166 2720 2237 particulariter
2776 2182 2876 2236 per
2937 2170 3281 2239 negationem
3347 2168 3616 2238 aﬁirmat,

2042 2256 2309 2327 quoddam
2338 2254 2543 2324 justum
2584 2272 2692 2313 non
2723 2273 2842 2313 esse
2868 2266 3042 2328 turpe.
3086 2259 3289 2315 Horum
3325 2262 3470 2316 enim
3499 2263 3643 2335 syl-.
3763 2266 3768 2271 ”

2042 2347 2390 2418 logismorum
2418 2347 2601 2401 multa
2627 2356 2754 2403 sunt
2780 2350 3006 2419 species.
3037 2348 3144 2405 Sed
3174 2351 3291 2407 haec
3319 2351 3472 2424 [Hs.,
3500 2353 3609 2428 hae]

2040 2439 2107 2493 ad
2134 2448 2371 2509 praesens
2400 2436 2668 2493 sulliciant
2702 2438 2769 2494 ad
2796 2442 3229 2510 cognoscendum
3272 2444 3612 2501 universales

2040 2535 2097 2583 et
2129 2529 2488 2599 particulares
2533 2528 2909 2586 conclusiones
2957 2532 3011 2586 in
3052 2530 3369 2590 allii-mando
3412 2543 3468 2590 et
3502 2550 3603 2591 ne-

2039 2622 2233 2691 gando.

2110 2708 2172 2763 C.
2200 2710 2442 2776 Qualiter
2485 2710 2830 2782 syllogismus
2874 2710 3066 2767 conﬁci
3113 2714 3405 2778 debet?-,-
3425 2717 3490 2771 A'.
3530 2714 3614 2773 Ex

2039 2800 2213 2856 tribus
2238 2802 2533 2871 smpissime
2555 2803 2846 2869 membris;
2887 2803 2959 2858 ita
2988 2805 3144 2861 ut‘ex
3172 2807 3380 2863 duabus
3416 2809 3610 2878 primis

2038 2891 2493 2961 propositionibus
2536 2893 2698 2947 tertia
2744 2892 3063 2948 conﬁciatur
3100 2896 3395 2952 conclusio.
3451 2897 3521 2953 Ut
3563 2898 3611 2953 si

2038 2987 2331 3050 queratur,
2377 2996 2446 3035 an
2490 2982 2717 3038 castitas
2764 2981 2912 3039 utilis
2953 2983 3042 3048 sit,
3087 2982 3375 3041 dicamus:
3425 2985 3612 3042 Omnis

2040 3069 2203 3124 uirtus
2242 3071 2386 3125 utilis
2412 3081 2522 3137 est;
2564 3075 2779 3128 castitas
2823 3084 2997 3129 autem
3041 3076 3206 3130 uirtus
3251 3087 3328 3129 est
3352 3089 3372 3127 :
3396 3077 3611 3131 castitas

2038 3158 2202 3228 igitur
2223 3159 2370 3221 utilis
2407 3169 2504 3214 est.
2542 3160 2625 3215 Eu
2655 3162 2886 3216 utilitate
2924 3164 3088 3234 igitur
3126 3171 3181 3218 et
3204 3163 3405 3219 virtute
3438 3168 3614 3236 quod-

1940 3308 1943 3311 _
2036 3240 2162 3302 dam
2196 3250 2415 3304 tertium
2443 3250 2714 3322 colligitur
2746 3259 2802 3307 et
2827 3255 3136 3309 necessario
3164 3254 3519 3324 concluditur,
3547 3264 3613 3313 ut

2037 3340 2261 3395 castitas
2284 3340 2433 3396 utilis
2459 3341 2552 3396 sit.

2625 3429 2853 3491 CAPUT
2890 3433 3025 3491 XIII.

2458 3538 2524 3577 BI
2562 3538 2722 3579 .0018
2767 3538 3192 3579 ωιτηητιοιιωι.

2108 3619 2170 3674 ε.
2212 3617 2369 3676 Modo
2430 3620 2574 3676 enim
2634 3621 2921 3677 velim-ut
2978 3622 3356 3679 diﬁlnitionnm
3417 3627 3607 3685 modos

2038 3716 2095 3761 et
2120 3708 2411 3764 divisiones
2452 3708 2705 3765 enuclees
2728 3711 2884 3765 mihi.
2915 3711 2983 3767 Et
3005 3712 3239 3781 primum
3268 3715 3452 3781 dicito,
3478 3717 3606 3788 quid

2038 3800 2112 3854 sit
2159 3796 2538 3854 diiﬁnitio?——
2581 3800 2645 3855 Α.
2675 3799 2933 3857 Dilﬁnitio
2978 3810 3062 3858 est
3098 3806 3277 3860 oratio
3320 3807 3501 3864 brevis
3550 3815 3608 3865 et

2038 3887 2215 3944 lucida
2255 3887 2373 3957 ejus
2413 3890 2491 3945 rei
2529 3891 2596 3946 de
2633 3906 2738 3962 qua
2776 3893 3055 3963 quaeritur,
3094 3903 3343 3952 naturam
3380 3899 3450 3954 ab
3489 3900 3611 3957 aliis

2040 3980 2203 4037 rebus
2219 3981 2445 4037 divisam
2472 3982 2691 4052 propria
2732 3982 3126 4052 signiﬁcatione
3170 3988 3513 4046 concludens.
3538 4018 3613 4032 -

2040 4073 2100 4130 C.
2130 4073 2412 4147 Quomodo
2438 4074 2555 4129 hiec
2579 4074 2853 4143 incipere
2879 4074 3038 4130 debet
3064 4070 3197 4147 [vel]
3224 4075 3366 4132 ﬁniri
3397 4076 3606 4149 '[Edit.,

2039 4157 2482 4239 dilllniri].-"A_.
2507 4153 3110 4215 Primum'enim'hnne
3146 4172 3246 4230 per
3283 4162 3607 4221 immensum

2040 4243 2184 4302 tendi
2210 4252 2449 4314 oportet,
2475 4245 2826 4316 incipientem
2872 4263 2902 4302 a
2931 4260 3160 4318 genere,
3192 4250 3389 4306 dehinc
3420 4251 3609 4322 paula-

2038 4336 2137 4389 tim
2182 4336 2451 4391 currendo
2495 4350 2592 4406 per
2623 4344 2809 4406 partes
2848 4337 3100 4395 devenire
3134 4338 3295 4399 debet
3330 4328 3405 4397 ad
3435 4342 3509 4410 id,
3550 4344 3610 4401 lu

1963 4450 2015 4511 υ
2042 4443 2153 4498 quo
2170 4427 2343 4483 solum
2369 4438 2452 4484 est
2480 4428 2555 4495 id,
2584 4431 2729 4500 quod
2765 4429 3052 4487 diﬁlnitum
3080 4440 3165 4488 est
3186 4450 3199 4485 :
3224 4442 3284 4488 ut
3319 4432 3374 4487 hi
3405 4433 3500 4503 qui
3532 4434 3610 4489 si-

2038 4532 2141 4587 gna
2176 4517 2444 4586 formant,
2476 4520 2655 4590 primo
2690 4520 3015 4579 immensum
3049 4523 3149 4580 sibi
3188 4522 3429 4596 deligunt
3465 4522 3607 4593 lapi-

2039 4608 2183 4674 dem,
2212 4609 2404 4665 dehinc
2430 4609 2688 4680 paulatim
2725 4612 3015 4668 minuendo
3037 4621 3093 4668 et
3118 4614 3481 4670 abscindeudo
3515 4626 3611 4670 su-

2038 4698 2241 4768 perﬂua
2270 4700 2339 4754 ad
2367 4699 2680 4754 formandos
2714 4698 2893 4772 vultus
2916 4704 2972 4755 et
2997 4702 3238 4756 membra
3264 4697 3603 4773 perveniunt'.

2040 4782 2132 4839 Sic
2172 4784 2420 4841 ditilultio
2466 4797 2498 4837 a
2527 4786 2737 4853 genere
2764 4783 3047 4853 incipiens,
3088 4784 3307 4857 depulsa
3347 4786 3607 4856 paulatim

2042 4877 2391 4947 generalitate
2425 4876 2714 4931 verborum
2754 4874 2822 4931 ad
2857 4877 3137 4946 proprium
3174 4876 3607 4936 demonstranda:

2042 4967 2121 5022 rei
2147 4968 2325 5023 cubile
2351 4966 2522 5023 tendit
2548 4960 2826 5023 accedere.

2113 5055 2176 5111 σι
2207 5056 2282 5110 Da
2305 5055 2713 5127 exemplum.-
2734 5056 2799 5111 Α.
2828 5056 3005 5113 Hm
3042 5063 3119 5111 est
3157 5055 3452 5112 substantia
3488 5056 3609 5113 ani-

2042 5153 2207 5211 mata,
2235 5142 2530 5209 rationalis,
2562 5143 2821 5209 mortalis,
2843 5145 2982 5199 risus
3013 5153 3204 5226 caput:
3241 5144 3284 5198 Δ
3322 5144 3610 5203 latitudine

2042 5232 2347 5289 substantiis
2370 5230 2564 5303 primo
2589 5234 2711 5289 hac
2744 5231 2938 5301 incipit
2959 5230 3247 5301 dillinltio;
3276 5236 3411 5304 quia
3430 5243 3435 5249 '
3452 5238 3607 5305 quid

2041 5322 2169 5392 quid
2207 5330 2523 5377 namrarum
2558 5329 2666 5389 est,
2693 5320 2994 5378 substantia
3021 5320 3129 5378 dici
3164 5330 3366 5393 potest.
3404 5323 3609 5382 Deinde

2039 5411 2171 5467 dicit
2202 5411 2479 5467 hominem
2514 5410 2867 5471 substantiam
2908 5413 3229 5477 nun-utsin;
3257 5413 3317 5467 in
3344 5424 3433 5476 eo,
3461 5415 3609 5483 quad

2041 5493 2174 5554 dicit
2226 5498 2541 5566 animusut,
2568 5498 2943 5556 secernitum
2971 5496 3043 5554 ab
3065 5500 3151 5555 his
3180 5514 3300 5570 qua
3347 5501 3604 5569 animum,
3656 5496 3659 5497 ⁷

2044 5589 2213 5643 id'est
2236 5588 2561 5656 vitam,-uon
2598 5588 2815 5644 habent.
2856 5585 2915 5659 in
2955 5596 3039 5653 eo,
3065 5588 3209 5659 quod
3251 5588 3403 5655 dicit,
3435 5593 3606 5645 ratio-

2047 5680 2207 5748 nalis,
2246 5689 2491 5753 segregat
2524 5694 2643 5737 eam
2678 5677 2750 5733 sb
2771 5676 3021 5733 omnibus
3060 5677 3326 5735 rationem
3346 5693 3465 5737 non
3511 5680 3615 5736 ba-v'
