4266 6204
570 318 671 374 967

576 428 841 486 bentibus.
874 422 932 476 In
968 434 1051 483 eo,
1076 413 1227 485 'quod
1266 413 1414 473 dicit,
1458 405 1717 468 mortalis,

576 514 810 588 separat]
848 526 969 566 eum
996 510 1060 562 ab
1083 504 1302 575 angelis,
1326 500 1418 570 qui
1448 513 1554 552 non
1582 494 1901 549 moriuntur.
1951 487 2018 541 Et

577 578 818 678 pervenit
848 600 913 653 ad
942 596 1320 667 proprietatem
1369 585 1620 649 hominis,
1650 582 1831 645 idest,
1858 578 1992 631 risus
2035 590 2125 627 ca—

578 677 703 767 pax,
726 689 862 763 quod
893 688 1058 743 solius
1084 692 1167 738 est
1189 677 1440 736 hominis.

1059 819 1219 891 35.6
1254 811 1475 872 CAPUT
1512 805 1646 867 xw.

868 976 871 977 ν
945 952 1010 992 οε
1048 945 1321 990 8ΡΕο1ΕΒΗ8
1356 936 1771 983 υιιτιΝιτιοδυκ.

561 1080 563 1082 ·
655 1054 713 1109 C.
740 1053 879 1120 Quot
904 1048 1108 1119 species
1134 1054 1259 1099 sunt
1292 1032 1701 1099 diﬂinitionum?
1719 1061 1791 1072 —
1900 1023 2133 1120 (ininde

587 1147 711 1201 cim.
749 1112 852 1197 sed
891 1112 1006 1193 alia:
1042 1151 1109 1190 ex
1148 1134 1233 1188 his
1263 1131 1331 1185 ad
1364 1126 1667 1183 dialecticos
1700 1118 1985 1189 pertinent,
2016 1112 2134 1166 alia:

588 1234 655 1289 ad
692 1233 950 1286 rhetores.
974 1223 1127 1279 —-\C.
1159 1220 1279 1274 Illas
1325 1214 1555 1269 maxime
1591 1209 1744 1262 velim
1771 1205 1975 1267 audire,
2018 1212 2136 1268 quae

590 1322 757 1391 magis
781 1319 848 1373 ad
871 1313 1178 1370 dialecticos
1216 1306 1507 1378 pertinent.
1528 1328 1600 1342 ——
1620 1299 1685 1351 Α.
1713 1297 1809 1351 Est
1827 1293 1969 1349 enim
1993 1289 2138 1360 prin-

589 1385 777 1480 cipalis
802 1404 1062 1467 ditiin‘itio,
1090 1415 1205 1470 qua:
1233 1394 1584 1452 substantiam
1610 1385 1891 1457 cujuslibet
1935 1390 2141 1436 naturie

591 1472 819 1572 propriae
869 1486 1325 1565 [Mss.,‘pr0prie]
1372 1486 1728 1543 demonstrat,
1761 1491 1865 1546 qua
1910 1472 2141 1528 maxime

592 1561 889 1664 philosophi
918 1591 1157 1643 utuntur,
1189 1586 1246 1633 ut
1272 1597 1285 1630 :
1314 1576 1483 1630 Homo
1508 1580 1592 1628 est
1620 1568 1817 1624 animal
1862 1561 2138 1654 rationale,

591 1644 852 1743 mortale,
901 1688 1089 1731 sensus
1131 1667 1525 1738 disciplin-aeque
1572 1675 1773 1730 capax;
1833 1644 1949 1710 hzec
2001 1652 2146 1706 enim

1371 276 1530 351 e.‘r.
1569 273 1802 348 animi
1830 286 1960 342 seu
1999 279 2272 338 ALCUINI
2312 273 2594 335 orsum!
2630 272 2808 328 ms
2846 270 2934 326 vn

1751 400 1937 457 dividit
1982 395 2115 468 [Al.,
2144 397 2190 453 Δ
2287 392 2417 446 Item
2455 388 2698 459 quiedam
2732 382 2971 440 dilIlnitio
3005 385 3089 436 est
3115 377 3268 449 quasi
3297 376 3449 447 juxta
3488 374 3767 436 rationem,

2043 486 2122 540 sic
2220 483 2272 538 id
2298 489 2400 545 est,
2428 494 2548 534 cum
2573 477 2790 546 majoris
2820 474 2897 528 rei
2924 470 3142 526 nomine
3172 466 3301 540 [Αι.,
3325 467 3380 521 in
3406 461 3643 537 homine]
3668 462 3771 517 ml-

2219 587 2320 624 nor
2355 584 2442 623 res
2476 566 2805 629 ostenditur;
2853 570 2932 627 ut,
2972 560 3145 614 Homo
3181 565 3265 611 est
3302 556 3477 610 minor
3512 552 3772 617 mundus;

2221 669 2277 715 et
2300 676 2313 711 :
2336 658 2580 713 Edictum
2612 664 2693 709 est
2712 653 2798 707 lex
2823 664 2997 705 annua
3014 645 3150 721 {Al.,
3178 643 3385 715 animi].

3664 258 3769 314 968

2293 704 2820 812 Evangelii—pini
2850 704 3148 795 disieciicae'
3176 734 3311 789 artis
3332 704 3415 787 hic
3438 704 3778 787 diliiiiitiones

2224 836 2461 893 maxime
2491 832 2776 906 iungendae
2800 831 2958 887 sunt?
2974 856 3047 870 ο-
3063 829 3125 882 Α.
3159 824 3391 895 Topicis.

2812 960 3039 1017 CAPUT
3074 958 3190 1013 XV.

2842 1090 2906 1128 ne
2930 1062 3169 1127 remis.

2238 1198 2247 1201 ’
2302 1193 2362 1248 C.
2392 1193 2520 1261 Quae
2550 1198 2672 1246 sunt
2696 1175 3015 1257 Topica'lm
3037 1182 3574 1259 AaArgumentorum
3609 1176 3783 1241 sedes,

2236 1286 2410 1340 fontes
2456 1296 2728 1345 sensuum,
2773 1277 3007 1347 origines
3052 1267 3542 1328 dictionum—0.
3568 1268 3624 1323 ιη
3654 1276 3789 1338 quot

2238 1376 2441 1445 species
2483 1373 2789 1429 dividuntur
2826 1368 3127 1437 tepicorum
3171 1359 3790 1432 argumentationes?—

2238 1466 2303 1518 Α.
2333 1464 2671 1532 Topicorum,
2698 1458 2751 1513 id
2775 1466 2876 1521 est,
2902 1454 3151 1520 localium
3180 1448 3569 1522 argumentatio
3596 1447 3789 1516 triplex

2241 1538 2522 1621 es't,'quia'
2555 1556 2680 1605 sunt
2714 1554 3045 1616 argumenta,
3083 1549 3175 1596 aut
3216 1541 3270 1594 in
3315 1540 3429 1609 ipso
3460 1537 3694 1608 negotio,
3726 1537 3792 1591 de

2243 1657 2349 1712 quo
2376 1642 2574 1711 agitur;
2607 1646 2700 1692 aut
2724 1652 2791 1692 ex
2819 1636 2977 1690 rebus
3002 1630 3120 1687 aliis
3146 1636 3318 1685 tracta
3340 1635 3665 1691 nascuntur;
3698 1630 3795 1679 aut
3825 1662 3833 1670 ο

594 1772 837 1828 dil'linitio
857 1783 952 1836 per
978 1764 1183 1835 species
1208 1768 1265 1814 et
1290 1754 1617 1813 differentias
1647 1747 1974 1805 descendens
1999 1740 2146 1795 venit
2178 1726 2219 1785 Β
2243 1742 2389 1789 certe
2413 1730 2742 1786 extrinsecus
2772 1733 3133 1780 assumuntur.

598 1865 665 1918 ad
689 1833 980 1932 proprium,
1009 1833 1063 1909 et
1082 1852 1323 1920 designat
1346 1843 1651 1916 plenissime
1688 1836 1813 1908 quid
1856 1834 1927 1890 sit
1947 1833 2143 1932 .bo-mo.

668 1920 807 2004 Ilem-
818 1954 900 2001 est
921 1943 1127 2014 species
1152 1934 1495 1997 dilIinitionis,
1519 1944 1638 2000 quae
1661 1943 1691 1981 a
1718 1925 1905 1981 notitia
1931 1920 2144 1981 dicitur,

596 2047 650 2093 et
679 2051 791 2091 rem
827 2005 1057 2101 aliquam
1099 2041 1195 2097 per
1228 2032 1404 2078 actum
1442 2016 1886 2088 significat,‘non
1902 2023 2001 2079 per
2023 2005 2151 2101 sub-

599 2092 874 2186 stantiam,
905 2092 966 2175 ut
993 2137 1006 2172 :
1030 2092 1201 2171 Homo
1236 2121 1319 2167 est
1342 2109 1469 2180 quid
1501 2105 1653 2179 [Ms.,
1680 2098 1845 2172 quod]
1888 2092 2151 2186 rationale

603 2180 953 2283 conceptione
999 2216 1055 2261 et
1094 2199 1477 2261 exercitatione
1520 2191 1749 2249 naturali
1802 2180 2153 2283 praeestnani-

602 2268 830 2361 malibus
852 2296 1089 2360 cunctis;
1124 2292 1214 2347 hic
1234 2290 1377 2345 enim
1406 2293 1583 2339 actum
1610 2277 1843 2335 hominis
1867 2268 2149 2342 significat,

604 2358 710 2448 non
739 2358 1105 2446 substantiam.
1132 2380 1265 2434 item
1290 2378 1345 2431 in
1365 2373 1593 2429 Psalmis
1617 2388 1631 2424 :
1657 2368 1848 2425 Beatus
1872 2363 1971 2426 vir,
1993 2358 2155 2431 quiin

606 2480 713 2551 lege
736 2473 945 2532 Domini
982 2467 1312 2525 meditabitur
1344 2463 1427 2516 die
1455 2476 1515 2523 ac
1553 2466 1698 2512 nocte
1728 2473 1746 2511 :
1776 2453 1865 2508 hic
1891 2449 2035 2506 enim
2060 2458 2158 2516 per
2206 2516 2211 2529 ν

609 2545 787 2625 actum
817 2561 1146 2634 signiﬁcatur
1172 2554 1298 2626 quid
1331 2560 1453 2623 agat
1483 2551 1669 2604 beatus
1694 2545 1796 2631 vir.

676 2657 807 2712 Item
832 2622 914 2709 est
941 2650 1145 2720 species
1166 2622 1517 2705 diﬂinitionis,
1545 2652 1663 2707 qua:
1688 2622 2002 2702 qualitativa
2028 2623 2159 2679 dici—

615 2758 723 2812 tur,
750 2760 869 2816 qum
908 2713 1201 2816 quamlibet.
1225 2746 1505 2805 personam
1546 2729 1642 2797 per
1672 2722 1981 2795 qualitatem
2022 2713 2161 2816 desi-

617 2804 744 2911 gnat
758 2804 786 2903 ,-
800 2844 890 2897 ut,
925 2804 981 2888 si
1014 2804 1304 2899 quaeratur,
1341 2821 1511 2891 qualis
1547 2818 1618 2871 sit
1652 2816 1811 2870 homo
1831 2850 1844 2873 ,
1876 2804 2163 2876 responde-

618 2896 707 2985 ἴω·
726 2944 739 2979 :
760 2896 931 2981 IIomo
963 2896 1063 2986 est,
1092 2917 1182 2987 qui
1222 2914 1430 2985 ingenio
1447 2908 1613 2972 valet,
1643 2905 1845 2959 artibus
1871 2898 2053 2969 pollet,
2083 2896 2165 2951 in-

2313 1823 2373 1877 C.
2412 1820 2649 1873 Primam
2690 1792 3358 1884 expone.5peciem.—-‘A.
3389 1792 3584 1861 Tribus
3623 1801 3800 1858 modis

2244 1910 2307 1965 ab
2331 1911 2439 1980 ipso
2467 1904 2690 1976 negotio,
2718 1900 3011 1956 secundum
3034 1897 3364 1961 dialecticos,
3394 1899 3679 1949 sumuntur
3707 1906 3795 1944 ar—

2246 2004 2513 2067 gumenta.
2560 1992 2606 2046 A
2632 1999 2764 2054 toto,
2795 2006 2823 2044 a
2854 1989 3114 2059 partibus,
3146 2002 3177 2041 a
3203 1986 3325 2058 line.
3348 2008 3419 2025 -ι
3445 1980 3505 2038 C.
3532 1980 3803 2051 Exemplis

2246 2081 2691 2143 confirma.——A.
2724 2080 2914 2136 Totum
2943 2078 3146 2134 duobus
3172 2076 3344 2131 modis
3372 2074 3477 2129 dici
3508 2072 3682 2127 solet:
3706 2077 3802 2125 aut

2248 2194 2278 2232 a
2308 2191 2521 2249 genere,
2550 2183 2629 2239 ut,
2658 2174 2703 2229 si
2730 2179 3023 2241 queratur,
3051 2183 3118 2222 an
3150 2153 3361 2238 iustitia
3399 2162 3547 2219 utilis
3579 2160 3673 2226 sit,
3713 2158 3806 2212 liat

2249 2266 2551 2336 huiusmodi
2581 2262 2915 2335 syllogismus
2941 2276 2954 2311 :
2984 2254 3165 2312 Omnis
3201 2256 3361 2310 virtus
3408 2250 3557 2307 utilis
3587 2258 3696 2314 est;
3715 2249 3811 2319 ju-

2250 2355 2391 2410 stitia
2420 2361 2591 2406 autem
2617 2351 2777 2405 virtus
2810 2345 2929 2420 [est]
2962 2364 2975 2400 :
3002 2362 3122 2416 ergo
3146 2344 3356 2414 justitia
3386 2340 3531 2397 utilis
3565 2348 3660 2393 est.
3709 2335 3809 2391 Hic

2254 2453 2433 2499 autem
2467 2459 2499 2496 a
2528 2450 2659 2504 toto,
2696 2439 2750 2497 id
2783 2445 2886 2503 est,
2922 2452 2955 2491 a
2974 2450 3192 2509 genere,
3226 2434 3422 2491 virtute
3442 2429 3670 2492 scilicet,
3693 2441 3813 2497 qum

2253 2531 2477 2604 iustitia:
2518 2544 2686 2601 genus
2727 2535 2837 2592 est,
2882 2526 3279 2595 comprobatur,
3316 2520 3580 2591 justitiam
3624 2516 3810 2572 utilem

2257 2638 2395 2678 esse.
2428 2620 2584 2693 357
2611 2619 2740 2673 Item
2767 2625 2934 2671 totum
2961 2623 3064 2679 est,
3096 2612 3239 2684 quod
3264 2626 3331 2665 ex
3360 2609 3543 2664 multis
3564 2606 3812 2679 partibus

2258 2715 2524 2785 integrum
2566 2716 2802 2772 constat;
2857 2716 2935 2771 ut,
2983 2704 3163 2760 mundi
3204 2702 3484 2772 integritas
3522 2713 3590 2754 ex
3631 2694 3816 2752 multis

2257 2802 2538 2859 coniicitur
2583 2799 2855 2869 partibus,
2919 2793 3353 2863 cuius‘quredam
3398 2806 3525 2861 pars
3574 2786 3819 2843 homines

2260 2899 2405 2946 sunt.
2447 2890 2517 2945 At
2554 2890 2599 2942 si
2631 2894 2917 2956 quaeratur,
2950 2884 2994 2937 si
3024 2884 3269 2937 humana:
3304 2894 3393 2935 res
3431 2878 3605 2933 divina
3640 2874 3819 2944 pro‘vi-
3858 2938 3873 2951 δ
3966 2930 3973 2937 ,

622 2961 697 2985 ιιι.
728 2968 739 2979 .
768 2961 931 2981 usu...
963 2961 1045 2977 να.
1131 2961 1182 2971 ...
1316 2961 1423 2967 ---η
1497 2961 1503 2962 ,
1554 2961 1561 2962 ,
1601 2961 1612 2972 ,
1874 2961 1887 2969 _
2042 2961 2045 2962 γ

620 3028 705 3074 ter
749 3017 948 3070 bonum
998 2961 1307 3073 malumque,
1343 2998 1618 3053 discernit.
1670 2993 1799 3046 item
1846 2990 1898 3043 in
1944 2984 2166 3057 psalmis
2193 3049 2235 3074 η
2267 2981 2445 3037 dentia
2506 2985 2790 3048 regantur,
2846 2974 2939 3029 ﬁat
2985 2972 3285 3041 huiusmodi
3341 2968 3677 3049 syllogismus
3717 2961 3823 3019 :Si

620 3105 875 3178 pmpheta
922 3096 1190 3159 ostendit,
1255 3084 1425 3160 qualis
1480 3088 1550 3142 sit
1593 3084 1854 3144 Christus,
1905 3076 2161 3133 dicendo:

628 3166 897 3265 ISpeciosus
925 3188 1089 3257 forma
1114 3198 1222 3252 prie
1250 3178 1374 3248 ﬁliis
1402 3175 1684 3235 hominum,
1717 3166 1913 3238 diﬂ'usa
1951 3174 2025 3219 est
2051 3180 2171 3234 gra-

630 3284 701 3336 tia
728 3282 781 3333 in
807 3277 952 3330 labiis
981 3275 1098 3326 tuis.

699 3372 829 3425 Item
857 3365 1098 3422 diﬂinitio
1138 3370 1217 3416 est
1242 3375 1335 3429 per
1360 3356 1742 3417 dill’erentiam;
1781 3356 1841 3403 ut
1885 3349 1929 3403 si
1969 3359 2175 3414 quaara-

633 3473 720 3516 tur
768 3459 892 3528 quid
922 3458 1059 3510 inter
1083 3467 1259 3519 regem
1287 3458 1341 3504 et
1368 3457 1654 3518 tyrannum
1681 3444 1769 3505 sit,
1797 3438 2003 3507 adjecta
2029 3434 2179 3487 dill'e-

638 3521 827 3613 rentia,
871 3546 994 3615 quid
1033 3552 1255 3611 uterque
1300 3539 1388 3603 sit,
1424 3532 1675 3589 dillinitur
1712 3531 1815 3584 hoc
1841 3525 1995 3579 modo
2022 3541 2034 3575 ;
2064 3521 2179 3574 Rex

593 3647 595 3649 ’
638 3653 719 3699 est
744 3644 861 3713 pius
898 3648 952 3694 et
978 3639 1279 3699 modestus;
1340 3641 1594 3702 tyrannus
1621 3642 1748 3681 vero
1782 3622 1975 3692 impius
2002 3628 2057 3672 et
2082 3618 2182 3670 im-

644 3708 810 3797 mitis.
863 3735 930 3789 Et
955 3736 1006 3787 in
1032 3732 1235 3801 psalmo
1262 3747 1273 3781 :
1304 3725 1576 3779 Mutuatur
1606 3729 1839 3790 peccator
1869 3725 1917 3769 et
1952 3729 2054 3766 non
2082 3708 2185 3763 sol-

642 3834 712 3887 vit
734 3829 938 3898 :justus
962 3835 1131 3884 autem
1154 3824 1424 3873 miseretur
1443 3824 1491 3868 et
1517 3811 1715 3863 tribuit.

710 3887 839 3975 Item
894 3916 953 3969 lit
998 3910 1237 3968 dillinitio
1288 3904 1528 3976 quietiam
1571 3916 1666 3968 per
1710 3894 2028 3967 privantiam
2055 3887 2185 3959 [Al.,

644 4001 1038 4082 privationem],
1090 4009 1148 4053 ut
1190 3998 1233 4051 si
1281 3999 1548 4064 quieratur
1592 3984 1834 4055 quidsit
1870 3978 2188 4042 substantia,
2244 4027 2250 4033 ,

650 4065 854 4151 dicatur
899 4065 1039 4158 quod
1083 4098 1251 4153 neque
1302 4079 1528 4149 qualitas
1570 4083 1672 4138 est,
1699 4084 1866 4138 neque
1898 4065 2191 4136 quantitas,

657 4195 829 4251 neque
858 4154 1068 4245 ali—quod
1096 4172 1368 4228 accidens;
1409 4168 1510 4221 hoc
1534 4165 1679 4218 enim
1702 4174 1893 4231 genere
1926 4154 2195 4212 dillinitio-

653 4247 819 4327 nis'et
846 4269 987 4322 Deus
1020 4274 1288 4333 utcunque
1334 4257 1557 4325 intelligi
1606 4260 1809 4322 potest;
1861 4250 1983 4303 dum
2032 4247 2194 4307 enim,

656 4364 781 4433 quid
810 4362 878 4415 sit
900 4361 1058 4423 Deus,
1086 4357 1228 4411 nullo
1256 4353 1409 4407 modo
1434 4344 1884 4433 comprehendere
1908 4338 2195 4433 valeamus,
2230 4371 2279 4429 ὓ

659 4425 714 4508 id
739 4460 840 4516 est,
863 4460 1108 4505 naturam
1133 4444 1265 4511 eius,
1290 4449 1350 4494 ut
1372 4448 1472 4504 est,
1501 4437 1674 4492 nullus
1700 4432 1848 4488 ell'ari
1872 4438 2076 4501 potest;
2106 4425 2200 4481 sed

663 4558 730 4596 ex
770 4514 852 4602 eo,
882 4534 1020 4605 quod
1062 4547 1168 4586 non
1208 4536 1308 4591 est,
1347 4525 1633 4580 secundum
1676 4518 2035 4590 philosophos,
2066 4514 2199 4569 deli,

663 4629 886 4686 niendus
913 4635 1024 4689 est;
1068 4630 1124 4675 ut
1147 4622 1192 4674 si
1222 4620 1460 4673 dicamus
1489 4631 1503 4668 :
1531 4614 1670 4668 Deus
1689 4624 1861 4679 neque
1886 4622 2076 4676 corpus
2097 4615 2199 4671 est,

667 4731 835 4786 neque
860 4712 1076 4775 animal,
1110 4702 1287 4777 neque
1317 4705 1478 4759 ullum
1522 4702 1857 4763 elementum,
1883 4709 2056 4765 neque
2083 4709 2205 4748 sen-

670 4783 768 4861 sus
787 4812 988 4867 noster,
1014 4813 1183 4867 neque
1210 4794 1525 4859 intellectus,
1546 4803 1714 4859 neque
1733 4786 1952 4857 aliquid,
1974 4783 2115 4852 quod
2136 4798 2205 4835 ex

673 4896 759 4951 his
782 4892 898 4960 capi
923 4892 1110 4958 possit.

742 4984 871 5039 Item
898 4982 1136 5049 quaedam
1171 4975 1409 5049 diliinitio
1440 4980 1523 5028 est
1552 4985 1649 5041 per
1682 4968 2022 5039 indigentiam
2066 4962 2210 5033 pleni

679 5074 735 5127 in
784 5070 971 5126 eodem
1015 5077 1235 5134 genere;
1264 5073 1341 5128 ut,
1384 5062 1429 5116 si
1471 5066 1759 5129 quieratur,
1804 5056 1927 5123 quid
1972 5055 2043 5107 sit
2084 5067 2214 5120 qua-

680 5164 869 5227 drans;
918 5155 1288 5227 respondetur,
1315 5154 1398 5207 cui
1425 5152 1655 5207 dodrans
1683 5148 1849 5209 deest,
1875 5152 1935 5197 ut
1961 5145 2032 5199 sit
2056 5142 2215 5197 assis.

750 5251 881 5305 Item
908 5246 1147 5317 quaedam
1177 5240 1416 5296 dilllnitio
1452 5246 1537 5294 est
1559 5252 1655 5307 per
1686 5234 1939 5296 laudem,
1966 5240 2069 5317 ut:
2102 5231 2218 5284 Diis

689 5336 867 5407 μηδι,
887 5315 997 5388 Lex
1025 5338 1107 5387 est
1130 5327 1293 5384 animi
1316 5322 1616 5395 consilium]
1641 5330 1727 5377 est
1758 5320 1986 5382 animus,
2022 5315 2220 5388 [consi-

687 5404 836 5493 lium]
864 5430 919 5477 et
940 5418 1213 5488 disciplina
1241 5413 1488 5470 civitatis.
1535 5412 1601 5466 Et
1627 5411 1681 5465 in
1720 5408 1959 5480 psalmo:
1988 5405 2087 5459 ιεε
2112 5404 2220 5457 Do-

688 5512 815 5564 mini
854 5505 1337 5579 irnprelunsibilis,
1380 5508 1671 5556 convertens
1714 5498 1942 5559 animus,
1995 5493 2219 5547 testimo-

690 5600 830 5655 nium
847 5598 1055 5655 Domini
1079 5594 1251 5667 fidele,
1272 5591 1572 5663 sapientiam
1597 5596 1843 5658 pmstans
1868 5582 2112 5655 parvulis.

2193 3049 2237 3109 Ο
2271 3074 2494 3127 mundus
2516 3046 2610 3122 Dei
2632 3065 2947 3138 providentia
2990 3064 3207 3133 regitur,
3234 3046 3464 3113 homines
3500 3065 3669 3120 autem
3699 3068 3824 3122 pars

2270 3160 2450 3214 mundi
2496 3166 2648 3219 sunt;
2697 3155 2938 3207 humana:
2976 3151 3135 3219 igitur
3174 3165 3253 3203 res
3299 3142 3826 3214 divina'prouidentia

2273 3257 2539 3317 reguntur.
2589 3245 2684 3298 Hic
2731 3248 2949 3297 necesse
2991 3248 3073 3294 est
3121 3238 3359 3307 intelligi,
3410 3237 3464 3291 id
3510 3234 3649 3304 parti
3695 3247 3825 3286 con-

2275 3354 2484 3411 gruere,
2510 3336 2648 3405 quod
2674 3335 2770 3387 toti
2799 3331 3044 3387 convenit
3076 3328 3266 3399 [Edit.,
3293 3334 3407 3380 toto
3431 3322 3649 3406 evenit].
3696 3322 3829 3375 item

2278 3400 2579 3497 apartibus
2625 3426 2938 3492 argumenta
2975 3420 3241 3473 ducuntur
3284 3414 3475 3486 [Edit.,
3520 3400 3827 3480 dicuntur]:

2278 3528 2339 3572 ut
2378 3518 2421 3570 si
2465 3515 2687 3586 quaistio
2735 3510 2829 3575 sit,
2874 3526 2941 3563 an
2982 3510 3052 3562 sit
3094 3507 3238 3562 utilis
3281 3506 3559 3569 medicina,
3589 3504 3827 3557 dicatur'

2284 3610 2344 3665 Si
2370 3584 2553 3677 depelli
2584 3604 2789 3658 morbos
2808 3599 3124 3670 salutemque
3158 3584 3701 3664 servari,‘imederique
3725 3593 3838 3647 vul-

2283 3700 2486 3753 neribus
2514 3694 2635 3748 utile
2666 3701 2906 3761 astyquat
2933 3700 3051 3746 sunt
3075 3698 3243 3759 partes
3270 3687 3556 3748 medicina,
3591 3683 3733 3736 utilis
3760 3690 3837 3736 est

2285 3802 2403 3855 ergo
2432 3785 2708 3836 medicina.
2742 3781 2873 3834 Item
2899 3793 2930 3835 ι
2957 3778 3079 3840 line,
3123 3791 3278 3845 quem
3309 3775 3522 3843 quidam
3549 3782 3720 3826 notam
3746 3786 3840 3825 vo-

2288 3882 2430 3937 cant,
2478 3874 2537 3925 ﬁt
2582 3876 2982 3938 argumentum;
3036 3872 3112 3931 ut,
3142 3865 3184 3919 si
3216 3874 3505 3933 qumratur,
3536 3879 3601 3916 an
3633 3861 3840 3930 iustitia

2288 3964 2424 4019 bona
2450 3963 2539 4024 sit,
2570 3960 2661 4013 (lat
2689 3959 3025 4029 syllogismus
3051 3954 3274 4009 talis:Si
3297 3956 3497 4008 beatum
3522 3970 3630 4007 esse
3650 3952 3840 4006 bonum

2292 4062 2386 4127 est,
2409 4059 2463 4105 et
2478 4049 2685 4119 iustitia
2717 4048 2847 4100 bona
2871 4054 2975 4109 est;
2999 4044 3089 4098 hic
3111 4053 3197 4099 est
3219 4044 3359 4097 enim
3376 4042 3595 4109 iustitia:
3615 4038 3763 4103 linis,
3785 4048 3847 4093 ut

2295 4142 2383 4210 qui
2411 4137 2696 4194 secundum
2716 4134 3138 4204 iustitiam'vivat
3153 4131 3330 4202 [Mss.,
3355 4129 3537 4202 quis...
3562 4130 3724 4193 vivat,
3742 4128 3840 4200 et],

2300 4233 2366 4286 ad
2392 4229 2772 4285 beatitudinem
2802 4224 3104 4294 perveniat;
3150 4231 3204 4277 et
3233 4236 3451 4276 necesse
3477 4228 3560 4275 est
3583 4232 3700 4275 eam
3730 4232 3847 4283 rem

2299 4322 2492 4377 bonam
2515 4334 2650 4383 esse,
2674 4317 2826 4386 cujus
2850 4314 2970 4370 linis
2994 4314 3164 4369 bonus
3188 4322 3289 4368 est.

2369 4414 2428 4466 (ἱ.
2462 4404 2554 4464 Illa
2581 4412 2918 4477 argumenta,
2947 4417 3065 4472 quae
3092 4401 3301 4454 aliunde
3328 4400 3852 4467 attrahuntur,,quot

2301 4502 2504 4573 species
2530 4495 2759 4552 habent?
2786 4522 2856 4533 --
2890 4492 2952 4543 A.
2995 4490 3294 4545 Tredecim.
3333 4488 3450 4543 Alia
3480 4503 3511 4542 a
3553 4486 3853 4557 coniugatis

2301 4594 2454 4654 fiunt,
2478 4587 2582 4641 alia
2610 4601 2639 4638 a
2668 4598 2878 4653 genere,
2904 4581 3002 4635 alia
3029 4596 3060 4634 a
3086 4580 3281 4649 specie,
3308 4578 3410 4631 alia
3431 4593 3463 4631 a
3490 4574 3865 4638 similitudine,
3901 4626 3908 4632 .

2302 4680 2406 4735 alia
2452 4694 2483 4731 a
2529 4675 2845 4739 differentia,
2888 4672 2992 4726 alia
3031 4686 3063 4726 a
3106 4668 3412 4732 contrariis,
3451 4667 3555 4719 alia
3594 4680 3625 4718 a
3667 4679 3854 4719 cause.

2306 4774 2521 4838 quente,
2543 4766 2644 4819 alia
2665 4764 2733 4819 ab
2757 4760 3204 4820 antecedentibus,
3232 4757 3338 4827 alia
3359 4756 3426 4811 ab
3449 4740 3732 4822 adiunctis,
3755 4754 3858 4808 alia

2308 4873 2339 4911 a
2368 4854 2798 4924 repugnantibus,
2823 4848 2926 4904 alia
2953 4864 2985 4903 a
3005 4847 3201 4909 causis,
3224 4845 3328 4899 alia
3352 4844 3419 4898 ab
3448 4841 3670 4905 effectis,
3698 4840 3802 4912 alia
3827 4856 3858 4896 a

2312 4943 2723 5013 comparatione.
2768 4970 2840 4980 —
2883 4936 2945 4993 Ο.
2976 4934 3090 4990 Hoc
3118 4948 3329 5005 quoque
3356 4930 3613 5001 exemplis
3630 4926 3865 4991 lucidius

2314 5034 2479 5105 aperi.
2506 5060 2577 5072 -—
2597 5030 2657 5084 Α.
2683 5029 2919 5083 Faciam.

2802 5193 2807 5198 ς
2901 5119 2943 5173 Α
2970 5118 3285 5189 conjugatis.

2386 5214 2621 5269 Primum
2664 5226 2695 5265 a
2743 5208 3037 5293 conjngaiis
3084 5208 3295 5263 ducitur
3346 5213 3718 5280 argumentum
3761 5206 3861 5260 hoc

2320 5300 2503 5369 modo,
2522 5317 2643 5358 cum
2673 5315 2739 5354 ex
2766 5295 3156 5367 coniugatione,
3184 5297 3239 5350 id
3282 5304 3384 5361 est,
3414 5294 3743 5351 derivatione
3770 5309 3862 5347 no-

2310 5387 2478 5450 minis
2508 5392 2591 5449 vel
2627 5390 2775 5445 verbi
2800 5388 2892 5442 llat
2917 5387 3251 5456 conjectura;
3283 5395 3366 5449 ut,
3401 5385 3447 5438 si
3472 5383 3708 5460 scripsit,
3736 5383 3862 5437 serio

2320 5494 2441 5557 ptor
2453 5493 2561 5550 est;
2584 5484 2994 5549 sicompascuus
3015 5491 3141 5545 ager
3166 5474 3366 5543 est,ius
3390 5484 3471 5528 est
3496 5484 3870 5547 compascere;

2325 5590 2668 5646 compascuus
2688 5574 2825 5627 enim
2845 5580 2899 5626 et
2921 5544 3253 5638 compascere
3280 5567 3419 5621 inter
3442 5579 3498 5619 se
3518 5562 3700 5631 iuncta
3717 5573 3873 5641 sunt.
