4254 6214
422 330 529 424 ses

1460 364 1930 422 DIDASCALICA.
1968 395 2038 404 —
2076 364 2165 427 DE
2203 362 2624 418 DIALECTICA.

3566 362 3670 419 970

418 479 488 550 Et
513 474 795 532 Terentius
827 494 839 528 :
884 472 1054 529 Homo
1094 488 1239 537 sum,
1280 476 1494 527 humani
1520 492 1553 527 a
1582 492 1662 529 me
1697 474 1827 530 nihil
1852 474 1983 529 atie-
2012 479 2060 535 Α
2089 475 2134 531 is
2158 486 2324 540 certe,
2354 476 2446 546 qui
2473 490 2577 531 non
2605 464 2816 539 'vitarit,
2858 488 2959 529 nec
2986 473 3141 544 fugit,
3169 475 3261 529 sed
3300 474 3439 530 ultro
3464 481 3673 547 appetit

420 584 542 625 eum
572 567 789 623 intimo.
816 566 883 621 Et
906 565 1095 623 Cicero
1121 585 1133 619 :
1171 565 1384 620 Verrem
1414 566 1813 622 dixiteverrisse
1838 565 1983 638 [Ms.,

414 657 682 732 euertisse]
706 659 1058 730 provinciam.

484 776 485 779 η
1068 748 1111 801 Α
1141 765 1345 820 genere.
1412 760 1413 763 ‘

489 840 536 897 Δ
553 855 750 913 genere
774 848 1145 912 argumentum
1165 848 1267 904 est,
1290 839 1502 910 quando
1523 855 1553 895 a
1580 856 1638 895 re
1658 840 1895 911 generali
1922 841 1992 896 ad

346 966 347 969 η
420 932 655 1006 Speciem
682 931 917 1002 aliquam
965 931 1345 996 descenditur;
1401 937 1478 993 ut,
1522 929 1807 985 Mulierum
1830 947 1993 1001 genus

420 1040 637 1081 auarum
662 1032 777 1089 est;
824 1039 945 1077 nam
982 1020 1226 1092 Euripila
1260 1038 1393 1076 auro
1436 1020 1728 1075 uitam‘viri
1763 1021 1991 1075 vendidit

421 1115 597 1189 [Mss.,
638 1114 879 1187 Erypila,
906 1113 1000 1178 aL,
1044 1112 1357 1185 Eriphylen.
1401 1111 1675 1184 prodidit].
1708 1110 1785 1167 Et
1812 1115 1941 1167 item
1971 1129 1983 1165 :

420 1207 479 1265 Si
504 1207 836 1272 libidinosus,
872 1214 921 1260 et
947 1204 1184 1269 adulter;
1214 1205 1258 1258 si
1286 1220 1498 1267 auarus,
1532 1212 1580 1257 et
1605 1202 1712 1271 fur.

1075 1294 1119 1345 A
1148 1295 1333 1363 specie.

487 1386 528 1441 Δ
559 1387 767 1457 specie;
795 1394 855 1441 ut
873 1401 996 1441 cum
1018 1384 1248 1455 probare
1266 1382 1539 1439 crudelem
1563 1382 1825 1444 volumus,
1850 1397 1994 1452 qum-

418 1478 540 1533 dam
569 1478 638 1534 ab
661 1492 727 1534 eo
751 1476 1041 1533 crudeliter
1064 1474 1206 1530 facta
1232 1474 1539 1529 doceamus.
1563 1473 1694 1528 item
1718 1472 1846 1528 illud
1869 1472 1993 1528 Vir-

418 1566 527 1638 gilii
560 1565 738 1639 (£13.,
764 1580 865 1632 vn,
891 1563 1017 1637 365)
1052 1582 1066 1618 :
1821 1551 1828 1557 ’

538 1679 601 1729 At
620 1692 714 1728 non
737 1680 809 1727 sic
836 1677 1073 1736 Phrygius
1093 1682 1318 1739 penetrat
1342 1674 1689 1739 Laeedemma
1716 1682 1875 1739 pastor

540 1739 853 1801 Ledeatnque
881 1738 1119 1787 Helenam
1142 1738 1375 1801 Trojanas
1398 1739 1537 1787 vexit
1562 1738 1620 1787 ad
1641 1738 1833 1787 urbes“

418 1841 554 1897 Nam
575 1838 835 1910 Phrygius
858 1848 1036 1910 pastor
1055 1837 1264 1909 species
1282 1846 1393 1902 est;
1422 1846 1477 1892 et
1505 1838 1547 1892 si
1572 1837 1714 1893 istud
1740 1838 1827 1893 ille
1850 1855 1990 1895 unus

420 1930 569 1997 fecit,
596 1938 653 1984 et
679 1929 755 1985 illi
781 1928 934 2003 [Ms.,
958 1927 1073 2001 alii]
1100 1929 1203 1983 hoc
1224 1926 1437 1996 Trojani
1460 1927 1783 1999 generaliter
1810 1927 1991 1983 facere

421 2030 660 2095 possunt.
686 2021 908 2093 Species
927 2023 1069 2077 enim
1091 2036 1303 2092 semper
1320 2022 1505 2076 subest
1528 2021 1733 2091 generi,
1754 2030 1812 2076 ut
1832 2022 1992 2076 homo

423 2114 608 2173 subest
629 2114 862 2169 animali.
895 2114 975 2168 Ac
998 2114 1119 2167 ideo
1144 2127 1312 2182 genus
1339 2119 1508 2166 totum
1542 2112 1754 2176 dicitur,
1785 2112 1991 2182 species

427 2223 580 2278 pars;
604 2215 661 2262 ut
682 2206 943 2276 cupiditas
968 2218 1137 2275 genus
1162 2211 1245 2258 est
1261 2204 1500 2258 omnium
1529 2202 1828 2258 libidinum.
1858 2202 1991 2257 Pars

414 2298 579 2354 etiam
610 2296 851 2367 quaedam
880 2293 1205 2364 cupiditatis,
1230 2293 1283 2347 id
1304 2301 1386 2348 est
1412 2293 1639 2363 species,
1670 2293 1915 2348 avaritia.

988 2386 1032 2439 Α
1067 2386 1425 2441 similitudine.
1498 2406 1499 2409 η

483 2480 530 2535 Α
554 2478 901 2535 similitudine
922 2485 1294 2547 argumentum
1317 2489 1432 2540 eet,
1461 2476 1676 2544 quando
1710 2478 1871 2531 rebus
1893 2478 1990 2531 ali—

417 2555 834 2641 quibus'similia
864 2568 1232 2640 proferuntur,
1263 2576 1321 2620 ut
1362 2582 1428 2620 ex
1467 2582 1551 2633 eo,
1599 2567 1741 2636 quod
1784 2577 1989 2623 certum

415 2664 561 2717 circa
601 2676 714 2716 rem
751 2660 980 2716 similem
1023 2659 1299 2722 acciderit,
1343 2657 1395 2711 id
1444 2673 1677 2727 quoque,
1710 2659 1851 2727 quod
1896 2660 1992 2714 du-

414 2754 561 2810 bium
590 2760 699 2827 est,
724 2761 778 2805 et
806 2752 858 2807 in
887 2751 1242 2821 quaestionem
1272 2750 1439 2814 venit,
1475 2753 1874 2821 comprobctur.
1906 2753 1991 2805 in-

412 2843 638 2913 spicitur
660 2857 801 2909 saepe
826 2841 1120 2895 similitudo
1142 2841 1195 2894 in
1222 2841 1546 2905 contrariis;
1575 2850 1633 2895 ut
1663 2861 1674 2894 :
1706 2842 1762 2896 Si
1795 2842 1879 2896 his
1898 2843 1991 2910 qui

406 2929 779 3000 jmprudentes
820 2928 1093 2994 laeserunt,
1125 2928 1327 2999 ignosci
1364 2930 1632 2995 convenit,
1665 2929 1748 2985 his
1774 2931 1864 3000 qui
1895 2945 1994 2984 nc-

412 3021 648 3075 cessario
666 3018 999 3089 profuerunt,
1021 3020 1251 3089 gratiam
1276 3019 1475 3074 habere
1502 3036 1605 3074 non
1630 3029 1860 3091 Oportet.
1891 3021 1992 3076 ilic

411 3112 681 3168 contraria
705 3119 847 3175 sunt,
877 3112 1126 3180 prodesse
1150 3119 1207 3166 et
1232 3125 1445 3167 nocere.
1476 3112 1781 3173 Similitudo
1803 3124 1983 3169 autem

413 3203 717 3257 animorum
747 3209 851 3265 est,
880 3202 1022 3270 quod
1051 3216 1225 3269 neque
1253 3202 1341 3256 ille
1370 3202 1536 3257 voluit
1559 3204 1769 3269 obesse,
1811 3220 1987 3276 neque

412 3293 502 3347 hic
528 3292 799 3361 prodesse.
826 3291 912 3345 Fit
937 3297 990 3344 et
1012 3306 1107 3360 per
1131 3291 1299 3359 paria,
1328 3306 1451 3344 cum
1472 3307 1577 3345 non
1606 3306 1672 3346 ex
1697 3295 1987 3348 contrariis

413 3386 594 3449 rebus,
632 3383 726 3439 sed
754 3399 819 3437 ex
850 3381 1135 3437 simillimis
1174 3396 1270 3450 per
1294 3388 1539 3435 naturam
1570 3383 1847 3451 probabile
1878 3384 1988 3438 col—

410 3474 625 3545 ligimus
670 3480 1060 3544 argumentum.
1111 3470 1248 3524 Num
1296 3479 1355 3526 ut
1396 3472 1544 3526 locus
1589 3473 1641 3525 in
1678 3474 1814 3527 mari
1866 3475 1983 3530 sine

390 3566 569 3634 jportu
595 3566 819 3619 navibus
860 3564 1063 3619 intutus
1089 3572 1201 3629 est;
1242 3565 1319 3618 sic
1345 3566 1576 3629 animus,
1615 3566 1707 3634 qui
1737 3568 1852 3621 sine
1881 3566 1985 3622 ﬁde

411 3666 513 3721 est,
547 3656 731 3711 amicis
774 3671 879 3709 non
908 3664 1080 3725 potest
1110 3671 1226 3710 esse
1256 3665 1560 3724 portuosus.
1604 3658 1691 3712 Fit
1730 3668 1783 3713 et
1814 3661 1868 3713 in
1900 3661 1984 3715 his

410 3746 591 3811 rebus,
634 3761 751 3815 quae
780 3747 880 3800 sub
924 3747 1163 3799 eamdem
1208 3747 1473 3800 rationem
1498 3747 1713 3813 eadunt,
1765 3750 1889 3803 dum
1916 3765 1981 3804 ex

410 3836 569 3890 unius
606 3836 682 3889 rei
736 3836 942 3889 ratione
978 3834 1203 3889 alterius
1231 3848 1444 3906 quoque
1482 3836 1619 3889 ratio
1666 3838 1981 3906 comproba-

413 3938 528 3995 tur;
560 3938 617 3982 ut
644 3937 791 3997 puto,
823 3928 911 3996 qui
956 3926 1121 3981 ﬁlium
1147 3927 1406 3992 vendidit,
1432 3928 1669 3998 iniquam
1699 3946 1811 3985 rem
1841 3929 1982 3987 fece-

413 4020 515 4083 rit;
544 4028 599 4074 et
623 4020 714 4087 qui
743 4019 893 4084 emit,
923 4019 1104 4088 inique
1132 4019 1319 4075 fecerit
1348 4017 1528 4092 [Mss.,
1558 4020 1725 4093 fecit].

898 4150 903 4154 .
1006 4111 1047 4161 Α
1079 4110 1394 4179 differentia.

483 4198 524 4252 Α
551 4196 851 4253 dili‘erentia
880 4196 940 4251 iit
977 4196 1159 4268 [Mss.,
1195 4200 1299 4270 est]
1336 4212 1733 4274 argumentum,
1765 4208 1979 4275 quando

409 4303 507 4359 per
530 4287 883 4344 diﬂ'erentiam
912 4287 1101 4357 aliqua:
1131 4303 1217 4344 res
1245 4300 1582 4358 separantur,
1629 4303 1689 4349 ut
1725 4295 1980 4366 Virgilius

417 4380 665 4452 (En.,x,
693 4380 852 4453 58!):

504 4491 608 4542 Non
632 4492 878 4543 Diomedis
900 4502 1075 4554 equos,
1100 4503 1195 4541 non
1219 4505 1410 4543 currum
1435 4495 1598 4546 cernis
1622 4496 1834 4546 Achillis.

477 4591 643 4664 35.8
667 4592 755 4648 Fit
780 4608 993 4663 quoque
1019 4594 1339 4662 dili’erentia,
1361 4612 1481 4655 cum
1504 4598 1556 4654 in
1579 4601 1762 4657 eodem
1784 4613 1978 4671 genere

411 4680 617 4751 species
644 4681 711 4734 ab
731 4680 834 4735 alia
860 4682 1038 4748 specie
1060 4686 1378 4752 secernitur,
1408 4696 1468 4742 ut
1499 4688 1710 4745 Marcus
1732 4690 1935 4747 Tullius
1960 4710 1971 4743 :

414 4767 598 4837 Qualis
637 4769 693 4823 in
733 4766 935 4822 urbana
968 4771 1236 4838 provincia
1272 4773 1435 4839 fuerit
1482 4773 1683 4841 Verres,
1726 4778 1883 4833 talem
1922 4781 1976 4832 in

411 4859 718 4928 provinciali
735 4876 860 4915 esse.

1013 4954 1053 5008 Α
1083 4956 1378 5012 contrariis.

479 5046 528 5099 Δ
558 5046 843 5101 contrariis
868 5047 1099 5101 sumitur
1118 5056 1515 5117 argumentum,
1546 5054 1761 5120 quando
1787 5070 1874 5111 nos
1903 5056 1978 5111 si-

414 5137 581 5191 bimet
616 5135 982 5204 discrepantes
1017 5147 1392 5208 opponuntur;
1425 5150 1485 5194 ut
1520 5140 1773 5212 Virgilius
1818 5145 1973 5200 (emt.

415 5226 656 5301 31,94):

534 5341 581 5408 _0_
601 5344 834 5408 genitrtx,
860 5355 957 5403 quo
982 5340 1073 5408 fata
1094 5356 1251 5404 vocas,
1276 5359 1359 5395 ant
1381 5326 1501 5408 quid
1523 5348 1649 5406 petis
1669 5348 1778 5398 istis
1795 5349 1821 5399 i

540 5404 802 5454 Mortaline
827 5418 967 5451 manu
994 5404 1127 5453 facta:
1152 5404 1416 5457 immortale
1440 5404 1617 5459 carina:

539 5462 902 5572 lliasegglzeaot;
925 5474 1190 5529 certusque
1213 5472 1396 5519 incerta
1420 5474 1635 5545 pericula
1659 5470 1834 5520 lustret

414 5623 562 5678 lovis
591 5623 842 5699 [Jupiter]
874 5627 940 5682 ad
969 5606 1383 5699 Berecynthiam
1406 5630 1579 5686 fertur
1612 5631 1836 5707 dixisse.
1867 5632 1970 5689 Et:

417 5714 471 5768 Si
490 5715 729 5770 desertor
750 5716 1100 5786 appellandus
1124 5726 1227 5783 est,
1252 5721 1340 5789 qui
1356 5721 1563 5779 hostem
1581 5724 1713 5777 vitat
1736 5739 1795 5776 ac
1821 5722 1973 5792 fugit.

654 5808 922 5867 ΡΑτηοι..
969 5810 1067 5869 Ci.

2092 564 2247 635 ιλιι,
2279 561 2548 640 appetiit],
2577 568 2822 621 desertor
2850 564 2994 619 nullo
3019 566 3173 621 modo
3196 566 3299 622 dici
3327 574 3520 636 potest.
3554 568 3622 624 Et
3651 588 3665 625 :

2091 657 2148 713 Si
2181 659 2465 713 honestum
2500 667 2584 711 est
2622 657 2844 728 aliquid,
2878 665 3033 727 turpe
3058 672 3165 712 non
3190 666 3294 712 est.
3333 657 3434 712 Et:
3465 657 3521 713 Si
3543 659 3670 729 jure

2090 747 2288 803 factum
2312 757 2396 805 est
2419 748 2642 819 aliquid,
2676 763 2782 802 non
2809 755 2987 818 potest
3011 762 3109 817 pro
3140 746 3333 817 injuria
3358 750 3642 812 vindicari.

2668 860 2711 916 Α
2741 871 3099 932 consequente.

2161 950 2207 1005 Δ
2235 946 2614 1022 consequente,
2639 955 2853 1024 quando
2881 956 3109 1025 positam
3141 967 3256 1010 rem
3278 955 3481 1027 aliquid
3503 955 3666 1013 inevi~

2094 1042 2327 1097 tabiliter
2356 1044 2727 1113 consequitur,
2750 1053 2813 1103 ut
2837 1043 3091 1116 Virgilius
3120 1044 3300 1113 (Λῗη.ν
3330 1062 3366 1108 ι,
3399 1045 3522 1116 551)
3551 1064 3565 1100 :

2216 1154 2322 1218 lion
2346 1168 2434 1204 nos
2451 1163 2532 1204 aut
2555 1155 2684 1205 ferro
2707 1156 2907 1218 Libycos
2923 1155 3161 1218 populare
3189 1156 3403 1208 Penates

2219 1216 2476 1282 yeuitnus;
2499 1222 2587 1282 adt
2608 1225 2765 1282 raptim
2788 1216 3035 1282 ad_l_itiora
3062 1225 3262 1267 vertere
3287 1220 3491 1282 praedas,

2214 1276 2319 1327 Non
2346 1290 2402 1326 ea
2427 1281 2497 1327 vis
2517 1276 2691 1327 animo.
2719 1279 2776 1328 Et
2795 1277 3002 1342 reliqua.

2093 1378 2159 1433 Et
2188 1396 2199 1432 :
2229 1377 2287 1434 Si
2317 1378 2512 1435 mulier
2536 1380 2762 1465 peperit,
2790 1396 2914 1435 cum
2936 1381 3051 1435 viro
3074 1381 3394 1447 concubuit;
3427 1386 3667 1453 peperit:

2092 1470 2280 1542 igitur,
2316 1487 2651 1542 consequens
2693 1471 2770 1539 fit,
2806 1488 3027 1529 necesse
3056 1482 3162 1539 est,
3208 1476 3333 1545 quia
3380 1477 3687 1533 concubuit

2090 1578 2218 1617 cum
2248 1578 2384 1618 Vll‘O.

2599 1654 2675 1709 Ab
2705 1657 3151 1712 antecedentibus.

2162 1744 2245 1799 Ab
2265 1744 2705 1801 antecedentibus
2725 1756 3098 1815 argumentum
3122 1757 3220 1805 est.
3239 1749 3450 1817 quando
3470 1765 3537 1805 ex
3566 1751 3669 1813 his,

2022 1813 2067 1872 Β
2095 1848 2215 1910 qua:
2238 1835 2387 1903 prius
2407 1843 2557 1902 gesta
2600 1843 2740 1897 sum.
2775 1813 3157 1904 consequentia
3184 1813 3566 1908 approbantur.
3602 1842 3672 1897 lit

2097 1924 2309 1979 Marcus
2338 1925 2544 1980 Tullius
2570 1940 2667 1994 pro
2706 1925 2901 1981 Milone
2929 1945 2940 1979 :
2984 1924 3216 1997 Cumque
3245 1938 3363 1983 ante
3395 1931 3532 1983 diem
3573 1941 3674 1984 ter-
3710 1980 3711 1987 η

2093 2013 2224 2066 tium
2266 2013 2570 2083 prtrdixcrit
2610 2010 2849 2078 Clodius,
2889 2014 3138 2070 Milonem
3183 2019 3508 2087 periturum;
3536 2009 3673 2077 cum

2091 2102 2181 2157 ille
2209 2121 2311 2158 non
2340 2102 2651 2156 dubitaverit
2695 2104 2920 2173 aperire,
2948 2106 3074 2174 quid
3116 2117 3249 2159 esset
3286 2109 3546 2176 facturus,
3585 2128 3674 2165 vos

2090 2196 2302 2267 potestis
2341 2194 2580 2247 dubitare
2608 2194 2736 2264 quid
2764 2194 2988 2263 fecerit?
3017 2195 3291 2250 Pra’cessit
3318 2199 3455 2251 enim
3479 2201 3673 2269 prmdi-

2093 2286 2228 2341 ratio
2260 2285 2466 2357 [Forte,
2504 2283 2819 2354 pra'dictio],
2861 2294 2909 2338 et
2950 2296 3184 2339 secutum
3225 2296 3298 2341 est
3336 2287 3556 2354 factum.
3605 2290 3673 2344 Et

2093 2375 2323 2445 reliqua.

2697 2465 2774 2520 Ab
2798 2468 3087 2538 adjunctis.

2162 2555 2244 2610 Ab
2265 2556 2529 2626 adjunctis
2559 2560 2859 2630 argumenti
2892 2560 3023 2613 lidcs
3049 2560 3303 2623 sumitur,
3334 2577 3454 2616 cum
3481 2564 3678 2633 proba-

2091 2646 2274 2701 biliter
2319 2648 2638 2711 ostenditur,
2671 2649 2799 2718 quid
2837 2649 2908 2703 sit
2932 2663 3000 2702 ex
3030 2664 3087 2702 re
3114 2665 3328 2718 quaque
3366 2661 3674 2716 venturum.

2092 2747 2153 2790 ut
2182 2736 2440 2807 Virgilius
2469 2736 2647 2808 (/En.,
2676 2754 2805 2804 vui,
2834 2737 2959 2808 H7)
2989 2757 3002 2790 :

2370 2885 2380 2897 .
2410 2881 2426 2897 .
2450 2886 2464 2899 .
2492 2886 2505 2897 .
2534 2885 2547 2897 .
2569 2848 2667 2897 Nos
2688 2849 2727 2897 si
2754 2849 2954 2910 pellant,
2982 2848 3098 2899 nihil
3124 2848 3291 2900 abfure
3314 2853 3521 2904 credunt

2154 2908 2281 2968 Quin
2309 2922 2502 2960 omnem
2530 2908 2814 2973 Hesperiam
2839 2914 3037 2973 penitus
3058 2925 3145 2960 sua
3173 2914 3265 2961 sub
3286 2915 3401 2977 juga
3427 2922 3619 2969 mittant

2092 3035 2282 3093 Omnis
2314 3036 2459 3092 enim
2505 3052 2593 3091 res
2642 3034 3047 3108 habet’aliquid
3088 3040 3419 3107 prteccdens,
3472 3042 3673 3112 aliquid

2094 3130 2273 3193 simul,
2304 3129 2505 3198 aliquid
2537 3121 2868 3199 subsequens
2900 3148 2912 3183 :
2953 3138 3009 3185 et
3047 3130 3165 3185 ideo
3191 3146 3254 3185 ex
3298 3134 3381 3187 bis
3428 3136 3676 3191 omnibus

2093 3228 2407 3289 argumenta
2438 3220 2760 3290 colligimus.
2798 3220 2857 3275 in
2900 3220 3169 3288 adjunctis
3192 3224 3379 3288 etiam,
3403 3234 3461 3277 ut
3488 3225 3676 3289 Cicero

2087 3311 2280 3374 voluit,
2313 3312 2548 3365 maxime
2589 3313 2871 3380 qureritur,
2913 3314 3043 3381 quid
3079 3322 3204 3368 ante
3239 3330 3374 3379 rem,
3399 3317 3526 3385 quid
3553 3333 3674 3372 cum

2088 3417 2163 3461 re,
2195 3402 2322 3469 quid
2361 3410 2483 3470 post
2530 3416 2642 3462 rem
2690 3405 2961 3467 evenerit;
3004 3406 3096 3474 qui
3150 3404 3299 3459 locus
3345 3408 3575 3479 Inarime
3606 3412 3672 3463 ad

2086 3490 2450 3561 conjecturam
2494 3494 2747 3560 pertinet.
2790 3494 2922 3548 Ante
2965 3511 3095 3559 rem,
3150 3505 3460 3565 apparatus,
3507 3498 3669 3552 collo-
3706 3480 3709 3483 ἢ

2084 3583 2230 3650 quia.
2281 3581 2349 3636 In
2400 3599 2474 3645 re,
2532 3584 2787 3653 strepitus
2843 3585 3055 3654 pedum.
3118 3582 3245 3637 Post
3298 3603 3423 3650 rem,
3472 3589 3665 3655 puilOr,

2086 3672 2272 3734 rubor,
2301 3680 2357 3726 et
2385 3673 2428 3726 si
2469 3688 2572 3741 qua
2602 3684 2728 3726 sunt
2752 3674 2979 3752 similia.
3617 3694 3621 3699 λ

2154 3764 2329 3820 Locus
2359 3764 2428 3818 ab
2450 3766 2909 3830 antecedentibus,
2940 3775 2995 3820 et
3018 3765 3471 3836 consequentibus
3499 3781 3553 3826 et
3582 3789 3666 3827 re-

2082 3859 2445 3931 pugnantibus
2470 3858 2525 3913 in
2560 3873 2625 3913 eo
2648 3857 2825 3914 diiTcrt
2850 3874 2880 3913 a
2916 3858 3220 3929 conjunctis
3255 3861 3367 3916 sive
3398 3854 3687 3932 adjunctis'

2085 3948 2273 4021 [quod]
2304 3950 2587 4019 conjuncta
2618 3966 2723 4004 non
2750 3948 2964 4021 semper
2989 3952 3242 4006 eveniunt
3269 3970 3284 4019 ;
3330 3970 3661 4026 consequen-

2085 4042 2159 4097 tia
2192 4057 2322 4097 vero
2349 4057 2579 4111 semper.
2616 4041 2693 4095 Ea
2730 4042 2896 4111 igitur
2931 4051 3058 4095 sunt
3081 4046 3498 4112 consequentia,
3540 4064 3662 4117 quae

2083 4150 2198 4191 rem
2224 4134 2531 4189 necessario
2553 4141 2979 4202 consequuntur,
3003 4142 3062 4187 ut
3095 4152 3107 4185 :
3132 4128 3197 4187 Si
3225 4136 3340 4189 dies
3366 4146 3468 4200 est,
3502 4139 3665 4195 lucet.

2080 4225 2233 4287 item,
2277 4222 2648 4285 antecedentia
2688 4230 2743 4276 et
2785 4222 3171 4292 repugnantia;
3215 4224 3475 4294 quidquid
3516 4231 3663 4284 enim

2082 4312 2430 4383 consequitur
2455 4326 2725 4389 quamque
2745 4326 2881 4375 rem,
2906 4310 2959 4366 id
2987 4310 3222 4367 eahrcret
3246 4328 3368 4368 cum
3398 4331 3455 4370 re
3478 4333 3664 4375 neces-

2080 4404 2225 4460 sario
2246 4402 2325 4476 [et
2349 4402 2608 4473 quidquid
2634 4403 2926 4467 antecedit,
2959 4403 3009 4457 id
3036 4404 3201 4485 trahit
3234 4420 3656 4478 consequentem

2004 4502 2055 4561 υ
2081 4493 2443 4567 necessario];
2476 4504 2535 4551 et
2558 4496 2819 4569 quidquid
2847 4505 3127 4568 repugnat,
3172 4496 3432 4566 ejusmodi
3471 4512 3570 4563 est,
3602 4512 3663 4557 ut

2082 4586 2354 4641 eobterere
2390 4601 2663 4657 nunquam
2697 4587 2889 4659 possit.

2613 4699 2655 4753 Α
2690 4701 3115 4770 repugnantibus.

2150 4790 2193 4844 A
2240 4791 2661 4865 nepugnantibus
2702 4800 3080 4864 argumentum
3113 4800 3211 4853 est.
3258 4796 3471 4863 quando
3526 4795 3658 4857 illud

2080 4878 2219 4951 quod
2245 4878 2502 4951 objicitur
2530 4894 2647 4943 reo,
2685 4881 2864 4950 aliqua
2911 4880 3295 4936 contrarietate
3333 4884 3655 4943 destruitur.

2083 4970 2152 5027 Ut
2187 4969 2379 5029 Cicero
2418 4970 2551 5045 dicit
2580 4987 2592 5022 :
2624 4969 2674 5025 is
2705 4970 2867 5041 igitur
2911 4984 3015 5024 non
3064 4969 3224 5024 modo
3250 4986 3279 5024 a
3323 4979 3375 5027 te
3415 4975 3660 5045 periculo

2078 5062 2356 5126 liberatus,
2387 5061 2481 5117 sed
2525 5061 2689 5115 etiam
2733 5060 3063 5131 amplissimo
3107 5062 3313 5118 honoro
3342 5064 3541 5121 ditatus
3570 5084 3661 5121 ar—

2080 5156 2280 5226 guitur,
2308 5154 2451 5209 domi
2501 5167 2613 5207 sua:
2656 5161 2712 5207 te
2739 5151 3046 5208 interficere
3073 5154 3328 5209 voluisse.
3372 5155 3539 5212 item:
3578 5157 3658 5222 Si.

2077 5260 2184 5316 qua
2209 5245 2295 5299 die
2312 5244 2489 5299 ccedes
2511 5244 2610 5298 ista
2646 5242 2832 5297 Romae
2868 5240 3010 5298 facta
3037 5251 3138 5309 est,
3175 5257 3282 5313 ego
3303 5242 3531 5300 Athenis
3559 5245 3656 5311 lui,

2078 5338 2130 5393 in
2156 5336 2301 5391 caede
2327 5336 2586 5391 interesse
2621 5349 2727 5390 non
2762 5336 2932 5405 potui.

2728 5447 2770 5501 Α
2806 5450 3001 5504 causis.

2149 5539 2189 5596 Δ
2222 5539 2399 5595 causis
2426 5550 2796 5608 argumentum
2824 5540 3056 5604 ducitur,
3094 5539 3308 5609 quando
3334 5554 3398 5592 ex
3428 5554 3655 5596 consue-

2082 5630 2275 5699 tudine
2307 5629 2576 5685 communi
2621 5645 2726 5693 res,
2764 5646 2883 5699 qua:
2932 5637 3211 5693 tractatur,
3264 5628 3377 5683 fieri
3417 5632 3653 5698 poetisa:

2082 5719 2438 5775 convincitur.
2473 5719 2542 5774 Ut
2572 5719 2855 5774 Terentius
2877 5719 3033 5788 (And.
3056 5718 3140 5777 lii.
3172 5736 3246 5781 iV.
3276 5716 3329 5786 3)
3365 5739 3377 5772 :

3106 5810 3171 5871 3i
