4266 6206
613 356 721 411 τεῑῖι

1442 332 1509 384 n.
1550 328 1610 382 ιτ.
1652 320 1873 379 ALBINI
1910 316 2038 374 seu
2080 294 2353 369 Ancum
2388 300 2666 393 openuu
2706 295 2882 353 rans
2919 293 3027 350 vn.
3124 250 3130 257 ’
3202 252 3209 259 ’

3731 278 3836 334 97!

618 389 655 411 ’θ
670 389 685 407 Ι
704 389 721 407 Ι

604 465 729 526 .1580
750 472 845 511 non
866 455 983 519 nihil
1018 454 1155 519 (Has.
1182 462 1224 519 ιι
1241 444 1357 496 nihil
1380 437 1614 526 omittunt)
1637 435 1824 484 veritus
1845 427 2174 526 “infigit?
2202 428 2248 485 Α
2278 389 2446 475 trario
2476 418 2787 484 πευωθιιιθ
2812 421 2931 463 esse
2955 399 3192 458 ducenda
3207 398 3229 451 ?
3247 426 3315 436 ““”
3344 394 3406 448 Α⁸
3438 392 3715 447 Ρθηίηθηί
3734 389 3845 443 uti.

1500 515 1518 526 ρ
1558 513 1579 526 ρ
1600 505 1651 526 On
1673 505 1847 526 nocturn
1885 505 1915 526 η
1944 525 1947 526 ,
2034 523 2041 526 .
2065 524 2068 526 λ
2121 521 2138 526 ..
2160 522 2172 526 _
2365 524 2377 526 μ
2519 503 2558 526 Ι*
2609 502 2846 526 nun-enm
2892 491 3083 526 mnt‘n’
3107 518 3177 526 _.
3204 489 3234 526 Α
3290 484 3541 526 "nmium
3584 477 3724 526 enim
3770 477 3845 526 Si-

1450 489 1457 541 ζ
1473 489 1651 559 (absis
1673 502 1949 559 cavere,_n_e_
1961 489 2174 559 faceres,

628 582 767 677 Quod
788 578 960 640 vulgus
984 574 1235 667 puer-verum
1268 551 1494 617 sollicitati
1518 558 1642 621 (AL,
1665 555 1812 615 solet)
1851 551 2185 670 afﬂuentel-isse

636 778 998 872 dum1causam
1039 799 1283 859 adulterii
1323 793 1596 849 libidinem
1642 801 1761 841 esse
1792 783 2047 843 dicimus;
2081 778 2193 831 sive

638 902 934 979 parricidii,
970 893 1270 971 avaritiam.
1295 886 1401 941 Sed
1428 891 1481 939 et
1504 892 1614 936 tum
1638 878 1799 930 latius
1816 869 2194 942 disputandum

637 963 721 1053 est
750 995 815 1050 de
838 992 890 1046 vi
914 969 1109 1049 causae,
1138 983 1191 1037 id
1224 972 1324 1042 est,
1358 973 1596 1029 avaritiae
1622 970 1734 1049 sive
1755 963 2021 1024 libidinis;
2062 973 2195 1027 qua-

640 1098 797 1142 tenus
820 1082 864 1136 si
900 1092 1057 1134 causa
1088 1070 1259 1138 turpis
1285 1066 1545 1125 videatur,
1572 1073 1661 1113 res
1684 1067 1894 1125 quoque
1918 1050 2196 1104 inhonesta

641 1176 908 1233 videatur;
932 1175 990 1221 ut
1020 1184 1033 1218 :
1063 1162 1163 1230 Qui
1190 1157 1323 1213 lucri
1356 1151 1585 1208 faciendi
1615 1155 1779 1202 causa
1814 1142 1962 1197 venit
1989 1139 2046 1193 in
2070 1146 2202 1191 tem-

645 1265 807 1335 plum,
838 1257 1128 1327 sacrilegus
1156 1257 1257 1304 est.
1286 1246 1402 1300 Non
1426 1241 1569 1297 enim
1595 1238 1683 1291 res
1708 1231 2025 1289 maleficium
2052 1225 2200 1287 facit,

1044 1328 1055 1335 ‘
1458 1330 1468 1335 ‘
1660 1326 1674 1335 -
1841 1329 1853 1335 Α
1942 1333 1967 1335 η
1988 1332 1999 1335 Α
2013 1313 2200 1335 LL-.-

648 1313 739 1409 sed
775 1362 936 1405 causa
966 1313 1226 1411 faciendi;
1260 1350 1365 1399 nec
1388 1330 1557 1392 exitu,
1585 1326 1676 1381 sed
1701 1329 1896 1377 conatu
1924 1313 2206 1372 malefacta

652 1443 1044 1500 existimantur.
1620 1418 1625 1423 ’

1192 1504 1195 1508 ’
1263 1505 1343 1568 ΑΒ
1370 1508 1584 1579 effectis.

725 1622 804 1675 Ab
836 1615 1036 1672 effectis
1062 1613 1430 1681 argumentum
1456 1608 1558 1661 est,
1587 1611 1706 1651 cum
1730 1608 1795 1647 ex
1821 1591 1906 1644 his
1928 1601 2045 1657 quae
2070 1584 2211 1637 facta

656 1669 800 1775 sunt:
826 1669 1027 1774 aliquid
1060 1669 1404 1767 approbatur,
1433 1698 1494 1742 ut
1524 1684 1773 1754 Virgilius
1796 1678 1971 1748 (/En.,
1992 1690 2067 1738 tv,
2091 1669 2207 1742 i5):

811 1816 1104 1874 Degeneres
1126 1806 1310 1854 animos
1331 1803 1472 1851 timor
1497 1797 1676 1858 arguit.
1704 1826 1718 1841 .
1746 1826 1759 1839 .
1794 1824 1806 1839 .
1835 1823 1846 1837 .

659 1924 793 1978 Nam
823 1921 983 1975 timor
1021 1922 1105 1970 est
1133 1923 1315 1971 causa,
1350 1913 1409 1959 ut
1445 1903 1676 1971 degener
1708 1896 1777 1951 sit
1804 1893 2043 1954 animus;
2076 1884 2216 1956 quod

662 2013 868 2069 timoris
892 2016 973 2063 est
994 2002 1315 2060 effectivum.
1934 1972 1937 1973 ⁷

732 2098 1021 2157 Efficientia
1047 2101 1190 2153 sunt,
1221 2102 1338 2157 quae
1361 2083 1443 2137 vel
1472 2082 1524 2135 vi
1552 2094 1647 2134 sua
1679 2073 1877 2144 aliquid
1909 2066 2219 2128 conficiunt,

665 2204 722 2249 ut
749 2191 883 2263 ignis
912 2184 1215 2241 incendium
1239 2195 1253 2242 ;
1280 2176 1363 2229 vel
1390 2175 1505 2228 sine
1530 2171 1723 2239 quibus
1747 2164 1881 2219 efliei
1911 2176 2018 2215 non
2051 2161 2224 2226 potest

667 2244 842 2352 aliqua
877 2292 982 2339 res,
1020 2281 1080 2326 ut
1120 2282 1283 2323 naves
1333 2265 1447 2317 sine
1480 2260 1746 2314 trabibus.
1792 2248 2089 2307 Efficientia
2124 2244 2226 2298 alia

595 2412 602 2421 η
669 2382 792 2429 sunt
852 2362 1174 2423 necessaria,
1230 2358 1334 2410 alia
1381 2368 1506 2407 non.
1547 2349 1685 2403 Huic
1724 2347 1840 2399 loco
1884 2338 2228 2396 efficientium

671 2472 953 2516 causarum
976 2452 1195 2521 junctus
1218 2448 1367 2501 locus
1394 2453 1509 2503 est,
1534 2438 1752 2494 effectus
1779 2450 1808 2488 a
1828 2431 2024 2491 causis,
2055 2428 2104 2481 id
2128 2433 2226 2489 est,

670 2557 923 2609 eventus;
948 2552 1004 2597 ut
1032 2541 1173 2595 enim
1217 2548 1406 2593 causa,
1438 2528 1564 2599 quid
1595 2527 1664 2580 sit
1692 2522 1963 2581 enectum,
2001 2516 2230 2576 indicat;

674 2636 753 2693 sic
773 2635 1008 2694 effectus,
1041 2642 1157 2695 qua:
1188 2623 1345 2678 fuerit
1378 2633 1559 2678 causa,
1590 2614 1944 2671 demonstrat,
1974 2614 2031 2658 ut
2059 2603 2234 2656 fumus

678 2728 874 2795 ignem.
928 2721 993 2773 Et
1045 2716 1162 2770 ideo
1192 2713 1379 2767 Cicero
1423 2708 1539 2761 loco
1566 2716 1848 2759 causarum
1895 2691 2236 2775 efficientiam

677 2764 868 2888 [bEditq
911 2810 1027 2891 loco
1064 2799 1384 2870 efficientize]
1424 2796 1616 2867 posuit,
1659 2799 1910 2847 eventum
1960 2800 2084 2840 vero
2122 2764 2238 2835 loco

678 2874 984 2959 effectarum
1006 2912 1021 2961 ;
1043 2904 1101 2948 ut
1129 2894 1173 2946 si
1194 2905 1350 2959 quem
1376 2877 1578 2958 [Edit.',
1610 2876 1895 2951 siquidem]
1923 2874 2235 2929 insolentem
2271 2945 2285 2954 ο

679 2989 1017 3065 probaveris,
1067 2985 1245 3044 dicas,
1283 2979 1443 3032 etiam
1480 2978 1816 3042 arrogantem
1866 2964 2120 3019 futurum.
2158 2962 2234 3015 lta

684 3099 778 3156 per
807 3080 932 3153 [Μδ.
960 3093 1064 3131 οηι.
1098 3071 1214 3143 per]
1239 3076 1506 3129 eventum,
1531 3064 1584 3118 id
1608 3069 1717 3126 est,
1748 3056 1990 3112 effectum
2012 3052 2241 3107 insolen-
2269 3087 2309 3141 (η
2337 3052 2515 3117 J““""_’
2545 3052 2861 3111 ""‘i“"""j"
2889 3052 2977 3075 “·““
3346 3052 3349 3053 ν
3593 3087 3603 3098 ,
3702 3052 3711 3058 -
3814 3076 3817 3077 ν

710 3176 719 3179 -
1052 3166 1083 3179 ..
1159 3178 1163 3179 ,
1456 3149 1772 3179 ηηηηηη,
1826 3161 1951 3179 mm
1994 3156 2211 3179 mm",
2290 3126 2310 3144 δ
2343 3116 2670 3179 parationem
2707 3102 2861 3155 dum
2901 3097 2969 3151 ad
3005 3095 3242 3163 iudicem
3287 3092 3487 3155 Deum,
3517 3102 3616 3152 cui,
3645 3084 3789 3140 nulla
3833 3096 3901 3137 ex

3472 3128 3487 3155 ν
3523 3128 3616 3152 Vw.

686 3176 771 3228 tia:
810 3149 1176 3237 arrogantiam
1199 3160 1420 3229 probas;
1455 3149 1773 3223 arrogantia:
1826 3161 1951 3200 vero
1994 3156 2234 3204 causam,

689 3265 740 3317 id
791 3268 890 3323 est,
931 3229 1294 3313 efficientiam,
1346 3242 1684 3301 insolentiam
1731 3236 1871 3309 [Αιη
1922 3229 2242 3301 arrogantia:

692 3367 849 3407 causa
878 3357 960 3403 est
988 3342 1288 3399 insolentia.

1208 3430 1249 3481 A
1277 3422 1684 3494 comparatione.

762 3532 806 3582 Δ
843 3522 1239 3593 comparatione
1268 3520 1635 3584 argumentum
1659 3507 1887 3569 ducitur,
1918 3500 2129 3571 quando
2152 3512 2247 3567 per

697 3618 1055 3675 collationem.
1082 3621 1425 3682 personarum
1484 3603 1596 3656 sive
1640 3608 1924 3653 causarum
1972 3588 2250 3645 sentcntiae

698 3710 834 3764 ratio
880 3676 1244 3761 confirmatur.
1288 3696 1352 3750 Et
1403 3706 1613 3761 semper
1648 3684 1900 3756 augenda:
1953 3681 2029 3734 rei
2076 3676 2253 3733 studet

701 3797 1055 3867 comparatio;
1077 3792 1237 3858 fitque
1262 3787 1433 3841 tribus
1453 3780 1625 3837 modis
1649 3794 1663 3843 ;
1688 3795 1719 3830 a
1742 3775 1961 3843 majore,
1983 3788 2014 3824 a
2034 3771 2251 3831 minore,

701 3909 732 3942 ιι
756 3888 891 3958 pari.

774 3978 813 4031 Α
846 3973 1043 4043 majore
1066 3971 1167 4023 hoc
1192 3964 1380 4027 modo;
1406 3969 1467 4015 ut
1486 3956 1737 4028 Virgilius
1767 3951 1941 4025 (Em,
1971 3963 2069 4011 vn,
2091 3944 2214 4014 535)
2238 3962 2253 3997 ε

890 4082 964 4131 'Iu
988 4085 1127 4142 potes
1148 4076 1397 4125 unanimes
1420 4080 1608 4119 armare
1633 4068 1681 4113 in
1706 4061 1866 4125 prwlia
1886 4056 2079 4107 fratres.

781 4187 916 4253 Ergo
942 4184 1032 4251 qui
1065 4181 1118 4233 in
1157 4177 1415 4231 fratribus
1451 4174 1553 4226 hoc
1574 4176 1747 4239 potes,
1776 4169 1978 4234 quanto
2006 4158 2177 4228 magis
2207 4155 2260 4210 in

717 4247 1027 4330 aliisilte—m
1067 4285 1097 4322 a
1131 4265 1330 4334 majore
1361 4280 1374 4315 :
1406 4261 1465 4315 Si
1504 4258 1803 4325 adulterum
1845 4251 2090 4306 occidere
2114 4247 2260 4311 licet,

716 4368 833 4420 licet
866 4373 917 4418 et
942 4362 1071 4415 loris
1096 4357 1319 4413 credere.

788 4456 830 4507 Α
878 4454 1130 4505 minorum
1180 4440 1576 4512 comparatione,
1605 4441 1664 4488 ut
1694 4446 1708 4486 :
1745 4430 1801 4485 Si
1836 4429 2009 4481 furem
2051 4422 2265 4477 noctur-
2294 4427 2345 4488 D

718 4558 843 4599 num
890 4540 1131 4594 occidere
1166 4509 1323 4593 licet,
1354 4528 1480 4597 quid
1515 4524 1650 4595 [Al.,
1681 4537 1777 4576 cur
1800 4515 1927 4587 non]
1964 4509 2266 4569 latronem?

612 4677 618 4687 .
720 4639 845 4690 item
876 4649 906 4686 a
945 4629 1148 4683 minore
1183 4641 1195 4675 :
1226 4622 1282 4676 Si
1316 4619 1519 4687 exiguae
1560 4612 1799 4683 pecuniae
1841 4622 2001 4664 causa
2045 4616 2295 4674 peccare,

722 4740 823 4778 non
845 4715 1127 4778 dubitabit,
1158 4709 1283 4780 quid
1311 4684 1429 4763 cum
1477 4704 1548 4757 illi
1576 4701 1756 4783 majus
1774 4707 1911 4752 esset
1940 4684 2267 4774 propositum

723 4809 959 4867 lucrum?
987 4776 1140 4860 Certe
1166 4776 1269 4854 ἱιοιι
1292 4795 1551 4869 abstinuit
1570 4790 1697 4862 [A!.,
1720 4776 1833 4842 non
1861 4776 2195 4851 abstineret].

794 4901 835 4950 Α
864 4896 1066 4967 parium
1093 4886 1505 4959 comparatione,
1538 4888 1597 4935 ut
1620 4876 1872 4947 Virgilius
1900 4869 2050 4944 (ίΕη.
2082 4885 2147 4932 x,
2174 4869 2235 4923 8i
2256 4908 2270 4931 ,

730 4986 819 5057 82)
852 5002 925 5120 in
952 5056 1091 5120 βττιεε
1109 5040 1537 5120 eaeaeae")???
1554 5029 2080 5120 recensete:

852 5087 1530 5168 ticit'iiiqifti’iiiiiiibé'éauid
1545 5099 1737 5161 iuvisse
1755 5087 2012 5145 nefandum
2032 5087 2137 5138 est?

730 5218 863 5272 item
887 5230 920 5268 α
949 5210 1064 5285 pari
1096 5222 1114 5261 :
1144 5197 1343 5275 Siquis
1369 5212 1521 5275 neget
1551 5194 1751 5258 eaedem
1774 5213 1804 5252 a
1834 5212 1893 5253 se
1915 5209 2035 5251 esse
2064 5192 2276 5251 factam,

732 5323 797 5361 eo
822 5282 961 5373 quod
987 5315 1089 5356 non
1119 5299 1233 5366 ipse
1258 5296 1608 5365 percusserit;
1634 5290 1831 5346 dicitur
1860 5288 1929 5353 ei,
1955 5286 2177 5341 nihilum
2204 5282 2283 5335 in-

736 5409 935 5451 teresse
958 5402 1014 5447 ut
1037 5400 1225 5446 auctor
1245 5386 1367 5457 quia
1395 5382 1582 5439 fuisset
1611 5382 1803 5446 caedis,
1838 5393 1909 5432 an
1937 5378 2047 5447 ipse
2074 5388 2287 5443 percus-

738 5484 885 5547 serit,
896 5474 1020 5552 qnia
1032 5473 1407 5547 exetreqnein
1418 5472 1662 5527 eumdem
1672 5471 1873 5525 exitum
1885 5460 2286 5522 sociusvenerit.

809 5571 953 5629 C.'Si
984 5568 1301 5646 evangeliea:
1325 5563 1698 5622 similitudines
1720 5559 2006 5630 pertinent,
2048 5569 2115 5608 an
2158 5566 2290 5611 non,

748 5663 816 5715 ad
839 5664 965 5717 istas
990 5661 1211 5731 species,
1244 5659 1332 5714 ubi
1356 5657 1536 5714 dixisti
1576 5670 1606 5709 a
1633 5648 1975 5709 similitudine
1999 5646 2083 5700 vel
2104 5659 2135 5697 a
2161 5656 2293 5697 con-

2283 524 2404 579 que.
2426 535 2499 548 —
2608 502 2848 568 Quonam
2892 491 3083 549 modo?
3106 518 3177 532 —-—
3197 489 3257 542 Α.
3290 484 3545 552 Quaedam
3584 477 3724 535 enim
3768 477 3846 534 si-

2284 566 2608 651 militudines
2634 566 2675 643 va
2710 587 2826 657 pari
2871 584 3139 643 dicuntur,
3186 576 3428 646 quaedam
3473 586 3506 626 a
3551 566 3844 625 contrario.

2171 724 2185 746 ι
2287 685 2416 751 Quae
2447 696 2575 736 vero
2600 694 2633 733 a
2658 676 2900 748 paribus,
2922 672 3009 734 his
3031 668 3211 723 verbis
3230 665 3379 736 jungi
3403 668 3625 733 possunt
3655 674 3671 711 :
3701 657 3850 726 Sicut

2288 749 2445 839 istud,
2479 773 2554 827 sic
2580 780 2630 825 et
2654 767 2807 823 illud.
2832 765 2983 819 Sicut
3003 762 3068 816 de
3090 774 3264 824 servo,
3303 757 3395 827 qui
3423 753 3674 831 dimissus
3693 766 3724 804 a
3744 749 3853 803 Do-

2291 863 2435 918 mino
2457 874 2613 929 suum
2644 854 2923 912 suil‘ocavit
2949 864 3285 912 conservum,
3315 844 3419 901 dici
3445 829 3620 915 potest
3650 858 3663 894 :
3699 838 3855 894 Sicut

2291 953 2547 1009 Dominus
2566 949 2692 1004 huic
2711 959 2867 1002 servo
2906 956 3135 1013 nequam
3157 954 3263 995 non
3286 934 3570 992 dimittenti
3593 943 3857 988 conservo

2296 1061 2393 1101 suo
2418 1044 2573 1107 fecit;
2603 1040 2680 1096 sic
2708 1047 2860 1108 pater
2886 1044 3066 1090 vester
3099 1030 3339 1087 celestis
3370 1025 3533 1082 faciet
3573 1024 3746 1079 vobis.
3789 1023 3861 1078 Et

2304 1135 2528 1203 reliqua.
3400 1128 3405 1133 ‘
3620 1176 3623 1177 ν

2369 1222 2498 1275 Item
2543 1220 2611 1274 de
2658 1216 2958 1271 feneratore
3005 1211 3117 1280 qui,
3145 1224 3266 1263 cum
3294 1208 3501 1262 duobus
3532 1203 3864 1273 debitoribus

2303 1270 2519 1366 donavit
2545 1270 2691 1377 quod
2715 1304 2999 1365 debebant,
3022 1270 3112 1354 nab
3143 1309 3210 1354 eo
3232 1298 3354 1366 plus
3380 1292 3606 1351 dilectus
3641 1300 3742 1358 est,
3772 1270 3865 1347 cui

2303 1401 2424 1471 plus
2468 1395 2705 1452 donavit.
2738 1393 2805 1447 Et
2832 1393 2897 1447 de
2926 1389 3141 1444 homine
3166 1382 3255 1456 qui
3283 1385 3516 1464 habebat
3543 1384 3674 1438 duos
3703 1382 3861 1447 filios,

2306 1489 2561 1557 majorem
2602 1485 2657 1541 in
2694 1497 2824 1553 agro
2870 1479 2970 1534 sibi
3014 1459 3483 1547 propinquantem;
3519 1474 3779 1545 minorem
3810 1472 3867 1525 in

2309 1580 2594 1653 longinquo
2622 1573 3004 1634 luxuriantem,
3033 1577 3085 1623 et
3131 1564 3540 1620 innumerabilia
3588 1563 3868 1631 hujusmoo

2312 1647 2490 1727 dijDe
2516 1647 2603 1723 his
2622 1666 2783 1728 enim,
2808 1669 3063 1733 quantum
3091 1647 3288 1714 similia
3306 1664 3448 1719 sunt,
3475 1648 3686 1710 ducitur
3714 1651 3873 1705 intel-

2244 1755 2286 1812 Β
2314 1764 2482 1818 lectus
2510 1760 2625 1829 ejus
2648 1757 2750 1820 rei,
2772 1754 2859 1810 cui
2885 1752 3225 1813 adhibentur,
3263 1745 3611 1802 insinuanda.

2384 1851 2512 1917 Quae
2554 1855 2678 1903 sunt
2713 1860 2743 1899 a
2770 1840 3061 1904 contrario,
3092 1839 3177 1893 his
3200 1838 3378 1892 verbis
3408 1834 3563 1903 jungi
3600 1838 3827 1902 possunt
3857 1847 3870 1881 :

2318 1942 2374 1997 Si
2399 1942 2555 2004 istud,
2593 1946 2786 2009 quanto
2815 1935 2978 2003 magis
3008 1942 3055 1985 et
3079 1930 3231 1984 illud.
3264 1927 3331 1982 Ut
3358 1926 3463 1989 ille,
3495 1925 3586 1994 qui
3622 1938 3725 1976 non
3751 1936 3877 1991 pro-

2317 2044 2437 2104 pter
2465 2030 2753 2084 amicitiam
2773 2067 2788 2091 ,
2819 2025 2911 2080 sed
2952 2031 3012 2077 ut
3036 2021 3192 2076 taedio
3219 2025 3447 2083 careret,
3471 2016 3581 2086 jam
3609 2014 3879 2069 dormiens

2320 2120 2605 2183 excitatur,
2633 2123 2692 2169 ut
2739 2123 2848 2168 tres
2892 2125 3056 2181 panes
3083 2104 3442 2163 accommodet
3465 2103 3639 2157 amico
3673 2112 3784 2155 suo.
3818 2097 3878 2151 Si

2322 2212 2463 2288 enim
2502 2208 2589 2263 ille
2637 2196 2876 2260 molestia
2923 2188 3243 2269 compulsus
3273 2195 3439 2257 dedit,
3484 2198 3682 2261 quanto
3706 2186 3879 2255 magis

2325 2284 2483 2364 Deus,
2516 2298 2606 2368 qui
2632 2310 2756 2350 suos
2779 2306 2963 2349 servos
2989 2289 3211 2358 diligens
3257 2285 3523 2347 hortatur,
3550 2289 3609 2333 ut
3640 2283 3881 2347 petamus

2329 2391 2455 2465 [Al.,
2489 2364 2713 2459 petant],
2744 2384 2886 2441 dabit
2914 2384 3051 2436 bona
3074 2375 3375 2449 petentibus
3402 2372 3498 2427 se?
3526 2370 3657 2424 ltem
3688 2364 3886 2433 iniqui-

2330 2455 2458 2537 tatis
2479 2455 2709 2541 villicus,
2728 2475 2819 2544 qui
2842 2464 3430 2536 falsatis‘chirographis
3452 2459 3765 2532 providebat
3785 2455 3888 2510 sibi

2331 2580 2385 2626 et
2411 2570 2655 2623 laudatus
2696 2571 2779 2619 est
2820 2578 2850 2615 a
2876 2560 3089 2615 domino
3116 2570 3239 2618 suo;
3280 2555 3383 2607 hoc
3424 2556 3733 2619 argumento
3762 2560 3894 2600 con-

2336 2660 2629 2715 cludendus
2657 2655 2787 2728 [Al.,
2820 2646 3261 2716 concludendum]
3288 2643 3448 2722 350
3465 2649 3547 2695 est
3570 2656 3585 2692 ε
3615 2640 3659 2693 si
3689 2636 3899 2691 laudari

2335 2752 2504 2822 potuit
2523 2750 2609 2803 ille
2628 2720 2888 2800 adom‘ino
2907 2756 3022 2803 suo,
3046 2738 3137 2808 qui
3158 2734 3394 2790 fraudem
3418 2720 3672 2793 faciebat,
3694 2733 3896 2795 quanto

2338 2812 2562 2907 amplius
2585 2828 2828 2904 placeant
2871 2827 3096 2883 Domino
3118 2824 3254 2887 Deo,
3279 2820 3368 2893 qui
3392 2824 3654 2888 praecepta
3680 2812 3776 2885 [et]
3816 2813 3899 2866 in-

2312 2902 2523 2982 stituta
2568 2902 2795 2977 fideliter
2820 2924 2982 2989 agtmt
3016 2913 3147 2986 HL,
3176 2907 3433 2979 servant].
3464 2906 3614 2961 Sicut
3637 2905 3797 2959 etiam
3825 2902 3899 2959 de
3980 2910 3990 2973 ἰ

2337 3018 2516 3087 judice
2544 3010 2861 3082 iniquitatis,
2886 3008 2977 3075 qui
3022 3000 3455 3073 interpellabatur
3478 3012 3510 3049 a
3535 2994 3715 3058 vidua,
3743 3006 3895 3047 com-

2341 3206 2491 3268 parte
2505 3195 2667 3264 judex
2686 3189 2905 3260 iniquus
2925 3183 3281 3241 conferendus
3305 3188 3408 3236 est.

2916 3291 3140 3371 caper
3179 3289 3319 3346 xvi.

2861 3401 2928 3440 DE
2967 3393 3389 3438 PEBIHERIENIIS.

2418 3482 2478 3536 C.
2507 3476 3031 3535 Peribermeniarum
3058 3470 3380 3526 subtilitates
3406 3482 3437 3520 a
3468 3474 3519 3520 te
3554 3463 3736 3520 audire
3762 3462 3909 3519 desi-

2349 3575 2498 3637 dero,
2528 3571 2593 3625 de
2622 3568 2815 3637 quibus
2857 3564 3057 3619 dictum
3109 3567 3210 3623 est,
3256 3554 3596 3610 Aristotelem
3629 3554 3686 3607 in
3726 3561 3910 3607 mente
4000 3566 4005 3575 '

2351 3662 2573 3718 tinxisse
2597 3657 2881 3719 calamum,
2909 3651 3035 3707 dum
3062 3665 3155 3704 eas
3180 3646 3514 3716 scriptitabat
3535 3642 3670 3715 [Al.,
3697 3643 3912 3711 scriptio

2354 3749 2535 3822 taret].
2564 3777 2634 3789 ——
2657 3753 2720 3800 Α.
2746 3742 3035 3829 ,Snbtilitas
3067 3754 3250 3794 earum
3276 3737 3439 3791 nimia
3479 3741 3592 3800 est;
3620 3734 3713 3789 sed
3745 3748 3914 3803 angu-

2352 3843 2455 3895 stia
2476 3847 2671 3893 nostra:
2701 3824 3072 3905 disputationis
3086 3844 3256 3900 pauca
3282 3828 3345 3883 de
3369 3827 3449 3881 eis
3475 3834 3693 3893 tangere
3716 3824 3911 3887 habet;

2352 3941 2411 3985 et
2431 3904 2837 3989 tantummodo,"
2855 3918 3084 3994 quo'illa:
3113 3927 3373 3990 spectent,
3403 3914 3747 3986 aperiendum
3768 3904 3915 3967 vide-

2288 4084 2291 4085 ν
2359 4032 2442 4077 tur
2468 4020 2603 4092 [Al.,
2637 4016 2762 4088 est].

2538 4109 2688 4189 illius
2728 4085 2967 4161 nominis
3020 4099 3511 4171 interpretationem
3551 4097 3782 4166 primum
3815 4085 3919 4147 ex-

2359 4217 2514 4274 pone.
2541 4230 2613 4241 —
2631 4179 2696 4251 Αἶ
2725 4194 3138 4266 Perihermenia:
3167 4193 3445 4253 dicuntur,
3471 4186 3621 4256 quasi
3650 4185 3715 4240 de
3751 4174 3922 4238 inter-

2362 4290 2679 4361 pretatione.
2717 4317 2787 4325 —
2807 4285 2866 4338 C.
2894 4282 3167 4361 Quomodo
3188 4282 3253 4336 de
3278 4275 3835 4347 interpretatione?-—
3852 4274 3919 4330 Α.

2366 4380 2549 4436 Omnis
2581 4378 2774 4448 quippe
2803 4391 2911 4437 res,
2937 4388 3055 4442 qua:
3100 4386 3205 4425 una
3244 4378 3346 4434 est,
3382 4378 3435 4423 et
3480 4381 3587 4420 uno
3632 4362 3924 4433 significari

2369 4485 2614 4527 sermone
2633 4467 2845 4538 poterit,
2875 4473 2968 4524 aut
3004 4478 3102 4532 per
3127 4475 3339 4522 nomen,
3364 4466 3457 4511 aut
3481 4471 3577 4526 per
3598 4454 3819 4509 verbum
3837 4452 3927 4506 de-

2372 4534 2717 4616 monstratur.
2750 4551 2809 4606 C.
2832 4550 3110 4619 Quomodo
3146 4548 3541 4602 demonstratur
3559 4542 3650 4598 vel
3691 4542 3814 4607 hoc,
3842 4534 3927 4595 vel

2373 4650 2532 4707 illud?
2553 4647 2617 4700 Α.
2639 4644 2742 4699 Ρει·
2767 4656 2959 4697 nomen
2973 4633 3282 4694 substantia
3308 4618 3544 4690 omnium
3562 4646 3745 4686 rerum
3769 4629 3930 4699 signi-

2374 4743 2589 4805 ﬁcatur,
2612 4744 2691 4798 ut,
2712 4735 2883 4787 homo.
2912 4732 3016 4785 Per
3041 4730 3263 4783 verbum
3293 4727 3433 4780 actio
3451 4724 3535 4778 vel
3551 4722 3732 4792 passio
3750 4716 3931 4789 cujus"-

2376 4833 2505 4887 libet
2538 4828 2616 4885 rei
2660 4824 2977 4886 ostenditur;
3013 4828 3090 4885 ut,
3133 4820 3285 4872 homo
3318 4813 3706 4878 curritf‘ltomo
3735 4810 3926 4863 uritur.

2375 4921 2503 4987 Quze
2522 4919 2636 4972 dua;
2656 4924 2831 4986 partes
2854 4911 3115 4985 orationis
3140 4908 3557 4974 interpretantur
3572 4907 3762 4968 totum,
3779 4896 3932 4969 quid-

2378 4982 2504 5081 quid
2527 4982 2675 5063 mens
2690 5002 2995 5072 conceperit
3024 4982 3092 5054 ad
3108 4995 3461 5067 eloquendum
3496 4992 3675 5067 [ὤση
3698 4982 3929 5058 loquen-

2305 5154 2307 5156 .
2380 5097 2553 5169 dum]

2450 5188 2509 5241 C.
2539 5162 2681 5253 Quid
2706 5194 2803 5247 est,
2836 5178 3170 5247 conceperit?
3196 5207 3263 5216 —
3289 5176 3355 5229 Α.
3384 5171 3720 5242 Conoeperlt,
3740 5162 3800 5224 id
3829 5177 3931 5231 est,

2390 5273 2741 5337 intellexerit;
2770 5271 2944 5327 omnis
2983 5268 3125 5321 enim
3143 5264 3373 5321 elocutio
3398 5257 3746 5331 mentisjest]
3771 5257 3938 5311 inter-

2388 5385 2538 5438 pres;
2562 5369 2689 5439 quia
2710 5364 2857 5435 quod
2879 5351 3035 5417 meus
3057 5357 3329 5429 intelligit,
3353 5352 3587 5408 elocutio
3628 5351 3939 5418 interpreta-

2394 5469 2479 5515 tur
2506 5474 2601 5530 per
2631 5452 2892 5513 catafasln
2914 5452 2998 5506 vel
3024 5447 3283 5519 apofasin.
3614 5465 3638 5489 κ
3738 5468 3739 5473 η

2461 5526 2522 5602 (ἓξ
2562 5547 2687 5601 Haec
2727 5544 2831 5599 duo
2876 5540 3109 5601 nomina,
3150 5550 3269 5605 quae
3309 5530 3580 5594 indusiati,
3614 5526 3805 5582 latino
3846 5537 3943 5578 ore

2398 5637 2595 5707 profer.
2613 5635 2741 5688 -Δ
2766 5630 3027 5689 Catafasis
3048 5624 3369 5701 [κατάφασις]
3394 5631 3475 5677 est
3506 5616 3818 5682 affirmatio;
3847 5620 3942 5679 ut,
