4254 6194
410 248 513 308 977

476 361 542 417 Ρ.
569 363 707 431 Quid
729 372 854 419 sunt
873 379 993 418 ossa
1013 364 1036 417 2
1056 393 1127 404 —
1154 364 1219 417 Α.
1250 364 1530 419 Fortitudo
1549 364 1811 433 corporis.

475 450 542 508 Ρ.
575 453 714 520 Quid
742 461 867 508 sunt
891 454 1082 509 coxze?
1106 483 1174 493 —
1194 453 1257 507 Α.
1286 452 1557 523 Epistylia,
1568 453 1956 517 columnarum.

477 540 546 597 P.
573 543 711 611 Quid
736 552 859 598 sunt
886 558 1046 598 crura
1066 543 1175 623 2-έ
1202 542 1267 596 Α.
1295 542 1567 598 Columnae
1592 541 1853 610 corporis.

478 630 543 688 P.
569 633 707 701 Quid
728 643 853 690 sunt
872 635 1035 704 pedes
1058 635 1081 687 2
1108 665 1178 675 -—
1199 634 1265 688 A.
1294 634 1487 689 Mobile
1531 633 1955 689 fundamentum.

474 725 542 781 Ρ.
574 727 709 794 Quid
732 735 817 784 est
847 728 1062 798 sanguis
1085 728 1109 780 2
1135 758 1204 767 —
1237 728 1301 781 A.
1340 726 1547 782 Humor
1570 734 1847 788 venarum,“
1873 725 1956 787 vie
1986 784 1987 787 η

404 826 473 875 ιε
502 818 835 898 alimentum.

474 907 544 963 Ρ.
578 909 717 977 Quid
742 916 867 963 sunt
886 924 1037 963 venm
1059 909 1082 962 2
1108 940 1177 949 -
1205 909 1268 963 Α.
1298 908 1496 964 Fontes
1523 910 1722 963 carnis.

476 999 543 1055 Ρ.
574 1000 713 1068 Quid
740 1008 825 1055 est
847 1001 1040 1055 omium
1066 1000 1177 1054 ?-
1200 1000 1264 1052 A.
1290 999 1510 1069 Sphazra
1532 998 1797 1065 volubilis,
1823 997 1959 1070 [cul-

404 1104 527 1145 men
562 1090 927 1161 immensum].
1435 1157 1442 1164 _
1556 1102 1562 1108 '

473 1178 537 1234 P.
565 1181 705 1248 Quid
731 1189 813 1237 est
842 1181 932 1235 lux
956 1181 980 1234 2
1003 1212 1074 1222 -
1097 1182 1163 1234 Α.
1193 1181 1383 1235 Facies
1398 1182 1637 1235 omnium
1662 1196 1863 1236 rerum.

472 1269 537 1324 Ρ.
563 1270 700 1337 Quid
722 1280 808 1326 est
826 1271 978 1326 dies?
1020 1302 1084 1311 —
1108 1270 1171 1323 A.
1204 1270 1609 1329 lncitamentum
1640 1271 1858 1325 laboris.

472 1356 539 1414 Ρ.
570 1361 709 1429 Quid
739 1368 822 1415 est
849 1361 969 1415 sol?
992 1391 1062 1415 —.
1088 1356 1442 1429 A..Sp‘lendor
1468 1360 1640 1424 orbis,
1689 1360 1809 1415 eceli
1838 1358 1955 1429 ραι-

400 1453 668 1517 chritudo,
723 1459 929 1507 natura:
976 1451 1168 1523 gratia,
1200 1452 1374 1506 honor
1399 1451 1526 1515 diei,
1558 1452 1811 1505 horarum
1840 1450 1953 1505 dis-

402 1540 656 1596 tributor.

473 1628 539 1682 P.
563 1628 699 1696 Quid
727 1636 809 1683 est
843 1628 967 1683 luna
989 1630 1012 1683 ?
1032 1657 1101 1669 —
1127 1630 1191 1683 A.
1216 1630 1413 1685 Oculus
1440 1631 1633 1696 noctis,
1674 1632 1812 1686 roris
1841 1631 1949 1685 lar-

398 1734 486 1789 ga,
514 1732 752 1790 praesaga
777 1726 1175 1789 tempestatum.
1203 1787 1207 1791 ν

477 1806 538 1861 Ρ.
569 1808 706 1877 Quid
722 1817 847 1864 sunt
875 1809 1039 1865 stella:
1058 1810 1082 1863 2
1102 1840 1171 1873 -τ-
1194 1810 1257 1863 Α.
1284 1810 1497 1866 Pictura
1520 1812 1786 1878 culminis,
1814 1829 1948 1868 nau-

400 1907 576 1954 tarum
605 1901 1010 1971 gubernatores,
1045 1903 1217 1958 noctis
1243 1903 1420 1959 decor.

475 1988 536 2044 P.
569 1990 708 2059 Quid
737 2000 820 2045 est
845 1992 1067 2061 pluvia?
1094 2023 1162 2034 —
1184 1992 1247 2047 Α.
1290 1992 1576 2066 Conceptio
1609 2008 1767 2067 terra:
1786 2039 1801 2062 ,
1844 1998 1952 2053 fru-

398 2098 523 2155 gum
545 2084 797 2154 genitrix.

468 2173 535 2228 Ρ.
559 2173 697 2242 Quid
733 2182 817 2230 est
839 2174 1033 2229 nebula
1052 2176 1075 2228 2
1094 2206 1161 2215 -
1193 2177 1255 2230 Α.
1288 2174 1403 2232 Nox
1427 2177 1481 2231 in
1508 2178 1617 2243 die,
1643 2179 1793 2235 labor
1821 2195 1947 2237 ocu-

395 2260 593 2317 lorum.

468 2352 532 2408 Ρ.
562 2354 695 2422 Quid
727 2365 809 2410 est
835 2363 1024 2409 ventus
1048 2356 1071 2408 2
1094 2386 1161 2395 —-
1184 2355 1247 2408 Α.
1276 2356 1431 2411 Aeris
1451 2359 1802 2426 perturbatio,
1842 2375 1952 2415 mo-

392 2443 575 2500 bilitas
598 2459 880 2515 aquarum,
921 2444 1139 2499 siccitas
1166 2452 1340 2499 terrae.

464 2531 531 2587 P.
561 2533 700 2601 Quid
726 2543 811 2591 est
847 2543 991 2590 terra
1011 2536 1121 2589 ?—
1146 2535 1211 2589 Α.
1246 2536 1416 2591 Mater
1445 2541 1821 2606 crescentium,
1847 2559 1948 2596 nu—

354 2658 357 2661 -
394 2624 503 2679 trix
531 2626 849 2690 viventium,
873 2626 1149 2682 cellarium
1187 2627 1331 2691 vita,
1361 2629 1666 2683 devoratrix
1687 2632 1945 2686 omnium.

463 2712 529 2769 P.
562 2714 701 2783 Quid
719 2724 802 2770 est
815 2731 961 2771 mare
980 2716 1083 2768 ?—
1102 2716 1165 2767 Α.
1190 2716 1535 2772 Audacimvia
1556 2717 1705 2789 [Ms.,
1729 2720 1951 2774 audacia

391 2805 560 2879 vitm],
590 2806 743 2861 limes
772 2816 947 2871 terrze,
972 2806 1175 2862 divisor
1197 2806 1492 2876 regionum,
1528 2809 1821 2878 hospitium
1850 2809 1949 2863 llu-

390 2898 623 2960 viorum,
655 2895 772 2951 fons
788 2896 1069 2952 imbrium.
1092 2894 1356 2967 refugium
1381 2896 1435 2950 in
1452 2897 1705 2966 periculis
1730 2939 1744 2963 ,
1776 2899 1959 2969 gratia

391 2989 447 3043 in
465 2985 843 3054 voluptatibus.

356 3086 368 3099 '
464 3074 530 3131 P.
568 3075 705 3143 Quid
731 3082 858 3133 sunt
898 3073 1249 3131 ﬂuminai—
1276 3078 1338 3132 A.
1378 3078 1580 3133 Cursus
1612 3078 1944 3145 indellciens,

391 3164 615 3223 refectio
644 3165 792 3230 solis,
816 3165 1061 3235 irriga'tio
1085 3172 1264 3221 terrm.

463 3256 532 3312 P.
550 3257 688 3325 Quid
717 3264 802 3312 est
839 3272 976 3325 aqua
998 3256 1023 3309 2
1042 3287 1111 3296 -
1135 3257 1199 3309 Α.
1227 3256 1533 3312 Subsidium
1560 3259 1682 3313 vita:
1705 3298 1718 3322 ,
1749 3258 1951 3315 ablutio

389 3348 652 3404 sordium.
978 3354 981 3355 '
1432 3418 1433 3421 η

464 3435 529 3491 Ρ.
554 3436 695 3505 Quid
732 3446 814 3492 est
838 3438 974 3507 ignis
993 3438 1017 3491 2
1036 3468 1103 3477 —-
1130 3438 1193 3491 Α.
1243 3436 1401 3493 Calor
1424 3439 1619 3493 nimius
1636 3480 1648 3501 ,
1681 3437 1821 3494 fotus
1859 3454 1955 3492 na-

394 3516 686 3589 scentium,
711 3527 1001 3581 maturitas
1022 3525 1257 3596 frugum.

465 3614 531 3671 P.
572 3615 711 3684 Quid
756 3622 840 3669 est
883 3610 1286 3684 frigus?—A.
1339 3614 1641 3671 Febricitas
1686 3618 1953 3673 membro:

393 3727 535 3767 rum.

444 3805 530 3879 Ρ.
561 3803 699 3872 Quid
748 3810 829 3858 est
880 3800 1147 3872 gelu?—.
1186 3800 1249 3854 Α.
1305 3798 1612 3856 Persecutio
1639 3801 1947 3865 herbarum,

370 3894 619 3967 perditio
662 3892 817 3967 [ΗΜ
863 3900 1195 3963 persecutor.

390 3986 661 4044 vinculum
686 3994 864 4048 terrae,
896 3985 1012 4039 fons
1038 3988 1324 4061 aquarum.

461 4076 528 4131 Ρ.
551 4076 690 4145 Quid
708 4082 793 4131 est
815 4074 949 4129 nix?
974 4102 1047 4113 —-
1065 4074 1129 4127 Α.
1160 4066 1311 4143 Aqua
1334 4073 1498 4127 sicca.

461 4166 526 4223 Ρ.
550 4167 691 4237 Quid
715 4173 800 4222 est
826 4164 1035 4220 hiems?
1059 4191 1129 4206 -
1158 4162 1224 4216 Α.
1247 4161 1479 4217 Estatis
1497 4162 1667 4217 exsul.

460 4261 527 4318 Ρ.
562 4260 699 4330 Quid
724 4265 809 4316 est
833 4256 970 4313 ver?
994 4286 1071 4334 τ
1092 4254 1155 4309 Α.
1183 4253 1365 4311 Pictor
1386 4263 1564 4310 terrae.
1678 4266 1691 4277 ·

462 4348 531 4406 Ρ.
552 4349 692 4418 Quid
718 4355 802 4405 est
824 4345 1027 4404 testas?
1049 4374 1118 4385 —
1148 4343 1217 4399 Α.
1237 4342 1490 4400 Revestio
1512 4349 1690 4409 terrae,
1724 4344 1953 4400 maturi-~

394 4442 468 4501 oo
493 4441 723 4512 frtigum.
766 4456 767 4459 ‘

416 4536 436 4601 ς
464 4530 530 4587 Ρ.
556 4530 695 4599 Quid
721 4536 805 4584 est
826 4536 1124 4585 autumnus
1142 4529 1168 4583 2
1192 4527 1347 4583 —A.
1380 4528 1644 4609 Horreum
1672 4531 1828 4586 anni-
1875 4590 1881 4597 ,

464 4619 537 4677 P.‘
552 4620 691 4690 Quid
713 4626 796 4675 est
819 4633 991 4674 annus
1013 4618 1037 4673 2
1062 4646 1127 4682 -τ
1153 4617 1217 4672 Α.
1242 4618 1509 4691 Quadriga
1530 4622 1733 4677 mundi.

461 4711 528 4768 Ρ.
564 4712 696 4780 Quis
719 4712 864 4767 ducit
890 4709 1091 4783 [eamf]
1115 4739 1189 4752 —
1213 4711 1278 4765 Α.
1310 4710 1425 4765 Nox
1455 4720 1510 4766 et
1534 4712 1669 4789 dies,
1698 4712 1867 4785 frigus
1895 4724 1950 4769 et

393 4805 560 4862 calor.
1814 4818 1821 4825 '

465 4892 531 4948 P.
564 4890 696 4959 mils
727 4888 811 4947 est
837 4894 1024 4965 auriga
1057 4893 1302 4965 eiusi—
1328 4892 1392 4947 Α.
1424 4891 1515 4949 Sol
1544 4901 1600 4949 et
1616 4892 1760 4948 luna.
1854 4896 1863 4913 ‘

465 4984 532 5041 Ρ.
558 4984 699 5051 Quot
725 4980 890 5038 habet
902 4985 1104 5054 palatia
1125 4986 1149 5039 2
1173 5014 1243 5027 --
1265 4984 1329 5039 Α.
1353 4983 1663 5040 Duodecim.

462 5076 529 5133 Ρ.
564 5074 665 5142 Qui
692 5080 816 5128 sunt
857 5082 1116 5143 praetores
1159 5076 1477 5147 palatiomm
1503 5075 1527 5129 2
1557 5106 1631 5117 -
1654 5076 1718 5132 Α.
1758 5076 1943 5156 Aries,

393 5170 625 5234 Taurus,
660 5164 889 5229 Gemini,
918 5163 1143 5231 Cancer,
1182 5166 1312 5235 Leo,
1350 5168 1530 5239 Virgo,
1565 5168 1747 5234 Libra,
1787 5169 1941 5225 Scor-

392 5261 519 5332 pius
542 5300 559 5327 ,
604 5257 922 5331 Arcitenens
977 5253 1129 5327 [Ιιιη
1159 5256 1525 5333 Sagittarius],
1561 5260 1943 5331 Capricornus,

392 5351 683 5425 Aquarius,
712 5349 914 5406 Pisces.
1236 5389 1245 5392 ρ
1388 5362 1391 5363 ⁷

463 5438 529 5493 Ρ.
557 5439 701 5507 Quot
731 5438 849 5496 dies
893 5435 1275 5513 habitat[lfs.,
1301 5440 1573 5515 habitant]
1614 5444 1667 5497 in
1706 5456 1945 5513 unoquo-

395 5546 501 5605 que
513 5528 744 5601 palatio?
759 5557 829 5568 —-
847 5527 911 5583 Α.
943 5528 1035 5585 Sol
1056 5544 1163 5583 nx
1192 5526 1328 5601 [dies
1346 5535 1411 5585 et
1422 5531 1603 5587 decem
1631 5531 1814 5606 semis]
1844 5533 1940 5589 ho-

463 5657 491 5688 ι
511 5643 629 5701 Vid.
660 5643 815 5715 epist.
841 5642 1047 5700 Alcnini
1074 5643 1162 5701 83.

1125 250 1591 308 DlDASCALlCA.
1630 282 1701 292 -
1737 220 2143 308 DlSPU'l'ATlO
2178 250 2414 306 919mm
2450 250 2593 308 cum
2628 249 2897 307 ALBINO.

1980 364 2029 421 Α
2058 377 2145 415 ras
2175 371 2222 415 ι.
2247 361 2395 415 Luna
2418 361 2550 417 duos
2570 360 2687 416 dies
2714 369 2770 416 et
2793 368 2915 415 octo
2945 358 3124 424 horas,
3169 369 3223 416 et
3272 361 3413 417 bisse
3440 363 3597 417 unius

1241 3930 1256 3945 .
1298 3931 1313 3981 .
1353 3890 1617 3964 perditor]
1658 3892 1946 3959 foliorum,

3496 217 3603 309 m

2062 453 2226 507 hora).

2130 540 2197 597 Ρ.
2228 544 2495 613 Magister,
2528 549 2687 599 timeo
2710 544 2871 599 altum
2901 544 3072 598 ire.-
3094 545 3158 597 Α.
3182 545 3314 612 Quis
3352 553 3405 601 te
3445 545 3596 600 duxit

2061 632 2117 689 in
2138 633 2301 688 altum
2322 636 2346 687 2
3358 640 3359 647 ‘

2130 724 2197 779 P.
2228 723 2539 779 Curiositas.
2572 751 2641 763 --
2667 724 2731 777 A.
2761 721 2817 778 Si
2851 725 3031 789 times,
3081 724 3394 779 descendam
3443 722 3597 794 τι...

2059 811 2485 884 descendamus].
2519 812 2726 882 Sequar
2749 828 3063 881 quocunque
3096 814 3238 868 ieris.
3580 872 3583 873 ν

2129 904 2195 959 Ρ.
2220 904 2277 958 Si
2307 905 2498 959 scirem
2542 905 2668 973 quid
2713 913 2855 959 esset
2893 905 3063 964 navis,
3094 919 3455 973 praepararem
3481 905 3594 962 tibi.

2058 1005 2117 1052 ut
2139 998 2353 1051 venires
2389 996 2454 1049 ad
2484 1010 2589 1050 me.
2609 1025 2679 1035 —
2700 999 2762 1049 Α.
2793 995 2953 1050 Navis
2998 1004 3081 1049 est
3118 996 3305 1050 domus
3351 996 3598 1057 erratica,

2056 1090 2278 1145 ubilibet
2296 1082 2603 1159 hospitium,
2632 1089 2803 1142 viator
2824 1088 2939 1142 sine
2968 1088 3227 1158 vestigiis,
3254 1088 3425 1144 vicina
3447 1086 3595 1160 [Ms.,

2055 1181 2285 1252 vicinus]
2318 1196 2512 1237 arenae.

2128 1268 2192 1323 P.
2222 1270 2357 1337 Quid
2389 1279 2470 1323 est
2502 1270 2706 1323 arena?
2731 1300 2801 1310 —
2820 1269 2883 1323 Α.
2913 1269 3089 1323 Murus
3111 1278 3284 1323 terrm.

2126 1359 2192 1417 Ρ.
2224 1361 2359 1428 Quid
2389 1369 2471 1415 est
2496 1361 2701 1415 herba?
2726 1390 2799 1401 —
2826 1360 2888 1412 Α.
2930 1361 3107 1415 Vestis
3134 1369 3306 1414 terrm.

2128 1451 2193 1507 P.
2219 1452 2356 1519 Quid
2412 1458 2532 1505 sunt
2576 1449 2770 1505 olera?
2804 1481 2873 1490 —
2898 1450 2961 1502 Α.
3018 1448 3185 1503 Amici
3239 1450 3593 1504 medicorum.

2053 1543 2172 1603 laus
2193 1558 2505 1612 coquorum.

2127 1635 2192 1689 P.
2224 1633 2359 1702 Quid
2382 1641 2481 1698 est,
2529 1632 2669 1701 quod
2710 1646 2890 1685 amara
2918 1631 3088 1686 dulcia
3118 1630 3243 1685 facit
3270 1631 3381 1684 2-
3404 1630 3466 1685 Α.
3499 1630 3595 1685 Fs-

1984 1709 2189 1781 Bmes.
2272 1732 2280 1739 ’

2094 1834 2097 1837 ·
2124 1813 2188 1867 Ρ.
2218 1814 2353 1881 Quid
2380 1820 2481 1881 est,
2513 1812 2653 1883 quod
2677 1812 2947 1867 hominem
2977 1826 3082 1866 non
3112 1812 3310 1867 lassum
3336 1810 3500 1867 facit?
3536 1838 3603 1848 -—-

2051 1906 2115 1958 Α.
2142 1904 2400 1959 Lucrum.

2120 1997 2282 2069 355
2307 1995 2368 2051 P.
2412 1996 2548 2069 Quid
2588 2005 2669 2049 est
2692 1994 2929 2065 vigilanti
2970 1995 3226 2047 somnus?
3260 1992 3410 2046 -Α,
3444 1992 3595 2062 Spes.

2122 2064 2354 2155 {Quid
2373 2096 2454 2143 est
2473 2064 2597 2158 spes
2621 2081 2645 2139 2
2668 2117 2737 2127 -
2758 2064 2820 2138 Α.
2846 2084 3200 2155 Refrigerium
3221 2084 3420 2139 laboris
3437 2126 3449 2147 ,
3477 2083 3593 2156 [du-
3616 2140 3617 2143 η

2052 2180 2171 2235 hius
2200 2177 2463 2250 eventus].

2124 2268 2189 2324 P.
2221 2270 2358 2339 Quid
2384 2278 2465 2325 est
2494 2269 2768 2324 amicitia?
2796 2299 2865 2308 —
2894 2268 2957 2321 Α.
2988 2266 3287 2337 [Εᾳυαιίιειε
3308 2267 3596 2323 amicorum

2054 2360 2204 2432 [Ms.,
2231 2360 2574 2439 animorum].

2120 2446 2186 2504 P.
2212 2448 2348 2516 Quid
2377 2458 2459 2505 est
2509 2448 2765 2504 fides!-—-
2793 2448 2855 2501 Α.
2897 2448 3090 2516 ignaue
3136 2447 3210 2501 rei
3257 2456 3309 2501 et
3339 2447 3590 2503 miranda:
3694 2452 3695 2455 “

2051 2540 2332 2595 certitudo.

2123 2629 2186 2687 P.
2221 2630 2359 2699 Quid
2387 2638 2469 2683 est
2512 2630 2707 2683 mirum
2728 2630 2752 2681 2
2774 2658 2840 2667 -
2867 2628 2930 2680 Α.
2964 2626 3141 2696 Nuper
3183 2628 3287 2682 vidi
3333 2627 3599 2681 hominem

2052 2729 2278 2777 stantem
2302 2761 2317 2783 ,
2372 2727 2640 2775 mortuum
2673 2718 3031 2773 ambulantem
3079 2716 3204 2788 [Με.
3231 2758 3243 2781 ,
3297 2717 3597 2772 molientem

2053 2809 2457 2882 ambulantem],
2490 2808 2877 2878 quinunquam
2892 2806 3027 2861 fuit.

2126 2899 2190 2954 P.
2229 2900 2506 2967 Quomodo
2525 2907 2699 2969 potest
2724 2911 2841 2953 esse
2868 2938 2883 2962 ,
2912 2899 3083 2966 pande
3111 2899 3273 2953 mihi?
3290 2928 3358 2939 —
3382 2899 3445 2953 Α.
3472 2898 3602 2953 ima-

2053 3006 2121 3064 go
2140 2990 2194 3045 in
2218 3004 2377 3059 aqua.

1973 3043 2020 3105 C
2130 3079 2169 3105 η
2212 3078 2321 3105 ρ..-
2352 3079 2377 3105 ι.

2121 3079 2187 3133 Ρ.
2211 3078 2321 3135 Cur
2352 3079 2454 3133 hoc
2476 3080 2581 3153 non
2610 3076 2843 3133 intellexi
2869 3092 2966 3147 per
2991 3091 3096 3141 me,
3126 3078 3251 3132 dum
3301 3079 3456 3133 toties
3478 3081 3581 3134 vidi

2053 3170 2221 3243 [hunc
2263 3173 2437 3241 ipsum
2480 3170 2769 3241 hominem]
2797 3172 2823 3223 2
2847 3201 2916 3211 -
2952 3171 3015 3224 Α.
3047 3171 3180 3238 Quia
3227 3172 3376 3226 bonae
3403 3156 3591 3229 indolis

2050 3276 2109 3316 es
2124 3260 2337 3328 juvenis
2364 3267 2419 3313 et
2446 3257 2706 3312 naturalis
2734 3259 2931 3328 ingenii
2955 3299 2971 3323 ,
3000 3275 3294 3329 proponam
3325 3262 3418 3316 tibi
3445 3279 3590 3331 quae-

2054 3353 2172 3409 dam
2191 3351 2289 3405 alia
2306 3351 2438 3405 mira
2470 3368 2483 3415 ;
2508 3358 2676 3415 tenta,
2704 3350 2749 3404 si
2774 3365 2870 3420 per
2890 3351 3113 3421 leipsum
3139 3354 3311 3422 possis
3332 3354 3595 3417 coniicere

2052 3442 2160 3497 illa.
2746 3496 2749 3499 η
3536 3442 3539 3445 ’

2123 3532 2188 3605 Ρ,
2221 3533 2433 3588 Faciam
2466 3530 2614 3603 [Ms..
2656 3531 2932 3603 faciemus]
2959 3548 2973 3595 ;
3006 3539 3181 3586 tamen
3214 3533 3307 3597 ita,
3340 3549 3383 3587 SI
3415 3548 3619 3595 secus.-

2048 3638 2209 3692 qnam
2229 3628 2329 3685 est,
2357 3620 2545 3683 dicam,
2571 3621 2809 3691 corrigas
2835 3635 2938 3675 me.
2964 3650 3033 3662 --
3059 3620 3122 3673 Α.
3151 3620 3389 3687 Faciam,
3414 3630 3470 3676 ut
3488 3623 3591 3678 vis.

2050 3713 2277 3780 Quidam
2304 3712 2519 3783 ignotus
2541 3696 2745 3766 mecum
2778 3712 2893 3767 sine
2929 3712 3106 3783 lingua
3136 3722 3190 3767 et
3220 3728 3350 3769 voce
3378 3713 3589 3772 locutus

2051 3813 2154 3872 est,
2205 3804 2295 3876 qui
2326 3819 2600 3875 nunquam
2638 3811 2762 3859 ante
2810 3802 2950 3868 fuit,
3000 3820 3098 3860 nec
3142 3815 3327 3876 postea
3364 3807 3465 3862 erit
3499 3826 3513 3873 ;
3545 3819 3601 3862 et

2050 3913 2207 3969 quem
2229 3913 2335 3952 non
2354 3882 2654 3961 audiebam,
2679 3911 2779 3951 nec
2806 3896 2947 3951 novi.
3400 3931 3408 3938 -

2121 3987 2188 4043 Ρ.
2212 3988 2488 4049 Somnium
2529 3994 2581 4041 te
2607 3985 2790 4057 [forte]
2845 3986 3363 4055 fatigavit,magister
3389 3989 3504 4040 2-
3527 3988 3593 4042 Α.

2048 4078 2245 4140 Etiam,
2293 4074 2389 4129 fili.
2417 4072 2555 4127 Audi
2593 4082 2646 4127 et
2681 4072 2824 4134 aliud
2853 4091 2865 4126 :
2906 4072 3021 4128 Vidi
3067 4082 3306 4131 mortuos
3334 4091 3594 4147 generare

2046 4172 2246 4235 vivum,
2268 4178 2322 4225 et
2349 4183 2476 4224 aura
2502 4165 2610 4220 vivi
2637 4167 2936 4235 consumpti
2962 4174 3086 4221 sunt
3105 4169 3317 4223 mortui.

2119 4257 2185 4313 Ρ.
2222 4259 2298 4314 De
2321 4256 2600 4313 fricatione
2640 4257 2890 4311 arborum
2911 4256 3048 4325 ignis
3073 4264 3233 4312 natus
3258 4265 3341 4313 est
3367 4299 3382 4323 ,
3407 4274 3601 4317 consu~

2048 4368 2199 4410 mens
2228 4350 2514 4425 [arbores].
2543 4380 2617 4391 —
2642 4350 2705 4403 Α.
2755 4348 2954 4403 Verum
2987 4356 3087 4403 est.
3124 4348 3314 4405 Audivi
3356 4360 3595 4408 mortuos

2049 4445 2214 4501 multa
2243 4444 2539 4515 loquentes.
3304 4504 3311 4510 ‘

2119 4536 2187 4598 Ρ.
2222 4534 2499 4605 Nunquam
2526 4533 2683 4596 bene,
2722 4530 2826 4585 nisi
2849 4530 3241 4599 suspendantur
3283 4530 3335 4584 in
3362 4543 3504 4585 aere.
3526 4559 3596 4572 —

2055 4626 2110 4681 Δ.
2134 4622 2291 4679 Vere.
2317 4619 2438 4679 Vidi
2470 4620 2646 4690 ignem
2690 4618 3067 4672 inexstinctum
3104 4633 3330 4686 pausare
3355 4619 3407 4672 in
3429 4634 3594 4689 aqua.

2064 4778 2068 4781 I
2116 4711 2180 4766 Ρ.
2222 4710 2436 4765 Silicem
2475 4707 2554 4780 [in
2593 4722 2730 4777 aqua
2769 4706 3071 4777 significare
3106 4710 3207 4775 vis,
3239 4706 3405 4783 reor].
3434 4710 3591 4766 —A.

2048 4801 2117 4858 Ut
2145 4800 2305 4866 reris,
2352 4799 2432 4855 sic
2453 4806 2555 4853 est.
2589 4796 2708 4852 Vidi
2737 4806 3004 4853 mortuum
3029 4800 3298 4855 sedentem
3338 4817 3499 4874 super
3523 4804 3606 4860 vi-

2043 4880 2190 4959 vum,
2215 4899 2270 4947 et
2289 4891 2342 4946 in
2370 4891 2482 4947 risu
2503 4889 2696 4946 mortui
2712 4898 2953 4946 mortuus
2973 4898 3057 4946 est
3079 4891 3232 4947 vivus
3254 4890 3409 4965 [Νι.
3434 4895 3597 4969 mori-

2049 4991 2135 5038 tur
2154 4981 2352 5055 vivus].
3312 4978 3319 4989 ’

2117 5073 2184 5127 Ρ.
2210 5071 2321 5128 Hoc
2366 5071 2479 5127 coci
2532 5070 2681 5142 μη..
2717 5068 2918 5141 .coqui]
2968 5072 3139 5125 nostri
3197 5073 3588 5129 norunt—id.

2049 5160 2308 5236 [norunt].
2346 5160 2451 5215 Sed
2472 5173 2607 5229 pone
2634 5158 3045 5227 digitum‘super
3074 5174 3153 5225 os,
3204 5176 3271 5215 ne
3312 5163 3462 5233 pueri
3490 5164 3593 5220 hoc

2050 5256 2280 5317 audiant,
2308 5250 2435 5322 quid
2458 5250 2545 5304 sit.
2577 5249 2675 5303 Fui
2709 5250 2763 5304 in
2796 5252 3075 5306 venatione
3098 5268 3217 5309 cum
3243 5255 3381 5322 aliis,
3410 5260 3463 5311 in
3488 5271 3592 5326 qua

2049 5348 2095 5402 si
2120 5344 2247 5415 quid
2267 5341 2526 5412 cepimus,
2560 5339 2691 5396 nihil
2721 5341 2999 5397 nobiscum
3031 5345 3359 5415 portavimus
3388 5363 3403 5410 ;
3429 5361 3588 5417 quem

2048 5451 2155 5491 non
2202 5432 2471 5503 potuimus
2503 5444 2725 5502 capere,
2776 5432 2991 5489 domum
3036 5434 3372 5503 portavimus
3417 5435 3595 5492 nobis-

2005 5559 2008 5563 ν
2048 5541 2185 5583 cum.
