4266 6188
676 215 778 271 979

1476 215 1537 269 Β.
1579 215 1642 271 F.
1676 213 1900 272 ALBINI
1939 217 2069 276 SEU
2107 220 2382 277 ALCUlNl
2419 221 2701 280 OPERUM
2739 223 2916 280 PARS
2954 225 3062 281 VII.

3787 237 3904 293 .930

744 324 811 381 Ρ.
845 323 1190 381 Rusticorum
1232 333 1317 380 est
1367 325 1484 381 haec
1516 327 1747 382 venatio.
1784 358 1857 369 —
1878 330 2078 393 ΛΕΜ.
2109 329 2229 387 Vidi
2256 335 2308 395 Δ
2332 349 2606 397 nunquam
2631 337 2916 409 mortuus].
2948 338 3161 394 Tertius
3189 341 3354 395 semel
3383 352 3540 398 natus
3573 353 3626 400 et
3658 341 3740 402 bis
3767 366 3909 407 mor-

627 431 638 442 ‘
673 417 958 488 quemdam
983 425 1184 480 natum,
1211 426 1498 486 antequam
1521 427 1663 473 esset
1682 430 1991 489 conceptus.

747 505 816 562 Ρ.
871 505 1086 571 Vidisti,
1111 516 1166 560 et
1195 507 1332 561 forte
1360 510 1872 564 manducasti.—A.
1904 509 2238 565 Manducavi.

677 597 818 664 Quid
869 595 1193 668 [.lfs.,Quis]
1222 608 1324 660 est,
1350 598 1439 665 qui
1475 614 1580 651 non
1613 610 1718 663 est,
1753 585 1812 653 et,
1837 615 2032 655 nomen
2080 601 2242 657 habet

671 695 725 740 et
754 701 1074 760 responsum
1103 687 1195 740 dat
1221 687 1478 740 sonanti?

747 776 813 830 P.
843 776 1022 832 Biblos
1049 778 1101 832 in
1131 777 1263 832 silva
1294 775 1443 848 [Mr.,
1483 777 1624 833 Bilos
1655 779 1707 832 in
1738 778 1910 850 silvis]
1945 780 2236 851 interroga.

674 897 744 907 -—
766 869 828 922 Α.
868 867 982 922 Vidi
1020 868 1288 938 hospitem
1322 877 1629 924 currentem
1669 884 1791 924 cum
1813 871 1970 925 domo
2014 887 2144 937 sua;
2176 881 2233 927 et

681 957 770 1013 ille
800 959 1032 1024 tacebat,
1068 966 1122 1013 et
1145 959 1334 1013 domus
1357 960 1602 1015 sonabat.

741 1047 806 1101 P.
831 1047 969 1102 Para
995 1048 1122 1102 mihi
1150 1057 1284 1113 rete,
1306 1057 1360 1103 et
1385 1051 1616 1118 pandam
1643 1051 1760 1106 tibi.
1788 1074 1858 1093 ι-
1880 1053 1944 1106 Α.
1972 1053 2106 1121 Quis
2129 1062 2235 1121 est,

672 1152 828 1205 quem
857 1138 1036 1194 videre
1067 1153 1173 1192 non
1202 1139 1353 1208 potes
1377 1138 1509 1208 [aui.
1540 1179 1554 1193 .
1597 1180 1609 1193 .
1647 1141 1867 1212 potestl,
1903 1143 2005 1198 nisi
2036 1127 2256 1201 clausis.

671 1227 843 1282 oculis
865 1229 888 1280 ?

740 1317 807 1371 Ρ.
831 1318 932 1384 Qui
959 1319 1158 1384 stertit,
1213 1319 1307 1373 tibi
1331 1321 1568 1374 ostendit
1598 1321 1763 1374 illum.
1792 1351 1860 1360 —
1895 1322 1959 1375 Α.
1998 1321 2114 1378 Vidi
2139 1325 2236 1379 ho-

671 1412 868 1465 minem
893 1421 1015 1466 octo
1038 1413 1090 1466 in
1134 1428 1294 1467 manu
1320 1422 1613 1478 tenentem,
1659 1421 1713 1467 et
1743 1414 1808 1468 de
1833 1415 2044 1469 octonis
2071 1413 2235 1486 [subi-

669 1498 745 1571 to]
771 1501 943 1569 rapuit
966 1509 1193 1571 septem,
1220 1511 1273 1556 et
1303 1511 1676 1558 remanserunt
1710 1519 1822 1559 sex.

744 1587 805 1643 P.
842 1590 994 1644 Pueri
1043 1593 1097 1646 in
1147 1591 1345 1647 scholis
1383 1591 1484 1648 hoc
1505 1594 1702 1649 sciunt.
1724 1624 1794 1633 —
1819 1593 1884 1648 Α.
1932 1593 2063 1662 Quis
2111 1603 2215 1663 est,

669 1679 777 1744 cui,
811 1679 854 1734 si
880 1692 1038 1750 caput
1062 1682 1364 1747 abstuleris,
1405 1683 1562 1739 altior
1592 1687 1762 1755 surgit
1790 1687 1813 1737 ?

734 1765 799 1821 P.
827 1768 959 1825 Vide
993 1768 1142 1842 [Ms.,
1177 1771 1342 1843 Vade]
1394 1773 1461 1827 ad
1487 1773 1685 1828 lectum
1714 1784 1862 1829 tuum
1907 1787 1961 1831 et
1985 1776 2055 1831 ibi
2089 1777 2231 1832 inve—

667 1859 801 1914 nies.
829 1890 898 1900 —
927 1859 990 1914 Α.
1034 1861 1167 1918 Tres
1209 1862 1398 1927 fuere;
1446 1879 1582 1918 unus
1609 1880 1873 1934 nusquam
1918 1865 2066 1938 μὴ,
2093 1883 2231 1921 nun-

668 1949 851 2021 quani]
888 1961 1046 2006 natus
1075 1961 1131 2006 et
1157 1954 1322 2008 semel
1347 1964 1605 2009 mortuus.
1638 1954 1813 2027 [Alter
1839 1957 2006 2013 semel
2050 1968 2230 2020 natus,

2345 430 2466 477 tuus
2502 435 2549 476 ⁸.

2411 509 2475 566 Ρ.
2508 513 2716 568 Primus
2761 517 3070 585 mquivocus
3115 526 3272 572 terra:
3299 518 3450 591 [Ms.,
3487 523 3644 596 meae]
3673 542 3687 590 ;
3714 541 3910 583 secun-

2342 603 2440 657 dus
2467 604 2576 657 Deo
2601 619 2720 659 meo
2745 621 2758 668 ;
2786 607 2976 661 tertius
3010 609 3210 662 homini
3233 614 3472 682 pauperi.
3505 645 3578 656 —
3599 615 3664 672 Α.
3701 617 3796 675 Dic
3824 631 3910 675 ta-

2340 707 2461 747 men
2489 695 2688 763 primas
2712 695 2916 751 litteras
2945 696 3289 771 [nominum].

2409 782 2476 838 P.
2508 801 2546 838 ι.
2573 802 2624 839 v.
2663 784 2788 857 [Με.
2829 787 2955 858 ιιιι,]
2983 789 3048 842 12
3093 806 3218 844 xxx.
3257 824 3327 832 -——
3353 795 3413 847 Α.
3453 795 3572 851 Vidi
3643 799 3906 859 feminam

2337 876 2637 941 volantem,
2673 887 2908 932 rostrum
2962 880 3245 936 habentem
3299 883 3531 940 ferreum
3561 928 3576 952 ,
3604 899 3659 944 et
3699 906 3904 962 corpus

2337 966 2568 1037 ligneum
2591 976 2646 1020 et
2666 968 2888 1022 caudam
2921 979 3232 1039 pennatam,
3256 980 3482 1029 mortem
3509 985 3828 1046 portantem.

2403 1054 2468 1111 Ρ.
2501 1055 2658 1112 Socia
2679 1057 2927 1112 militum.
2954 1091 3026 1100 —
3048 1061 3113 1117 Α.
3151 1061 3291 1129 Quid
3316 1074 3400 1118 est
3419 1065 3615 1123 miles?

2399 1144 2464 1200 P.
2494 1147 2675 1202 Murus
2701 1149 2930 1219 imperii,
2957 1151 3117 1206 timor
3156 1152 3411 1219 hostium,
3449 1156 3738 1226 gloriosum
3783 1176 3901 1216 ser-

2337 1237 2540 1292 vitium.
2565 1268 2636 1278 —
2658 1237 2720 1293 Α.
2758 1238 2897 1305 Quid
2929 1249 3015 1296 est
3036 1241 3178 1310 quod
3203 1251 3285 1297 est
3311 1252 3365 1298 et
3385 1260 3493 1300 non
3526 1255 3610 1301 est
3642 1248 3666 1301 ?

2403 1327 2467 1384 P.
2498 1328 2656 1385 Nihil.
2690 1360 2762 1384 -τ-
2784 1331 2847 1385 Α.
2883 1330 3157 1398 Quomodo
3212 1342 3392 1404 potest
3429 1351 3552 1392 esse
3583 1339 3638 1392 et
3670 1349 3776 1396 non
3811 1351 3896 1398 est

2335 1419 2488 1493 [Hs.,
2523 1421 2664 1493 esse]
2689 1422 2712 1474 ?

2403 1511 2469 1566 P.
2499 1511 2722 1567 Nomine
2773 1521 2876 1577 est,
2908 1522 2962 1568 et
2986 1529 3046 1569 re
3089 1530 3197 1592 non
3233 1525 3335 1572 est.
3365 1519 3515 1574 —A.
3545 1520 3682 1588 Quid
3734 1523 3896 1595 [Hs.,

2332 1601 2483 1675 Quis]
2510 1612 2596 1658 est
2620 1604 2815 1658 tacitus
2837 1606 3105 1688 nuncius?

2259 1684 2308 1745 Β
2411 1692 2476 1751 Ρ.
2503 1694 2672 1761 Quem
2698 1711 2860 1750 manu
2890 1684 3064 1753 teneo.
3099 1728 3170 1739 —
3191 1701 3255 1754 Α.
3280 1700 3416 1766 Quid
3447 1712 3597 1758 tenes
3622 1709 3827 1761 manu?

2412 1785 2474 1840 P.
2505 1787 2795 1856 Epistolam
2837 1793 3010 1842 meam
3042 1788 3195 1860 [Ms.,
3228 1792 3494 1864 tuam].—-
3528 1794 3592 1848 Α.
3621 1795 3758 1867 Lege
3783 1797 3898 1854 feli—

2337 1877 2494 1940 citer,
2523 1876 2614 1930 fili.

733 2097 758 2124 ι
780 2085 974 2141 Confer
1003 2085 1266 2158 Symposii
1303 2087 1553 2160 Enigma
1586 2089 1678 2154 96,
1700 2093 1756 2148 et
1795 2085 1996 2147 Hona‘v.
2029 2089 2272 2146 Vulcanii
2304 2106 2424 2161 pag.
2452 2090 2572 2144 295.

669 2233 3867 2262 -———————————————-——————————-——-—-———-—————————_—

1501 2373 2341 2489 OPUSCULUM
2440 2364 3055 2489 SEXTUM.
3122 2390 3125 2392 -

987 2582 1145 2668 DE
1219 2581 1622 2667 CURSU
1697 2582 1848 2666 ET
1906 2581 2279 2666 SALTU
2335 2582 2679 2666 LUN/E
2749 2579 2899 2668 AC
2963 2585 3565 2672 BISSEXTO.

995 2787 1156 2859 355
1182 2785 1492 2841 morarum
1531 2783 1884 2841 PRAEVIUM.

727 2885 806 2940 Cl.
840 2883 1203 2949 Quercetanus
1232 2880 1370 2933 inter
1388 2879 1598 2934 Alcuini
1624 2880 1895 2949 epistolas,
1921 2880 2021 2934 sub
2040 2894 2228 2935 nume-

661 2958 737 3011 ris
761 2955 828 3008 25
849 2961 902 3006 et
922 2951 990 3005 26
1013 2952 1144 3005 duas
1171 2950 1387 3004 chartas
1411 2951 1612 3014 retulit,
1637 2966 1789 3019 quas,
1821 2966 1942 3005 cum
1969 2951 2101 3006 nihil
2128 2952 2225 3006 ha-

659 3029 848 3081 berent
886 3022 1070 3091 formae
1118 3019 1604 3091 epistolaris_.__inde
1636 3021 1873 3091 erimere
1914 3029 1968 3074 et
2000 3021 2053 3074 in
2085 3021 2226 3091 hunc

660 3097 834 3151 loeum
860 3087 1174 3156 transferre,
1211 3097 1374 3159 atque
1413 3088 1516 3143 illis
1544 3089 1736 3144 libellis
1775 3087 2064 3160 adiungere
2106 3089 2222 3160 pla-

659 3167 788 3226 cuit,
818 3165 908 3230 qui
934 3162 1124 3218 similis
1149 3166 1330 3216 essent
1355 3160 1677 3230 argumenti,
1699 3159 1956 3214 nimirum
1981 3159 2226 3215 astrOno-

659 3180 788 3226 (ξωι,
858 3181 908 3217 lll
934 3180 1124 3218 sumus
1149 3180 1330 3216 essent
1355 3180 1677 3230 argumenti,
1699 3180 1950 3214 nimirum
1981 3180 2220 3215 asu'ono-

613 3240 616 3243 ’
658 3235 803 3288 mici.
818 3180 902 3286 ἳκ
922 3234 1068 3304 hisce
1087 3232 1289 3304 chartis
1309 3231 1565 3304 ._Alcuinus
1590 3230 1967 3304 intelligendus
1982 3231 2220 3304 videtur,

658 3306 711 3359 in
749 3302 972 3373 epistola
996 3301 1064 3355 85
1085 3302 1153 3355 ad
1179 3299 1430 3373 Carolum
1458 3301 1531 3354 ita
1561 3299 1809 3373 scribens
1834 3318 1846 3352 :
1882 3320 1899 3352 ι
1937 3301 2224 3373 Signorum

655 3370 1118 3442 vero—partitiones
1150 3385 1247 3439 per
1274 3370 1467 3442 horas;
1501 3371 1848 3442 etquomodo
1877 3370 2224 3442 convenirent

654 3438 845 3501 novem
858 3443 1003 3497 hora:
1029 3438 1244 3494 lunares
1271 3439 1506 3509 quinque
1527 3439 1715 3493 diebus
1742 3438 2006 3493 solaribus
2035 3439 2222 3493 memi-

656 3516 710 3570 ni
748 3530 832 3568 me
856 3515 908 3567 in
930 3512 1031 3567 alia
1054 3510 1206 3565 vobis
1227 3509 1456 3577 dirigere
1483 3509 1724 3578 epistola.
1763 3527 1781 3561 ›

726 3583 952 3653 Scripsit
980 3597 1108 3637 vero
1135 3579 1478 3653 Alcumusad
1500 3580 1744 3653 eumdem
1769 3579 2221 3653 sapientissimum

654 3650 1055 3722 regem'plura,
1104 3650 1614 3722 quibusscientiam
1665 3651 2078 3705 astronomicam
2121 3664 2221 3722 pro

654 3719 977 3778 modulo'sui
1003 3719 1263 3790 temporis
1290 3719 1556 3790 illustrare
1583 3729 1806 3774 conatus
1829 3728 1931 3790 est,
1963 3719 2221 3790 qua:_plu-

651 3793 846 3847 rimam
882 3787 1131 3859 partemf
1161 3798 1319 3859 prout
1362 3789 1475 3859 jam
1517 3790 1763 3859 superius
1806 3787 1940 3856 (Col.
1973 3787 2222 3859 847)'no-

653 3857 905 3922 tavimus',
964 3857 1262 3927 temporum
1301 3857 1683 3926 hominumque
1720 3857 1865 3925 lapsu
1917 3857 2216 3927 perierunt.

653 3873 905 3922 tavrmus,
964 3873 1262 3927 temporum
1302 3873 1683 3926 nonnnumque
1720 3873 1865 3925 lapsu
1914 3873 2216 3978 perierunt.

650 3932 800 3986 Hanc
829 3940 1005 3984 tamen
1039 3928 1300 3998 iacturam
1340 3933 1626 3998 evaserunt
1655 3926 1762 3998 bini
1791 3927 1950 3998 libelii
1979 3928 2043 3998 de
2071 3925 2220 3981 Saltu

649 4003 788 4057 luna:
833 4010 886 4056 et
928 4001 993 4054 de
1030 3997 1288 4060 Bissexto,
1341 3997 1429 4066 qui
1476 4012 1596 4050 cum
1631 3997 1872 4052 chartula
1899 3997 2220 4052 Calculatio-

650 4075 733 4128 nis
759 4071 825 4127 de
861 4069 1178 4125 invenienda
1203 4069 1325 4122 luna
1354 4067 1589 4137 paschali
1611 4070 1904 4122 etiamnum
1933 4077 2220 4137 supersunt

651 4150 810 4208 atque
851 4140 1222 4196 custodiuntur
1274 4139 1326 4192 in
1357 4137 1684 4193 bibliotheca
1737 4137 2026 4203 Vaticana,
2082 4154 2217 4208 quos

649 4208 774 4281 inde
821 4211 1078 4281 accepi_a
1138 4208 1254 4281 viro
1301 4209 1699 4281 eruditissimo,
1739 4222 1909 4281 quem
1934 4209 2045 4281 jam
2087 4209 2214 4281 alibi

649 4279 882 4341 laudavi,
913 4277 974 4332 D'.
1014 4278 1173 4333 Petro
1209 4277 1497 4349 Francisco
1541 4278 1816 4349 Fogginio,
1865 4277 2100 4349 ejusdem
2134 4279 2215 4334 bi-

646 4349 924 4404 bliothecae
951 4349 1227 4402 ditissima:
1251 4348 1604 4402 solertissime
1623 4344 1870 4402 custode.
1896 4344 2127 4403 Exstant
2156 4349 2212 4404 hi
2241 4344 2292 4405 D
2314 4344 2434 4415 ctllo
2475 4345 2614 4415 erui,
2639 4347 2810 4415 possit
2851 4347 2966 4402 dies
3009 4346 3235 4415 limata;

645 4419 809 4474 libelli
841 4418 1035 4472 ibidem
1073 4417 1214 4470 inter
1252 4431 1380 4469 mss.
1428 4416 1559 4484 Reg.
1593 4415 1752 4468 Suec.
1783 4418 1882 4484 sub
1909 4433 2054 4470 num.
2084 4417 2208 4483 226,

647 4489 736 4544 fol.
763 4489 852 4553 18,
880 4497 933 4542 et
963 4489 1016 4540 in
1045 4486 1163 4540 cod.
1196 4501 1295 4538 ms.
1327 4484 1586 4549 Palatino,
1613 4500 1758 4537 num.
1791 4483 1945 4548 1M9,
1969 4484 2060 4538 fol.
2087 4485 2144 4540 11
2179 4501 2212 4541 a

644 4571 813 4631 tergo.
853 4558 1033 4631 Neque
1049 4572 1189 4631 vero
1234 4556 1499 4631 ullatenus
1530 4555 1729 4613 dubito,
1762 4554 1970 4631 libellos
1997 4555 2212 4631 eosdem

645 4625 768 4687 vere
804 4631 868 4684 ad
908 4625 1192 4682 Alcuinum
1234 4629 1518 4696 pertinere,
1549 4641 1672 4680 Cllllt
1699 4627 1839 4694 quod
1875 4625 1947 4679 illi
1974 4626 2212 4680 tribuan-

644 4710 733 4778 t_u_r
771 4702 822 4778 i_n
860 4701 976 4778 illis
1005 4700 1278 4753 codicibus
1328 4697 1680 4778 perantiquis,
1760 4705 1871 4778 tum
1913 4697 2211 4778 quod

641 4771 897 4825 Alcuinus
927 4770 1044 4823 illos
1083 4767 1339 4837 tanquam
1384 4769 1462 4821 sui
1493 4767 1691 4838 laboris
1719 4777 1907 4838 partus
1931 4767 2211 4838 indigitare

641 4841 886 4911 videatur
911 4841 963 4894 in
987 4829 1226 4911 epistolis
1248 4839 1316 4911 8‘2
1341 4847 1394 4890 et
1417 4838 1536 4911 100.
1561 4837 1615 4890 In
1645 4829 1810 4906 pri-ori
1835 4837 1905 4889 ita
1931 4829 2166 4911 loquitur
2193 4856 2204 4890 :

649 4927 667 4959 ο
708 4909 776 4965 Ut
803 4911 867 4962 ad
917 4906 1168 4979 inquisita
1223 4906 1478 4979 chartula:
1524 4913 1713 4979 vestrae
1763 4907 2205 4979 respondeam...

682 4993 810 5054 auca
858 4980 922 5032 de
954 4975 1160 5034 ratione
1197 4977 1471 5054 multiplici
1503 4976 1673 5030 saltus
1698 4975 1961 5054 subjicere
1985 4978 2204 5054 curabo.

682 4993 810 5033 auca
858 4993 922 5032 ne
954 4993 1160 5034 ratione
1197 4993 1471 5047 mumpncn
1503 4993 1673 5030 sanus
1698 4993 1961 5054 sunpcere
1985 4993 2204 5030 curabo.

641 4993 880 5102 Brimum
910 5064 1101 5117 ponam
1139 5053 1281 5119 quod
1311 5049 1364 5102 in
1401 5047 1677 5119 doctorum
1707 5045 1868 5119 didici
1909 5044 2209 5119 libris._Se-

640 5119 836 5182 eundo,
865 5114 1004 5188 quod
1034 5114 1238 5172 ratione
1263 5119 1517 5174 suadente
1545 5117 1866 5188 investigare
1886 5114 2047 5188 valui.
2079 5115 2209 5188 Ter-

640 5190 736 5253 tio,
782 5185 921 5258 quod
955 5190 1427 5258 eximathematica
1475 5187 1743 5258 quondam
1796 5185 1976 5258 audita
2021 5186 2208 5258 memi-

639 5255 966 5328 nisse'potui
1019 5257 1318 5328 disciplina.
1356 5279 1373 5310 ι
1411 5255 1675 5328 Et‘paulo
1714 5255 1955 5328 inferius
1996 5273 2008 5308 :
2042 5275 2060 5305 ι
2098 5255 2208 5328 llas

640 5325 1008 5405 vero’_luna_ris
1037 5326 1205 5405 saltus
1247 5325 1648 5405 supputationes
1678 5325 2116 5405 aliquas,_[quas]
2152 5325 2206 5379 in

639 5398 859 5468 alterius
897 5397 1152 5468 chartulce
1181 5393 1435 5468 [paginis]
1464 5395 1730 5450 distincte
1752 5393 1957 5468 notavi,
1982 5393 2044 5468 ut
2068 5393 2209 5468 prm-

639 5466 767 5525 dlxi.
797 5481 862 5520 ex
905 5465 1132 5521 lectione
1159 5465 1504 5536 paternorum
1529 5469 1792 5536 sensuum
1816 5466 2007 5536 scripsi
2031 5482 2045 5524 :
2068 5465 2209 5520 alias

640 5537 955 5614 errationis
1000 5533 1306 5618 conjectura
1351 5533 1699 5618 investigavi;
1730 5534 1862 5618 alias
1902 5533 1968 5590 ex
2001 5538 2208 5592 mathe.

643 5591 960 5660 iuziticoruin
987 5591 1642 5678 variisisupputationibus
1677 5591 1882 5672 collegi.
1916 5623 1932 5654 ι

2403 2806 2481 2860 De
2510 2806 2748 2880 Βίαςαο
2769 2809 2972 2880 pariter
2997 2809 3176 2880 paucis
3204 2810 3325 2864 olim
3373 2829 3428 2864 se
3452 2812 3757 2870 ratiuncth
3783 2827 3893 2871 tra-

2331 2885 2480 2952 ctare
2512 2877 2738 2952 cmpisse
2770 2877 3303 2952 'Alcuinusutestatur
3349 2881 3403 2952 in
3442 2883 3598 2952 epist.
3642 2881 3759 2951 100,
3801 2889 3895 2945 ubi

2329 2947 2492 3026 etiam
2525 2948 2805 3026 proﬁtetur
2837 2963 2894 3026 se
2923 2949 2991 3003 ab
3021 2949 3125 3026 illo_
3158 2947 3711 3026 sapientissimojrege
3744 2947 3762 3008 ἃ
3797 2973 3894 3013 ex-

2327 3016 2616 3090 plorandas
2642 3036 2666 3090 _i
2702 3019 2970 3090 accepisse
3011 3037 3029 3069 ‹
3078 3016 3349 3090 chartulas
3397 3016 3762 3081 calculationis
3810 3027 3892 3082 lu-

2325 3086 2473 3162 naris
2499 3087 2583 3140 vel
2603 3086 3342 3162 bissextilisprmpa‘rationis,
3362 3091 3413 3145 in
3435 3093 3628 3162 quibus
3647 3096 3843 3161 inveni,
3865 3117 3884 3150 ο

2325 3155 2520 3232 inquit,
2557 3176 2575 3208 ι
2607 3155 3266 3232 rationesdiligentisslme
3293 3155 3604 3232 exquisitas,
3639 3155 3890 3221 acutissi-

2323 3241 2409 3313 me
2432 3227 2696 3313 inventas,
2715 3227 3049 3313 nobilissime
3064 3231 3341 3313 prolatas;
3368 3227 3595 3313 etquod
3608 3245 3734 3313 _mea
3759 3235 3892 3292 olim

2321 3295 2534 3352 devotio
2547 3299 2612 3354 de
2625 3297 2868 3354 Bissexto
2880 3295 3344 3367 paucisinchoavit
3361 3295 3693 3366 ratiunculis,
3711 3315 3889 3361 vestra

2323 3367 2662 3437 sagacissima
2703 3368 2970 3437 indagatio
3011 3369 3222 3437 copiose
3268 3369 3569 3437 complevit.
3605 3390 3624 3423 ι
3682 3371 3893 3433 Paucas

2323 3435 2485 3490 hasce
2505 3435 2913 3492 ratiunculas—in
2943 3435 3170 3492 tracta‘td
3200 3454 3357 3507 quem
3393 3435 3478 3496 hic
3513 3457 3577 3496 ex
3605 3457 3709 3499 ms.
3734 3443 3889 3501 Vati-

2321 3519 2457 3559 cano
2500 3515 2555 3561 et
2598 3508 2664 3561 ad
2709 3508 2869 3562 linem
2900 3507 3039 3562 illius
3063 3509 3289 3574 edimus,
3319 3512 3578 3568 contineri
3609 3529 3674 3569 eo
3709 3516 3889 3572 minus

2321 3574 2646 3661 dubitamus,
2670 3579 2817 3661 quod
2832 3594 2862 3632 a
2881 3578 3399 3661 styloiﬁlcuinimibil
3425 3583 3660 3648 abludat,
3689 3594 3745 3640 et
3763 3602 3888 3661 cum

2320 3647 2574 3729 methodo
2592 3647 2966 3729 computandi,
2993 3653 3099 3718 quo
3127 3651 3180 3704 in
3209 3650 3327 3706 aliis
3350 3666 3478 3706 usus
3505 3662 3608 3713 est.
3642 3647 3888 3725 apprime

2319 3727 2623 3771 conveniat.

2390 3785 2540 3860 Haud
2559 3785 2938 3862 displicebant,
2981 3800 3136 3862 reor,_
3149 3788 3360 3862 erudito
3383 3789 3589 3854 lectori,
3616 3804 3736 3860 qua:
3762 3795 3884 3862 qni-

2319 3851 2439 3906 dam
2478 3851 2738 3910 Sodalium
2781 3865 3086 3911 nostrorum
3124 3858 3175 3910 in
3213 3859 3399 3912 ambas
3428 3851 3881 3917 commentatum-

2319 3922 2468 3978 colas
2505 3926 2713 3979 Alcuini
2758 3925 2822 3980 de
2850 3924 3000 3980 Saltu
3032 3926 3170 3982 lunae
3208 3935 3262 3981 et
3288 3927 3530 3984 Bissexto
3557 3931 3874 3994 observavit,

2318 4001 2373 4046 et
2389 4008 2491 4070 pro
2527 3997 2803 4070 utriusque
2835 3995 3189 4070 illustratione
3209 4003 3264 4052 et
3287 3999 3617 4056 correctione
3644 4000 3837 4070 adjecit
3863 4021 3876 4056 :

2324 4081 2341 4112 ι
2372 4067 2839 4139 Attentnslector,
2868 4067 3062 4139 inquit,
3086 4067 3139 4123 id
3168 4070 3460 4139 generatim
3498 4067 3738 4127 advertet
3766 4078 3880 4128 om-

2317 4145 2413 4187 nes
2440 4135 2649 4190 Alcuini
2679 4137 2746 4193 de
2792 4135 2959 4192 Saltu_
2985 4137 3125 4192 lunae
3152 4135 3530 4195 Calculationes
3555 4141 3623 4196 ad
3649 4141 3753 4197 hoc
3776 4142 3883 4197 tale

2315 4205 2588 4278 problema
2615 4206 2794 4278 reduci
2831 4223 3008 4278 posse,
3031 4209 3316 4278 quomodo,
3345 4209 3535 4277 nempe
3557 4209 3685 4264 dato
3708 4211 3879 4266 incre-

2315 4284 2497 4329 mento
2528 4276 2699 4331 lunari
2728 4276 2950 4343 diurno,
2981 4276 3063 4332 vel
3089 4287 3391 4339 menstruo,
3421 4276 3504 4330 vel
3535 4288 3734 4342 annuo,
3772 4280 3881 4333 cal-

3279 4360 3397 4414 qute
3449 4346 3617 4400 saltus
3659 4347 3878 4414 dicltu‘r,

2313 4412 2497 4482 elapso
2526 4412 2726 4485 scilicet
2761 4415 2909 4485 cyclo
2938 4412 3368 4470 decennovcnali.
3407 4416 3501 4470 Vel
3535 4417 3790 4473 vicissim.
3822 4412 3880 4474 Id

2312 4490 2489 4556 autem
2529 4483 2805 4538 Alcuinus'
2834 4485 2888 4539 in
2922 4485 3148 4540 diversis
3201 4486 3581 4556 hypothesibus
3633 4489 3876 4554 resorvit,

2312 4566 2454 4604 nunc
2475 4552 2863 4626 incrementum
2889 4558 3218 4626 menstruum
3240 4552 3488 4626 ponendo
3505 4566 3740 4626 quatuor
3762 4552 3877 4616 Ino-'-

2311 4631 2615 4697 mentorum
2651 4633 2704 4678 et
2729 4623 3056 4682 duodecima:
3097 4623 3264 4696 partis
3292 4623 3569 4692 momenti,
3611 4638 3676 4682 ac
3712 4632 3873 4697 quin-

2309 4695 2614 4767 gentesima:
2636 4697 2979 4765 sexagesima
2995 4695 3198 4766 quartae
3222 4699 3391 4767 partis
3415 4697 3694 4761 momentl,
3717 4695 3770 4751 id
3789 4708 3876 4754 eat

2311 4764 2512 4830 atomi;
2560 4782 2701 4820 nunc
2741 4764 2974 4836 quatuor
3013 4764 3412 4838 momentorum
3437 4773 3491 4820 et
3521 4767 3871 4838 quadraginta

2307 4842 2430 4908 octo
2462 4845 2779 4901 atomorum,
2804 4845 2908 4892 etc.
2930 4840 3129 4908 ,modg
3165 4837 3491 4908 incrementa
3528 4837 3875 4908 supponendo

2307 4904 2361 4957 in
2401 4908 2672 4976 temporis,
2710 4908 2868 4962 modo
2905 4903 2957 4961 in
2999 4905 3296 4976 eccliptic'te‘
3316 4903 3559 4974 partibus
3585 4903 3730 4964 data.
3759 4908 3875 4965 Hac

2307 4989 2434 5048 vero
2447 4975 2527 5048 vel
2541 4977 2729 5032 calcull
2742 4977 2979 5048 variandi
2995 4975 3185 5048 gratia,
3205 4975 3288 5028 vel
3309 4977 3448 5048 quod
3471 4978 3638 5048 magis
3649 4979 3872 5045 arridet,

2307 5042 2529 5101 docendi
2557 5062 2718 5102 causa
2741 5046 2932 5102 fecisse
2957 5042 3256 5100 censendus
3277 5042 3376 5100 est.
3406 5046 3476 5102 Ut
3501 5042 3644 5104 enim
3671 5063 3794 5102 eum
3815 5042 3874 5106 in

2307 5115 2489 5170 schola
2522 5109 2705 5185 palatii
2752 5115 3130 5171 astronomiam
3160 5114 3404 5171 docuisse
3433 5127 3639 5173 certum
3667 5122 3769 5185 est,
3797 5118 3871 5172 ita

2306 5192 2360 5256 et
2386 5199 2481 5252 pro
2502 5184 2711 5240 diversa
2739 5187 3120 5255 disciputmtm
3155 5188 3449 5256 capacitate
3472 5186 3713 5242 diversas
3733 5184 3871 5242 inire

2306 5253 2422 5308 vias
2443 5266 2662 5312 coactus
2680 5268 2815 5312 erat.

2379 5342 2416 5396 ¢_
2442 5325 2558 5396 Non
2581 5325 2775 5381 minori
2803 5323 3182 5396 perspicuitate
3206 5325 3272 5380 de
3302 5325 3548 5380 Bissexto
3582 5332 3728 5396 agit,
3795 5340 3864 5381 ac

2305 5394 2600 5470 problems,
2628 5402 2788 5468 prout
2805 5393 3015 5470 ibidem
3036 5396 3352 5454 abAlcuino
3365 5393 3711 5470 proponittir,
3741 5411 3869 5470 cap-

2305 5453 2360 5514 tu
2389 5453 2700 5522 facillimum
2728 5470 2830 5520 est.
2860 5453 3114 5522 Duriores
3145 5479 3274 5521 vero
3297 5453 3626 5520 cafculorum
3678 5453 3868 5522 spinas

2305 5531 2493 5590 David]
2521 5538 2621 5592 sua
2645 5536 2748 5590 hac
2772 5535 2827 5588 in
2855 5536 3080 5592 materie
3103 5536 3422 5596 reservavit,
3450 5543 3510 5589 ut
3542 5531 3726 5590 videri
3779 5543 3868 5590 est

2307 5602 2358 5656 in
2385 5605 2538 5673 epist.
2597 5604 2684 5669 85,
2724 5620 2829 5674 quo
2858 5621 2978 5661 cum
3025 5617 3079 5662 et
3125 5606 3256 5662 alias
3307 5605 3502 5676 sapius
3547 5604 3866 5676 (uliginosa
