4254 6214
617 232 718 287 983

1421 230 1575 285 αι’.
1614 231 1835 285 ALBINI
1876 229 2005 284 SEL'
2047 225 2316 283 ALCL‘INI
2356 226 2635 283 OPERL'M
2674 225 2849 281 PARS
2889 225 2999 281 VII.

3718 220 3819 280 986

613 346 861 414 diturque
915 346 969 401 in
1001 344 1181 399 Pisces
1221 346 1504 399 inchoante
1547 344 1687 397 bisse
1729 345 1875 397 hora:
1922 338 2167 397 secunda:
2197 343 2244 400 Α
2269 341 2516 410 quodque
2562 341 2773 410 signum
2810 356 2847 395 II
2880 342 3084 405 diebus,
3132 356 3181 393 \‘l
3222 340 3398 404 horis,
3425 354 3487 393 ac
3505 338 3647 394 bisse
3667 332 3822 395 unius

614 440 787 495 noctis
812 439 981 509 pridie
1025 437 1099 493 ld.
1130 437 1325 508 April.,
1376 447 1430 491 et
1471 446 1749 491 remanent
1790 436 1854 491 de
1890 434 2063 506 pridie
2089 434 2165 488 ld.

519 592 526 601 l
611 530 782 599 April.
809 530 952 585 hora:
991 548 1124 585 xxu.
1168 532 1275 585 llas
1302 533 1435 587 adde
1463 532 1529 584 ad
1560 530 1712 595 ldus,
1762 538 1815 583 et
1842 536 2001 583 erunt
2025 528 2170 583 hora:

616 634 758 674 ιινι.
820 620 913 675 llis
960 623 1092 675 addc
1121 632 1239 677 octo
1276 624 1436 677 horas
1473 638 1538 676 ex
1566 638 1698 676 vaII
1747 620 1861 674 Kal.
1909 619 2059 684 Maii,
2118 627 2173 673 et

613 711 835 765 habebis
866 712 1022 766 horas
1068 730 1201 766 ι.ιιιι.
1282 713 1375 767 llis
1402 728 1531 767 vero
1573 712 1893 783 computatis
1934 710 2171 763 invenies

613 815 642 851 a
670 816 733 852 xv
763 799 875 852 Kal.
906 800 1101 869 April.,
1136 802 1273 856 unde
1302 803 1627 872 crepidinem
1655 799 2052 856 construximus
2079 800 2172 853 bu-

606 891 697 958 jus
724 892 1089 946 calculatiouis
1117 910 1259 947 xxvu
1290 894 1404 948 dies
1433 909 1599 962 usque
1628 894 1679 946 iu
1710 908 1838 945 xvm
1875 891 1989 944 Kal.
2012 890 2165 951 Maii;

613 981 668 1033 in
697 982 847 1051 cujus
867 983 968 1037 diei
997 992 1206 1037 noctem
1242 1000 1335 1037 vIu
1373 986 1518 1037 hora:
1548 985 1859 1038 decurrunt.
1901 982 1956 1036 ln
1979 982 2170 1051 quibus

616 1088 760 1127 xvaI
789 1074 974 1129 diebus
1014 1085 1067 1128 ct
1110 1092 1199 1130 vui
1232 1078 1379 1130 boris
1420 1077 1567 1129 Luna
1598 1093 1671 1129 xu
1701 1078 1850 1145 signa
1883 1075 2121 1144 pervolat
2152 1094 2169 1138 ς

615 1166 1038 1224 Ιιεὶιρηιιιιιιοιδιυ
1064 1186 1207 1223 xxv”
1246 1171 1473 1235 dierum,
1506 1172 1645 1239 quod
1674 1180 1793 1225 sunt
1819 1171 1963 1223 horse
1994 1185 2165 1229 neua,

613 1258 964 1326 superadditis
989 1278 1080 1315 vIu
1114 1262 1275 1316 horis.

686 1350 741 1404 Si
764 1366 889 1405 vero
912 1354 990 1406 vis
1009 1354 1071 1406 ad
1096 1371 1193 1407 xIII
1211 1355 1418 1423 signum
1435 1356 1637 1409 lunaris
1666 1371 1853 1409 cursus
1867 1355 2166 1423 pervenire.

613 1454 856 1513 computa
879 1463 907 1500 a
934 1464 984 1500 Ix
1015 1449 1143 1502 hora
1174 1451 1345 1503 noctis
1372 1462 1499 1502 xvm
1530 1448 1641 1501 Kal.
1664 1490 1676 1509 ,
1710 1449 1761 1500 in
1790 1462 1948 1514 quam
1981 1447 2167 1499 horam

610 1552 686 1595 XII
711 1537 857 1605 signa
886 1547 1261 1608 pervenerunt.
1316 1539 1573 1608 Computa
1618 1540 1738 1592 inde
1777 1553 1890 1591 Lllll
1933 1537 2092 1590 horas
2118 1544 2169 1588 et

610 1626 780 1691 bisse;
812 1644 1035 1697 quarum
1072 1630 1235 1684 babes
1267 1646 1349 1683 va
1381 1644 1442 1682 ex
1482 1646 1611 1683 vaII
1651 1627 1777 1681 'Kal.
1832 1628 1980 1680 Adde
2006 1626 2165 1680 horas

2272 430 2437 485 horae.
2478 430 2901 503 Unumquodque
2923 445 3049 486 vero
3075 431 3283 501 signum
3302 429 3463 484 habet
3488 445 3593 485 xxx
3618 441 3819 500 partes.

2272 518 2329 574 Si
2357 534 2484 592 ergo
2510 522 2591 576 vis
2615 522 2773 587 scire,
2799 531 3057 591 quantum
3085 521 3315 590 spatium
3347 520 3469 574 luna
3504 528 3742 597 moretur
3765 520 3821 575 in

2271 627 2376 665 una
2401 611 2640 681 qualibet
2682 613 2748 667 de
2776 628 2881 666 xxx
2907 613 3147 682 partibus
3166 652 3183 677 ,
3229 627 3379 667 sume
3405 612 3565 667 horas
3596 612 3822 667 duorum

2272 703 2513 767 dierum,
2558 719 2677 776 quae
2718 713 2842 760 sunt
2887 720 3071 760 vauI.
3127 705 3275 759 Adde
3313 706 3395 760 his
3428 721 3480 760 vr
3508 706 3670 761 horas
3698 721 3822 762 cum

2270 793 2433 859 bisse,
2460 794 2596 849 ﬁunt
2622 811 2734 850 Lllll
2766 795 2927 858 horas,
2968 796 3160 865 quibus
3184 794 3308 849 luna
3336 802 3575 850 moratur
3601 796 3654 850 in
3682 811 3818 851 uno-

2270 896 2482 951 quoque
2523 883 2693 952 signo.
2753 882 2861 938 llas
2888 899 2999 938 LIIII
3036 883 3195 937 horas
3237 884 3496 938 distribue
3537 883 3825 954 unicuique

2269 972 2407 1040 parti
2448 988 2543 1042 per
2568 989 2749 1043 mquas
2782 970 3088 1043 portiones,
3136 973 3270 1028 dans
3312 974 3553 1029 videlicet
3598 974 3823 1045 singulis

2270 1065 2510 1133 partibus
2554 1064 2790 1135 singulas
2840 1067 3031 1127 horas;
3066 1074 3120 1119 et
3160 1066 3510 1120 remanebunt
3540 1067 3633 1120 tibi
3662 1083 3819 1122 xquI

2270 1156 2432 1211 horae.
2499 1157 2605 1211 Has
2652 1158 2939 1227 multiplica
2984 1173 3081 1225 per
3125 1166 3348 1225 punctos
3386 1155 3547 1226 358
3592 1172 3655 1211 ea
3683 1158 3817 1227 lege.

2268 1265 2373 1318 qua
2419 1250 2549 1303 hora
2594 1250 2788 1303 habeat
2821 1250 3055 1319 quinque
3096 1252 3359 1318 punctos,‘
3391 1256 3447 1302 et
3488 1248 3621 1302 tiunt
3640 1250 3821 1317 puncti

2267 1353 2389 1391 cxx.
2434 1336 2540 1391 llos
2568 1338 2772 1407 partire
2798 1353 2894 1406 per
2924 1338 3051 1402 xxx,
3078 1346 3306 1407 quatuor
3332 1337 3567 1394 invenies
3587 1353 3602 1401 ;
3626 1340 3691 1391 da
3711 1339 3826 1392 uui-

2269 1431 2460 1499 cuique
2504 1432 2645 1498 parti
2691 1440 2914 1501 punctos
2945 1446 3046 1495 ιιιι,
3087 1438 3140 1484 et
3180 1431 3471 1485 remanebit
3493 1430 3653 1487 bisse.
3710 1432 3823 1489 Hoc

2268 1522 2467 1588 partire
2488 1537 2583 1589 per
2603 1539 2667 1576 xc
2689 1529 2921 1586 ostenta,
2968 1522 3090 1591 quia
3104 1522 3258 1591 plena
3281 1523 3411 1577 hora
3440 1540 3468 1577 I.
3500 1522 3700 1593 [Farte,
3727 1522 3817 1595 cx]

2269 1611 2429 1666 habet
2456 1620 2685 1676 ostenta,
2732 1623 2785 1668 et
2808 1614 2953 1669 bisse
2975 1614 3091 1668 dum
3116 1622 3297 1682 partes
3319 1623 3441 1669 sunt
3460 1616 3617 1669 unius
3639 1617 3819 1683 bene;

612 1676 881 1784 sequentis
903 1718 1035 1783 diei,
1069 1720 1118 1773 id
1150 1730 1261 1781 est,
1294 1736 1399 1772 vat
1431 1702 1546 1771 Itali
1580 1727 1634 1771 et
1663 1718 1796 1770 ﬁunt
1822 1719 1966 1771 bone
1993 1732 2083 1779 χι,
2110 1724 2164 1768 et
2198 1676 2240 1733 Β
2268 1701 2404 1765 ideo.
2437 1711 2497 1756 ut
2524 1703 2653 1767 dixi.
2697 1719 2762 1758 ιι
2798 1697 3009 1758 ostenta
3038 1704 3273 1759 efﬁciunt
3298 1705 3441 1759 bisse
3471 1706 3628 1760 unius
3654 1706 3820 1760 horae.

611 1806 831 1861 habebis
874 1810 986 1863 dies
1023 1824 1154 1863 ccxv
1198 1809 1311 1861 Kal.
1348 1825 1469 1862 xxix
1510 1807 1715 1878 [Forte,
1740 1815 1793 1860 et
1816 1806 2034 1860 habebis
2055 1821 2161 1857 vaI

612 1896 726 1950 Kal.
765 1899 876 1951 dies
914 1898 1083 1969 xxix].
1128 1899 1271 1955 Adde
1309 1901 1390 1952 bis
1436 1915 1505 1951 xu
1540 1900 1698 1951 horas
1743 1898 2025 1966 trigesima:
2063 1912 2161 1949 no-

608 1986 730 2047 ctis,
759 2003 875 2055 qua:
909 1989 1151 2058 pervenit
1183 1990 1233 2041 in
1283 2004 1368 2041 va
1405 1987 1520 2041 Kal.
1554 1996 1607 2041 ct
1632 1988 1855 2041 habebis
1879 1988 2042 2041 horas
2068 2002 2162 2039 xm

609 2075 745 2143 signi
776 2077 975 2147 plenas.
1016 2077 1070 2131 In
1094 2094 1193 2146 qua
1226 2078 1356 2131 hora
1404 2093 1477 2129 xu
1526 2076 1697 2131 noctis
1737 2075 1892 2145 plena
1924 2076 2166 2142 pervenit

610 2168 677 2220 ad
703 2170 899 2223 coitum
942 2171 1067 2224 solis
1089 2211 1101 2233 ,
1146 2172 1196 2223 in
1228 2186 1332 2239 quo
1357 2169 1488 2223 duas
1524 2170 1685 2222 horas
1707 2209 1722 2232 ,
1752 2176 1811 2222 ut
1846 2169 2161 2229 :estimatur,

607 2268 870 2314 versatur.
925 2260 991 2315 Et
1030 2262 1231 2316 videbis
1279 2263 1418 2330 quod
1466 2261 1628 2313 altera
1677 2260 1917 2315 incensio
1955 2276 2166 2329 semper

605 2351 709 2402 erit
734 2358 852 2419 post
881 2368 951 2406 xII
980 2354 1093 2405 bor.
1130 2352 1258 2405 Nam
1285 2352 1454 2422 prima
1489 2350 1644 2419 hujus
1666 2349 2059 2419 supputatiouis
2085 2365 2165 2403 re-

607 2440 727 2508 gula
757 2457 787 2495 a
821 2443 1121 2511 vespertina
1150 2445 1280 2497 hora
1308 2444 1359 2495 in
1384 2443 1565 2494 Ariete
1592 2441 1898 2509 incipiebat,
1930 2448 1983 2492 ct
2010 2440 2164 2492 modo

609 2529 662 2582 in
721 2531 1033 2584 matutinam
1086 2532 1271 2585 horam
1314 2532 1416 2584 diei
1463 2531 1708 2599 pervenit
1750 2530 1980 2584 secunda
2028 2530 2161 2593 vice,

604 2616 787 2672 Aricte
816 2628 1029 2687 peracto
1054 2628 1107 2673 et
1132 2621 1310 2674 Tauro
1338 2620 1639 2689 incipiente.

676 2709 873 2765 Novem
927 2713 1101 2772 horas.
1150 2713 1221 2764 ait
1270 2712 1493 2775 Plinius,
1539 2714 1591 2766 in
1637 2713 1759 2766 luna
1798 2726 1895 2781 pro
1932 2711 2165 2779 quinque

608 2799 794 2853 diebus
820 2803 1155 2871 computatis,
1205 2803 1406 2861 idest,
1461 2812 1665 2855 tantum
1710 2801 1915 2855 itineris
1957 2800 2167 2870 peragit

608 2889 731 2943 luna
759 2891 811 2943 in
863 2906 916 2944 Ix
970 2892 1115 2945 horis
1139 2932 1153 2955 ,
1200 2901 1453 2960 quantum
1486 2892 1564 2946 sol
1600 2893 1652 2945 in
1690 2892 1925 2961 quinque
1955 2890 2161 2971 diebus.

2266 1792 2338 1845 Da
2361 1792 2567 1863 singula
2612 1802 2823 1847 ostenta
2873 1794 3096 1863 singulis
3120 1792 3378 1861 partibus,
3415 1802 3470 1848 et
3492 1803 3767 1848 remanent
3791 1812 3824 1849 x

2263 1892 2491 1939 ostenta.
2532 1884 2654 1939 Πευο
2684 1884 2973 1954 multiplica
2997 1900 3089 1952 per
3116 1886 3212 1939 tria
3230 1926 3243 1949 ,
3284 1895 3339 1940 et
3367 1886 3499 1938 [lunt
3526 1900 3631 1939 xxx
3658 1894 3711 1938 et
3737 1886 3823 1938 vi-

2265 1974 2436 2039 debis,
2470 1974 2609 2044 quod
2651 1975 2771 2028 luna
2819 1977 2871 2029 in
2920 1978 3092 2045 spatio
3122 1978 3279 2031 unius
3318 1978 3463 2031 horre
3492 1986 3545 2031 et
3569 1993 3649 2031 ιιιι
3685 1994 3826 2049 pun—

2264 2073 2470 2119 ctorum
2496 2074 2548 2119 ct
2579 2067 2736 2120 unius
2760 2067 2977 2131 ostenti,
3004 2078 3057 2121 et
3080 2069 3249 2125 tertia:
3275 2068 3443 2137 partis
3463 2069 3620 2122 unius
3640 2077 3826 2123 osten-

2266 2158 2303 2210 ti
2336 2164 2540 2211 tantum
2560 2172 2747 2212 cursus
2769 2159 3004 2227 peragit,
3027 2167 3289 2226 quantum
3319 2158 3397 2211 sol
3420 2158 3471 2211 in
3503 2174 3655 2211 xxuu
3678 2158 3831 2212 boris

2265 2255 2315 2300 et
2343 2262 2448 2301 xxx
2477 2253 2532 2300 et
2558 2261 2661 2299 uno
2694 2244 2895 2316 [Farle,
2929 2263 2997 2299 xx
3022 2255 3076 2301 et
3114 2246 3241 2318 uno]
3271 2248 3513 2303 ostentis.

2657 2359 2683 2399 δ
2718 2360 2821 2418 DE
2866 2359 3115 2422 SALTU
3158 2361 3410 2422 LUNJE.

2699 2466 3057 2522 PROBLEMA
3098 2468 3382 2523 PRIMUM.

2336 2556 2570 2613 Desaltu
2595 2556 2734 2613 lunas
2772 2573 2942 2625 pauca
2977 2558 3233 2612 dicamus.
3282 2558 3357 2611 De
3396 2558 3497 2613 hoc
3519 2559 3653 2613 saltu
3684 2558 3832 2613 Iunze

2261 2648 2493 2715 primum
2515 2646 2953 2717 interrogandum
2980 2658 3083 2712 est,
3115 2650 3202 2703 ubi
3237 2650 3287 2702 iu
3320 2648 3595 2717 Scriptura
3625 2648 3691 2702 de
3712 2650 3826 2702 sal-

2265 2744 2320 2789 tu
2362 2736 2503 2791 luna:
2543 2739 3033 2792 commemoratur?
3080 2736 3185 2793 Aut
3208 2753 3374 2807 quare
3404 2737 3569 2792 saltus
3596 2739 3822 2801 dicitur;

2264 2833 2318 2878 et
2347 2826 2398 2877 in
2439 2840 2544 2893 quo
2571 2826 2709 2892 loco,
2740 2834 2793 2882 et
2821 2828 2872 2881 in
2899 2842 3005 2896 quo
3026 2828 3110 2881 die
3139 2827 3381 2880 datarum
3428 2827 3479 2880 in
3506 2841 3646 2881 anno
3667 2828 3828 2883 debet

2266 2917 2381 2970 ﬁeri
2404 2918 2426 2967 ’ἶ
2469 2917 2531 2970 Et
2555 2934 2650 2987 per
2672 2926 2804 2987 quot
2822 2934 2990 2972 annos
3013 2902 3179 2971 saltus
3211 2918 3345 2972 luna:
3368 2919 3733 2988 prazparatur?
3758 2918 3828 2971 Et
3878 2952 3881 2963 ς

608 2979 830 3079 δίεηυξη
855 2981 1013 3079 half“
1034 2983 1442 3051 υηυιηιιιιοιιίιιιθ
1470 2999 1574 3079 mf"
1601 2993 1782 3079 Panes
1809 3001 1819 3035 ⁵
1844 2983 2163 3079 ίξῆυηθίῐυο·
2189 3009 2239 3074 c
2266 3007 2532 3074 quomodo
2555 2979 2751 3063 crescit
2776 3048 2790 3073 ,
2838 3016 2891 3063 et
2934 3018 3166 3077 quantus
3212 3010 3263 3062 in
3297 2979 3615 3079 unoquoque
3649 3023 3823 3072 anno,

605 3084 711 3139 que
754 3072 905 3141 signo
934 3071 1053 3126 luna
1084 3081 1330 3126 versatur
1359 3088 1473 3125 um
1518 3073 1664 3126 horis
1709 3087 1829 3126 cum
1871 3071 2012 3126 bisse
2046 3086 2160 3125 suo.

612 3161 815 3217 Partire
863 3152 987 3217 ιιιιι
1031 3165 1191 3217 horas
1236 3164 1287 3217 in
1332 3180 1406 3227 Ix,
1454 3170 1507 3218 ct
1539 3164 1775 3217 invenies
1819 3178 1911 3217 sex
1960 3164 2162 3217 novies.

610 3253 834 3305 ltemsol
859 3262 1095 3305 moratur
1122 3255 1172 3306 in
1200 3269 1515 3323 unoquoque
1557 3255 1708 3323 signo
1744 3268 1848 3307 xxx
1890 3254 2003 3308 dies
2040 3263 2092 3308 ct
2134 3272 2165 3308 x

609 3347 771 3400 semis
796 3347 937 3399 borzc
960 3361 973 3397 :
1008 3345 1214 3398 Partire
1244 3362 1341 3398 xxx
1373 3362 1467 3413 per
1489 3363 1541 3409 v,
1568 3354 1619 3399 et
1640 3347 1873 3399 invenies
1900 3362 1992 3399 sex
2012 3347 2166 3413 quin-

607 3439 761 3507 quies
791 3440 842 3493 in
868 3454 1001 3501 xxx;
1032 3447 1084 3491 et
1112 3446 1315 3491 sextam
1344 3445 1548 3506 partem
1596 3436 1731 3505 signi
1763 3435 2044 3502 cujuslibet
2088 3437 2165 3490 sol

608 3531 883 3600 peragitin
930 3546 960 3580 v
1001 3529 1186 3582 diebus
1210 3570 1223 3594 ,
1271 3527 1393 3580 dum
1419 3526 1539 3580 luna
1566 3534 1771 3580 sextam
1800 3533 2005 3594 partem
2028 3526 2165 3596 signi

608 3622 661 3672 in
694 3636 747 3674 Ix
780 3621 926 3674 horis
951 3620 1192 3688 peragit:
1227 3634 1414 3673 novem
1456 3633 1583 3671 vero
1624 3617 1944 3671 diebuscxx
1988 3625 2166 3685 partes

608 3711 847 3779 peragit;
879 3711 1005 3764 item
1041 3725 1091 3762 Ix
1117 3709 1303 3762 diebus
1349 3724 1484 3768 cxx,
1510 3716 1563 3759 et
1586 3707 1713 3760 item
1743 3722 1795 3759 Ix
1827 3705 2014 3759 diebus
2037 3721 2161 3764 cxx,

607 3799 748 3867 quod
799 3808 919 3851 sunt
961 3813 1104 3849 xxvu
1144 3798 1284 3852 dies.
1323 3811 1418 3862 per
1468 3811 1621 3848 xxuu
1669 3797 1857 3857 horas,
1894 3802 1949 3847 et
1984 3805 2165 3861 partes

607 3905 792 3943 CCCLX.

679 3980 971 4035 Videndum
1022 3986 1141 4041 est,
1189 3976 1452 4045 quomodo
1496 3976 1819 4043 conveniant
1856 3990 1950 4027 vm
1995 3973 2161 4036 honr,

608 4088 725 4142 quae
762 4079 1045 4143 supersunt
1093 4071 1146 4124 in
1179 4069 1299 4123 luna
1323 4110 1336 4131 ,
1386 4083 1416 4121 v
1445 4068 1632 4122 diebus
1660 4068 1749 4137 qui
1774 4074 2063 4136 supersunt
2106 4067 2159 4119 in

608 4163 740 4228 sole,
784 4170 843 4217 ut
869 4162 1150 4231 pervenire
1183 4160 1351 4229 possit
1395 4159 1459 4214 ad
1500 4159 1662 4214 totius
1702 4158 1827 4213 anni
1865 4158 2006 4223 dies;
2054 4172 2163 4212 non

607 4253 751 4307 enim
786 4255 863 4308 sol
893 4255 978 4309 bis
1002 4269 1034 4305 v
1060 4254 1247 4308 diebus
1276 4254 1474 4322 absque
1501 4252 1718 4307 zodiaco
1746 4250 1947 4307 circulo
1971 4251 2157 4306 currit.

2266 3104 2319 3149 et
2348 3097 2399 3150 in
2429 3112 2750 3168 unoquoque
2790 3113 2972 3153 mense
2993 3141 3005 3160 .
3050 3100 3355 3171 diligentius
3401 3100 3824 3170 investigandum

2265 3197 2367 3251 est,
2398 3196 2453 3242 et
2483 3189 2738 3259 exemplis
2760 3190 3091 3260 probandum

2333 3276 2407 3331 De
2447 3278 2583 3333 saltu
2628 3279 2766 3333 lunae
2812 3280 3096 3348 Dionysius
3134 3284 3521 3333 commemorat
3548 3277 3728 3333 dicens
3751 3289 3772 3317 ε
3805 3291 3823 3330 :

2247 3382 2288 3418 ·‹
2319 3370 2547 3424 Ultimus
2574 3385 2744 3425 annus
2772 3369 3212 3423 decennovenalis
3234 3370 3369 3439 cycli
3412 3378 3629 3439 epactas
3669 3367 3821 3441 [Ms..

2265 3468 2496 3527 aepactas
2521 3460 2594 3514 ita
2621 3458 2863 3532 semper],
2900 3460 2953 3514 id
2980 3468 3082 3523 est,
3109 3461 3431 3530 adjectiones
3451 3460 3667 3515 lunares
3689 3475 3821 3514 xvnI

2266 3561 2389 3605 tunc
2409 3551 2602 3605 retinet
2656 3549 2806 3622 [.lls.,
2859 3550 3140 3613 retinens],
3192 3552 3363 3619 primo
3412 3566 3567 3605 anno,
3607 3566 3709 3603 non
3757 3565 3812 3601 xi

2264 3643 2397 3706 dies,
2424 3650 2481 3695 ut
2510 3642 2563 3695 in
2584 3642 2793 3697 caeteris
2819 3642 2973 3696 annis
3004 3644 3159 3707 solet,
3187 3642 3278 3697 sed
3304 3658 3377 3696 xn
3396 3642 3509 3695 dies
3524 3654 3825 3717 accommo-

2263 3734 2373 3787 dat.
2414 3734 2481 3787 Et
2501 3735 2626 3801 quia
2664 3749 2770 3787 xxx
2818 3734 3025 3788 dierum
3064 3734 3167 3787 ﬁne
3196 3733 3499 3795 volvuntur,
3530 3730 3673 3784 nulla
3695 3745 3823 3799 epa-

2264 3830 2349 3875 cta
2376 3822 2429 3875 in
2443 3821 2714 3889 principio
2741 3822 2908 3889 ipsius
2937 3822 3069 3891 cycli
3106 3823 3322 3890 ponitur
3351 3820 3479 3891 [ΑΛ.
3512 3820 3667 3875 nulla:
3696 3836 3822 3891 epa-

2264 3920 2453 3967 εαξη..
2484 3911 2797 3983 ponuntur].
2828 3932 2844 3963 ι
2893 3912 3042 3965 lllum
3063 3927 3189 3982 ergo
3220 3912 3361 3967 diem
3387 3928 3492 3977 xu,
3516 3927 3671 3982 quem
3698 3912 3822 3967 Dio-

2263 4006 2448 4075 nysius
2494 4004 2678 4073 adjicit
2723 4020 2882 4076 super
2924 4014 3167 4075 epactam
3212 4023 3285 4070 χι,
3333 4007 3471 4061 diem
3515 4007 3680 4063 saltus
3704 4008 3823 4062 sine

2262 4099 2424 4154 dubio
2446 4098 2801 4163 demonstrat;
2825 4106 2880 4153 et
2900 4082 3179 4168 propterea
3202 4099 3452 4153 dicuntur
3478 4099 3532 4152 in
3564 4098 3655 4152 illo
3679 4113 3821 4152 anno

2262 4188 2421 4242 nulla:
2447 4195 2667 4258 epactte,
2700 4188 2824 4258 quia
2850 4204 2955 4243 non
2985 4195 3109 4243 sunt
3131 4202 3398 4257 congruae,
3421 4176 3514 4241 sed
3543 4184 3821 4256 superﬂua:

2261 4284 2404 4331 sunt.
2432 4276 2536 4331 Per
2581 4293 2613 4331 x
2660 4277 2803 4332 enim
2846 4285 2901 4331 et
2942 4292 3036 4330 vm
3063 4291 3251 4337 annos,
3294 4290 3346 4327 xI
3374 4281 3572 4344 epactte
3601 4285 3823 4343 semper
3910 4268 3915 4271 ’

606 4344 921 4435 Αηξθιῖιιιξὶά,
938 4344 1237 4435 ἷῖδίίφὼξω
1263 4347 1333 4397 δίί
1352 4345 1405 4396 in
1433 4344 1752 4435 90919660“
1776 4345 2047 4435 parum”?
2075 4343 2158 4398 vel
2191 4347 2239 4409 θ
2262 4368 2453 4424 addita:
2477 4366 2755 4433 videntur;
2796 4368 2851 4420 in
2877 4365 2967 4421 illo
2996 4375 3173 4420 autem
3203 4381 3371 4429 anno,
3409 4343 3475 4419 in
3499 4380 3604 4435 quo
3629 4379 3689 4420 se
3713 4365 3820 4420 sal-

605 4433 772 4489 vdies
820 4432 1085 4487 dividendi
1132 4432 1239 4486 sint
1281 4446 1378 4501 per
1417 4431 1650 4501 singulas
1695 4442 1910 4501 partes;
1962 4433 2161 4488 habent

605 4527 747 4581 enim
776 4540 807 4577 v
835 4525 953 4578 dies
975 4539 1077 4577 cxx
1106 4523 1282 4578 horas.
1322 4522 1405 4575 An
1428 4520 1600 4576 danda
1626 4521 1697 4576 sit
1722 4522 2009 4590 unicuique
2036 4538 2159 4591 par-

605 4618 647 4672 ti
671 4616 827 4672 tertia
867 4630 994 4687 pars
1021 4614 1193 4679 bortc,
1227 4613 1277 4667 id
1307 4620 1391 4667 est
1414 4653 1428 4676 ,
1481 4611 1618 4665 trien
1647 4625 1841 4674 unum;
1887 4623 1987 4665 nec
2015 4611 2161 4665 enim

604 4721 698 4759 vnI
739 4706 883 4760 horae
911 4703 1113 4763 lunaris
1152 4717 1341 4757 cursus
1386 4714 1566 4755 vacuae
1594 4705 1747 4762 sunt,
1791 4698 1915 4753 dum
1943 4712 2159 4766 compu-

606 4804 715 4849 tata
745 4804 829 4850 est
868 4796 921 4850 in
950 4811 1097 4851 xxvu
1140 4796 1325 4850 diebus
1356 4836 1370 4860 ,
1416 4794 1461 4850 si
1498 4792 1785 4861 unicuique
1813 4790 1918 4845 diei
1947 4791 2160 4845 additur

607 4886 764 4942 tertia
788 4901 912 4956 pars
937 4903 1057 4941 quI
1081 4885 1281 4960 [Fam,
1309 4885 1486 4958 xxun]
1514 4886 1715 4957 partis,
1743 4893 1803 4938 ut
1830 4883 1999 4953 possit
2024 4881 2157 4953 legi-

605 4978 769 5032 timus
793 4990 1049 5031 numerus
1076 4978 1305 5045 partium
1335 4975 1566 5047 impleri,
1599 4976 1702 5030 hoc
1726 4980 1844 5037 est,
1890 4973 1956 5027 ad
1994 4987 2154 5026 cccu
2180 4982 2187 4991 '

603 5076 783 5141 partes
810 5066 1118 5139 pervenire;
1152 5066 1290 5120 sicut
1319 5068 1371 5119 in
1403 5074 1582 5122 vestra
1610 5066 1917 5122 acutissima
1946 5071 2001 5119 et
2014 5064 2165 5125 bene

597 5159 869 5234 exquisita
890 5156 1263 5228 supputatione
1289 5156 1588 5227 invenimus
1618 5158 1879 5227 agendum
1910 5171 2045 5211 esse.

997 5260 1021 5289 ⁸
1058 5248 1163 5307 DE
1204 5244 1449 5306 CURSU
1492 5247 1745 5307 LUN.‘E.

673 5352 821 5407 Luna
850 5350 1045 5420 quippe
1073 5346 1357 5402 velocitate
1383 5346 1465 5401 sui
1494 5359 1684 5401 cursus
1705 5345 1940 5413 pervolat
1969 5362 2161 5402 unum—

675 5494 699 5520 ι
739 5483 960 5537 Videtur
984 5495 1101 5537 esse
1122 5486 1329 5546 partem
1360 5477 1543 5546 scripti
1571 5475 1786 5546 prioris.
1820 5475 1959 5531 Edit.
1985 5477 2157 5544 Quer-

675 5494 699 5520 ι
743 5494 960 5537 Videtur
984 5495 1101 5537 esse
1159 5494 1329 5533 artem
1360 5494 1499 5546 scrip

606 5558 708 5604 cet.
734 5554 887 5619 epist.
918 5553 1004 5608 26.
1034 5494 1167 5605 vel;
1190 5549 1344 5619 epist.
1381 5547 1499 5619 100.

676 5621 701 5659 ιι
738 5616 812 5673 Ex
842 5637 938 5675 ms.
972 5637 1080 5690 reg.
1106 5616 1261 5673 Suec.
1285 5634 1430 5673 num.
1464 5616 1704 5683 29.6,!01.
1736 5616 1819 5672 18.

2261 4466 2349 4512 tus
2385 4456 2693 4521 interserit,
2742 4469 2848 4509 non
2891 4471 2945 4508 xI
2994 4455 3086 4509 sed
3135 4470 3208 4509 xu
3237 4464 3437 4526 epactte
3460 4456 3820 4525 reperiuntur,

2258 4546 2406 4601 verbi
2433 4544 2622 4616 gratia,
2674 4544 2739 4599 de
2785 4559 2915 4598 vaII
2958 4544 3012 4599 in
3056 4543 3161 4599 line
3203 4546 3337 4617 cycli
3380 4544 3819 4601 decennovenalis

2258 4651 2362 4690 non
2394 4636 2446 4689 in
2479 4651 2664 4691 xxvmt
2692 4635 2985 4691 ascendunt
3011 4644 3230 4705 epactm,
3256 4636 3348 4690 sed
3379 4636 3430 4689 in
3459 4650 3583 4688 xxx.

2329 4723 2427 4791 Qui
2454 4731 2576 4781 sunt
2601 4740 2728 4797 ergo
2749 4766 2763 4791 ,
2808 4726 2899 4796 qui
2925 4726 3153 4795 primum
3185 4726 3345 4778 istum
3379 4724 3519 4779 diem
3546 4726 3818 4781 saltusin-

2256 4820 2520 4869 venerunt
2564 4820 2618 4868 et
2662 4814 3011 4870 addiderunt?
3052 4812 3287 4882 Egyptii
3320 4813 3435 4868 sine
3470 4814 3648 4872 dubio.
3686 4815 3819 4872 Inde

2258 4902 2542 4974 Dionysius
2570 4902 2699 4959 dicit
2724 4924 2735 4957 :
2764 4902 2809 4956 A
2832 4902 3009 4972 primo
3037 4915 3207 4966 anno,
3234 4906 3325 4972 qui
3361 4918 3466 4959 non
3494 4904 3655 4961 habet
3679 4920 3810 4975 epa-

2257 4999 2372 5049 ctas
2415 4994 2628 5049 lunares
2645 5035 2658 5058 ,
2704 4993 2805 5048 hoc
2832 5000 2946 5055 est,
3001 5005 3263 5063 congruas
3289 5011 3385 5065 pro
3412 5012 3498 5062 eo,
3523 4998 3664 5068 quod
3686 5010 3813 5053 cum

2258 5084 2363 5139 sint
2391 5084 2601 5140 numeri
2626 5082 2817 5138 decimi
2855 5080 3025 5151 [Leg.,
3054 5097 3176 5138 cum
3209 5086 3317 5140 sint
3338 5087 3459 5141 noui
3484 5084 3699 5158 decimi]
3728 5087 3812 5140 in-

2256 5174 2471 5230 l'erioris
2494 5174 2618 5227 anni
2646 5188 2678 5225 x
2708 5179 2760 5225 et
2788 5186 2882 5224 vIII
2909 5179 3130 5240 epactz,
3166 5174 3343 5231 addito
3365 5176 3528 5229 etiam
3550 5174 3618 5235 ab
3642 5172 3811 5247 ligv-

2255 5267 2380 5335 ptiis
2405 5282 2510 5321 uno
2532 5266 2617 5320 die
2641 5304 2654 5328 ,
2700 5263 2835 5317 (lunt
2871 5279 2974 5318 xxx
3006 5264 3058 5321 id
3096 5274 3212 5333 est,
3244 5266 3366 5320 luna
3406 5266 3603 5321 mensis
3647 5269 3809 5323 unius

2258 5356 2485 5427 integra.
2524 5354 2675 5409 Illum
2715 5366 2845 5420 ergo
2883 5369 3045 5410 unum
3068 5356 3240 5419 diem,
3280 5368 3437 5423 quem
3456 5354 3585 5411 dicit
3610 5355 3812 5428 Diony—

2328 5501 2349 5529 ε
2390 5488 2674 5559 Dionysius
2704 5485 2962 5608 Exiguus,
2988 5488 3142 5557 epist.
3170 5486 3237 5540 ad
3265 5483 3593 5543 Bonifacium
3621 5496 3675 5543 et
3701 5487 3807 5545 Bo-

2332 5575 2402 5608 m.
2434 5568 2563 5608 tom.
2594 5554 2771 5608 LXVII
2840 5560 3130 5608 atrolociae.
3154 5555 3357 5608 eol.25.

2257 5574 2402 5623 num,
2434 5554 2563 5614 toni.
2594 5554 2771 5625 LXVII
2799 5554 3130 5629 PatrOlogim,
3154 5555 3357 5611 col.25.
