4254 6216
478 252 583 309 985

1180 248 1642 309 DIDASCALICA.
1683 281 1752 292 -
1787 251 1876 308 ne
1911 249 2143 309 cuusu
2180 249 2269 306 ΕΤ
2308 249 2530 308 sane
2565 228 2800 320 LUNE,
2835 253 2984 310 me.

3579 258 3687 316 986-

476 369 592 424 sius
615 367 683 423 ab
733 364 1000 437 Egyptiis
1041 356 1277 421 additum
1299 407 1316 433 ,
1355 367 1496 423 diem
1531 367 1700 422 saltus
1729 367 1844 422 sine
1871 365 2035 421 dubio
2054 343 2111 428 Ἀ
2136 378 2202 420 eo
2233 363 2374 434 quod
2401 363 2679 435 superﬂua:
2724 376 2874 432 sunt;
2919 377 3043 422 tunc
3089 368 3231 423 enim
3258 385 3330 424 xu
3367 380 3567 441 epactas
3595 375 3684 429 ad-

477 457 831 514 demonstrat.
869 456 968 512 Hic
997 471 1124 527 ergo
1151 456 1319 512 saltus
1344 457 1504 522 lunae,
1533 457 1922 512 incrementum
1947 456 2033 511 vel

477 557 819 620 augmentum
846 549 1042 605 dicitur
1070 549 1275 615 lunare,
1301 539 1368 605 eo
1393 550 1536 626 qugd
1561 551 1758 606 crescit
1781 567 1878 620 per
1905 565 2034 605 xvut

478 657 646 698 annos
692 658 833 698 unus
877 643 990 696 dies
1037 642 1089 696 in
1128 641 1272 696 luna.
1336 642 1411 697 De
1433 657 1540 710 quo
1564 642 1722 696 etiam
1750 649 2035 711 augmento

476 732 674 797 lunari,
700 733 800 787 hoc
825 741 926 797 est,
962 732 1036 786 de
1052 733 1138 787 die
1159 733 1323 787 saltus
1344 733 1612 788 Victorius
1641 745 1665 773 ο
1695 730 1927 786 ostendit
1955 731 2035 785 di-

477 836 639 877 cens:
689 840 708 873 ι
737 821 861 876 Ροει
893 837 1045 876 xvuu
1069 837 1237 876 annos
1286 821 1656 891 Egyptiorum
1688 835 1837 874 more
1859 819 2034 875 conti-

477 920 641 967 nuato
661 913 848 968 ordine
877 913 978 968 hoc
1004 921 1350 982 augmentum
1386 911 1574 972 lunare
1603 911 1880 965 accrescit.
1911 930 1929 962 ι

546 1000 980 1072 lnterrogandum
1021 1001 1314 1069 estigitur,
1357 1001 1420 1054 in
1457 1014 1562 1069 quo
1586 1000 1703 1053 loco
1741 997 1828 1052 hic
1865 998 2033 1053 saltus

469 1090 624 1161 juxta
651 1093 842 1147 latinos
884 1092 1144 1162 ponitur?
1194 1089 1322 1146 Sine
1351 1091 1512 1146 dubio
1542 1091 1594 1144 in
1631 1105 1696 1144 xv
1727 1085 2033 1144 Decembris

479 1181 651 1254 [Leg.,
679 1199 750 1237 xv
778 1177 894 1236 Kal.
925 1179 1276 1252 Decembris].

547 1272 747 1328 Deinde
775 1272 912 1327 seire
939 1287 1035 1327 nos
1062 1271 1328 1336 convenit,
1355 1271 1619 1341 quomodo
1646 1271 1733 1324 hic
1761 1270 1929 1324 saltus
1949 1281 2032 1322 se-

477 1362 708 1419 cundum
735 1361 954 1417 Latinos
988 1363 1040 1416 in
1069 1363 1300 1431 epactis,
1349 1375 1466 1430 qua:
1499 1369 1722 1416 currunt
1749 1360 1801 1413 in
1825 1376 1875 1414 ιι
1910 1359 2024 1412 Kal.

475 1454 690 1526 Aprilis,
724 1455 1040 1520 ostenditur,
1085 1464 1140 1509 ct
1161 1470 1226 1511 eo
1253 1470 1390 1508 anno
1414 1439 1624 1525 ['Forte,
1651 1461 1704 1506 et
1735 1467 1839 1520 quo
1867 1449 2026 1521 anno]

475 1544 612 1617 cycli
649 1544 949 1598 invenitur?
988 1543 1043 1596 In
1074 1559 1160 1597 xvi
1192 1559 1330 1598 anno
1359 1542 1601 1595 videlicet
1641 1540 1808 1594 saltus
1843 1554 2029 1594 secun-

475 1636 601 1693 dum
652 1634 870 1688 Latinos
911 1633 1214 1705 invenitur:
1261 1632 1410 1685 verbi
1436 1632 1633 1700 gratia,
1682 1631 1734 1682 in
1774 1629 1862 1682 illo
1889 1641 2026 1681 anno

2134 457 2258 513 dita:
2291 459 2632 513 inveniuntur
2657 461 2721 515 de
2747 476 2876 516 xvut
2907 461 2960 516 in
3006 477 3154 517 xxxu
3196 461 3340 535 [Leg.
3374 481 3497 520 xxx.
3548 466 3678 523 Nam

2131 560 2273 600 anno
2286 547 2420 616 cyeli
2462 547 2646 603 ultimo
2673 558 2870 618 epactas
2895 558 3018 605 sunt
3044 567 3173 606 ιιι-ιιι
3193 562 3248 608 ει
3275 569 3416 610 anno
3440 560 3682 626 sequenti

2131 636 2322 706 primo,
2355 646 2477 692 sunt
2509 655 2634 702 xxx,
2659 640 2770 695 sive
2795 640 2969 710 potius
2990 642 3195 714 nullae];
3228 644 3407 700 addito
3427 647 3584 702 etiam
3617 650 3682 704 ab

2131 721 2398 794 Egyptiis
2425 741 2530 780 uno
2559 727 2645 780 die
2682 727 2747 781 ad
2775 745 2898 783 suas
2924 746 2975 785 xi
3002 742 3236 800 epactas.

2199 814 2474 880 Quomodo
2505 831 2632 888 ergo
2653 819 2704 872 in
2741 818 2862 873 luna
2895 821 2980 874 hic
3007 822 3121 876 dies
3141 823 3306 878 saltus
3345 827 3680 881 demonstra-

2131 912 2246 960 tur:
2307 916 2362 960 et
2406 908 2673 976 quomodo
2718 910 2912 964 crescit
2947 912 2999 964 in
3027 927 3342 980 unaquaque
3372 914 3684 971 lunatione?

2130 994 2235 1050 Per
2255 1012 2334 1049 ιιιι
2353 1006 2619 1052 momenta
2638 1000 2830 1054 crescit
2851 1001 2903 1053 in
2923 1016 3236 1071 unoquoque
3259 1020 3456 1070 mense,
3475 995 3682 1063 cautius

2128 1095 2183 1154 et
2209 1087 2512 1155 diligentius
2540 1087 3064 1144 animadvertendum
3092 1100 3192 1146 cst.
3230 1091 3317 1146 Sic
3343 1094 3679 1150 demonstra-

2129 1183 2248 1229 tur:
2271 1175 2402 1230 Cum
2432 1179 2575 1232 enim
2604 1178 2797 1232 dicitur
2820 1177 2941 1231 luna
2968 1193 3095 1232 xxix
3114 1171 3259 1250 [3!s.,
3286 1182 3464 1253 xvuu]
3489 1183 3602 1238 dies
3627 1195 3683 1239 et

2129 1266 2309 1330 semis,
2352 1267 2400 1320 id
2428 1275 2530 1332 est,
2559 1271 2824 1332 xit-horas
2859 1270 2910 1323 in
2959 1285 3022 1324 se
3045 1271 3260 1336 habere,
3310 1274 3466 1342 paulo
3507 1275 3682 1330 minus

2121 1355 2313 1424 junior'
2332 1357 2382 1409 in
2422 1366 2609 1409 natura
2639 1357 2880 1424 habetur,
2919 1374 3076 1427 quam
3099 1369 3343 1430 putatur;
3371 1371 3424 1416 et
3458 1362 3576 1416 ideo
3599 1363 3678 1418 ci-

2129 1445 2230 1498 tior
2249 1447 2501 1513 prmvcnit
2527 1446 2661 1502 lunae
2682 1448 2935 1511 incensio,
2963 1458 3247 1518 antequam
3276 1467 3459 1505 xxvuu
3482 1453 3596 1508 dies
3624 1463 3678 1508 et

2127 1537 2309 1600 semis,
2347 1538 2398 1590 id
2426 1547 2524 1600 est,
2561 1555 2636 1592 xu
2659 1541 2801 1593 hora:
2828 1539 2980 1609 plene
3011 1539 3282 1594 ﬁniantur.
3334 1541 3506 1596 Certis
3533 1544 3674 1598 enim

2127 1613 2406 1691 momentis
2429 1627 2659 1682 velocior
2680 1637 2762 1683 est
2787 1629 2923 1682 lunae
2942 1630 3225 1683 exstinctio
3247 1639 3300 1683 et
3327 1630 3561 1684 incensio
3591 1647 3678 1687 sc-

475 1727 766 1784 secundum
790 1727 1006 1782 Grzecos
1035 1741 1101 1780 xv
1132 1734 1254 1778 sunt
1277 1733 1474 1794 epactas
1500 1724 1551 1775 in
1581 1739 1632 1775 χι
1668 1720 1782 1774 Kal.
1811 1719 2024 1789 Aprilis.
2057 1709 2102 1769 Β
2130 1717 2355 1771 eundum
2381 1727 2640 1782 naturam,
2682 1735 2840 1788 quam
2869 1719 3064 1774 dicitur
3098 1728 3186 1773 aut
3214 1728 3430 1790 putatur
3485 1737 3674 1776 secun-

475 1819 544 1874 Et
571 1820 616 1873 si
658 1819 932 1888 contingat
954 1826 1061 1881 ,ιιι
1090 1817 1175 1870 die
1198 1815 1469 1870 Dominira
1503 1813 1594 1866 ﬁat
1628 1812 1712 1864 illa
1742 1819 1925 1880 epaeta
1951 1810 2031 1863 lu-

475 1909 621 1962 uaris
646 1923 714 1961 xv
738 1908 788 1961 in
817 1923 868 1961 XI
898 1905 1014 1959 Kal.
1051 1905 1220 1974 April.
1263 1905 1551 1958 secundum
1582 1903 1840 1954 rationem
1876 1900 2028 1954 Cra:-

474 2013 681 2063 corum,
709 2007 764 2053 et
793 1996 1084 2054 secundum
1123 1994 1462 2048 traditionem
1487 1992 1684 2046 Niemni
1708 1989 1914 2046 concilii
1946 2004 2029 2043 sa-

473 2090 833 2146 cratissimum
855 2088 1057 2142 Pascha
1084 2096 1211 2140 tunc
1236 2085 1575 2146 celebratur:
1609 2082 1899 2138 secundum
1929 2081 2030 2134 La-

474 2180 618 2236 tinos
660 2171 854 2235 autem.
883 2196 988 2234 non
1033 2181 1306 2238 celebrant
1344 2178 1547 2233 Pascha
1581 2178 1634 2231 in
1671 2193 1737 2229 xv
1766 2177 1908 2240 luna,
1937 2165 2030 2230 sed

476 2289 586 2328 xvt.
625 2274 692 2328 Et
719 2275 797 2329 sic
825 2281 1048 2328 currunt
1081 2282 1280 2343 epactze
1309 2272 1445 2343 apud
1475 2271 1590 2326 illos
1615 2271 1665 2323 in
1693 2269 1780 2322 illo
1804 2283 1943 2322 anno
1965 2267 2030 2321 de

475 2372 666 2434 quarta
715 2365 838 2419 ltma
879 2365 929 2419 in
969 2380 1088 2429 va,
1123 2364 1259 2418 sicut
1305 2365 1357 2416 in
1408 2361 1642 2416 Victorio
1689 2359 1955 2412 invenitur
1978 2357 2026 2420 δ,

474 2455 644 2511 saltus
673 2471 833 2510 causa
855 2496 869 2520 ,
911 2456 1035 2526 quia
1065 2470 1170 2509 non
1201 2453 1480 2507 voluerunt
1508 2450 1681 2504 Latini
1712 2449 1913 2502 Pascha
1937 2462 2026 2501 ce-

474 2544 686 2614 lebrare
708 2546 760 2599 in
787 2545 874 2598 illa
903 2553 1090 2615 cpacta
1113 2544 1304 2609 Lunae,
1352 2544 1402 2596 in
1435 2557 1538 2613 qua
1579 2538 1822 2594 Christus
1844 2552 2029 2609 passus

473 2643 576 2700 est,
604 2636 704 2690 hoc
728 2644 810 2690 est
833 2635 956 2690 luna
985 2633 1210 2707 [Suppl.,
1236 2633 1354 2706 xv].

542 2721 705 2793 359
732 2704 1004 2788 Quomodo
1032 2739 1160 2794 ergo
1185 2704 1474 2778 secundum
1503 2704 1717 2778 Gr-chos
1743 2721 1911 2777 saltus
1937 2719 2030 2774 de-

476 2821 826 2878 monstratur,
861 2813 959 2885 [et]
997 2814 1048 2867 in
1071 2828 1177 2883 quo
1205 2813 1288 2867 die
1309 2813 1553 2867 datarum
1579 2811 1874 2866 invenitur?
1919 2808 2028 2862 Hoc

473 2913 575 2970 est,
607 2921 675 2958 xv
693 2905 806 2959 Kal.
835 2904 881 2958 M
901 2906 976 2960 lii.
1036 2904 1335 2959 Secundum
1365 2903 1672 2981 Dionysium
1705 2903 1783 2956 sic
1810 2902 2028 2956 demon—

474 3002 695 3050 stratur.
775 2994 908 3050 Nam
955 2996 1166 3066 quando
1204 2996 1336 3050 dixit
1382 2994 1661 3066 Dionysius
1688 3004 1752 3046 τε
1811 3011 1828 3043 ι
1874 2993 2025 3046 Anno

473 3083 646 3156 primo
663 3084 1073 3141 decennovenali
1100 3085 1270 3139 lunari
1288 3101 1418 3150 xvn,
1444 3100 1473 3139 a
1502 3101 1566 3138 xv
1589 3084 1704 3138 Kal.
1726 3083 1844 3138 Maii
1864 3098 2030 3152 usque

475 3174 544 3230 ad
568 3174 746 3230 Nonas
787 3174 1005 3245 Aprilis,
1055 3175 1179 3242 quia
1211 3175 1508 3229 communis
1553 3189 1718 3226 anuus
1755 3182 1857 3237 est,
1901 3173 2034 3226 fiunt

474 3265 590 3320 dies
627 3281 850 3320 tecum.
887 3285 905 3316 ι
947 3265 1002 3318 ln
1034 3264 1121 3318 illo
1154 3265 1270 3319 loco
1299 3273 1352 3318 et
1376 3266 1426 3317 in
1459 3265 1546 3318 illo
1579 3265 1664 3318 die
1699 3264 1837 3317 diem
1867 3263 2032 3318 saltus

473 3356 670 3423 posuit,
696 3357 794 3412 hoc
819 3364 919 3418 est,
957 3371 986 3408 a
1015 3371 1084 3408 xv
1116 3354 1229 3408 Kal.
1259 3354 1448 3408 Maii‘d.
1500 3353 1631 3412 Nam
1675 3369 1884 3422 semper
1911 3353 2031 3406 Dio-

476 3443 657 3514 nysius
682 3460 712 3497 a
744 3461 809 3498 xv
855 3445 978 3498 luna
1012 3445 1136 3498 anni
1169 3445 1388 3509 lunaris,
1449 3445 1560 3499 sive
1590 3443 1886 3498 communis
1921 3431 2031 3497 sive

473 3530 817 3587 embolismus
840 3532 975 3603 {sit},
992 3549 1158 3601 usque
1180 3535 1246 3588 ad
1275 3551 1391 3587 xuu
1420 3533 1598 3588 lunam
1625 3520 1925 3602 pasehalem
1949 3551 2032 3589 se-

473 3622 688 3691 quentis
723 3623 847 3675 anui
900 3623 977 3676 sic
1008 3632 1270 3676 numerat.
1338 3623 1441 3678 Iste
1493 3638 1620 3693 ergo
1645 3624 1926 3692 Dionysius
1965 3642 2031 3679 xv

475 3710 738 3766 Kalendas
784 3710 927 3778 Maii,
985 3712 1273 3766 secundum
1323 3712 1657 3768 traditionem
1700 3712 1892 3783 angeli,
1939 3715 2030 3782 qui

475 3801 763 3858 Pachomio
789 3805 1050 3858 monacho
1083 3815 1106 3842 ο
1131 3804 1306 3858 divina
1345 3803 1665 3858 revelatione
1695 3805 2025 3866 monstravit,

475 3896 530 3948 in
553 3897 782 3950 termino
805 3895 1050 3950 Paschali
1081 3912 1196 3950 xuu
1223 3896 1478 3960 lunamjn
1509 3894 1610 3950 line
1633 3895 1791 3950 totius
1806 3895 1936 3965 cycli
1965 3912 2031 3948 xv

474 3982 589 4036 Kal.
627 3983 749 4038 Maii
768 3985 977 4052 posuit;
1010 3987 1103 4041 sed
1136 3995 1310 4039 tamen
1340 3986 1630 4040 secundum
1654 3987 1912 4040 rationem
1940 4002 2033 4040 na-

474 4083 607 4131 tura:
633 4091 702 4129 xv
730 4073 900 4146 [Leg.,
931 4091 1068 4138 xuu,
1101 4091 1222 4129 nam
1249 4061 1539 4130 secundum
1563 4085 1780 4145 epactas
1805 4075 1927 4130 luna
1951 4085 2032 4130 est

475 4181 616 4232 xuu,
642 4159 736 4221 sed
765 4179 862 4237 per
892 4164 1088 4220 saltum
1133 4164 1510 4235 Dionysianum
1534 4164 1654 4219 luna
1698 4165 1758 4219 lit
1785 4165 1884 4236 xv]
1909 4165 2029 4219 luna

474 4259 760 4316 invenitur.
815 4258 922 4313 Pro
951 4259 1052 4313 hoc
1099 4257 1380 4329 Dionysius
1429 4255 1718 4312 secundum
1768 4257 2027 4311 rationem

472 4350 639 4406 saltus
662 4365 694 4404 a
721 4366 790 4406 xv
817 4349 932 4404 Kal.
963 4349 1107 4413 Maii,
1139 4350 1237 4405 hoc
1265 4357 1366 4414 est,
1397 4363 1424 4401 a
1453 4362 1520 4402 xv
1545 4346 1669 4401 luna
1686 4345 1916 4438 primum
1937 4361 2027 4400 an-
2057 4380 2105 4438 υ

473 4457 601 4496 ιιιιιιι
649 4442 782 4515 cycli
825 4441 1264 4499 decennovenalis
1307 4436 2026 4511 incipit,etsecundum‘tra-

473 4532 727 4588 ditionem
753 4532 926 4602 angeli
953 4532 1107 4600 in-xv
1127 4531 1244 4585 Kal.
1276 4530 1395 4585 Maii
1433 4530 1608 4600 posuit
1630 4528 1935 4590 terminum,
1973 4534 2028 4579 et

475 4619 632 4677 tinem
653 4620 814 4675 totius
840 4617 973 4688 cycli
1005 4618 1060 4671 in
1089 4609 1158 4680 xv
1186 4617 1301 4671 Kal.
1328 4617 1451 4673 Maii
1483 4633 1597 4673 xuu
1625 4617 1768 4672 luna.
1796 4616 1923 4670 Item
1945 4629 2029 4670 se-

473 4711 704 4778 cundum
719 4707 931 4765 Gratcos
953 4708 1006 4762 in
1027 4693 1229 4777 epactis
1250 4707 1364 4762 dies
1379 4707 1547 4761 saltus
1570 4709 1623 4763 in
1653 4725 1706 4762 ιι
1722 4707 1839 4762 Kal.
1855 4705 2022 4775 April.

470 4801 894 4864 demonstratur,
941 4797 1065 4868 quia
1095 4805 1221 4852 tunc
1241 4795 1329 4851 illo
1356 4811 1496 4849 anno
1521 4795 1574 4849 in
1603 4797 1864 4866 principio
1892 4796 2026 4867 cycli

471 4888 630 4946 ιυιιω
655 4896 858 4960 epacta:
883 4889 1156 4952 dicuntur,
1195 4886 1318 4958 quia
1342 4900 1447 4940 non
1465 4884 1589 4939 sunt
1612 4899 1880 4958 congruae.
1933 4902 2027 4941 oro

543 5075 569 5105 ι
606 5062 876 5118 Victorius
895 5063 956 5117 in
983 5063 1200 5121 Praeiat.
1224 5063 1496 5122 Paschalis
1527 5061 1646 5118 festi
1673 5066 1812 5133 apud
1839 5065 2026 5122 Petav.

543 5149 604 5188 ru.
634 5132 699 5188 ll.
728 5147 850 5188 nan.
877 5131 1001 5188 50!.

473 5141 604 5191 tom.
635 5141 699 5198 ll,
728 5141 1001 5203 pag.,5tn.

545 5149 604 5188 ιι.
635 5147 699 5198 ιι,
728 5147 1001 5205 pag.,aus.

545 5204 574 5245 1³
611 5205 880 5260 Victorius
919 5202 1020 5258 loc.
1047 5205 1139 5260 cit.
1177 5207 1245 5262 de
1286 5221 1432 5262 more
1459 5204 1769 5260 Latinorum
1796 5203 1908 5260 huic
1939 5222 2029 5262 re-

475 5282 695 5346 censet:
731 5295 751 5326 ι
781 5273 838 5331 Si
863 5282 1044 5329 autem
1063 5275 1151 5346 die
1172 5275 1380 5346 sabbati
1395 5275 1738 5346 plenilunium
1763 5282 1885 5328 esse
1904 5290 2029 5330 con-

477 5344 694 5416 tigerit,
732 5354 786 5400 et
810 5345 1157 5416 consequenti
1200 5344 1467 5416 dominico
1507 5345 1628 5416 luna
1675 5359 1742 5395 xv
1776 5346 2028 5416 reperiri,

475 5413 665 5468 eadem
705 5413 1038 5471 hebdomada
1068 5415 1382 5472 transmissa
1425 5415 1478 5470 in
1508 5415 1732 5469 alterum
1755 5413 1898 5466 diem
1924 5414 2029 5469 Do-

477 5480 754 5555 mihicum,
785 5484 838 5555 id
862 5493 964 5550 est,
994 5484 1116 5539 luna
1145 5499 1258 5538 xxu
1287 5485 1560 5555 transferri
1583 5482 1773 5555 debere
1807 5481 2028 5555 [Latini]

480 5549 747 5606 dixerunt.
772 5573 791 5604 ι
824 5549 1091 5611 Hzeccum
1119 5553 1423 5610 narratione
1441 5554 1647 5610 Alcuini
1677 5567 1780 5607 non
1810 5549 2031 5608 'concorl

481 5619 629 5676 dant.
670 5619 900 5680 Adverte
941 5633 1114 5681 tamen
1157 5623 1440 5680 Alcuinum
1480 5625 1569 5681 hic
1611 5625 1752 5693 loqui
1793 5625 1856 5679 de
1892 5638 2030 5678 anno

2130 1807 2254 1861 dum
2285 1817 2473 1862 artem.
2517 1809 2645 1863 Nam
2672 1827 2748 1863 uu
2791 1812 3074 1865 momentis
3102 1820 3150 1866 et
3200 1813 3504 1868 duodecima
3528 1827 3679 1884 parte

2116 1901 2423 1976 momenti,
2475 1911 2528 1954 et
2550 1902 2971 1970 quingentesima
2997 1903 3431 1970 quinquagesima
3477 1905 3680 1960 decima

2128 1999 2316 2058 quarta
2359 2000 2508 2061 parte
2539 1991 2806 2054 momenti,
2846 1993 2945 2046 hoc
2967 2001 3048 2046 est
3071 2001 3267 2057 atomo,
3306 1994 3406 2047 hoc
3431 2009 3679 2065 augmen-

2129 2086 2239 2133 tum
2271 2065 2455 2136 lunare
2483 2083 2534 2136 in
2567 2081 2670 2138 {ine
2696 2083 3107 2152 uniuscujusque
3146 2085 3343 2139 mensis
3369 2084 3568 2139 lunaris
3590 2100 3679 2141 ac-

2127 2170 2340 2234 crescit,
2391 2179 2673 2242 antequam
2697 2173 2911 2226 [iuiatur
2958 2175 3266 2230 duodecima
3302 2177 3434 2231 hora
3475 2177 3676 2232 dimidii

2127 2260 2249 2324 diei,
2268 2262 2355 2330 qui
2379 2278 2536 2332 super
2555 2279 2740 2318 xxvuu
2757 2265 2866 2318 dies
2890 2274 2989 2319 est.
3014 2262 3104 2320 Sic
3122 2281 3217 2336 per
3241 2283 3391 2322 xvuu
3414 2285 3601 2336 annos,
3626 2272 3678 2325 id

2127 2361 2228 2415 est,
2256 2367 2349 2422 per
2370 2369 2441 2407 xu
2466 2369 2772 2410 communes
2793 2362 2847 2409 et
2875 2370 2946 2410 vu
2967 2357 3324 2422 embolismos,
3372 2359 3458 2428 qui
3480 2359 3678 2416 habent

2130 2445 2564 2500 mensesluuarcs
2586 2462 2812 2513 cexxxv,
2837 2447 2924 2503 ille
2944 2465 3079 2504 unus
3099 2451 3212 2504 dies
3229 2467 3382 2506 xxuu
3404 2453 3675 2519 horarum,

2127 2537 2217 2605 qui
2248 2539 2440 2593 dicitur
2464 2541 2652 2606 saltus,
2695 2542 2950 2611 paulatim
2996 2545 3304 2605 adcrescere
3331 2546 3484 2611 solet,
3514 2562 3681 2617 usque

2128 2625 2252 2680 dum
2296 2627 2467 2694 prima
2492 2628 2612 2681 luna
2645 2629 2736 2682 ﬁat
2762 2629 3018 2698 completa
3072 2631 3123 2684 in
3149 2632 3234 2684 illa
3257 2634 3405 2697 hora,
3459 2651 3561 2704 qua
3585 2651 3681 2704 pu—

2128 2726 2273 2772 tatur
2308 2716 2433 2771 luna
2479 2719 2781 2790 exstingui,
2827 2728 2917 2774 aut
2959 2721 3185 2776 incendi.
3241 2722 3345 2775 Aut
3371 2738 3438 2776 xv
3461 2723 3682 2779 lunaiu-

2128 2813 2339 2868 venitur
2381 2815 2432 2867 in
2460 2813 2547 2867 illa
2574 2813 2659 2867 die
2681 2814 2968 2868 secundum
2993 2822 3256 2880 naturam,
3303 2816 3516 2884 quando
3542 2819 3672 2873 dici-

2127 2910 2216 2956 tur
2249 2918 2366 2956 xuu
2399 2903 2521 2957 luna
2564 2903 2851 2957 secundum
2882 2911 3049 2975 artem
3094 2910 3148 2958 et
3189 2905 3475 2958 secundum
3523 2907 3683 2960 ratiu-

2131 3010 2251 3049 nem
2298 3003 2630 3064 epactarum,
2679 2996 2817 3049 sicut
2865 2995 3094 3048 diximus
3116 2996 3167 3048 in
3195 3011 3262 3050 xv
3289 2994 3401 3048 Kal.
3430 2996 3572 3062 Maii,
3628 2999 3680 3051 in

2131 3103 2235 3157 quo
2257 3087 2341 3142 die
2368 3095 2421 3142 et
2448 3087 2652 3142 decima
2689 3094 2877 3156 quarta
2943 3086 3065 3140 luna
3107 3087 3302 3140 dicitur
3359 3095 3414 3140 ct
3473 3085 3679 3141 decima

2131 3179 2335 3247 quinta.
2643 3190 2646 3192 '

2202 3267 2258 3320 Si
2283 3261 2412 3337 ergo
2435 3284 2588 3322 nosse
2629 3269 2736 3329 vis,
2791 3276 3044 3336 quantum
3071 3267 3136 3320 de
3161 3268 3263 3321 hoc
3291 3277 3574 3339 augmento
3604 3269 3682 3322 lu-

2129 3359 2244 3411 nari
2277 3360 2467 3412 crcscit
2494 3359 2544 3411 in
2572 3365 2888 3428 ιιιιοιιιιοιιιιε
2918 3373 3054 3412 anno
3080 3373 3175 3428 per
3197 3375 3347 3412 xvuu
3384 3375 3550 3413 annos
3578 3377 3591 3423 ;
3625 3369 3682 3413 et

2129 3455 2382 3515 quantum
2414 3449 2464 3502 in
2506 3463 2821 3518 unoquoque
2876 3465 3057 3504 mense
3100 3451 3271 3503 lunari
3330 3463 3424 3518 per
3471 3465 3683 3504 cexxxv.

2131 3551 2361 3602 menses,
2389 3537 2690 3608 diligentius
2708 3538 3089 3602 animadverte,
3130 3536 3268 3606 quod
3300 3539 3348 3590 in
3372 3538 3513 3591 omni
3535 3553 3675 3592 anno

2128 3629 2392 3682 communi
2419 3628 2614 3682 crescit
2637 3643 2740 3681 una
2785 3628 2911 3681 hora
2937 3620 3104 3681 et'vut
3135 3628 3440 3689 momentis;
3480 3645 3512 3682 x
3539 3629 3680 3682 enim

2129 3733 2338 3780 menses
2366 3736 2524 3773 unam
2551 3720 2734 3774 horam
2765 3710 2964 3774 faciunt
2989 3761 3002 3782 ,
3051 3721 3097 3774 si
3144 3722 3283 3774 enim
3326 3738 3356 3775 x
3387 3732 3578 3791 quater
3598 3724 3680 3777 vel

2129 3818 2358 3878 quatuor
2385 3811 2562 3864 decies
2607 3811 3063 3880 multiplicaveris,
3111 3828 3175 3866 xl.
3204 3821 3469 3868 momenta
3535 3823 3677 3875 sunt,

2133 3900 2232 3954 hoc
2258 3909 2359 3960 est,
2389 3917 2490 3955 una
2517 3903 2679 3956 hora:
2712 3911 2767 3956 et
2797 3901 2902 3955 duo
2919 3915 3126 3955 menses
3150 3917 3241 3954 \‘lll
3275 3909 3539 3956 momenta
3573 3900 3677 3954 em-

2131 3991 2307 4056 ciunt;
2334 3991 2418 4045 his
2445 3992 2582 4046 enim
2627 3999 2851 4061 quatuor
2877 4007 2970 4045 vul
3006 4001 3268 4045 momenta
3302 3999 3441 4045 sunt.
3490 3990 3579 4043 Sic
3626 3991 3678 4044 in

2132 4096 2271 4135 anno
2301 4082 2587 4144 communi,
2637 4083 2725 4149 qui
2769 4083 2927 4135 habet
2961 4097 3035 4134 xu
3067 4094 3275 4134 menses
3308 4080 3544 4144 lunares,
3574 4095 3680 4134 una

2131 4169 2261 4224 hora
2294 4170 2358 4223 ad
2383 4169 2826 4238 prmparationem
2857 4169 3022 4223 saltus
3049 4176 3104 4222 et
3130 4184 3223 4221 vtu
3273 4177 3539 4222 momenta
3561 4183 3678 4223 ere-

2131 4271 2305 4315 scunt.
2337 4257 2426 4314 Sic
2448 4273 2543 4328 per
2563 4275 2596 4312 x
2623 4266 2677 4314 et
2703 4274 2891 4314 novem
2917 4274 3106 4323 annos,
3135 4261 3286 4329 quasi
3313 4258 3537 4315 fuissent
3562 4276 3677 4314 om-

2131 4365 2226 4404 nes
2249 4363 2558 4404 communes
2579 4349 2672 4421 (vu
2720 4349 3045 4405 embolismis
3087 4350 3374 4419 separatim
3420 4349 3676 4412 dimissis,

2127 4440 2194 4493 de
2220 4439 2414 4508 quibus
2440 4448 2624 4509 postea
2647 4439 2905 4510 dicemus)
2930 4448 3179 4494 crescunt
3195 4452 3289 4512 per
3309 4452 3455 4491 xvuu
3488 4452 3676 4500 annos.

2128 4543 2280 4582 xvuu
2319 4529 2485 4596 horae,
2511 4529 2615 4584 hoc
2634 4537 2736 4593 est,
2753 4529 2883 4584 hora
2897 4527 3317 4595 uniuscujusque
3344 4528 3468 4581 anni
3504 4545 3515 4578 :
3545 4526 3674 4582 ltcm

2091 4635 2094 4638 ’
2127 4631 2222 4670 vui
2238 4625 2504 4672 momenta
2521 4617 2932 4686 uniuscujusque
2947 4615 3103 4680 anni;
3129 4615 3208 4670 sic
3221 4631 3317 4685 per
3331 4632 3481 4671 xvuu
3511 4631 3678 4672 annos

2128 4725 2234 4764 CLII
2253 4715 2514 4762 momenta
2531 4706 2845 4768 efﬁciuntur,
2868 4705 2969 4761 hoc
2985 4713 3084 4771 est,
3104 4722 3163 4759 Ill
3183 4706 3327 4762 hora:
3342 4714 3394 4760 et
3411 4721 3552 4758 xxxu
3571 4721 3679 4758 mm

2129 4810 2304 4856 menta
2325 4817 2337 4852 :
2364 4798 2518 4855 simul
2533 4807 2708 4852 autem
2733 4797 2865 4853 fiunt
2893 4815 3004 4854 xxu
3024 4815 3134 4854 orte
3151 4807 3203 4852 et
3223 4812 3367 4851 χχχιι
3387 4797 3672 4852 momenta.

2129 4893 2448 4965 Colligamus
2472 4904 2598 4960 ergo
2645 4899 2914 4946 momenta
2942 4893 3007 4947 de
3037 4907 3112 4962 vu
3165 4887 3512 4953 embolismis,
3542 4905 3676 4959 quos

2129 5065 2334 5123 decimo
2371 5071 2525 5136 sexto
2560 5065 2694 5136 cycli
2743 5063 3294 5136 decennovenalis,_in
3333 5075 3438 5136 quo
3480 5061 3672 5136 saltum

2199 5148 2324 5188 nere
2376 5134 2451 5187 ait
2490 5132 2743 5190 Latinos;
2792 5135 2856 5189 de
2888 5132 3520 5204 quoitacetuYictorius;
3568 5134 3677 5189 nisi

2147 5219 2242 5259 uec
2262 5205 2764 5275 exceptio.a_regula
2791 5201 3022 5275 generali
3049 5203 3099 5256 in
3126 5201 3285 5275 editis
3305 5202 3374 5256 sit
3399 5202 3615 5256 omissa.

2201 5282 2221 5344 ξ
2262 5272 2318 5344 l_n
2348 5271 2503 5343 epist.
2537 5273 2598 5337 ll,
2631 5271 2758 5329 tom.
2794 5271 2972 5344 LX_V'll
2995 5271 3323 5344 Patrologim.

2198 5339 2225 5380 δ
2265 5339 2513 5398 Petavius
2545 5352 2857 5398 tamentam.
2876 5342 2914 5404 1,
2943 5355 3062 5411 pag.
3086 5339 3450 5411 510,'asserit,
3481 5339 3671 5411 saltum

2133 5411 2267 5483 luna:
2292 5427 2323 5465 a
2357 5412 2607 5483 Dionysio
2640 5413 2707 5468 50
2727 5411 2847 5465 Julii
2873 5408 3152 5474 statutum,
3190 5423 3243 5465 et
3267 5412 3342 5465 sic
3389 5409 3454 5464 ad
3482 5408 3676 5464 Kaleu~

2125 5481 2338 5550 darium
2361 5481 2655 5537 Romanum
2670 5497 2798 5550 esse
2821 5483 3152 5537 translatum.

2132 5561 2230 5674 ⁵οξ
2266 5549 2431 5620 Epist.
2461 5552 2600 5609 beati
2625 5551 2801 5622 Cyrilli
2825 5553 2960 5622 apud
2989 5552 3279 5614 Pctavium,
3306 5557 3432 5606 tom.
3459 5549 3526 5613 ιι,
3550 5563 3669 5618 pag.

2201 5641 2252 5674 Ο.

2201 5641 2252 5675 Ο.
