4254 6200
545 263 642 319 991

1363 262 1424 317 B.
1467 261 1528 314 Ρ.
1566 260 1791 316 Αιωιίι
1831 258 1963 316 seu
2000 253 2273 313 Διευικι
2313 249 2594 308 omum
2633 235 2812 304 PARS
2849 219 2958 301 ιιι.

3673 235 3815 312 ειυς,

542 383 688 438 enim
722 380 941 437 duxeris
967 393 1134 433 xum
1164 376 1442 433 ducenties
1473 365 1659 429 tricies
1697 371 2005 442 quinquies,
2035 369 2109 425 si-
2141 375 2192 430 Α
2324 363 2430 424 DE
2471 361 2724 423 SALTU
2766 356 2999 420 LUN/E
3041 355 3190 416 PER
3234 352 3657 414 MOMENTA.

545 469 656 526 mul
685 468 822 524 ﬁunt
847 468 1012 523 atomi
1033 485 1087 523 ιι
1109 481 1338 530 cccxxx,
1369 464 1463 535 qui
1490 464 1698 518 faciunt
1725 478 1793 516 xx
1815 470 2108 524 momenta,

545 564 648 617 hoc
671 571 776 626 est,
806 561 1081 616 dimidiam
1107 558 1317 613 horam.
1347 555 1494 610 Mitte
1523 555 1682 609 istam
1712 553 1990 608 dimidiam
2015 553 2112 607 ho-

547 665 664 704 ram
711 663 874 720 super
904 665 1037 704 xx1u
1066 656 1121 703 et
1165 647 1481 710 dimidiam,
1532 646 1667 698 ﬁunt
1717 659 1875 698 xxuu
1924 645 2107 706 horai,

546 743 648 797 hoc
691 749 808 803 est,
859 755 996 795 unus
1031 741 1146 794 dies
1183 736 1480 802 naturalis,
1541 736 1632 806 qui
1685 735 1885 790 dicitur
1922 733 2108 790 saltus.

547 831 936 904 [Continentur
985 847 1115 902 ergo
1167 833 1219 884 in
1272 830 1424 902 cyclo
1478 827 1900 883 dccennovenali
1956 827 2110 892 dies,

547 926 652 982 hoc
688 935 791 990 est,
832 926 882 982 ἦ
911 940 1267 987 nccccxxxw,
1297 932 1349 979 et
1373 925 1520 979 horae
1545 923 1701 979 ᾶῖἦ
1728 937 2015 978 εεεειιιιιι
2037 919 2113 992 ⁸.]

863 1061 1022 1133 363
1044 1064 1072 1102 δ
1103 1063 1209 1121 DE
1252 1027 1504 1121 SALTU
1540 1060 1794 1130 LUNJE.

945 1179 1308 1236 PROBLEMA
1347 1177 1704 1245 QUARTUM:
1785 1197 1788 1200 ’

618 1273 676 1328 Si
711 1272 792 1327 vis
813 1271 1110 1341 intelligere
1139 1271 1333 1324 saltum
1367 1269 1504 1323 luna:
1525 1310 1538 1334 ,
1593 1268 1886 1336 multiplica
1913 1282 2115 1322 cuxxxv

545 1370 754 1434 quater,
780 1360 981 1416 faciunt
1009 1375 1238 1414 occccx1.
1267 1368 1558 1424 momenta,
1587 1359 1688 1413 hoc
1723 1367 1826 1422 est,
1859 1374 1993 1411 xxm
2019 1359 2115 1411 ho-

549 1469 637 1509 ras
667 1461 723 1508 et
750 1453 1042 1508 dimidiam.
1070 1450 1216 1505 illam
1245 1451 1522 1504 dimidiam
1553 1452 1763 1512 horam,
1789 1465 1907 1519 qua:
1935 1451 2120 1504 deesse

551 1543 782 1609 videtur,
806 1543 850 1597 si
881 1543 963 1596 vis
984 1541 1299 1610 intelligere,
1329 1540 1669 1613 [multiplica]
1699 1557 1859 1596 vam
1912 1549 2121 1594 atomos

547 1648 644 1704 per
668 1649 872 1688 ccxxxv
889 1647 1115 1696 menses,
1142 1632 1276 1687 ﬁunt
1305 1631 1462 1685 simul
1480 1629 1532 1685 ῐὶ
1556 1647 1784 1694 ccuxx,
1801 1631 1890 1700 qui
1921 1629 2122 1684 faciunt

556 1741 624 1779 xx
659 1733 947 1789 momenta,
978 1726 1079 1778 hoc
1129 1732 1234 1787 est,
1267 1721 1541 1778 dimidiam
1600 1723 1806 1776 horam.
1865 1722 2012 1776 Mitte
2053 1722 2119 1776 ad
2151 1731 2196 1791 Β

546 1815 909 1884 supradictum
938 1830 1220 1868 numerum
1256 1815 1548 1891 horarum,
1581 1813 1717 1869 ﬁunt
1747 1830 1910 1868 xxuu
1943 1814 2109 1868 horae.

551 1905 834 1976 Hucusquc
855 1907 920 1961 de
941 1907 1100 1961 saltu.

715 2021 812 2081 DE
853 2021 1104 2082 SALTU
1149 2021 1379 2082 LUNIE
1432 2023 1580 2082 PER
1626 2022 1950 2082 PARTES.

966 2141 1328 2199 PROBLEMA
1367 2143 1703 2210 QUINTUM.

596 2236 673 2321 ‘Si
696 2237 777 2292 vis
804 2236 960 2301 scire,
992 2236 1261 2306 quomodo
1294 2236 1462 2290 saltus
1507 2252 1606 2305 per
1639 2244 1822 2306 partes
1872 2245 2113 2302 crescat,

545 2328 647 2385 hoc
667 2328 900 2399 primum
930 2329 1222 2398 intelligere
1268 2327 1455 2392 debes,
1481 2328 1624 2396 quod
1652 2343 1720 2381 xv
1741 2336 1925 2397 partes
1949 2343 2114 2382 unam

543 2422 732 2475 horam
753 2417 969 2474 faciunt.
1007 2418 1292 2489 Multiplica
1323 2435 1390 2472 xv
1428 2435 1525 2489 per
1554 2435 1735 2482 xxuu,
1762 2419 1899 2472 ﬁunt
1926 2433 2110 2472 cccu.

545 2510 654 2566 Hos
679 2511 880 2588 partire
903 2521 998 2580 per
1027 2525 1200 2574 xvuu,
1230 2508 1363 2564 ﬁunt
1387 2524 1617 2579 cccxul,
1637 2518 1768 2579 quot
1797 2508 1999 2564 faciunt
2025 2510 2116 2564 de-

547 2608 660 2661 cies
687 2606 854 2660 octies
876 2621 1048 2668 xvuu,
1079 2612 1133 2658 et
1181 2599 1458 2658 remanent
1487 2603 1686 2676 [xvm].
1725 2603 1801 2656 Da
1827 2603 2117 2672 unicuique

470 2749 474 2754 .
547 2713 690 2752 anno
733 2697 918 2752 circuli
951 2695 1394 2751 decennovenalis
1426 2711 1493 2748 xv
1518 2705 1721 2764 partes,
1746 2695 1796 2748 id
1817 2702 1920 2758 est,
1954 2708 2129 2747 unam'

546 2789 759 2849 horam.
781 2798 834 2842 et
859 2796 1136 2842 remanent
1161 2786 1255 2840 tibi
1284 2785 1427 2841 omni
1455 2800 1594 2840 anno
1622 2801 1680 2839 ιιι
1709 2791 1890 2854 partes
1918 2784 1983 2838 de
2013 2783 2116 2837 illis

546 2895 683 2935 xvm
701 2879 960 2949 partibus.
980 2877 1085 2931 llas
1106 2876 1393 2945 multiplica
1411 2889 1508 2944 per
1520 2890 1673 2928 xv—uu
1696 2892 1710 2926 :
1739 2874 1918 2928 decies
1933 2873 2117 2927 novies

544 2971 650 3026 tria
683 2969 816 3023 ﬁunt
841 2985 966 3029 1.v11,
995 2977 1049 3021 et
1078 2974 1358 3021 remanent
1382 2981 1513 3019 xvm
1564 2974 1766 3034 partes.
1800 2964 1909 3019 Has
1952 2963 2117 3034 iunge

547 3062 614 3116 ad
639 3075 770 3125 Lvu,
801 3061 852 3114 iu
883 3057 1038 3113 simul
1063 3057 1194 3111 ﬁunt
1227 3073 1382 3112 1.xxv.
1408 3056 1616 3110 Partire
1644 3071 1741 3126 per
1765 3073 1854 3121 xv,
1883 3055 2007 3126 quia
2048 3070 2116 3109 xv

545 3160 728 3224 partes
753 3165 911 3205 unam
935 3151 1124 3204 horam
1151 3147 1371 3210 faciunt,
1394 3155 1449 3201 et
1479 3146 1717 3201 invenies
1733 3147 1784 3200 in
1812 3161 1947 3200 Lxxv
1964 3145 2122 3214 quin-

547 3238 703 3310 quies
733 3256 818 3304 xv,
843 3240 943 3293 hoc
965 3247 1065 3301 est,
1103 3255 1133 3289 v
1156 3238 1333 3292 horas.
1367 3237 1472 3290 Has
1493 3235 1658 3306 junge
1679 3237 1746 3290 ad
1770 3252 1947 3301 xvuu,
1978 3235 2118 3291 ﬁunt

546 3345 706 3383 xxuu
729 3329 894 3391 horze,
924 3336 979 3381 et
1003 3335 1084 3380 est
1132 3344 1267 3382 unus
1296 3328 1410 3382 dies
1448 3328 1656 3392 integer
1679 3342 1776 3395 per
1821 3342 1974 3380 xvuu
2026 3341 2121 3379 an-

548 3433 668 3482 nos,
697 3418 789 3488 qui
811 3417 1006 3472 dicitur
1033 3417 1222 3470 saltus.
1459 3396 1471 3411 ’
1961 3417 1966 3420 ‘

708 3531 812 3591 DE
853 3530 1106 3590 SALTU
1149 3530 1380 3590 LUN.E
1428 3532 1575 3591 PER
1622 3531 1954 3592 MINUTA.

978 3631 1341 3687 PROBLEHA
1373 3632 1673 3688 SEXTUM.

615 3723 673 3777 Si
696 3724 776 3777 vis
801 3725 958 3789 scire,
980 3739 1076 3794 per
1106 3725 1308 3791 minuta
1348 3725 1616 3794 quomodo
1666 3726 1835 3780 saltus
1863 3732 2074 3780 crescat
2102 3766 2117 3790 ,

546 3815 686 3870 scire
715 3813 896 3876 debes,
919 3814 1060 3881 quod
1085 3831 1112 3867 x
1139 3815 1340 3867 minuta
1367 3816 1555 3869 horam
1584 3814 1808 3871 faciunt.
1826 3816 2117 3886 Multiplica

543 3925 577 3963 x
609 3923 704 3978 per
726 3921 879 3960 xxuu
909 3906 1075 3971 vices,
1108 3905 1238 3958 ﬁunt
1266 3906 1639 3962 ccx1..Partire
1668 3909 2120 3982 per‘xvu11.Duo-

544 4001 725 4056 decies
754 4016 786 4054 x
817 4008 871 4054 et
898 4014 1012 4052 vuu
1042 3997 1159 4070 [seu
1186 3997 1472 4053 duodecies
1503 3999 1891 4071 novemdacim]
1917 3999 2120 4055 faciunt

2597 476 2960 534 PROBLEMA
3000 472 3369 530 SEPTIMUM.

2281 572 2338 628 Si
2358 572 2441 627 vis
2469 572 2609 626 scire
2639 570 2780 624 diem
2809 567 3283 636 saltus,quomod0
3307 581 3404 635 per
3437 580 3590 619 xvuu
3613 579 3788 620 annos

2205 666 2266 721 in
2311 663 2598 718 momentis
2650 669 2960 723 accrescat,
3020 665 3268 727 computa
3313 666 3582 711 momenta
3628 658 3790 712 unius

2211 759 2378 819 horae,
2410 754 2464 809 id
2500 762 2604 818 eSt,
2633 770 2720 806 x1..
2756 752 3045 820 Multiplica
3084 767 3149 804 x1.
3192 766 3288 819 per
3322 765 3508 812 xxuu,
3561 758 3616 802 et
3654 747 3792 802 ﬁunt

2219 862 2465 902 nccccu.
2497 843 2746 917 [Partire]
2773 858 2868 914 per
2898 858 3070 908 xvuu,
3091 852 3144 896 et
3170 842 3408 895 invenies
3441 841 3492 894 in
3521 856 3747 896 accccu
3773 881 3787 903 .

2223 941 2404 998 decies
2451 941 2636 996 novies
2669 957 2720 1005 1.,
2746 947 2800 992 et
2828 946 3106 992 remanent
3153 953 3206 989 x.
3243 936 3387 990 Tene
3409 950 3504 1003 per
3550 933 3793 1004 singulos

2215 1048 2386 1088 annos
2409 1050 2438 1087 1.
2467 1039 2758 1093 momenta,
2786 1034 2839 1084 et
2876 1029 3098 1084 habebis
3122 1043 3279 1080 unam
3311 1025 3497 1080 horam
3520 1034 3574 1079 et
3622 1042 3651 1078 x
3678 1039 3794 1078 mo-

2216 1132 2395 1177 menta
2422 1119 2551 1192 [vel]
2583 1121 2648 1173 da
2676 1120 2962 1188 unicuique
3010 1133 3148 1171 anno
3177 1131 3273 1185 per
3295 1130 3445 1168 xvuu
3476 1128 3645 1168 annos
3680 1128 3746 1168 x1.
3771 1153 3788 1178 ,
3825 1101 3835 1109 ’

2217 1212 2273 1266 id
2300 1219 2402 1276 est,
2435 1225 2592 1263 unam
2625 1211 2809 1264 horam
2829 1249 2844 1274 ,
2898 1218 3175 1262 remanent
3201 1207 3294 1260 tibi
3327 1221 3358 1258 x
3388 1213 3655 1258 momenta
3679 1204 3783 1258 sin-

2219 1302 2358 1373 gulis
2388 1302 2543 1355 annis
2573 1300 2705 1369 cycli
2753 1297 3212 1353 deccnnovenalis.
3243 1295 3351 1350 Hos
3379 1294 3667 1368 multiplica
3689 1307 3787 1364 per

2220 1412 2390 1449 xvuu.
2423 1395 2611 1448 Decies
2630 1393 2873 1446 noviesx
2908 1391 3040 1445 ﬁunt
3065 1405 3182 1444 exc.
3210 1389 3356 1442 Adde
3386 1404 3421 1441 x
3473 1397 3744 1442 momenta
3770 1427 3788 1452 ,

2221 1503 2339 1558 qua:
2366 1487 2460 1540 tibi
2491 1485 2863 1555 superfuerunt
2888 1485 2940 1537 in
2985 1485 3161 1554 priore
3189 1483 3564 1550 supputatione
3589 1519 3605 1545 ,
3650 1479 3790 1534 ﬁunt

2221 1592 2300 1631 cc.
2334 1577 2442 1631 Hos
2469 1577 2671 1646 partire
2692 1590 2788 1644 per
2809 1589 2997 1636 xum,
3054 1572 3257 1627 faciunt
3296 1573 3380 1626 bis
3417 1587 3556 1626 Lxxx
3579 1611 3594 1634 ,
3647 1569 3792 1639 quod

2223 1676 2347 1722 sunt
2376 1684 2454 1721 1111
2483 1668 2647 1721 horae.
2689 1682 2759 1718 xx
2807 1673 3004 1728 et.xx,
3037 1678 3152 1732 qua:
3209 1669 3536 1731 supersunt,
3587 1659 3794 1721 faciunt

2222 1780 2310 1817 x1..
2344 1761 2410 1814 Et
2437 1769 2520 1814 est
2540 1775 2643 1814 una
2669 1759 2833 1822 hora;
2864 1766 2916 1812 et
2942 1758 3038 1811 has
3082 1772 3114 1809 v
3156 1756 3316 1810 horas
3362 1755 3496 1809 adde
3540 1751 3605 1806 ad
3635 1767 3788 1806 xvuu

2217 1856 2393 1916 horas,
2423 1853 2554 1906 ﬁunt
2586 1868 2740 1906 xxuu
2771 1852 2947 1913 horae;
3005 1856 3059 1902 et
3085 1855 3166 1901 est
3193 1847 3308 1901 dies
3335 1847 3560 1914 integer,
3592 1845 3680 1915 qui
3732 1844 3788 1898 in

2217 1961 2372 1999 xvnu
2388 1945 2544 1999 annis
2571 1957 2668 2012 per
2697 1948 2964 1995 momenta
2997 1937 3271 1992 accrescit.

2427 2057 2589 2131 365.
2631 2054 2827 2115 lTEM
2872 2053 2974 2112 DE
3019 2049 3268 2112 SALTU
3310 2048 3564 2110 LUN/E.

2601 2173 2962 2231 racemus
3001 2169 3326 2242 OCTAVUM
3351 2169 3398 2222 ιι.

2288 2271 2345 2326 Si
2368 2271 2448 2325 vis
2468 2268 2626 2334 scire,
2656 2268 2721 2322 ad
2747 2266 3124 2338 proprietatem
3146 2261 3373 2330 lunaris
3394 2259 3563 2313 saltus
3589 2272 3777 2328 perve-

2217 2363 2355 2427 nire,
2384 2369 2443 2430 _ut
2471 2359 2772 2428 intelligas,
2827 2355 3118 2411 secundum
3175 2350 3582 2404 mathematicos
3612 2389 3627 2413 ,
3681 2363 3792 2418 quo

2219 2451 2418 2508 circulo
2445 2449 2696 2522 [F.,,quo
2737 2445 2938 2500 calculo
2967 2443 3045 2497 vel
3097 2437 3368 2511 computo]
3391 2454 3485 2507 per
3511 2455 3540 2491 x
3589 2446 3643 2492 et
3670 2452 3790 2491 vuu

2218 2560 2388 2600 annos
2421 2543 2803 2598 subtrahantur
2845 2553 2981 2591 unus
3007 2537 3119 2591 dies
3169 2548 3358 2588 cursus
3386 2532 3555 2596 lunaz,
3609 2532 3781 2600 magis

2220 2615 2316 2693 tibi
2351 2632 2726 2691 attendendum
2751 2639 2834 2685 est
2863 2632 2926 2684 ad
2957 2629 3076 2684 coeli
3104 2628 3253 2697 signa
3305 2635 3359 2680 et
3389 2636 3568 2696 partes
3611 2623 3793 2692 singu-

2219 2730 2393 2787 lorum
2420 2729 2714 2799 signorum,
2745 2738 2904 2794 quam
2936 2721 3002 2775 ad
3039 2721 3224 2775 horam
3252 2716 3477 2784 alicujus
3502 2716 3607 2771 diei
3633 2756 3648 2780 ,
3688 2716 3791 2769 hoc

2225 2819 2383 2894 modo
2411 2837 2424 2870 :
3641 2866 3644 2869 .

2290 2910 2456 2980 igitur
2483 2904 2598 2962 dies
2620 2919 2724 2968 est,
2742 2905 2882 2974 quod
2919 2905 2996 2958 sol
3024 2901 3234 2956 itineris
3259 2912 3467 2968 per.....
3503 2898 3556 2951 in
3580 2912 3685 2951 uno
3707 2897 3793 2952 die

2223 2996 2406 3073 [Forte
2436 2997 2605 3068 suppl.
2646 2997 2868 3066 peragit.
2903 2994 3090 3047 Partes
3135 2992 3277 3046 enim
3304 2991 3359 3044 in
3397 3003 3503 3044 uno
3529 2989 3636 3052 die,
3667 2986 3791 3058 δια]

2140 3107 2189 3171 c
2225 3089 2280 3145 in
2328 3088 2530 3144 circulo
2579 3087 2798 3141 zodiaco
2828 3085 3076 3152 dicuntur
3115 3083 3167 3136 in
3215 3082 3476 3135 divisione
3531 3079 3792 3140 siderum,

2221 3183 2364 3238 sicut
2392 3197 2490 3236 nos
2516 3180 2744 3235 dicimus
2773 3177 2888 3232 dies
2939 3178 2994 3231 in
3036 3175 3296 3229 divisione
3341 3174 3633 3234 annorum;
3664 3170 3790 3238 quia

2219 3273 2445 3328 diurnus
2493 3285 2588 3340 per
2618 3281 2770 3322 xxuu
2815 3269 3065 3322 horarum
3109 3262 3226 3334 [Ρη
3253 3259 3436 3332 horas]
3464 3273 3656 3315 cursus
3713 3259 3794 3312 lu-

2220 3363 2368 3418 naris
2397 3376 2535 3416 unus
2555 3371 2640 3414 est
2665 3360 2778 3414 dies
2798 3359 2944 3421 anni,
2971 3366 3023 3410 et
3043 3371 3147 3408 una
3171 3363 3252 3407 est
3280 3368 3406 3422 pars
3427 3351 3546 3406 εαξιί
3574 3365 3787 3422 percur-

2220 3440 2389 3508 rentis
2446 3449 2561 3522 ['F.,
2593 3447 2953 3519 percurrenda
3003 3456 3092 3500 aut
3146 3441 3554 3516 percurrendi],
3587 3452 3642 3498 et
3695 3457 3792 3512 per

2121 3590 2124 3594 ,
2218 3559 2370 3598 xvuu
2402 3557 2571 3596 annos
2598 3556 2700 3594 una
2739 3555 2864 3610 pars
2892 3538 3014 3593 talis
3067 3538 3118 3591 in
3141 3606 3144 3612 ι
3167 3537 3793 3605 diminutionemcursus

2220 3633 2516 3704 proveniet.
2551 3632 2616 3685 Et
2643 3631 2687 3685 si
2717 3645 2957 3701 quzerere
2986 3627 3116 3683 velis
3160 3626 3425 3695 quomodo
3454 3624 3536 3679 vel
3560 3622 3793 3692 qualiter

2220 3725 2310 3778 illa
2338 3723 2620 3778 dimi..utio
2659 3723 2817 3775 unius
2844 3719 3014 3790 partis
3043 3734 3137 3788 per
3163 3717 3400 3784 singulas
3444 3713 3638 3768 solaris
3666 3726 3790 3765 cur-

2221 3830 2312 3870 sus
2339 3813 2455 3886 [F.,
2479 3829 2574 3882 per
2600 3812 2838 3880 singulos
2873 3811 3078 3883 splares
3105 3806 3316 3876 cursus]
3362 3807 3416 3859 in
3451 3805 3586 3860 caelo
3614 3813 3796 3874 partes

2219 3905 2403 3970 habet,
2433 3911 2592 3972 atque
2623 3916 2718 3971 per
2766 3909 3022 3977 xetvuu
3075 3913 3244 3952 annos
3297 3896 3376 3951 sol
3404 3897 3457 3950 in
3503 3910 3664 3950 cursu
3693 3911 3793 3950 suo

2220 4011 2449 4051 ccxxvlu
2475 4007 2685 4048 menses
2735 3989 2912 4046 habet.
2946 3990 3130 4044 Divide
3177 3988 3321 4042 illam
3369 4003 3530 4041 unam
3584 3995 3792 4058 partem

2220 4087 2412 4144 solaris
2434 4101 2625 4141 cursus
2651 4101 2748 4155 per
2775 4099 3008 4139 ccxxviu
3038 4097 3246 4162 menses
3264 4123 3279 4148 ,
3325 4089 3389 4136 et
3423 4080 3793 4136 ducentesima

2220 4178 2475 4249 vigesima
2505 4185 2688 4233 octava
2711 4191 2837 4247 pars
2866 4175 3022 4229 unius
3043 4174 3210 4243 partis
3236 4171 3531 4242 peragitur.

2290 4271 2355 4325 Et
2379 4271 2424 4326 si
2445 4270 2576 4326 velis
2597 4270 2662 4324 ad
2692 4269 3015 4338 septimauas
3037 4263 3190 4336 [Ms.,
3208 4269 3544 4331 septemanas
3570 4259 3791 4332 semper]

545 4105 803 4155 ccxxviu,
832 4098 885 4144 et
913 4097 1192 4145 remanent
1214 4105 1312 4144 x11.
1344 4087 1566 4161 [Deinde
1601 4090 1740 4144 scire
1764 4091 1945 4158 debes,
1976 4092 2119 4161 quod
2148 4096 2152 4099 ’

547 4195 716 4261 unum
746 4181 1006 4236 minutum
1035 4196 1117 4235 uu
1144 4179 1282 4250 facit.
1311 4189 1582 4236 momenta
1606 4182 1676 4255 c].
1706 4183 1782 4238 Da
1833 4184 2120 4254 unicuique

545 4282 690 4324 anno
716 4286 749 4322 x
779 4261 1000 4333 minuta,
1033 4270 1084 4325 id
1112 4279 1214 4335 est,
1238 4272 1425 4327 horam
1481 4273 1744 4345 integram
1769 4315 1783 4339 ,
1834 4281 1889 4330 et
1941 4288 2118 4329 rema-

547 4366 678 4416 nent
707 4360 800 4414 tibi
827 4357 1026 4415 minuta
1072 4376 1295 4416 xxxvut.
1325 4362 1418 4417 His
1445 4363 1580 4418 adde
1611 4380 1682 4418 ιιι
1737 4364 1960 4429 minuta,
1995 4379 2114 4433 quae
2219 4363 2533 4433 pervenire,
2607 4368 2856 4428 computa
2903 4357 3229 4424 septimanas
3279 4368 3431 4406 xvuu
3493 4366 3789 4419 annorum;

543 4450 643 4505 tibi
673 4458 1046 4505 remanserunt
1068 4465 1135 4504 ex
1180 4452 1359 4520 priore
1400 4452 1768 4517 calculatione,
1797 4453 1932 4509 ﬁunt
1960 4472 1989 4509 1.
2017 4455 2117 4508 mi-
2146 4459 2196 4519 D
2219 4462 2343 4509 sunt
2369 4455 2512 4508 enim
2538 4513 2543 4518 ε
2569 4467 2638 4506 1.11
2687 4450 2846 4502 unius
2886 4446 3030 4500 anni.
3067 4445 3356 4515 Multiplica
3401 4461 3431 4499 1.
3460 4461 3557 4515 per
3597 4461 3750 4502 xvmi
3774 4486 3794 4513 ,

547 4549 696 4596 nuta.
729 4537 937 4594 Partire
960 4553 1056 4608 per
1077 4555 1109 4592 x
1135 4579 1151 4604 ,
1195 4541 1320 4609 quia
1349 4556 1383 4594 x
1416 4543 1620 4598 minuta
1649 4545 1835 4598 horam
1874 4545 2112 4610 faciunt,
2218 4546 2351 4600 ﬁunt
2373 4529 2588 4605 pecces,
2618 4547 2898 4610 remanent
2947 4537 3042 4592 tibi
3067 4537 3183 4592 duze
3240 4539 3586 4594 hebdomadas
3610 4580 3624 4603 ,
3671 4553 3794 4609 qua

546 4629 601 4687 et
631 4650 660 4688 1.
687 4632 890 4688 minuta
918 4647 951 4684 v
979 4631 1159 4686 horas.
1201 4628 1325 4685 Hae
1346 4630 1482 4685 adde
1520 4632 1588 4685 ad
1625 4648 1774 4698 xvm,
1806 4641 1861 4687 et
1892 4635 2114 4689 habebis
2217 4634 2440 4705 singulis
2464 4631 2618 4686 annis
2643 4638 2927 4700 supersunt
2945 4643 3012 4685 ex
3049 4647 3098 4685 1..
3128 4629 3415 4701 Multipliea
3437 4631 3536 4685 bas
3562 4643 3659 4699 per
3681 4644 3716 4682 x
3736 4638 3793 4684 et

546 4739 700 4777 xxuu
722 4723 903 4788 horas,
942 4722 1044 4778 hoc
1065 4729 1166 4786 est,
1189 4737 1352 4776 unum
1385 4719 1523 4776 diem
1573 4720 1894 4786 naturalem,
1920 4721 2012 4792 qui
2035 4722 2115 4776 di-

546 4812 687 4866 citur
705 4811 888 4868 saltus.

619 4978 643 5005 ι
685 4965 809 5050 Haec
828 4966 1202 5050 ultima.v_erha
1223 4969 1433 5050 u-neinis
1454 4969 1908 5050 conclusaassuta
1923 4970 2110 5050 viden-

548 5046 668 5124 tur,
694 5038 862 5124 quia
887 5038 1045 5124 quod
1068 5038 1156 5124 hic
1187 5039 1420 5124 infertur
1442 5056 1508 5124 ex
1538 5042 1836 5110 pramissis
1889 5042 2110 5106 minime

548 5113 916 5178 consequitur,
944 5116 1002 5160 ut
1030 5113 1258 5163 tentanti
1277 5113 1506 5178 patebit.

587 5179 645 5261 _b
684 5179 817 5232 Ven.
835 5176 987 5261 .Beda
1015 5177 1166 5231 docet
1192 5195 1257 5261 τ’(
1293 5178 1443 5246 Quod
1464 5181 1598 5238 hora
1625 5183 1850 5261 recipiat
1877 5198 2112 5261 Impun-

548 5258 741 5322 ctos,7x
779 5254 1004 5310 minuta,
1030 5261 1096 5322 xv
1121 5255 1322 5315 partes,
1345 5267 1409 5322 x1.
1440 5263 1707 5308 momenta
1734 5261 1793 5307 et
1813 5254 1866 5308 in
1894 5255 2113 5322 quibus-

549 5321 669 5375 dam
693 5321 829 5374 lume
859 5317 1120 5388 computis
1147 5333 1178 5368 v
1206 5319 1449 5387 punctOs.
1488 5340 1504 5371 ι
1543 5322 1599 5376 in
1627 5324 1771 5377 hisce
1799 5317 1927 5388 ergo
1980 5324 2112 5378 divi-

548 5389 787 5444 sionibus
821 5387 1076 5459 temporis
1101 5387 1356 5442 Alcuinus
1401 5399 1582 5444 noster
1609 5408 1827 5448 cursum
1863 5387 2013 5450 luna:
2047 5395 2112 5448 ad

548 5461 985 5540 prfeparationem
1035 5460 1201 5540 saltus
1260 5461 1636 5540 presequitun,
1691 5465 2111 5540 prout-50mm];

549 5529 821 5600 illiusAaevi
852 5538 906 5584 et
933 5530 1066 5585 forte
1094 5530 1348 5600 patientia
1396 5529 1777 5599 discipulorum
1831 5532 1944 5600 ejus
1976 5534 2114 5588 fcre-

551 5600 658 5670 hat.
689 5598 930 5654 Calculos
977 5598 1136 5663 enim,
1187 5601 1274 5670 qui
1324 5617 1463 5656 nunc
1518 5598 1816 5670 sequuntur
1859 5598 1922 5656 de
1977 5605 2114 5658 saltu

550 5668 685 5722 luna-
717 5683 808 5736 per
839 5679 1144 5741 partes,pcr
1167 5668 1365 5726 minuta
1385 5680 1436 5727 ct
1457 5668 1724 5726 momenta
1751 5679 1846 5725 cta
1866 5670 2116 5726 facilitate

2214 4741 2332 4780 vuu
2365 4737 2533 4776 annos
2561 4721 2693 4775 ﬁunt
2740 4722 3084 4778 hebdomadas
3129 4737 3356 4776 xxxvm.
3402 4718 3510 4774 Has
3563 4719 3700 4774 adde
3722 4723 3793 4776 ad

2216 4829 2429 4878 νείκει,
2461 4813 2595 4867 ﬁunt
2622 4828 3042 4878 DCCCCLXXXVIII,
3083 4820 3137 4866 et
3173 4811 3348 4866 adhuc
3376 4819 3652 4865 remanent
3677 4827 3708 4865 x
3735 4819 3794 4869 et

2213 4979 2267 5024 ct
2291 4985 2320 5024 a
2349 4969 2612 5025 brevitate
2648 4970 2791 5026 illius
2836 4969 2933 5023 aevi
2969 4965 3276 5021 hominibus
3303 4967 3669 5032 commendari
3695 4984 3792 5026 ne-

2213 5055 2361 5096 cesse
2389 5050 2524 5096 erat.
2554 5041 2691 5095 llinc
2714 5041 2877 5095 etiam
2898 5037 3219 5108 colligimus,
3247 5039 3345 5092 cur
3365 5047 3574 5108 veteres
3599 5040 3791 5095 horam

2215 5111 2269 5164 in
2298 5120 2498 5181 partes,
2525 5113 2750 5174 minuta,
2775 5107 3042 5181 momenta
3070 5114 3126 5161 et
3165 5115 3372 5163 atomos
3393 5107 3622 5181 divisam
3664 5125 3792 5181 esse

2214 5177 2500 5248 voluerint,
2524 5195 2715 5249 nempe
2749 5188 2808 5232 ut
2828 5177 3001 5251 omnis
3021 5191 3206 5251 eorum
3229 5181 3547 5251 praesertim
3578 5180 3644 5236 de
3661 5179 3788 5248 luna

2215 5246 2495 5306 calculatio
2520 5246 2721 5319 absque
2741 5247 2884 5304 omni
2911 5256 3058 5319 esset
3087 5246 3407 5305 fractionum
3439 5251 3675 5306 residuo.
3707 5260 3712 5265 ‘
3777 5246 3779 5248 ’

2289 5334 2310 5402 _°
2358 5323 2528 5377 Verba
2552 5318 2762 5402 uncinis
2775 5318 3023 5402 conclusa
3036 5319 3285 5374 videntur
3308 5319 3657 5402 interpolata;
3681 5336 3789 5402 non

2215 5392 2357 5453 enim
2389 5407 2565 5447 sermo
2601 5389 2768 5445 estde
2797 5388 2931 5443 saltu
2984 5404 3080 5459 per
3127 5398 3396 5445 momenta
3446 5388 3799 5449 inveniendo.

2219 5461 2323 5517 Sed
2351 5478 2522 5531 neque
2551 5462 2615 5516 ad
2645 5474 2873 5528 sequens
2920 5460 3188 5528 problema
3219 5459 3487 5530 pertinet;
3520 5461 3594 5515 ibi
3641 5461 3786 5515 enim

2219 5533 2346 5586 hora
2376 5533 2595 5600 aequalis
2626 5531 2876 5584 statuitur
2904 5546 2968 5583 XL
3003 5531 3303 5584 momentis.

2286 5603 2309 5640 ἀ
2353 5597 2902 5672 Calculusprmsentis
2931 5600 3272 5667 problematis
3321 5599 3590 5671 prioribus
3617 5597 3791 5672 subti-

2219 5673 2318 5727 lior
2339 5681 2392 5726 et
2417 5669 2661 5727 fortassis
2691 5671 2853 5726 etiam
2883 5672 3162 5728 obscurior
3175 5681 3276 5739 est,-
3299 5669 3459 5741 atque
3478 5673 3544 5727 ab
3564 5669 3783 5724 ordina-
