4254 6212
505 291 612 345 993

1152 264 1155 267 ’
1201 279 1661 339 DIDASCALICA.
1700 307 1771 319 --
1806 275 1895 331 ns
1930 269 2159 330 cunsu
2199 269 2284 325 ετ
2325 267 2548 324 SALTU
2588 266 2822 333 tum,
2859 266 3010 323 src.
3079 228 3082 232 λ

3614 269 3718 324 9θό

506 418 621 457 vuu
652 400 792 462 dies,
821 398 913 469 qui
944 396 1141 452 faciunt
1164 392 1521 461 hebdomadas
1539 390 1691 457 duas,
1706 397 1760 444 et
1777 390 2055 443 remanent
2082 384 2128 441 A
2157 378 2317 434 hodie
2341 386 2397 434 et
2416 387 2569 433 sexto
2594 352 2858 433 Kalendas
2880 391 3018 433 cras.
3049 374 3143 430 Vel
3169 385 3452 469 propterea
3499 376 3718 469 dicunt.

506 493 741 563 quinque
768 489 898 545 dies.
928 488 1077 543 Adde
1101 485 1199 541 has
1226 482 1708 552 duas’septimanas
1730 479 1799 533 ad
1824 476 2055 547 priorem

506 589 813 654 computum
839 593 888 647 ι,
908 578 1042 633 ﬁunt
1082 576 1389 646 septimana:
1410 586 1677 635 nccccxcr,
1692 579 1760 643 et
1783 570 2060 622 remanent

507 653 759 729 duordies
778 678 835 726 et
875 671 1021 725 hora:
1051 683 1207 725 xvut.
1242 657 1376 722 'Una
1418 661 1750 719 hebdomada
1800 653 2060 713 accrescit

508 762 562 817 iu
600 760 1001 817 diminutionem
1039 756 1226 821 saltus,
1269 752 1668 825 nongentesima
1715 746 2059 817 nonagesima

509 851 681 921 prima
722 864 849 919 pars
885 846 1043 903 unius
1088 846 1255 916 partis
1289 844 1478 900 solaris
1500 854 1713 905 cursus,
1740 839 1959 908 insuper
2006 842 2061 890 et

510 940 650 996 trien
670 934 1090 1011 nongentesimz'
1116 934 1470 1006 nonagesimze
1495 931 1683 1003 primae
1706 927 1879 999 par-tis
1909 940 2057 996 pars.

579 1028 636 1084 Si
669 1043 797 1083 vero
819 1028 887 1082 ad
911 1027 1025 1082 dies
1048 1024 1181 1080 velis
1203 1023 1502 1096 pervenire,
1539 1028 1594 1077 et
1628 1019 1766 1074 scire
1791 1017 2062 1072 desideras

510 1128 709 1193 quanta
734 1120 806 1175 sit
855 1134 953 1190 per
979 1117 1216 1188 singulos
1242 1116 1356 1171 dies
1382 1113 1540 1200 unius
1589 1107 1953 1167 diminutionis
1977 1120 2062 1200 r1—

511 1210 588 1267 tio
616 1252 631 1274 ,
702 1218 949 1280 computa
1013 1209 1127 1264 dies
1180 1222 1330 1281 xvuu
1352 1194 1610 1259 annorum
1636 1242 1653 1268 ,
1708 1200 1798 1269 qui
1854 1206 1978 1254 sunt
2006 1194 2061 1251 Vi

513 1315 876 1364 nccccxxxvu,
891 1308 946 1354 et
973 1298 1133 1368 hujus
1158 1294 1365 1351 numeri
1388 1294 1592 1350 dierum
1622 1288 2066 1346 decennovenaiis

513 1391 649 1461 cycli
695 1405 822 1461 pars
864 1387 1088 1460 singulis
1130 1386 1317 1442 diebus
1358 1384 1427 1439 ad
1470 1382 1872 1439 diminutionem
1923 1380 2066 1436 illius

515 1481 672 1537 unius
699 1482 867 1552 partis
900 1478 1225 1554 [accrescit].

576 1572 645 1628 Et
670 1573 713 1628 si
739 1573 807 1628 ad
829 1571 1287 1628 constellationem
1337 1565 1834 1625 mathematicorum
1876 1578 2066 1625 nerve-

513 1663 637 1733 nire
656 1664 778 1733 quis
808 1672 978 1728 curet,
1001 1670 1272 1734 computet
1290 1662 1452 1717 horas
1480 1676 1515 1714 x
1540 1666 1597 1716 et
1621 1675 1738 1714 viui
1762 1666 2023 1712 annorum
2047 1695 2063 1720 ,

2157 469 2209 523 id
2240 477 2324 524 est
2356 469 2440 525 his
2478 478 2661 524 sextas
2698 468 2920 534 sexies;
2950 476 3130 524 sextae
3166 477 3343 523 autem
3388 468 3523 523 duas
3559 468 3726 525 horas

2157 555 2441 626 signiﬁcat.
2463 555 2591 610 Duze
2608 570 2738 626 ergo
2765 556 2912 610 hora:
2934 555 3037 620 his,
3065 562 3295 625 quatuor
3310 562 3466 635 sunt;
3491 554 3617 612 item
3638 569 3722 611 ιιιι

2157 647 2332 702 sexies
2373 646 2516 702 ducti
2543 662 2698 702 xxuu
2742 648 2886 702 hora:
2914 653 3057 711 sunt,
3080 654 3359 717 propterea
3396 646 3595 702 dicitur
3615 646 3748 720 bit.

2158 744 2363 802 sextus,
2407 737 2531 805 quia
2584 738 2667 792 his
2717 744 2895 793 srxtas
2942 737 3164 803 sexies;
3200 722 3333 791 nam
3378 745 3556 793 sextas
3602 737 3725 794 ideo

2159 824 2373 889 dicitur,
2399 827 2488 895 qui
2513 823 2627 897 [F.;
2658 824 2807 898 quia]
2844 836 2992 881 sexta
3034 842 3159 896 pars
3198 826 3337 882 assis
3358 834 3460 893 est,
3490 828 3593 883 hoc
3615 834 3724 892 est,

2160 913 2276 969 dua:
2296 914 2486 979 uncias,
2512 914 2559 969 si
2586 913 2645 969 in
2675 914 3001 985 ponderibus
3024 916 3461 986 interpretantur,
3483 916 3726 986 aut,duas
3760 930 3765 933 ‘

2161 1003 2323 1060 horas
2348 1002 2630 1074 signiﬁcat.

2231 1094 2369 1162 Quid
2387 1111 2515 1166 ergo
2533 1094 2693 1151 eﬁicit
2710 1097 3043 1152 bissextum?
3066 1097 3170 1153 hoc
3189 1106 3271 1154 est
3290 1099 3513 1155 tarditas
3532 1115 3725 1157 cursus

2163 1186 2319 1249 solis;
2349 1187 2472 1243 inde
2496 1186 2873 1257 Augustinustl
2901 1188 3067 1243 dicit:
3117 1206 3137 1239 ι
3166 1188 3420 1245 Breviore
3459 1198 3638 1246 autem
3668 1200 3724 1247 et

2160 1276 2366 1345 vulgari
2402 1277 2627 1341 ratione,
2666 1276 2957 1332 bissextum
3000 1278 3290 1333 retarilatio
3320 1286 3541 1349 generat
3574 1278 3738 1345 solis,

2165 1380 2269 1419 non
2290 1365 2357 1418 ad
2381 1368 2624 1422 eamdem
2643 1365 2839 1422 lineam
2861 1367 2981 1423 οωιὶ
2996 1382 3093 1437 per
3110 1382 3305 1424 cccuv
3325 1368 3441 1423 dies
3456 1366 3611 1437 plene
3637 1382 3725 1423 re-

2165 1456 2396 1519 deuntis,
2438 1471 2468 1510 a
2493 1471 2600 1525 qua
2638 1458 2871 1514 recurrit
2895 1475 2910 1523 ;
2934 1458 3083 1514 verbi
3110 1458 3279 1529 gratia
3305 1459 3359 1514 in
3404 1459 3724 1529 aequinoctio

2164 1543 2384 1611 vernali,
2409 1546 2576 1624 ‘quod
2605 1543 2760 1613 juxta
2811 1542 3090 1619 Egyptios
3132 1565 3188 1603 xl
3236 1546 3423 1620 [Beda,
3455 1548 3553 1620 xu]
3609 1549 3726 1603 Kal.

2166 1633 2360 1719 Aprilis
2389 1634 2475 1689 die
2499 1636 2743 1705 pervenit
2772 1634 2958 1708 [Beda,
2989 1638 3257 1710 provenit]
3305 1638 3471 1719 solem
3504 1643 3731 1710 surgen—

2097 1707 2141 1766 Β
2168 1707 2275 1780 tem
2303 1740 2334 1780 a
2357 1727 2544 1782 medio
2560 1707 2806 1795 orientis,
2828 1729 2871 1783 si
2899 1727 3178 1798 diligenter
3198 1707 3558 1795 adnotaveris,
3584 1707 3729 1787 hunc

512 1852 717 1915 partem
741 1846 928 1902 solaris
952 1860 1140 1901 cursus
1167 1845 1219 1898 in
1240 1859 1347 1898 uno
1368 1843 1474 1908 die,
1500 1850 1555 1897 et
1570 1841 1639 1896 ibi
1667 1840 1772 1896 erit
1793 1847 1919 1895 tunc
1938 1855 2068 1896 con-

512 1935 744 1990 stellatio
767 1934 1142 1989 mathematica
1173 1932 1324 1997 i‘alsa‘,
1355 1931 1614 2002 siquidem
1643 1930 1848 1985 ratione
1876 1922 2065 1985 inven-

513 2035 589 2091 ta,
612 2028 705 2082 sed
732 2026 967 2096 diligenti
1013 2024 1353 2094 inquisitione
1393 2030 1743 2094 perscrutata.
1762 2021 1830 2076 Et
1850 2029 2054 2086 tamen,

513 2126 573 2173 ut
591 2117 721 2181 dixi,
754 2116 841 2170 illa
870 2116 1150 2172 diminutio
1198 2116 1338 2171 illius
1375 2115 1532 2170 unius
1571 2116 1737 2185 partis
1764 2114 1817 2168 in
1845 2104 2068 2199 numero

513 2209 765 2264 horarum
789 2208 1074 2272 invenitur,
1101 2207 1171 2262 in
1200 2222 1305 2277 quo
1332 2207 1478 2262 hora:
1517 2212 1641 2260 sunt
1688 2200 1786 2276 per
1812 2221 1843 2260 x
1869 2212 1926 2259 et
1948 2220 2065 2259 vuu

514 2313 701 2359 annos.
734 2297 763 2337 δ
793 2294 923 2350 Nam
958 2311 1107 2350 xvuu
1156 2296 1279 2350 anni
1320 2296 1518 2350 habent
1560 2295 1723 2351 horas
1765 2293 1964 2352 m
2012 2300 2069 2349 et

513 2390 832 2461 quadragies
855 2380 1221 2459 quinquagies.
1253 2387 1453 2455 Quarta
1476 2402 1602 2457 pars
1630 2402 1841 2444 eccum
1862 2389 2068 2447 centies

513 2481 757 2552 sexagies
782 2480 966 2535 octies.
998 2478 1273 2533 Millesima
1317 2492 1442 2547 pars
1467 2478 1624 2532 unius
1666 2478 1835 2546 partis
1878 2478 2068 2535 solaris

512 2583 705 2626 cursus
750 2570 803 2623 in
840 2585 945 2624 una
974 2568 1271 2641 detrahitur
1298 2567 1385 2622 illa
1421 2568 1577 2623 unius
1622 2567 1812 2622 sol-aris
1865 2569 2066 2639 partis,

515 2666 571 2714 et
619 2675 808 2715 cursus
835 2676 931 2730 per
964 2661 1103 2715 diem
1158 2660 1211 2713 in
1253 2659 1471 2714 zodiaco
1514 2657 1737 2720 circulo,
1753 2657 1892 2711 sicut
1926 2670 2068 2726 saepe

516 2750 768 2815 diximus,
798 2749 866 2803 ad
892 2749 1293 2804 diminutionem
1332 2748 1489 2802 unius
1522 2747 1624 2801 diei
1654 2746 1774 2814 plus
1794 2759 1895 2823 per
1916 2759 2066 2799 xvuu

517 2836 651 2892 solet
672 2835 939 2890 transilire
966 2834 1018 2890 in
1047 2834 1184 2889 luna:
1217 2849 1396 2898 cursu,
1424 2844 1581 2902 quem
1620 2834 1759 2888 diem
1786 2829 2070 2888 calculato—

520 2939 607 2980 res
634 2925 827 2981 saltum
853 2926 1129 2981 nominare
1155 2923 1450 2978 voluerunt.

2166 1822 2308 1872 anno
2342 1818 2608 1887 sequenti,
2657 1819 2743 1874 die
2788 1820 3037 1877 videlicet
3081 1822 3288 1885 eodem,
3335 1821 3725 1892 aliquantulum

2165 1904 2390 1962 inferius
2436 1908 2567 1963 oriri
2618 1909 2873 1977 reperies,
2924 1911 3026 1965 nisi
3074 1911 3427 1981 quadrantem
3480 1912 3723 1981 adjicias.

2162 2008 2220 2050 ιι
2252 1993 2457 2067 [SuppL
2490 1995 2632 2069 Καὶ]
2660 1996 2857 2067 Aprilis
2876 1998 3250 2067 aequinoctium
3279 1996 3539 2052 facturus.
3567 1998 3729 2054 Eam-

2164 2089 2287 2145 dem
2315 2089 2619 2145 tarditatem
2645 2091 2699 2145 in
2725 2091 2935 2146 caeteris
2958 2105 3169 2161 quoque
3201 2090 3354 2146 annis
3377 2099 3576 2145 servat.
3610 2110 3629 2142 ι

2236 2178 2387 2253 Unde
2404 2187 2534 2249 ergo
2551 2179 2821 2235 bissextus
2839 2178 3099 2235 efﬁcitur?
3118 2180 3233 2234 sine
3246 2179 3404 2234 dubio
3424 2193 3487 2234 ex
3500 2187 3731 2250 quatuor
3809 2210 3815 2215 ο

2165 2269 2574 2337 quadrantibus,
2589 2263 2730 2324 sicut
2748 2269 2943 2340 legitur
2966 2281 3021 2323 °:
3044 2269 3318 2324 Bissextus
3330 2284 3396 2325 ex
3416 2271 3733 2339 quadrantis

2165 2358 2373 2429 ratione
2399 2373 2498 2429 per
2522 2360 2933 2430 quadriennium
2970 2360 3268 2427 conﬁcitur,
3299 2363 3425 2417 dum
3470 2362 3547 2418 sol
3580 2364 3646 2418 ad
3676 2362 3727 2418 id
3760 2376 3775 2388 '

2169 2447 2403 2517 signum,
2454 2463 2523 2504 ex
2551 2463 2657 2519 quo
2701 2464 2951 2521 egressus
2990 2458 3093 2515 est,
3129 2457 3253 2520 post
3294 2465 3495 2505 cccuv
3522 2450 3637 2506 dies
3677 2457 3733 2505 et

2167 2547 2359 2607 quarta
2382 2547 2534 2607 parte
2566 2540 2674 2596 diei
2702 2554 2826 2597 sero
2854 2540 3062 2610 adjecta
3093 2542 3397 2598 revertitur.

2237 2647 2341 2703 Iste
2388 2663 2517 2720 ergo
2563 2648 2860 2706 bissextilis
2906 2652 3022 2707 dies
3062 2660 3191 2722 quot
3229 2653 3391 2708 horas
3430 2653 3634 2708 habet?
3677 2661 3732 2707 et

2134 2812 2137 2813 ν
2167 2747 2345 2792 utrum
2373 2738 2426 2791 in
2453 2738 2540 2792 die
2560 2745 2768 2793 tantum
2789 2748 2893 2805 est,
2919 2756 2986 2795 an
3013 2742 3066 2796 in
3108 2744 3299 2799 nocte?
3326 2759 3392 2797 an
3418 2744 3580 2799 etiam
3606 2759 3733 2799 con-

2168 2826 2303 2881 tinet
2318 2827 2465 2881 diem
2489 2835 2544 2881 et
2579 2830 2837 2884 noctem?
2864 2838 2918 2887 et
2958 2830 3061 2887 illze
3088 2833 3374 2902 quadrans,
3414 2847 3475 2887 ex
3504 2849 3611 2905 quo
3639 2850 3733 2889 na-

2171 2918 2340 2972 scitur
2368 2919 2467 2973 iste
2488 2919 2780 2976 bissextilis
2807 2921 2941 2987 dies,
2964 2931 3145 2978 utrum
3171 2918 3462 2979 artiﬁcialis
3483 2940 3548 2978 an
3573 2934 3731 2979 natu-

587 3012 743 3103 EAJtne
782 3015 938 3069 alicui
956 3013 1159 3103 i‘aisum
1184 3013 1351 3067 videri
1384 3012 1588 3076 debeat,
1619 3013 1776 3103 quod
1810 3012 1864 3067 in
1891 3019 2071 3103 tantas
2096 3042 2142 3103 ο
2172 3006 2343 3103 ralis?
2497 3018 2711 3078 putant,
2739 3012 2880 3080 quod
2922 3012 3025 3067 iste
3058 3014 3171 3069 dies
3205 3013 3492 3069 bissextilis
3520 3031 3593 3069 xu
3640 3016 3734 3069 ho-

520 3098 808 3173 divisiones
832 3102 1018 3170 partiri
1046 3095 1213 3170 possit
1262 3115 1366 3154 una
1409 3116 1533 3168 pars
1579 3102 1823 3165 zodiaci,
1874 3101 2074 3170 cogitet

523 3190 938 3262 magnitudinem
967 3190 1112 3253 solis,
1144 3197 1203 3243 ut
1226 3188 1421 3254 ferunt,
1446 3191 1567 3258 quia
1595 3190 1764 3260 major
1785 3197 1869 3245 est
1893 3197 2068 3254 terra;

520 3296 585 3334 ex
617 3279 976 3349 magnitudine
1014 3280 1157 3335 enim
1198 3279 1349 3349 solis,
1365 3278 1722 3347 conjecturam
1764 3278 1924 3333 faciat
1952 3278 2074 3332 lati-

523 3344 762 3428 tudinuin
788 3370 1200 3439 uniuscujusque
1220 3344 1388 3439 patriis
1408 3344 1505 3439 per
1538 3370 1714 3424 sidera
1741 3369 1944 3437 singula
1967 3409 1981 3434 ,
2021 3375 2077 3423 et

527 3461 580 3515 in
606 3472 665 3515 se
695 3474 941 3515 reversus
990 3460 1161 3530 magis
1204 3459 1425 3524 miretur
1448 3474 1581 3528 opus
1630 3459 1747 3523 Dei,
1772 3463 1937 3531 quam'
1976 3473 2074 3514 suo

527 3550 786 3606 innitatur
806 3564 986 3606 sensu.
1255 3532 1266 3555 ’

582 3698 741 3772 365
797 3713 1187 3801 INCIPIT
1241 3675 1369 3792 DE
1424 3671 1908 3793 sISSEXTo
1961 3716 2013 3791 ο.

594 3891 672 3947 De
720 3892 960 3949 bissexto
1006 3891 1236 3962 primum
1288 3892 1441 3949 nobis
1489 3893 1921 3963 interrogandum
1969 3902 2072 3961 est,

524 3998 691 4056 quare
715 3984 910 4040 dicitur
925 3984 1221 4040 bissextus?
1257 3990 1349 4037 aut
1387 3984 1516 4054 quid
1548 3982 1711 4039 efﬁcit
1737 3985 2074 4041 Bissextum?

524 4083 619 4131 aut
635 4076 701 4130 de
721 4075 862 4145 quali
884 4076 1105 4130 materia
1120 4072 1381 4130 edicitur?
1398 4084 1450 4129 et
1464 4069 1601 4131 unde
1623 4078 1853 4147 primum
1877 4081 2073 4150 coepit?

522 4172 855 4235 etquantum
896 4164 963 4219 de
1002 4163 1092 4218 ilio
1115 4164 1310 4219 crescit
1355 4165 1409 4218 in
1455 4180 1769 4236 unoquoque
1812 4184 1971 4235 anno,
2020 4180 2077 4225 et

522 4254 853 4326 quantum‘in
878 4267 1194 4324 unoquoque
1221 4252 1331 4319 die,
1349 4260 1403 4308 et
1432 4254 1487 4313 in,
1506 4258 1829 4326 unoquoque
1855 4260 2072 4314 mense?

524 4351 577 4400 et
606 4344 657 4398 in
686 4359 793 4415 quo
815 4343 932 4399 loco
951 4351 1006 4399 et
1031 4344 1085 4397 in
1111 4357 1215 4413 qua
1241 4344 1326 4398 die
1344 4344 1587 4398 datarum
1602 4335 1824 4414 ponitur.
1840 4345 1942 4402 iste
1965 4349 2075 4403 bis-

526 4433 739 4489 Sextus?
761 4441 817 4510 et
832 4426 952 4502 quis
972 4433 1173 4501 primus
1186 4432 1384 4489 invenit
1402 4434 1687 4488 bissextum
1704 4433 1730 4487 ?

594 4521 863 4576 Bissextus
881 4512 1009 4590 ergo
1039 4531 1316 4591 propterea
1340 4522 1535 4579 dicitur
1550 4532 1766 4595 propter
1788 4526 1871 4581 bis
1896 4514 2075 4582 sextus

528 4611 791 4666 Kalendas
810 4610 1136 4676 nominatas;
1167 4611 1245 4667 sic
1264 4612 1407 4667 enim
1430 4613 1629 4669 dicitur
1647 4625 1798 4672 sexto
1815 4615 2075 4673 Kalendas

529 4741 769 4813 riogstylo
785 4740 991 4796 Alcuini
1019 4740 1255 4797 nonnihil
1294 4744 1511 4798 recedit.
1536 4745 1801 4805 Fortassis
1853 4750 2076 4806 alterius

528 4811 806 4881 scriptoris
832 4822 934 4881 est,
960 4826 1114 4881 quem
1153 4821 1324 4866 tamen
1360 4827 1491 4867 cum
1543 4815 1662 4870 aliis
1714 4820 1779 4871 ad
1827 4818 2073 4875 Carolum

529 4880 745 4966 mittiue
759 4880 1068 4966 voluitillic
1090 4882 1460 4966 veroscriptor
1486 4883 1579 4947 ait,
1595 4888 1943 4966 quantitatem
1970 4891 2072 4945 diei

528 4949 689 5023 unius
714 4964 819 5023 non
846 4950 1004 5023 modo
1031 4949 1359 5023 inipartibus
1402 4949 1687 5023 temporis,
1733 4958 1826 5010 sed
1872 4959 2033 5013 etiam
2059 5000 2073 5023 ,

530 5017 639 5071 into
660 5017 845 5095 magis,
872 5018 927 5071 in
948 5017 1187 5095 partibus
1212 5022 1424 5095 zodiaci
1453 5017 1821 5095 efecdiptiae
1849 5017 2077 5095 (utrum;

531 5100 634 5163 -_|u_e
657 5087 805 5163 enim
840 5087 1177 5163 confundere
1205 5089 1432 5163 videtur)
1470 5087 1692 5163 exprimi
1736 5087 1910 5163 posse.
1942 5096 2076 5153 Cum

533 5155 975 5235 igitursaltussit
997 5163 1100 5211 una
1128 5158 1240 5213 dies
1267 5159 1320 5213 in
1355 5155 1597 5235 aetatibus
1636 5155 1772 5217 luna:
1793 5179 2077 5219 numeran-

534 5225 616 5278 dis
641 5225 951 5289 omittenda,
980 5238 1097 5279 eam
1136 5240 1230 5293 per
1260 5238 1440 5349 ganea
1466 5233 1751 5301 ecclipticaa
1778 5236 2077 5303 exprimere

534 5305 758 5348 conatur
777 5294 875 5348 hac
899 5300 1028 5349 usus
1072 5294 1257 5349 analoa
1339 5315 1353 5349 :
1393 5300 1494 5349 Per
1544 5302 1803 5349 integrum
1835 5305 1945 5349 ίηιιί
1997 5316 2077 5349 ρει

531 5305 758 5384 tto-natur
777 5294 875 5384 hac
891 5300 1028 5384 usus
1068 5294 1312 5384 analogia
1339 5315 1361 5373 :_
1393 5300 1494 5354 Per
1543 5294 1804 5373 integrum
1997 5316 2079 5384 est

1300 5244 1327 5283 ὃ

536 5372 648 5419 toto
693 5364 843 5433 cyclo
885 5364 1315 5432 deéennoveuaii)
1358 5370 1637 5423 numerum
1655 5364 1947 5427 "mensium
1995 5377 2077 5431 vel

535 5433 966 5506 septimanarum,
994 5434 1070 5506 vel
1109 5434 1333 5497 dierum,
1354 5436 1465 5506 imo
1484 5442 1641 5493 etiam
1682 5440 1931 5495 horarum
1958 5482 1972 5506 ,
2011 5446 2077 5499 ad

533 5502 967 5578 praeparationem
996 5504 1161 5578 saltus
1187 5504 1455 5578 peragitur
1476 5510 1723 5575 spatium,
1752 5510 1903 5578 quale
1932 5502 2076 5567 motu

534 5571 750 5645 proprio
770 5570 846 5624 sel
865 5573 1067 5645 unadie
1081 5570 1360 5645 describit;
1395 5570 1521 5645 ergo
1550 5593 1653 5632 uno
1667 5570 1847 5633 mense
1864 5580 1946 5634 vel
1973 5597 2076 5636 una

534 5637 930 5705 scptimana,vel
956 5640 1063 5706 die,
1081 5639 1186 5695 ‘mo
1214 5642 1373 5697 etiam
1398 5637 1525 5698 ho'ra
1552 5657 1708 5717 quota
1738 5649 1893 5719 hujus
1921 5652 2074 5719 spatii

2174 3112 2265 3152 ras
2298 3098 2587 3165 habuisset,
2611 3108 2666 3154 at
2689 3103 2867 3156 ceteri
2894 3102 3009 3158 dies
3035 3104 3330 3159 artiﬁcialis
3350 3104 3452 3177 ‘[F.
3480 3105 3579 3177 leg'.
3607 3114 3729 3161 ut...

2172 3185 2525 3259 artiﬁciales],
2559 3189 2681 3244 inde
2704 3190 2899 3261 legitur
2926 3190 2946 3231 τ
2979 3211 2991 3246 :
3030 3211 3049 3243 ι
3082 3193 3358 3250 Bissextus
3387 3203 3490 3261 est,
3520 3211 3617 3266 per
3640 3213 3735 3252 an-

2172 3293 2269 3333 nos
2295 3293 2375 3332 uu
2396 3294 2535 3333 unus
2556 3280 2670 3335 dies
2692 3282 2966 3353 adjectus;
2995 3284 3189 3340 crescit
3214 3285 3355 3341 enim
3380 3300 3476 3355 per
3499 3285 3737 3357 singulos

2173 3384 2339 3425 annos
2364 3378 2557 3437 quarta
2586 3387 2712 3441 pars
2753 3373 2907 3438 assis,
2945 3390 3008 3430 ac
3033 3376 3121 3431 ubi
3149 3385 3341 3445 quarto
3377 3393 3518 3433 anno
3561 3394 3732 3435 assem

2173 3458 2536 3527 compleverit,
2565 3460 2894 3517 bissextilem
2928 3479 3126 3518 annum
3174 3463 3318 3520 facit.
3370 3466 3553 3523 Dictus
3588 3468 3733 3529 enim

2172 3549 2461 3615 bissextus,
2499 3553 2624 3623 quia
2667 3553 2752 3608 bis
2796 3553 2970 3621 sexies
2996 3554 3188 3609 ductus
3210 3556 3371 3609 assim
3414 3556 3560 3619 facit,
3590 3558 3733 3627 quod

2173 3647 2255 3693 est
2280 3655 2417 3695 unus
2442 3641 2573 3696 dies.
2627 3639 2849 3709 Quando
2873 3655 3002 3710 ergo
3050 3642 3208 3705 dixit,
3236 3653 3480 3713 quartam
3524 3655 3730 3716 partem

2174 3726 2309 3780 assis
2329 3726 2383 3780 in
2404 3743 2510 3783 uno
2530 3742 2740 3797 quoque
2760 3742 2899 3782 anno
2920 3743 3180 3795 crescere,
3211 3739 3331 3791 tres
3358 3732 3516 3788 horas
3552 3744 3732 3800 osten-

2172 3816 2287 3883 dit;
2318 3817 2516 3873 scimus
2562 3819 2705 3873 enim
2742 3820 2866 3889 quia
2909 3820 3045 3875 assis
3071 3837 3148 3876 xu
3190 3823 3376 3877 uncias
3402 3824 3584 3896 habet.
3614 3841 3733 3896 quae

2172 3907 2474 3979 signiﬁcant
2504 3926 2579 3965 xu
2609 3910 2790 3979 horas,
2824 3919 3015 3980 quarta
3044 3920 3219 3967 autem
3255 3929 3381 3983 pars
3407 3923 3487 3971 est
3528 3895 3601 3972 xit
3635 3895 3732 3973 ho-

2172 4013 2353 4053 rarum
2376 4007 2484 4055 tres
2504 3999 2671 4065 horae,
2701 4009 2757 4057 et
2778 4000 2855 4056 sic
2893 3999 3118 4056 efficitur
3145 3990 3429 4059 bissextilis
3466 4006 3580 4076 dies
3605 4009 3737 4064 arti-

2174 4089 2416 4144 ﬁcialitcr
2436 4106 2502 4145 ex
2537 4091 2708 4147 tribus
2738 4091 2885 4147 horis
2918 4089 3333 4162 uniuscujusque
3370 4096 3495 4149 anni
3520 4111 3617 4166 per
3636 4114 3733 4153 an-

2173 4193 2272 4232 nos
2299 4184 2567 4245 quatuor;
2599 4186 2711 4231 tres
2741 4177 2884 4232 enim
2908 4185 3097 4247 quater
3129 4179 3290 4235 ducta
3334 4197 3408 4235 xu
3440 4183 3602 4239 horas
3623 4186 3735 4242 elli-

2174 4267 2357 4331 ciunt;
2388 4274 2444 4320 et
2480 4266 2584 4335 hoc
2610 4267 2796 4322 volunt
2834 4267 3063 4338 probare
3098 4285 3196 4339 per
3229 4270 3388 4339 horas
3425 4275 3586 4331 totius
3609 4280 3734 4333 anni

2175 4286 2357 4331 erunt;
2388 4286 2444 4320 et
2481 4286 2584 4335 noc
2610 4286 2796 4322 vomat
2834 4286 3063 4338 pronare
3098 4286 3196 4339 per
3231 4286 3388 4414 noris
3425 4286 3586 4331 totius
3609 4286 3731 4333 anni

2175 4354 2374 4409 divisas
2408 4369 2506 4423 per
2529 4370 2604 4409 vn
2647 4355 2849 4426 partes,
2897 4364 2952 4412 et
2977 4360 3119 4427 quod
3158 4375 3287 4429 supc
3318 4361 3495 4426 fuerit,
3529 4364 3731 4431 dicunt,

2177 4442 2319 4512 quod
2359 4451 2445 4499 est
2482 4443 2770 4514 quadrans,
2800 4446 2890 4518 qui
2929 4446 3090 4503 eilicit
3127 4437 3454 4517 bissextilem
3484 4454 3640 4519 diem,
3677 4462 3735 4509 et

2177 4533 2281 4587 hoc
2299 4531 2501 4598 dicunt,
2523 4534 2663 4603 quod
2688 4549 2753 4590 ex
2782 4534 2992 4592 ratione
3019 4536 3324 4595 Graecorum
3350 4542 3609 4611 provenit.
3642 4542 3733 4597 Di-

2176 4624 2419 4678 vidamus
2458 4639 2586 4696 ergo
2627 4624 2790 4681 horas
2834 4626 2998 4682 totius
3038 4624 3183 4695 anni,
3230 4639 3289 4691 ut
3315 4631 3573 4700 sciamus,
3606 4622 3731 4702 quid

2177 4771 2302 4833 pars
2320 4757 2649 4833 percurritur
2666 4758 2690 4812 7
2704 4756 2855 4813 Unde
2868 4757 2935 4813 ad
2950 4766 3134 4833 partes
3146 4762 3730 4833 ecclipticaeadmodnm

2177 4828 2397 4901 exiguas
2414 4827 2677 4901 pervenit,
2693 4840 2829 4895 quas
2866 4827 3299 4901 constellationei
3330 4831 3733 4890 mathematicas

2178 4894 2431 4964 appellat,
2456 4894 2695 4971 etis-[sas
2715 4894 3308 4971 ’esseait,quiaratinne
3330 4901 3555 4955 inventae
3586 4912 3731 4971 sunt,

2178 4962 2384 5035 nempe,
2410 4962 2731 5043 utaitlieda,
2748 4962 3152 5046 inexplorandis
3174 4969 3436 5022 hominum
3494 4962 3728 5027 enitar-is.

2249 5046 2273 5074 ι
2316 5036 2513 5110 Desunt
2538 5031 2713 5110 aliqua
2736 5073 2749 5093 ,
2807 5042 2881 5110 ita
2910 5035 3047 5110 forte
3071 5038 3357 5110 supplenda
3382 5055 3395 5090 :
3427 4985 3728 5110 μ’ῗιηιεεριί-

2736 5073 2749 5093 ς
2807 5055 2881 5089 ua
2910 5055 3047 5093 ιοηθ
3071 5055 3357 5093 suomenaa
3382 5055 3395 5090 2
3428 5055 3559 5093 num
3584 5055 3736 5093 εενιιςο

2178 5119 2347 5239 νῆιαηῖε
2365 5101 2489 5224 ἐξξο
2513 5119 2525 5153 :
2551 5102 2684 5155 adde
2727 5112 2773 5157 et
2796 5104 2904 5160 dies
2930 5101 3274 5175 dtinuit?!“
3294 5116 3344 5161 et
3382 5101 3512 5165 xvut
3551 5101 3730 5178 haras,

2224 5189 2291 5226 un
2320 5212 2334 5235 ,
2455 5211 2467 5222 .
3210 5226 3211 5229 η
3433 5229 3435 5231 ,

2224 5189 2334 5235 unt,
2365 5189 2467 5224 etc.

2248 5242 2277 5280 ι’
2314 5239 2485 5311 Locus
2506 5250 2807 5311 corruptus.
3112 5262 3115 5263 '

2250 5319 2273 5348 α
2312 5310 2899 5384 ᾼιειιιιιειιιιιιιιιιιιῇιιε
2947 5322 3206 5369 tractatus
3247 5314 3301 5367 in
3345 5314 3461 5384 ejus
3510 5317 3732 5375 exordio

2178 5379 2515 5456 perspicuum
2539 5389 2659 5444 est;
2689 5379 2877 5456 modus
2906 5384 3167 5456 tractandi
3196 5384 3337 5440 idem
3362 5379 3519 5456 quem
3546 5386 3734 5444 obser-

2177 5455 2271 5517 vat
2293 5448 2549 5517 illc-uinus
2571 5464 2726 5517 suPra
2759 5451 2824 5504 de
2847 5451 2993 5505 Saltu
3015 5451 3171 5511 lunae.

2250 5515 2275 5555 ἀ
2306 5515 2501 5589 Potius
2517 5515 2657 5589 Beda
2680 5518 2744 5589 de
2771 5520 3088 5589 Temp‘orum
3113 5520 3336 5575 ratione.

2253 5597 2275 5656 εξ
2300 5584 2450 5656 Apud
2472 5586 2667 5656 ﬁedam
2693 5588 2819 5643 ibid.

2254 5655 2271 5692 ί
2302 5654 2453 5725 Apud
2473 5654 2669 5711 Bedam
2696 5658 2761 5711 de
2786 5659 3123 5729 Argumentis
3147 5660 3300 5730 lunte,
3328 5670 3449 5718 ante
3478 5664 3727 5721 medium.
