4266 6248
427 351 430 354 _
515 221 618 324 995

1313 262 1375 320 Β.
1411 259 1474 319 F.
1506 257 1727 318 ALBINI
1765 255 1894 312 SEU
1933 252 2204 310 ALCUINI
2240 248 2517 309 OPERUM
2555 248 2733 307 PARS
2769 246 2877 305 VII.

3618 250 3718 306 996

515 383 791 434 “mea;
813 390 971 445 supa-
1006 383 1211 444 septem
1241 382 1459 444 partes;
1505 371 1704 427 scimus
1730 368 1896 431 enim,
1924 366 2066 434 quod
2091 365 2141 426 Δ
2167 363 2360 420 iterum
2401 360 2457 414 in
2492 359 2715 414 exordio
2741 359 2842 413 diei
2887 358 2964 414 sol
2995 359 3048 415 in
3086 359 3203 415 loco
3233 359 3420 415 eodem
3458 369 3619 430 atque
3661 363 3715 417 in

514 468 572 523 in
596 476 707 522 toto
736 482 877 520 anno
918 468 1060 521 horze
1106 473 1229 522 sunt
1261 465 1364 520 iit—tt
1409 479 1596 526 nccu,
1642 461 1742 516 has
1780 475 1908 532 ergo
1937 457 2071 512 divi-

515 558 708 625 damus
733 572 827 625 per
871 572 944 610 vn
973 566 1172 623 partes,
1216 557 1367 624 quasi
1410 571 1506 624 per
1551 567 1831 610 numerum
1867 558 2070 633 septem

519 645 746 708 dierum,
791 644 882 713 qui
911 643 1325 712 multiplicantur
1350 658 1447 712 per
1487 651 1658 698 totum
1703 656 1918 701 annum,
1969 639 2072 692 hoc

520 744 604 789 est
642 751 714 788 ιιι
742 734 1067 803 septimanae,
1097 743 1152 786 et
1192 748 1332 787 unus
1360 734 1509 792 dies;
1556 733 1761 787 dimitte
1803 748 1931 801 ergo
1954 747 2067 796 vn;

519 826 646 896 quia
678 840 750 878 vn
777 820 958 893 partes
1003 830 1150 886 sunt,
1193 822 1295 876 hoc
1329 830 1414 877 est
1437 838 1507 876 vn
1539 822 1746 885 millies,
1793 829 2072 876 remanent

522 915 615 969 tibi
645 914 699 968 in
733 930 900 968 nccax
923 912 1071 984 [Leg.
1099 914 1122 968 ῑ
1151 913 1364 984 ιιοειι],
1393 914 1598 968 dimitte
1643 928 1758 974 nec,
1786 914 1913 981 quia
1953 927 2073 981 sep-

521 1011 630 1058 tem
655 1009 832 1071 partes
867 1011 1005 1065 sunt;
1037 1004 1140 1058 hoc
1177 1011 1260 1057 est
1294 1003 1496 1058 centies
1539 1011 1765 1071 septem;
1795 1010 2071 1057 remanent

521 1109 632 1149 ιιι
684 1093 888 1146 dimitte
917 1109 980 1147 nc
1029 1092 1112 1163 [L.
1162 1100 1438 1148 remanent
1469 1110 1487 1148 ι
1521 1109 1627 1146 Lx:
1675 1093 1881 1147 dimitte
1927 1092 2068 1162 nec],

521 1183 662 1238 sicut
718 1191 873 1237 antea
939 1183 1187 1247 diximus,
1247 1177 1525 1238 remanent
1577 1198 1794 1239 cccax:
1862 1182 2072 1236 dimitte

521 1285 764 1338 cccxxx;
792 1274 915 1342 quia
941 1273 1024 1344 bis
1061 1283 1264 1342 septem
1293 1261 1466 1342 vigeni
1497 1281 1640 1336 sunt,
1672 1278 1949 1325 remanent
1977 1271 2071 1325 tibi

521 1379 702 1418 xxxx:
737 1363 945 1418 dimitte
989 1379 1141 1428 ιιιιι,
1165 1363 1287 1432 quia
1326 1379 1444 1417 vnn
1491 1363 1694 1431 septeni
1721 1369 1864 1424 sunt,
1907 1375 2075 1414 rema-

522 1459 653 1506 nent
677 1468 789 1505 xvn
813 1469 826 1504 :
855 1452 1059 1506 dimitte
1089 1469 1225 1514 ιιιιι,
1249 1453 1370 1522 quia
1397 1452 1481 1506 bis
1505 1459 1706 1519 septem
1735 1458 1875 1512 sunt,
1901 1465 2074 1504 rema-

523 1549 652 1594 nent
677 1557 756 1593 ιιι.
809 1537 930 1594 Illas
956 1557 1081 1610 ergo
1109 1558 1170 1595 ιιι
1209 1543 1390 1604 horas,
1436 1556 1553 1608 quae
1597 1548 1872 1593 remanent
1916 1553 2074 1608 super

524 1631 809 1685 divisiones
832 1632 1083 1696 horarum
1106 1634 1269 1688 totius
1295 1633 1436 1695 anni,
1467 1633 1647 1686 dicunt
1663 1647 1782 1687 esse
1802 1633 2073 1701 quadran-

522 1730 629 1773 tem
662 1720 1008 1792 artificialem,
1039 1731 1092 1777 et
1119 1723 1195 1776 sic
1219 1737 1284 1778 ex
1305 1731 1536 1791 quatuor
1558 1723 1944 1792 quadrantibus
1977 1738 2071 1791 per

523 1823 606 1863 ιιιι
633 1789 797 1861 annos
823 1826 984 1863 unum
1009 1812 1146 1864 diem
1173 1789 1515 1873 bissextilem,
1545 1789 1635 1880 qui
1668 1799 1827 1872 habet
1867 1830 1942 1868 ιιι
1975 1789 2070 1869 ho-

526 1912 616 1951 ras
640 1914 652 1961 ;
680 1905 790 1951 tres
817 1899 957 1952 enim
980 1909 1169 1968 quater
1201 1902 1367 1966 dumi,
1400 1918 1475 1956 xu
1504 1902 1665 1956 horas
1686 1904 1935 1959 elﬁciunt.
1966 1905 2073 1961 Sed

527 1993 704 2040 tamen
736 1989 845 2041 lucc
874 1990 1014 2042 ratio
1043 1992 1400 2059 suprascripta
1438 1996 1575 2061 apud
1617 2003 1861 2051 auctores
1891 2012 2073 2066 repro-

523 2076 696 2131 batur.
725 2077 781 2131 In
802 2079 1096 2147 quadrante
1122 2083 1264 2134 enim
1285 2098 1392 2138 non
1421 2084 1604 2139 dicunt
1624 2093 1731 2139 tres
1750 2087 1912 2141 horas
1933 2103 2069 2147 esse.

444 2220 448 2222 .
525 2168 618 2221 sed
643 2184 694 2221 vi
722 2176 774 2222 et
802 2169 947 2222 illum
992 2170 1129 2223 diem
1159 2172 1484 2228 hissextilem
1512 2191 1613 2229 non
1646 2177 1832 2231 dicunt
1858 2193 1974 2232 esse
1997 2196 2072 2233 ιιι

527 2257 798 2322 horarum,
824 2259 984 2329 366
1002 2261 1091 2314 sed
1111 2278 1285 2325 xxun,
1305 2267 1568 2331 quomodo
1589 2281 1716 2335 ergo
1737 2265 1826 2337 [F.
1850 2267 2070 2321 subaud.

481 2386 495 2396 ,.
526 2347 664 2420 ﬁeri]
693 2349 965 2417 potuisset,
995 2359 1056 2404 ut
1079 2351 1167 2405 ille
1202 2352 1316 2407 dies
1357 2354 1645 2410 bissextilis
1668 2373 1739 2410 xx
1771 2355 1862 2427 [F.
1894 2357 2070 2428 xxnu]

525 2438 778 2492 horarum
825 2448 966 2492 esset
1015 2440 1128 2495 sine
1176 2443 1377 2495 nocte?
1422 2443 1548 2498 [nde
1601 2444 1926 2518 Augustinus
1978 2447 2076 2516 (De

526 2523 729 2595 Temp.,
761 2542 814 2579 ιι.
849 2525 902 2597 8)
943 2528 1069 2582 dicit
1101 2529 1166 2582 de
1209 2531 1308 2583 hoc
1353 2532 1647 2599 quadrante
1679 2540 1734 2585 et
1770 2533 1835 2587 de
1863 2533 1948 2586 illa
1991 2534 2076 2589 die

528 2614 824 2670 bissextili:
870 2635 889 2666 ι
944 2634 1024 2672 ιιιι
1072 2621 1398 2689 quadrantes
1445 2621 1647 2677 faciunt
1695 2640 1857 2678 unum
1909 2625 2072 2689 diem,

529 2721 686 2773 quem
736 2720 953 2761 necesse
1004 2717 1084 2762 est
1133 2710 1434 2764 intercalari
1478 2727 1748 2767 excursu
1801 2713 1979 2784 [Aug.,
2008 2729 2075 2768 ex

530 2795 709 2867 curso]
746 2798 1112 2865 quadriennio,
1157 2815 1314 2868 quem
1336 2800 1474 2855 diem
1509 2803 1836 2862 bissextilem
1865 2813 2071 2863 vocant,

530 2898 598 2938 ne
632 2892 923 2954 temporum
952 2888 1084 2941 ordo
1113 2889 1374 2942 turbetur.
1403 2890 1518 2959 Ipse
1540 2899 1714 2944 autem
1737 2892 2002 2960 quadrans
2022 2907 2072 2945 vi

527 2969 687 3024 horas
721 2972 915 3038 habet;
959 2977 1100 3031 totus
1143 2976 1282 3032 enim
1313 2977 1424 3032 dies
1466 2976 1641 3049 [Aug.,
1673 2979 1817 3035 addit
1840 2994 1858 3030 :
1893 2980 1945 3041 id
1972 2980 2072 3051 est]

527 3076 651 3114 cum
681 3078 773 3116 sua
803 3072 953 3121 nocte
978 3081 1137 3119 ιιιιιι
1157 3067 1305 3122 horae
1331 3077 1476 3132 sunt,
1513 3085 1740 3138 quarum
1767 3083 1892 3138 pars
1913 3086 2076 3139 quar-
2104 3049 2148 3110 (ἶ

526 3157 599 3212 ta,
627 3150 713 3217 qui
745 3153 1112 3219 estquadrans
1141 3155 1261 3215 diei,
1288 3169 1380 3209 sex
1401 3156 1548 3209 hora:
1584 3158 1942 3210 inveniuntur.
1980 3179 1998 3209 ›

597 3240 693 3294 Hic
719 3255 847 3312 ergo
874 3243 1137 3311 quadrans
1158 3245 1296 3298 unde
1314 3246 1543 3314 primum
1563 3248 1838 3316 processit,
1866 3257 1917 3311 et
1935 3249 2076 3304 unde

480 3351 481 3354 η
524 3328 691 3383 habet
738 3332 1126 3398 auctoritatem,
1173 3334 1605 3404 interrogandum
1653 3346 1752 3391 est.
1802 3338 1898 3392 Hic
1949 3355 2076 3409 ergo

527 3417 798 3486 quadrans
825 3418 922 3472 fuit
946 3436 974 3472 a
1003 3422 1260 3491 principio
1296 3425 1492 3489 saeculi,
1515 3439 1586 3479 ex
1615 3441 1735 3494 quo,
1762 3427 1914 3481 facta:
1956 3436 2080 3490 sunt

531 3515 807 3560 creaturae.
861 3507 934 3561 De
968 3509 1071 3563 hoc
1101 3512 1392 3578 quadrante
1433 3511 1787 3584 Hieronymus
1833 3515 2079 3583 exposuit

524 3595 580 3648 in
610 3603 832 3650 tractatu
859 3598 1012 3667 primi
1038 3602 1325 3656 testimonii
1355 3600 1597 3666 Genesis,
1640 3603 1728 3655 ubi
1756 3602 1981 3671 legitur:
2017 3601 2079 3655 In

525 3686 774 3756 principio
803 3685 928 3740 fecit
950 3687 1088 3742 Deus
1125 3689 1304 3743 caelum
1325 3701 1370 3744 et
1393 3701 1583 3745 terram
1610 3691 1760 3762 (Gen.
1793 3710 1830 3756 ι,
1861 3693 1934 3763 1).
1962 3693 2080 3747 Hie-

428 3849 433 3853 ι
528 3788 778 3842 ronymus
796 3789 923 3843 ergo
935 3776 1066 3829 dixit
1089 3818 1100 3829 .
1128 3789 1152 3817 ι
1177 3779 1246 3831 De
1263 3780 1364 3833 hoc
1385 3781 1643 3848 principio
1657 3781 1805 3834 multi
1821 3789 2080 3836 tractave-

531 3869 674 3923 runt,
704 3864 795 3916 sed
823 3864 924 3916 hoc
965 3865 1281 3933 principium
1309 3884 1408 3937 ego
1436 3870 1709 3937 exopinor,
1736 3871 1801 3923 de
1826 3886 1930 3939 quo
1973 3872 2080 3935 An-

529 3952 851 4008 dromachus
871 3953 1327 4024 historiographns
1355 3956 1656 4012 Judzeorum
1684 3959 1802 4012 aliis
1829 3962 2079 4030 pervigile

528 4039 768 4094 scribens
797 4040 942 4094 illum
969 4043 1315 4110 quadrantem
1337 4029 1628 4101 'mediatum
1654 4048 1825 4100 noctis
1853 4064 1929 4111 ιι,
1953 4029 2077 4117 quia

530 4129 583 4182 in
608 4129 781 4182 media
809 4138 964 4184 nocte
991 4129 1164 4187 factus
1190 4141 1272 4187 est
1299 4134 1541 4196 mundus,
1575 4143 1627 4192 et
1654 4136 1704 4190 in
1733 4138 1902 4191 media
1927 4147 2080 4194 nocte

531 4217 724 4272 iterum
752 4218 1072 4275 destruetur.
1099 4225 1102 4233 '

604 4307 876 4373 Quomodo
903 4325 1032 4378 ergo
1067 4311 1155 4365 hic
1179 4313 1456 4382 quadrans
1502 4317 1858 4386 cognoscitur,
1897 4326 2076 4381 utrum

2168 454 2353 507 eodem
2399 452 2548 521 signo
2589 452 2881 520 apparebit.
2928 450 3017 506 Sic
3057 467 3185 524 ergo
3217 452 3317 507 fuit
3358 454 3413 508 in
3457 456 3720 526 principio

2167 542 2348 600 mundi
2380 544 2465 597 ille
2489 544 2755 612 quadrans
2782 560 2813 598 a
2841 545 3013 600 media
3047 553 3205 600 nocte
3245 546 3605 616 aequinoctiali
3633 563 3722 605 us-

2168 649 2271 704 que
2299 634 2366 688 ad
2401 648 2575 695 mane,
2616 633 2691 687 illi
2717 640 2894 690 autem
2942 650 3001 687 ιιι
3030 635 3141 689 dies
3185 643 3492 705 sequentes,
3537 635 3590 690 id
3615 645 3718 701 est,

2170 744 2222 783 ιι
2249 726 2366 780 Kal.
2403 725 2621 796 Aprilis,
2659 743 2694 779 x
2723 725 2840 781 Kal.
2886 725 3074 795 April.,
3105 743 3222 782 vnn
3249 728 3364 782 Kal.
3395 727 3615 798 Aprilis,
3641 728 3723 784 di-

2169 823 2294 871 cunt
2318 816 2456 885 quod
2481 815 2711 884 aequales
2736 815 2950 881 fuerint,
2972 818 3063 872 sed
3083 819 3197 872 sine
3219 833 3438 872 numero
3465 819 3722 875 horarum
3782 864 3787 869 .

2169 906 2308 959 inter
2333 906 2445 960 dies
2469 912 2525 959 et
2567 913 2770 969 noctes,
2806 907 2966 976 quasi
3007 924 3077 961 ιιι
3108 905 3199 978 [F.
3232 906 3315 978 in]
3342 907 3454 962 dies
3497 907 3724 967 fuissent

2168 996 2582 1065 aequinoctiales,
2623 1004 2905 1067 antequam
2953 999 3030 1054 sol
3075 993 3264 1052 fuisset
3314 1007 3548 1063 creatus,
3595 1010 3721 1055 ante

2167 1088 2296 1142 solis
2322 1089 2463 1142 enim
2489 1090 2815 1144 creationem
2858 1090 3157 1160 primitiva
3185 1090 3317 1145 lucis
3345 1091 3573 1146 circuitu
3598 1107 3722 1162 age-

2167 1178 2344 1242 batur,
2374 1179 2513 1247 quod
2540 1195 2680 1234 nunc
2701 1195 2796 1249 per
2821 1179 2983 1233 solem
3012 1180 3205 1249 agitur.
3231 1179 3261 1219 ά
3297 1199 3315 1231 ι
3361 1181 3492 1235 Nam
3521 1195 3722 1250 praece-

2168 1266 2299 1322 dens
2329 1268 2581 1333 triduum,
2612 1277 2671 1323 ut
2709 1269 2958 1324 omnibus
2999 1269 3170 1324 visum
3213 1277 3319 1334 est,
3349 1270 3552 1339 absque
3598 1269 3722 1333 ullis

2171 1358 2424 1416 horarum
2452 1358 2889 1422 dimensionibus,
2921 1365 2980 1412 ut
3013 1367 3141 1426 puta
3174 1374 3273 1413 nec
3310 1359 3435 1413 dum
3461 1358 3614 1418 factis
3643 1361 3719 1432 si-

2170 1446 2404 1509 deribus,
2431 1446 2622 1516 aequali
2646 1447 2797 1502 lance
2817 1445 2906 1500 lux
2933 1456 3015 1502 est
3044 1445 3222 1518 [Bed.,
3247 1449 3437 1518 aequali
3464 1449 3616 1507 lance
3639 1448 3722 1502 lu-

2169 1551 2295 1594 men
2330 1538 2680 1605 tenebrasque
2707 1537 3012 1609 pandebat],
3039 1538 3291 1607 pallidum
3330 1539 3468 1593 diem
3492 1547 3547 1602 et
3575 1546 3724 1593 tene-
3748 1536 3754 1542 ⁷

2171 1625 2297 1688 bras
2323 1625 2604 1695 pandebat.
2629 1626 2752 1680 Haec
2779 1633 2954 1682 autem
2981 1628 3115 1682 ratio
3143 1643 3206 1682 ex
3231 1629 3548 1683 auctoritate
3574 1626 3723 1684 Grac-

2102 1711 2146 1768 B
2173 1731 2354 1776 corum
2377 1714 2740 1775 conﬁrmatur.
2767 1717 2983 1788 Legitur
3001 1719 3143 1773 enim
3167 1717 3220 1771 in
3241 1719 3464 1788 epistola
3493 1719 3722 1774 Maurini

2168 1807 2404 1878 episcopi
2426 1806 2774 1866 Alexandrini
2803 1809 2867 1863 de
2906 1809 2989 1865 his
3019 1808 3190 1863 tribus
3217 1808 3406 1864 diebus
3430 1809 3483 1862 in
3522 1810 3721 1878 princio

2170 1897 2261 1965 pio
2293 1897 2497 1960 mundi,
2549 1905 2833 1966 antequam
2873 1907 3054 1952 essent
3091 1897 3394 1952 luminaria.
3436 1898 3570 1974 Hinc
3609 1899 3722 1967 ipse

2175 1987 2326 2051 dixit,
2353 1988 2536 2046 eadem
2565 1985 2833 2057 longitudo
2861 1987 2998 2042 facta
3036 1996 3116 2043 est
3145 2003 3210 2042 ex
3237 1989 3472 2058 potentia
3503 1988 3593 2044 Dei
3626 1990 3724 2043 tri-

2172 2078 2272 2140 bus
2292 2077 2704 2146 primisdiebus,
2735 2077 2888 2132 factis
2923 2079 2974 2132 in
3005 2080 3260 2149 principio
3278 2081 3487 2145 mundi,
3515 2081 3608 2135 sed
3643 2080 3724 2135 sol

2174 2166 2376 2226 addidit
2409 2182 2628 2224 cursum
2672 2168 2900 2233 dierum,
2943 2170 3155 2238 quando
3193 2171 3364 2226 illuxit
3405 2172 3458 2225 in
3487 2174 3720 2228 mundo:

2173 2265 2366 2326 quarto
2417 2257 2503 2315 die
2550 2258 2672 2318 luna
2710 2274 2740 2313 e
2784 2261 3053 2316 contrario
3091 2262 3320 2331 dempsit
3358 2278 3573 2316 cursum
3623 2280 3721 2318 no-

2175 2349 2360 2414 ctium,
2383 2350 2459 2414 sic
2484 2365 2612 2420 ergo
2627 2353 2842 2407 tradunt
2856 2360 3120 2418 auctores,
3133 2355 3273 2414 sicut
3287 2355 3446 2412 etiam
3463 2355 3516 2409 in
3530 2355 3724 2411 Genesi

2173 2437 2384 2509 legitur,
2411 2441 2554 2508 quod
2585 2451 2773 2510 quarta
2801 2444 2884 2501 die
2911 2443 2989 2499 sol
3016 2453 3067 2498 et
3111 2444 3233 2498 luna
3274 2443 3412 2499 facta
3449 2456 3590 2510 sunt,
3623 2446 3724 2500 hoc

2175 2535 2278 2596 est,
2307 2528 2360 2580 in
2385 2544 2479 2582 vni
2525 2530 2642 2583 Kal.
2689 2532 2887 2599 Aprilis
2911 2534 2964 2586 in
2991 2535 3170 2588 medio
3210 2535 3438 2588 orientis
3464 2534 3543 2613 sol
3572 2544 3724 2588 ortus

2175 2626 2274 2673 est.
2306 2618 2397 2672 ille
2437 2636 2566 2691 ergo
2603 2637 2773 2679 anuus
2801 2624 2869 2679 ab
2905 2633 3027 2678 ortu
3067 2625 3194 2679 solis
3237 2640 3404 2694 usque
3441 2626 3506 2680 ad
3546 2635 3724 2680 ortum

2174 2710 2300 2773 solis
2325 2727 2541 2766 cursum
2569 2729 2722 2773 suum
2759 2716 2974 2784 plenum
3002 2732 3107 2770 non
3137 2714 3326 2772 habuit
3369 2734 3532 2788 usque
3577 2721 3643 2772 ad
3671 2735 3723 2774 vt

2174 2801 2334 2858 horas
2358 2803 2710 2866 additas,_hoc
2733 2815 2853 2871 aest,
2899 2824 3059 2862 unum
3087 2811 3439 2879 quadrantem
3465 2828 3478 2876 ;
3511 2820 3563 2865 et
3593 2820 3720 2867 tunc

2174 2890 2359 2946 habuit
2381 2894 2537 2947 tinem
2563 2896 2648 2950 ille
2682 2899 2884 2966 primus
2915 2916 3086 2955 annus
3113 2903 3282 2957 media
3311 2904 3428 2967 die;
3481 2919 3620 2958 anno
3641 2918 3726 2960 se-

2176 2981 2357 3050 quenti
2387 2998 2628 3053 vespere,
2675 2987 2866 3043 additis
2902 3006 2952 3044 vr
2997 2991 3167 3066 horis,
3214 2993 3266 3046 id
3312 3002 3414 3058 est,
3465 2996 3727 3050 secundus

2177 3072 2442 3140 quadrans
2468 3091 2482 3138 ;
2511 3083 2565 3129 et
2591 3078 2667 3132 sic
2697 3079 2883 3136 tertius
2904 3081 3076 3136 media
3103 3091 3280 3149 nocte,
3299 3085 3416 3139 aliis
3436 3102 3487 3140 vr
3511 3087 3724 3151 additis,

2178 3161 2228 3213 id
2253 3170 2356 3226 est,
2393 3165 2548 3219 tertio
2577 3168 2914 3242 quadrante;
2956 3178 3012 3224 et
3039 3171 3088 3225 in
3136 3188 3215 3227 nu
3261 3190 3418 3238 anno,
3450 3176 3642 3229 iterum
3670 3176 3734 3231 vr

2176 3249 2324 3303 horis
2350 3246 2566 3319 additis,
2595 3256 2696 3311 hoc
2723 3267 2826 3322 est,
2855 3268 3047 3327 quarto
3075 3263 3371 3329 quadrante
3395 3280 3424 3317 a
3452 3265 3577 3320 solis
3605 3275 3726 3322 ortu

2176 3340 2360 3398 habuit
2403 3358 2616 3398 cursum
2648 3362 2801 3401 suum
2844 3347 3092 3416 ﬁnitum;
3135 3362 3192 3406 et
3220 3353 3322 3411 sic.
3348 3355 3596 3411 discurrit
3630 3373 3730 3427 per

2175 3436 2346 3483 totum
2375 3438 2583 3500 tempus
2618 3434 2684 3488 ab
2715 3437 2864 3496 initio
2893 3454 3060 3508 usque
3101 3442 3166 3494 ad
3192 3441 3349 3497 ﬁnem
3375 3460 3389 3508 ;
3436 3443 3722 3512 aliquando

2176 3519 2315 3570 enim
2363 3519 2521 3573 ﬁnem
2555 3524 2718 3577 totius
2758 3527 2882 3578 anni
2912 3529 3083 3580 media
3113 3530 3197 3582 die
3233 3529 3396 3595 facit;
3445 3533 3727 3601 aliquando

2174 3620 2431 3674 vespere;
2464 3608 2744 3678 aliquando
2774 3614 2947 3667 media
2989 3625 3182 3682 nocte;
3213 3618 3496 3688 aliquando
3521 3622 3728 3679 oriente

2177 3694 2308 3749 sole.
2350 3716 2368 3750 ι

2247 3823 2303 3877 Si
2345 3833 2520 3880 autem
2553 3829 2692 3888 scire
2718 3830 2967 3900 volueris,
2999 3834 3054 3892 in
3078 3851 3186 3905 quo
3226 3837 3342 3894 loco
3371 3849 3452 3894 est
3473 3841 3574 3903 iste
3598 3858 3729 3912 qua-

2177 3915 2337 3969 drans
2366 3931 2507 3972 anno
2541 3923 2806 3988 pnesenti,
2849 3925 2986 3981 scias
3023 3939 3154 3995 quot
3187 3930 3310 3995 anni
3348 3941 3469 3986 sunt
3514 3949 3546 3992 ι
3575 3936 3727 4005 prin-

2177 4009 2314 4078 cipio
2357 4013 2558 4076 mundi,
2601 4015 2748 4069 verbi
2787 4018 2979 4087 gratia,
3001 4034 3053 4074 ιι
3080 4037 3236 4077 ιιιιι.
3265 4023 3378 4089 Bos
3415 4025 3591 4082 divide
3634 4044 3731 4097 per

2176 4108 2405 4173 quatuor
2425 4111 2625 4171 partes,
2652 4108 2776 4174 quia
2805 4119 2925 4176 post
2942 4097 3033 4165 nu
3059 4127 3228 4168 annos
3255 4129 3464 4183 semper
3482 4120 3729 4185 .perveit

2178 4191 2263 4244 ille
2289 4192 2555 4260 quadrans
2580 4193 2840 4250 naturalis
2884 4199 2937 4254 in
2983 4199 3129 4253 illum
3170 4199 3366 4268 locum,
3413 4203 3502 4265 ubi
3534 4203 3637 4261 fuit
3660 4208 3728 4262 ab

2175 4278 2349 4342 initio,
2376 4279 2477 4334 hoc
2498 4289 2580 4336 est
2618 4283 2668 4339 in
2696 4285 2870 4339 media
2905 4287 3028 4352 die;
3071 4287 3280 4344 dimitte
3300 4306 3428 4361 ergo
3456 4291 3582 4357 ,π
3601 4295 3726 4363 quia

533 4397 587 4450 in
619 4396 701 4450 die
729 4397 819 4461 sit,
843 4413 908 4452 an
943 4374 999 4452 in?
1035 4406 1186 4453 nocte
1208 4374 1637 4470 interrogandtun
1665 4415 1765 4468 est,
1798 4374 1888 4459 aut
1909 4374 2076 4460 lvarial-
2105 4383 2156 4442 θ
2178 4376 2403 4470 "(3r
2428 4380 2607 4470 parte?
2633 4374 2863 4470 aqua}?
2902 4385 3042 4438 sun“
3081 4389 3359 4470 ηωθηθῖδῑ
3381 4385 3419 4436 ᾗ
3443 4397 3574 4437 nm
3599 4399 3613 4447 ἶ
3646 4383 3728 4438 di-

533 4489 655 4542 bilis
692 4487 784 4554 sit,
810 4496 863 4541 et
902 4506 996 4558 per
1035 4489 1174 4544 diem
1202 4499 1380 4559 etper
1404 4493 1659 4546 noctem?
1689 4493 1716 4534 ιι
1751 4514 1770 4560 ι
1814 4494 1907 4551 Sol
1933 4496 2074 4551 enim

534 4577 654 4632 ειειί
681 4576 935 4630 ambitum
987 4577 1150 4647 [Beda
1191 4578 1336 4631 addit
1381 4579 1634 4651 annuum]
1680 4596 1775 4648 per
1809 4599 1884 4636 xu
1925 4584 2074 4653 signa

533 4664 719 4717 circuli
749 4663 947 4717 zodiaci
970 4679 1072 4715 non
1096 4679 1291 4736 cccuv
1329 4666 1513 4720 diebus
1540 4683 1754 4722 cursum
1779 4684 1932 4723 suum
1959 4687 2076 4738 per-

539 4751 668 4815 ficit,
715 4754 804 4806 sed
853 4752 1204 4820 superadditis
1245 4771 1295 4808 vi
1345 4755 1491 4809 horis
1527 4757 1815 4825 adimplere
1860 4775 2075 4824 cursum

538 4855 692 4894 suum
716 4842 1050 4909 cognoscitur
1073 4857 1088 4902 ;
1112 4843 1254 4895 unde
1275 4843 1332 4902 tit
1357 4853 1415 4898 ut
1442 4847 1508 4907 si,
1535 4848 1681 4904 verbi
1711 4850 1902 4916 gratia,
1923 4860 2078 4905 nocte

529 4929 889 4996 aequinoctiali
921 4929 1094 4999 [,Bed.,
1120 4945 1258 4983 nunc
1283 4934 1720 5008 :nquinoctialem]
1741 4938 1868 4994 coeli
1908 4938 2078 4994 locum

540 5030 696 5070 mane
723 5016 900 5070 oriens
928 5018 1004 5076 sol
1043 5019 1321 5074 intraverit
1338 5031 1366 5057 ac
1409 5039 1430 5070 ›
1460 5021 1512 5073 in
1551 5024 1810 5094 principio
1850 5026 1993 5091 anni,
2027 5027 2079 5080 in

541 5103 680 5157 hunc
699 5103 872 5157 locum
907 5105 1348 5171 aequinoctialem,
1371 5122 1510 5162 anno
1531 5101 1769 5181 sequenti
1795 5129 1897 5168 non
1929 5130 2082 5179 mane

2181 4459 2328 4511 mitte
2351 4459 2373 4510 i
2396 4475 2479 4523 nc,
2503 4461 2623 4527 quia
2652 4477 2737 4516 xu
2771 4461 2922 4532 [Mr.,
2947 4481 3037 4529 xv,
3057 4467 3316 4539 mendose]
3346 4472 3552 4529 centeni
3575 4476 3723 4537 sunt,

2181 4557 2456 4602 remanent
2481 4564 2760 4608 ccccxxur.
2805 4553 3022 4610 Dimitte
3054 4572 3213 4615 cccxc
3237 4557 3322 4628 [L.
3353 4562 3563 4634 cccxx],
3599 4566 3726 4633 quia

2177 4645 2406 4705 quatuor
2431 4641 2669 4709 octogeni
2702 4650 2838 4705 sunt,
2872 4654 3143 4704 remanent
3163 4656 3291 4713 cur;
3335 4649 3537 4710 dimitte
3558 4667 3725 4713 ιιιι,

2179 4726 2304 4794 quia
2329 4725 2492 4794 vigies
2516 4731 2789 4796 quaternis
2814 4742 2955 4797 sunt,
3003 4743 3278 4801 remanent
3316 4753 3446 4794 ιιιιι
3474 4755 3488 4803 ;
3517 4739 3726 4795 dimitte

2180 4830 2274 4878 xx,
2305 4814 2426 4882 quia
2443 4814 2657 4887 [SuppL
2689 4820 2989 4891 quinquies]
3014 4825 3254 4891 quaterni
3279 4822 3421 4889 sunt,
3446 4838 3728 4897 remanent

2183 4919 2240 4957 ιιι
2262 4920 2282 4972 _;
2317 4915 2441 4961 tunc
2468 4907 2521 4961 in
2548 4910 2725 4962 media
2759 4922 2909 4967 nocte
2938 4912 3221 4970 illeannus
3247 4916 3446 4973 ﬁnitur.

2251 5033 2408 5106 367
2429 5036 2526 5098 llic
2570 5051 2695 5106 ergo
2722 5041 3012 5108 quadram,
3042 5059 3208 5112 quem
3247 5045 3499 5113 diximus,
3534 5049 3589 5104 in
3619 5066 3726 5120 quo

2182 5121 2301 5177 loco
2343 5126 2396 5212 in
2435 5141 2599 5189 anno,
2625 5137 2680 5182 et
2719 5131 2772 5184 in
2809 5147 2915 5201 qua
2941 5131 3027 5187 die
3054 5136 3253 5193 mensis
3286 5139 3496 5212 positus
3524 5141 3730 5199 invenl-

542 5193 745 5248 oriente
777 5194 888 5249 sole
911 5195 1056 5249 illum
1077 5213 1274 5255 annum
1303 5201 1569 5266 terminat,
1601 5204 1693 5258 sed
1712 5208 1951 5275 sequenti
1971 5224 2086 5266 me-
2186 5212 2305 5264 tur?
2329 5211 2604 5271 Scire-nos
2626 5193 2858 5290 oportet,
2901 5193 3435 5293 secundum

543 5280 695 5348 ridie,
720 5293 772 5339 et
802 5285 881 5338 sic
907 5285 1168 5343 secundm
1189 5303 1358 5346 annus
1379 5287 1536 5354 ﬁnem
1574 5305 1793 5362 vespere
1828 5296 2079 5362 habebit;

545 5372 597 5425 in
640 5376 796 5428 tertio
822 5385 999 5430 autem
1026 5391 1166 5429 anno
1197 5379 1367 5432 media
1393 5388 1565 5444 nocte,
1614 5380 1666 5435 in
1711 5393 1902 5452 quarto
1942 5400 2082 5452 anno

614 5495 636 5557 τι
666 5485 837 5557 hocns
857 5496 1160 5557 corruptus.
1430 5527 1437 5530 -

619 5552 638 5586 δ
672 5553 808 5605 Beda
837 5556 900 5609 de
923 5552 1239 5625 Temporum
1267 5557 1488 5624 ratione,
1511 5575 1628 5631 cap.
1657 5561 1742 5617 56.

2189 5302 2366 5357 noctio
2409 5305 2630 5369 vernali,
2675 5307 2982 5374 hocest,.in
3014 5328 3089 5368 xu
3132 5313 3253 5371 Kal.
3289 5316 3511 5383 Aprilis,
3554 5318 3648 5375 sed
3670 5319 3723 5374 in

2190 5386 2293 5443 nne
2323 5388 2464 5450 illius
2491 5390 2593 5457 diei
2629 5394 3083 5463 pasitus‘dicitur.
3107 5401 3219 5456 Sed
3248 5404 3513 5478 quomodo
3539 5403 3635 5460 fuit
3659 5406 3727 5461 ab

2259 5509 2281 5574 ξ
2313 5499 2738 5574 έιῑιειιιοιιιιίὴὶι
2767 5507 2902 5574 apud
2935 5509 3149 5564 taedam.

2251 5566 2280 5605 δ
2313 5567 2452 5622 Beda
2479 5575 2545 5624 de
2572 5566 2885 5642 'l‘emporum
2912 5582 3131 5645 ratione,
3155 5597 3274 5651 .cap.
3308 5584 3358 5638 4.
