4266 6204
446 233 551 291 997

1152 233 1617 291 DIDASCALICA.
1652 264 1723 276 —-
1759 234 1847 289 DE
1882 224 2113 291 CURSU
2154 234 2243 290 ET
2283 234 2511 292 SALTU
2550 232 2781 299 LUNE,
2822 233 2973 289 ETC.

3472 245 3477 249 ’
3570 233 3678 292 998

448 353 622 417 initio,
636 350 849 422 quando
873 350 1075 413 dicunt,
1097 353 1240 421 quod
1261 354 1314 407 in
1334 353 1423 408 illo
1445 354 1742 423 quadrante
1764 355 2001 417 noctisl,
2031 358 2081 415 Α
2108 352 2354 421 calarent
2383 354 2548 419 diem,
2571 368 2636 408 eo
2666 353 2871 409 scilicet
2914 365 3101 407 mense
3128 367 3190 407 ac
3213 351 3351 417 loco,
3382 368 3491 424 quo
3515 354 3681 410 etiam

447 443 663 516 quando
700 442 934 512 primum
978 444 1210 499 mundus
1245 443 1421 499 laetus
1458 453 1563 510 est,
1606 455 1891 517 propterea
1920 446 2009 519 ille

450 533 743 606 quadrans,
785 531 849 587 de
877 546 985 601 quo
1017 520 1259 588 nascitur
1300 534 1595 590 bissextilis
1632 520 1774 602 dies,
1821 537 1876 593 in
1920 536 2011 591 illo

449 621 569 677 loco
593 619 912 675 naturaliter
936 620 989 674 in
1011 619 1115 676 line
1147 622 1272 675 anni
1299 623 1425 693 poni
1454 624 1630 679 debet.
1680 623 2011 695 Principium

451 724 581 782 ergo
605 709 730 764 anni
753 709 1043 765 secundum
1070 708 1285 767 Gmeos
1306 728 1359 767 xl
1389 712 1507 768 Kal.
1534 713 1736 784 Aprilis
1759 722 1861 779 est,
1891 714 2014 770 linis

454 810 633 855 autem
700 817 778 855 ιιι
836 800 955 855 Kal.
1010 802 1229 877 Aprilis.
1298 803 1602 861 Secundum
1664 806 2013 862 Anatholium

452 887 871 944 Alexandrinum
916 890 1223 961 episcopum
1267 890 1537 946 Laudatiae
1585 890 1677 963 [Γ.
1723 893 2012 965 Laodicia]

384 970 388 975 ’
451 979 556 1034 iste
575 977 847 1047 quadrans
887 978 941 1033 in
957 980 1205 1049 vulKal.
1234 980 1434 1052 Aprilis
1478 982 1685 1052 positus
1720 983 2014 1051 invenitur,

456 1069 582 1140 quia
618 1067 707 1122 illa
732 1069 839 1134 die,
868 1077 929 1122 ut
974 1071 1193 1125 tradunt
1221 1080 1488 1137 auctores,
1529 1072 1609 1127 sol
1657 1082 1713 1129 et
1747 1073 1872 1128 luna
1911 1076 2017 1131 duo

456 1160 742 1215 luminaria
766 1160 906 1216 facta
925 1170 1071 1228 sunt,
1094 1172 1378 1233 prapterea
1400 1181 1495 1220 vlu
1525 1164 1641 1220 Kal.
1683 1166 1885 1236 Aprilis
1911 1168 2016 1223 ini-

455 1252 593 1306 tium
625 1249 769 1315 a'nni,
818 1259 872 1306 et
918 1252 1128 1307 initium
1173 1254 1307 1324 cycli
1344 1255 1788 1312 decennovenalis
1822 1271 2016 1313 secun-

462 1344 586 1398 dum
642 1342 981 1398 Anatholium
1033 1344 1319 1399 diciturb:
1370 1364 1390 1397 ι
1424 1347 1523 1402 Est
1563 1362 1691 1419 ergo
1742 1347 1795 1402 in
1842 1349 2020 1417 primo

456 1426 603 1487 anno
629 1432 838 1487 initium
864 1433 1023 1502 primi
1048 1435 1268 1499 mensis,
1296 1436 1437 1504 quod
1465 1444 1547 1491 est
1570 1452 1725 1491 xvml
1753 1452 2017 1491 annorum

420 1523 649 1586 ,circuli
706 1518 1065 1593 principium,
1130 1526 1422 1581 secundum
1472 1518 1756 1597 Egyptios
1803 1527 2021 1597 quidem

462 1611 666 1666 mensis
704 1611 1004 1667 Famenotll
1047 1628 1172 1683 xxvi
1216 1614 1320 1679 die,
1370 1615 1659 1669 secundum
1704 1615 2022 1672 Macedones

2108 448 2250 517 apud
2279 456 2491 502 veteres
2516 461 2727 501 menses
2763 443 3219 499 intercalabantur
3252 442 3441 515 [Beda,
3476 445 3683 501 m‘ensis

2107 533 2589 606 intercalabatur],
2622 535 2674 589 id
2717 542 2839 595 est,
2883 541 3006 588 ante
3058 533 3275 587 ultimos
3325 532 3514 605 [Beda,
3554 542 3681 589 ante

2108 627 2346 697 quinque
2374 624 2611 695 ultimos]
2651 625 2765 679 dies
2795 623 3071 678 Februarii
3112 625 3344 689 mensis,
3378 625 3537 695 idque
3572 624 3686 680 bis-

2111 702 2323 769 sextum
2349 713 2561 767 censuit
2586 712 2987 766 nominandum.
3024 731 3042 762 ι

2180 802 2239 857 lll
2261 804 2364 880 lloc
2396 801 2641 871 exemplo
2662 809 2884 870 apparet
2908 802 3047 870 quod
3078 801 3251 858 Julius
3275 802 3456 857 Cinsar
3474 803 3684 871 primus

2111 895 2409 951 bissextum
2440 894 2580 948 diem
2615 892 2932 956 nominavit,
2977 901 3033 954 et
3079 902 3361 962 propterea
3409 894 3679 947 bissextus

2115 983 2241 1038 inn
2281 980 2399 1036 Kal.
2432 980 2605 1034 Martii
2640 981 2859 1050 ponitur
2887 981 3181 1035 secundum
3212 981 3509 1044 Romanos,
3558 981 3684 1051 quia

2116 1074 2345 1129 Romani
2371 1081 2584 1128 veteres
2600 1072 2919 1142 principium
2952 1072 3076 1125 anui
3111 1073 3414 1127 habuerunt
3433 1089 3461 1126 a
3492 1072 3683 1125 Martio

2115 1180 2321 1230 mense,
2354 1165 2477 1220 linis
2501 1172 2679 1218 autem
2710 1164 2834 1217 anui
2861 1173 2943 1232 est
2965 1164 3035 1217 ill.
3060 1162 3353 1218 Februario
3399 1178 3605 1227 mense,
3630 1162 3685 1216 id

2115 1260 2219 1320 eat,
2247 1257 2302 1310 in
2321 1272 2373 1310 γι
2397 1254 2513 1309 Kal.
2534 1254 2729 1308 Martii.
2758 1254 2836 1311 llli
2865 1262 3098 1309 autemv
3120 1254 3236 1309 dies
3254 1255 3345 1324 qui
3372 1250 3685 1323 supersunt,

2117 1347 2468 1404 intercalares
2513 1346 2629 1401 dies
2668 1346 2805 1414 apud
2852 1346 3103 1414 antiquos
3147 1353 3323 1409 erant,
3359 1345 3498 1399 sicut
3527 1340 3688 1398 modo

2118 1440 2258 1508 apud
2290 1436 2572 1515 Egyptios
2606 1443 2732 1490 sunt
2761 1450 2791 1490 a
2819 1450 2936 1489 γιιιι
2981 1434 3095 1488 Kal.
3141 1433 3479 1504 Septembris
3517 1424 3689 1504 usque

2120 1531 2175 1584 in
2203 1546 2284 1585 llll
2313 1529 2579 1583 Kalendas
2627 1525 2979 1596 Septembris.
3017 1526 3093 1580 De
3122 1526 3223 1580 hoc
3246 1525 3411 1579 etiam
3461 1525 3547 1579 die
3587 1525 3725 1599 bis-'

2122 1621 2298 1677 sextili
2337 1620 2548 1676 Chorus
2578 1617 2670 1690 [F.
2714 1617 2909 1688 Hortis]
2939 1616 3311 1687 Egyptiorum
3361 1614 3581 1669 tradidit
3610 1614 3692 1668 di-

459 1715 591 1753 vero
618 1715 722 1753 xxv
745 1701 849 1765 die,
889 1702 944 1756 id
973 1709 1088 1767 est,
1122 1718 1217 1758 γιιι
1256 1702 1374 1757 Ka‘l.
1408 1703 1643 1774 Aprilisc
1666 1744 1681 1769 ,
1711 1705 1765 1759 in
1797 1721 1903 1774 qua
1928 1706 2017 1763 die
2049 1697 2092 1757 Β
2117 1725 2247 1766 cens
2274 1727 2287 1763 :
2319 1727 2339 1761 ι
2372 1707 2695 1763 Inserendus
2721 1704 2803 1761 es't
2852 1707 2938 1761 hic
2985 1706 3119 1771 dies,
3156 1715 3443 1774 antequam
3472 1704 3691 1773 quintus

458 1789 733 1844 invenitur
759 1784 969 1845 solnon
1009 1780 1179 1847 solum
1209 1793 1582 1849 conscendisse
1622 1794 1853 1862 primam
1894 1810 2019 1865 par-

463 1888 595 1944 tem,
625 1894 812 1933 verum
856 1880 1022 1935 etiam
1059 1889 1115 1957 et
1142 1882 1489 1952 quadrantem
1518 1883 1570 1937 in
1597 1899 1660 1938 ea
1686 1884 1771 1938 die
1797 1883 2015 1951 habere,

465 1968 521 2023 id
561 1976 667 2033 est,
714 1968 766 2021 in
790 1968 965 2039 prima
1009 1979 1165 2041 parte
1194 1985 1263 2043 ex
1296 1988 1369 2027 xu
1405 1972 1663 2042 partibus.
1696 1971 1819 2027 Haec
1847 1972 2019 2043 prima

464 2054 724 2126 particula
762 2070 828 2111 ex
872 2073 946 2111 xu
970 2042 1215 2127 partibus
1244 2058 1458 2114 vernale
1500 2068 1583 2115 est
1618 2061 2018 2130 aequinoctium,
2070 2080 2076 2087 ο

469 2155 524 2201 ct
551 2146 661 2216 ipse
703 2143 796 2218 [F.
842 2145 979 2218 ipsa]
1011 2156 1095 2202 est
1124 2148 1333 2203 initium
1361 2149 1623 2205 mensium
1656 2158 1712 2204 et
1736 2159 1897 2219 caput
1919 2151 2024 2205 cir-

470 2237 597 2301 culi,
628 2245 682 2291 et
712 2236 972 2291 absolutio
999 2253 1186 2293 cursus
1223 2240 1518 2305 stellarum,
1548 2254 1667 2309 qum
1691 2241 1937 2310 planetae,
1970 2243 2024 2297 id

468 2338 571 2393 est,
602 2344 750 2399 vaga:
777 2330 1044 2394 dicuntur,
1092 2344 1157 2385 ac
1184 2330 1304 2385 linis
1344 2346 1421 2385 xu
1461 2331 1738 2401 particula:
1765 2340 1821 2386 et
1858 2332 2025 2388 totius

470 2402 655 2476 circuli
704 2422 979 2476 terminus.
1033 2419 1311 2477 Manifesta
1360 2436 1489 2493 ergo
1540 2423 1747 2478 ratione
1790 2422 2027 2479 Auatllo-

469 2510 575 2565 lius
621 2512 953 2567 demonstrat
995 2513 1154 2566 istum
1183 2513 1530 2582 quadrantem
1569 2513 1625 2567 in
1648 2514 2026 2584 aequinoctium

468 2601 706 2664 vernale,
727 2601 868 2670 quod
887 2609 970 2656 est
996 2617 1093 2656 γιιι
1117 2601 1233 2656 Kal.
1257 2603 1452 2674 Aprilis
1472 2604 1763 2659 secundum
1785 2604 2026 2671 Latinos,

472 2691 567 2745 sed
610 2690 869 2745 tamenin
908 2690 1013 2745 line
1040 2707 1157 2746 vim
1184 2692 1303 2747 Kal.
1350 2693 1548 2763 Aprilis
1573 2694 1732 2750 debet
1758 2674 1895 2758 seri,
1927 2696 2029 2751 hoc

471 2790 577 2845 est,
613 2782 665 2837 in
696 2780 801 2845 line
830 2780 970 2839 anni.
988 2782 1278 2837 secundum
1318 2780 1568 2849 Latinos,
1597 2786 1722 2853 quia
1746 2797 2028 2854 propterea

474 2871 647 2927 Latini
682 2872 905 2927 initium
934 2874 1059 2927 anni
1086 2873 1291 2929 faciunt
1316 2874 1518 2931 abvml
1568 2876 1686 2932 Kal.
1716 2878 1934 2947 Aprilis,
1963 2893 2030 2933 eo

476 2963 619 3031 quod
645 2962 736 3016 illa
764 2963 850 3017 die
889 2961 1173 3019 luminaria
1198 2962 1339 3020 facta
1367 2965 1587 3023 sunt'sol
1620 2976 1677 3023 et
1703 2967 1843 3031 luna,
1871 2977 1927 3022 et
1949 2968 2030 3025 sic

476 3030 597 3105 linis
618 3050 759 3103 anni
795 3058 878 3105 est
903 3066 1020 3106 vim
1051 3051 1167 3107 Kal.
1212 3054 1437 3122 Aprilis;
1483 3064 1542 3109 et
1570 3030 1855 3125 propterea
1900 3073 2030 3112 con-
2051 3030 2100 3092 ο

475 3149 749 3197 currentes
771 3140 899 3197 solis
927 3150 981 3196 et
1006 3142 1294 3200 bissextilis
1320 3144 1436 3200 dies
1460 3145 1514 3198 in
1543 3160 1661 3198 γιιιι
1691 3144 1809 3199 Kal.
1855 3144 2026 3214 April.

475 3229 633 3301 positi
658 3231 1048 3294 inveniuntur.)

547 3321 979 3392 lnterrogandum
1027 3328 1111 3377 est
1152 3336 1327 3394 ergo,,
1352 3324 1454 3379 iste
1496 3323 1797 3394 quadrans,
1830 3324 1898 3380 de
1924 3340 2033 3396 quo

418 3459 425 3466 .
477 3409 746 3466 bissextus
781 3410 1038 3476 nascitur,
1070 3410 1123 3465 in
1152 3420 1297 3485 quot,
1320 3412 1451 3467 locis
1495 3414 1619 3468 anni
1662 3415 1869 3484 positus
1894 3415 2034 3471 dici-

481 3501 600 3554 tur?
627 3500 680 3553 in
706 3515 741 3553 v
765 3499 915 3563 locis,
938 3500 1230 3555 secundum
1250 3494 1465 3557 Gnaeos
1486 3503 1541 3557 in
1567 3494 1908 3572 aequinoctio,
1932 3504 2035 3575 hoc

480 3596 583 3653 est,
626 3588 681 3642 in
725 3587 823 3641 xu’
848 3587 962 3643 Kal.
998 3588 1224 3656 Aprilis;
1274 3591 1564 3654 secundum
1601 3592 1947 3652 Anatbolium
1975 3590 2032 3645 in
2099 3608 2105 3614 ’

480 3696 599 3736 vult
621 3680 736 3734 Kal.
767 3679 986 3750 Aprilis.
1015 3679 1105 3734 sed
1136 3680 1203 3763 in,
1222 3680 1327 3735 line
1360 3677 1497 3760 illius
1525 3682 1658 3745 diei,
1693 3684 1796 3739 hoc
1824 3691 1927 3748 est,
1952 3684 2036 3738 in-
2066 3672 2073 3684 ’

483 3780 565 3824 ter
588 3786 706 3825 vuu
732 3778 788 3825 et
801 3785 894 3824 γιιι
916 3764 1270 3839 Kal.Aprilis,
1292 3764 1431 3824 sicut
1456 3770 1717 3836 diximus;
1742 3772 2033 3829 secundum

481 3862 739 3917 lsidorum
782 3860 1050 3916 bissextus
1090 3858 1207 3915 dies
1233 3860 1429 3917 dicitur
1466 3861 1519 3915 in
1543 3878 1593 3915 γι
1621 3853 1799 3917 Nonas
1834 3858 2033 3928 Martii,

482 3961 543 4007 ut
564 3962 845 4023 propterea
860 3952 1136 4007 Bissextus
1161 3952 1450 4018 diceretur,
1468 3954 1620 4023 quasi
1646 3953 1730 4009 bis
1750 3970 1803 4011 γι
1834 3953 2032 4019 Nonas,

484 4043 538 4097 id
564 4052 648 4097 est
667 4058 720 4096 γι
744 4040 921 4097 Nonas
935 4024 1113 4107 Hodie,
1131 4050 1185 4097 et
1210 4058 1262 4096 vl
1279 4042 1456 4098 Nonas
1483 4059 1624 4102 cras.
1646 4045 1772 4103 Inde
1802 4044 2040 4101 Isidorus

487 4134 617 4189 dicit
636 4132 663 4172 ά
697 4151 710 4186 :
741 4151 761 4183 ι
788 4132 1084 4187 Bissextilis
1109 4133 1225 4187 dies
1250 4148 1282 4187 a
1301 4148 1353 4188 vl
1378 4131 1555 4188 Nonas
1582 4133 1757 4188 Martii
1787 4125 1955 4204 usque
1981 4136 2037 4189 in

2117 1814 2291 1856 annus
2334 1797 2574 1868 incipiat.
2610 1817 2628 1849 ι
2656 1796 2773 1863 Quo
2806 1795 3050 1864 exemplo
3093 1794 3377 1849 manifeste
3426 1793 3693 1863 colligitur

2116 1892 2261 1961 quod
2306 1892 2360 1945 in
2386 1890 2493 1944 line
2523 1889 2649 1944 anni
2685 1888 2977 1944 bissextilis
3026 1888 3141 1942 dies
3188 1887 3316 1957 poni
3346 1888 3525 1951 debet,
3568 1900 3693 1940 cum

2119 1981 2255 2037 dixit
2283 1998 2295 2034 :
2325 1989 2613 2049 antequam
2633 1980 2853 2047 quintus
2873 1979 3113 2046 incipiat.

2189 2070 2389 2125 Deinde
2425 2069 2567 2125 scire
2610 2083 2709 2123 nos
2750 2074 2962 2137 Oportet
2996 2075 3255 2137 quantum
3306 2067 3374 2122 dc
3412 2068 3516 2123 hoc
3555 2083 3692 2137 qua—

2120 2161 2313 2216 drante
2346 2160 2401 2214 in
2429 2174 2751 2229 unaquaque
2773 2159 2860 2213 die
2880 2173 2974 2229 per
3000 2166 3169 2212 totum
3197 2173 3420 2223 annum,
3449 2167 3505 2213 et
3525 2174 3692 2228 quan-

2122 2261 2236 2308 tum
2264 2252 2322 2308 in
2346 2267 2668 2322 unoquoque
2712 2265 2898 2306 mense
2921 2250 3136 2306 crescit.
3177 2251 3233 2304 In
3259 2267 3581 2321 unoquoque
3608 2251 3694 2306 die

2124 2350 2379 2398 crescunt
2398 2343 2515 2397 dure
2533 2351 2716 2413 partes
2737 2342 3013 2405 momenti,
3038 2349 3094 2396 ct
3121 2341 3200 2396 sic
3226 2342 3278 2395 in
3310 2342 3483 2397 tribus
3508 2343 3700 2398 diebus

2123 2435 2229 2491 duo
2257 2442 2528 2491 momenta
2542 2442 2812 2499 crescunt,
2830 2442 2884 2487 et
2907 2434 2965 2488 in
2983 2450 3035 2488 γι
3070 2433 3261 2488 diebus
3287 2449 3367 2488 ιιιι
3398 2439 3714 2499 momenta,-

2124 2527 2180 2582 in
2205 2542 2282 2581 xu
2306 2527 2496 2581 diebus
2518 2541 2617 2580 vui
2642 2534 2935 2590 momenta,
2965 2524 3017 2577 in
3044 2539 3163 2577 xllll
3193 2521 3284 2593 [F.
3320 2522 3469 2594 xxiv]
3497 2521 3687 2577 diebus

2125 2634 2215 2673 xvr
2258 2625 2562 2682 momenta,
2612 2624 2667 2671 et
2700 2616 2773 2670 ita
2812 2615 2866 2669 in
2910 2630 3018 2668 xxx
3062 2614 3249 2669 diebus
3275 2622 3330 2667 et
3372 2613 3426 2667 in
3471 2629 3505 2667 x
3546 2612 3701 2671 horis

2126 2715 2377 2763 crescunt
2420 2724 2488 2761 xx
2508 2734 2513 2743 ι
2534 2714 2822 2771 momenta,
2851 2705 2954 2761 hoc
2974 2713 3077 2770 est,
3109 2704 3328 2760 dimidia
3353 2706 3508 2769 hora,
3534 2714 3594 2760 et
3618 2703 3699 2761 sic

2129 2800 2183 2854 in
2216 2799 2389 2854 tribus
2414 2798 2691 2853 mensibus
2732 2779 2977 2867 trigenis,
3003 2797 3108 2852 hoc
3128 2803 3233 2861 est,
3257 2796 3309 2850 in
3342 2810 3406 2850 xc
3434 2796 3622 2851 diebus
3648 2805 3706 2850 et

2131 2903 2239 2943 uno
2277 2887 2363 2943 die
2400 2896 2457 2942 et
2480 2903 2531 2942 γι
2566 2886 2716 2942 boris
2742 2888 2940 2942 crescit
2971 2887 3103 2941 llora
3141 2894 3197 2941 et
3229 2886 3471 2941 dimidia.
3511 2885 3569 2940 ln
3605 2900 3701 2941 sex

2134 2986 2313 3033 autem
2357 2977 2632 3032 mensibus
2676 2976 2916 3046 trigonis,
2949 2962 3050 3031 boc
3078 2984 3182 3041 est,
3216 2976 3269 3029 in
3290 2975 3705 3045 binisllonage-

2132 3068 2238 3132 nis,
2260 3076 2315 3121 et
2337 3082 2375 3120 ιι
2403 3067 2592 3121 diebus
2614 3074 2668 3121 et
2696 3081 2770 3119 xll
2798 3066 2947 3119 horis
2974 3072 3225 3119 crescunt
3247 3080 3307 3118 ιιι
3331 3060 3499 3119 bene.
3532 3062 3699 3118 Simi-

2130 3143 2254 3210 liter
2278 3146 2334 3209 et
2360 3146 2413 3209 in
2442 3154 2561 3209 aliis
2587 3153 2861 3209 mensibus
2889 3151 3133 3223 trigenis,
3180 3153 3333 3222 quasi
3374 3153 3601 3208 fuissent
3622 3161 3702 3208 tot

2131 3245 2328 3315 trigeni
2352 3252 2408 3301 et
2440 3245 2649 3300 duobus
2677 3244 2863 3300 diebus
2890 3251 2943 3298 et
2970 3259 3043 3298 xu
3088 3245 3256 3307 horis,
3292 3254 3543 3299 crescunt
3586 3245 3704 3299 aliae

2134 3346 2244 3393 tres
2274 3338 2442 3401 horai,
2472 3328 2527 3389 et
2550 3336 2905 3391 siwescunt
2942 3350 3036 3389 sex
3064 3334 3208 3390 horre
3230 3333 3563 3404 quadrantis,
3595 3336 3699 3390 hoc

2132 3436 2242 3494 est,
2270 3436 2462 3498 quarta
2506 3443 2632 3497 pars
2657 3427 2763 3481 diei
2799 3424 3059 3480 naturalis
3082 3425 3279 3480 crescit
3315 3440 3414 3494 per
3448 3440 3519 3479 xu
3550 3439 3703 3478 men-

2136 3534 2246 3586 ses,
2273 3520 2327 3575 id
2352 3528 2455 3585 est,
2494 3534 2592 3588 per
2626 3529 3059 3585 unumquemque
3082 3530 3282 3568 annum
3320 3514 3386 3569 de
3414 3530 3495 3569 uu
3516 3515 3701 3588 annis,

2134 3614 2189 3661 et
2226 3607 2308 3661 sic
2334 3614 2566 3675 quatuor
2585 3605 2738 3659 annis
2769 3602 3067 3671 completis,
3098 3610 3153 3655 et
3178 3610 3409 3671 quatuor
3436 3603 3706 3673 quadran-

2136 3694 2279 3750 tibus
2303 3693 2541 3749 collectis
2583 3693 2636 3747 in
2665 3691 2769 3746 line
2792 3692 2970 3760 quarti
2996 3690 3144 3755 anni,
3172 3698 3457 3759 antequam
3479 3690 3700 3761 quintus

2136 3786 2377 3855 incipiat,
2403 3785 2697 3842 bissextilis
2735 3784 2851 3839 dies
2885 3784 3148 3854 pervenit.
3193 3782 3478 3854 ﬂuensque
3507 3783 3575 3839 de
3596 3783 3706 3841 bis-

2137 3885 2311 3934 sexto.
2339 3901 2343 3904 ν

2200 4017 2361 4073 mm
2397 4016 2606 4073 suun
2637 4016 3121 4073 ARGUMENTUM
3160 4017 3246 4071 DE
3284 3991 3639 4077 BISSEXTO.

2210 4147 2267 4202 Si
2313 4148 2479 4205 nosse
2523 4147 2607 4201 vis
2659 4145 2925 4215 quomodo
2972 4135 3066 4200 ille
3111 4143 3385 4213 quadrans
3444 4146 3710 4204 naturalis

487 4227 628 4283 diem
661 4226 831 4297 pridie
868 4224 1223 4280 Kalendarum
1265 4222 1638 4281 Januariarum
1685 4224 1866 4284 curaui
1903 4226 2041 4282 luna:
2143 4236 2352 4311 [SuppL
2387 4234 2461 4308 γι]
2492 4236 2767 4300 horarum,
2795 4235 2886 4305 qui
2916 4250 3012 4304 per
3040 4243 3209 4302 totum
3258 4248 3459 4302 annum
3490 4236 3709 4301 crescit,

487 4320 771 4391 opponitur
790 4318 975 4391 [Beda,
1001 4318 1055 4372 in
1083 4317 1219 4372 lunai
1239 4316 1747 4390 cursu-apponitur].
1784 4338 1803 4371 ι
1838 4317 2039 4374 Secuu-
2069 4365 2123 4426 .
2146 4333 2402 4396 quantum
2423 4326 2565 4381 deeo
2586 4325 2639 4379 in
2658 4339 2980 4395 unoquoque
3000 4324 3085 4380 die
3100 4332 3153 4378 et
3175 4333 3287 4377 tum
3310 4322 3364 4378 in
3390 4339 3713 4403 unoquoque

490 4412 616 4467 dum
642 4410 920 4481 Egyptios
942 4419 1121 4466 autem
1142 4409 1411 4465 bissest
1434 4410 1484 4464 in
1513 4426 1591 4465 ιιιι
1616 4409 1879 4466 Kalendas
1899 4425 2042 4465 sem-
2064 4409 2121 4477 ."
2144 4433 2329 4474 mense
2379 4410 2631 4474 crescere
2672 4416 3003 4487 intelligitur,
3055 4416 3127 4470 ita
3165 4415 3608 4478 animadvertere,
3656 4421 3714 4469 et

491 4518 589 4573 per
617 4500 993 4573 [Septembris]
1030 4501 1268 4569 ponitur.
1312 4500 1415 4556 hoc
1442 4507 1545 4565 est.
1578 4501 1631 4556 in
1675 4500 1779 4556 ﬁne
1808 4500 1933 4556 anni
1960 4514 2042 4577 εε-
2144 4494 2471 4580 investigare
2500 4510 2780 4580 diligenter
2803 4508 2985 4563 debes.
3016 4505 3073 4561 Si
3111 4507 3256 4574 enim
3287 4507 3470 4561 dicunt
3492 4504 3584 4577 [ιτ.
3616 4502 3711 4559 Sic

376 4614 383 4623 -
492 4569 728 4645 cundum
749 4569 1043 4659 Egyptios.
1062 4587 1298 4659 Egyptii
1320 4589 1461 4643 enim
1487 4590 1808 4660 principium
1835 4589 1961 4643 anni
1982 4573 2043 4643 lu

2143 4603 2288 4658 enim
2342 4603 2636 4673 dicuntur]
2682 4612 2738 4657 et
2775 4602 3197 4671 iuvestigantur,
3248 4601 3410 4671 quod
3442 4580 3562 4665 dua:
3595 4606 3713 4651 .ter-
3804 4569 3818 4585 0

495 4681 755 4737 Kalendas
803 4680 1131 4751 Septembris
1177 4680 1402 4745 habent;
1441 4680 1735 4736 secundum
1774 4680 2047 4737 Romanos
2146 4692 2234 4748 tim
2272 4701 2454 4762 partes
2488 4690 2743 4748 momenti
2782 4690 2835 4743 in
2876 4689 3022 4743 omni
3062 4690 3148 4744 die
3185 4689 3525 4759 colliguntur.
3556 4693 3610 4739 et
3635 4685 3711 4739 ita

494 4782 699 4840 autem,
728 4782 783 4829 et
808 4774 1097 4829 secundum
1125 4774 1501 4828 auctoritatem
1523 4771 1649 4827 Julii
1674 4773 1903 4831 Cmsaris
1935 4774 2048 4831 bis-

2153 4784 2209 4841 in
2241 4784 2414 4840 tribus
2440 4784 2628 4838 diebus
2658 4796 2696 4834 ιι
2726 4787 3016 4843 momenta,
3051 4780 3105 4857 in
3131 4795 3181 4834 γι
3218 4778 3406 4833 diebus
3431 4791 3533 4837 ull.
3558 4774 3612 4828 in
3634 4790 3711 4829 ιιι

493 4878 677 4923 sextus
720 4868 776 4922 in
802 4882 856 4921 γι
888 4866 1009 4923 Kal.
1042 4867 1216 4921 Martii
1252 4868 1501 4937 ponitur,
1545 4865 1665 4920 inde
1696 4866 1750 4920 in
1773 4864 2049 4924 Maerobio
2150 4888 2269 4939 viil,
2298 4873 2354 4929 in
2375 4888 2532 4929 x-xllll
2576 4885 2687 4930 xvr,
2733 4868 2787 4921 in
2829 4884 2934 4933 xxx
2963 4876 3137 4925 autem
3166 4866 3369 4924 diebus,
3398 4872 3453 4919 et
3478 4864 3532 4917 in
3553 4878 3587 4916 x
3614 4863 3712 4917 bo-

492 4958 691 5029 legitur
728 4968 792 5013 οι
822 4976 842 5009 ι
874 4957 1044 5015 Julius
1069 4959 1248 5015 Caesar
1287 4958 1477 5014 statuit
1500 4965 1560 5012 ut
1587 4973 1667 5012 llu
1702 4971 1844 5011 anno
1871 4972 2051 5015 sacer-

498 5049 650 5105 dotes
672 5047 761 5125 qui
784 5047 1045 5105 curabant
1072 5049 1344 5110 mensibus
1369 5057 1425 5105 et
1451 5048 1658 5112 diebus,
1684 5061 1852 5103 unum
1881 5046 2051 5104 inter-

569 5255 597 5285 ι
616 5243 875 5299 Videntur
901 5240 1075 5299 aliqua
1102 5240 1317 5296 deesse.

573 5313 603 5355 δ
627 5312 802 5367 verba
824 5308 1271 5379 ,Anatboliivide
1310 5310 1450 5379 apud
1488 5310 1719 5379 Euseb,
1744 5308 1879 5379 nisi.
1918 5308 2057 5363 libm

506 5517 608 5655 di;
792 5514 1083 5583 Petavium,
1111 5512 1253 5572 tom.‘
1273 5515 1311 5578 l,
1344 5512 1530 5580 libfvr,
1559 5517 1626 5573 de
1654 5517 1834 5571 Doctr.
1868 5524 2054 5586 temp.,

510 5602 554 5637 ε.
612 5623 626 5638 ο
719 5622 733 5637 .
1234 5620 1237 5621 ν
1740 5622 1741 5625 π

510 5602 626 5638 (κω.
651 5602 733 5637 ‘I'l.
1234 5620 1237 5621 ν
1740 5622 1741 5625 η

2153 4963 2230 5017 ris
2258 4979 2329 5021 xx
2354 4968 2619 5018 momenta
2635 4956 2979 5028 colliguntur,
3006 4957 3059 5012 id
3083 4953 3430 5021 estrdimidia
3459 4953 3610 5022 liora.
3637 4952 3711 5007 Et

2108 5060 2109 5063 ‘
2153 5052 2234 5109 sic
2260 5051 2316 5108 in
2344 5051 2515 5109 tuibus
2536 5046 2812 5109 mensibus
2840 5045 3139 5115 trigeuisct
3162 5056 3268 5098 una
3288 5042 3375 5097 die
3394 5049 3462 5096 et
3478 5056 3532 5095 vl
3565 5039 3717 5097 boris

2222 5248 2250 5288 δ
2278 5246 2594 5314 Discrepant
2614 5243 2777 5314 verba
2806 5240 2989 5314 lsidogi
3020 5239 3076 5293 in
3088 5238 3326 5314 editione
3350 5236 3415 5291 Β.
3427 5236 3715 5314 ριιΑΒιιειιιι,

2154 5318 2251 5373 ubi
2268 5313 2341 5369 ita
2362 5305 2611 5383 leguntur
2635 5313 2701 5368 de
2722 5312 2921 5386 Natura
2942 5310 3241 5386 ἰδέη-,χροιὴ
3272 5308 3326 5368 6,
3348 5305 3567 5386 p.238:
3600 5305 3718 5386 Bis-

2156 5370 2330 5442 ἱῖωιιω
2357 5370 2527 5438 auiam
2555 5399 2587 5435 ιι
2617 5393 2763 5437 sexto
2793 5380 2916 5438 Kal.
2948 5370 3127 5435 Martii
3156 5370 3320 5446 ιὶέμη
3344 5370 3415 5425 ῑιά
3440 5370 3577 5425 diem
3610 5375 3718 5440 pri-

2156 5457 2242 5509 die
2310 5450 2669 5507 Kalendarum
2721 5451 3005 5507 Iuniarum
3044 5446 3115 5501 .in
3153 5446 3290 5499 (una
3343 5458 3498 5495 cursu
3552 5458 3714 5509 appo-

2159 5525 2267 5579 nilu
2275 5539 2317 5574 r.

2232 5604 2255 5631 ο
2286 5590 2437 5659 Apud
2462 5587 2678 5643 Bedam.
