4266 6198
614 275 745 332 1005

1443 276 1502 326 Β.
1545 273 1603 327 r.
1641 271 1868 326 ALBINI
1907 270 2036 326 seu
2075 245 2346 326 ALCUINI
2379 246 2663 329 erantin
2698 275 2876 332 rans
2910 275 3036 334 vui.

3684 268 3820 331 1004

608 389 887 463 Alcuinum
918 385 1086 463 magis
1103 425 1116 451 ,
1149 383 1299 463 cujus
1324 386 1484 463 etiam
1511 399 1704 463 nomen
1730 380 2164 463 praeferthquam
2190 407 2240 463 Α
2269 400 2385 463 rum
2415 398 2479 438 ac
2500 386 2921 463 testimoniorum
2943 388 3175 463 pondere
3194 388 3426 463 lih_rav_it,
3451 399 3508 444 ut
3535 389 3728 463 mirum
3743 392 3822 463 _sit

608 458 675 510 ad
714 457 871 510 alium
911 452 1138 523 aliquem
1181 456 1325 510 illius
1364 455 1462 510 τενὶ
1508 452 2158 523 scripturfcmpertinere;

611 526 910 593 nullamque
935 522 1147 578 causam
1186 540 1278 579 seu
1325 525 1584 578 rationem
1621 522 1848 593 proferri
1875 537 2048 590 posse,
2083 522 2163 593 ob

608 611 766 662 quam
796 590 999 647 ve1usto
1027 594 1225 648 codicis
1254 594 1524 662 scriptori,
1555 594 1645 659 qui
1669 592 1918 645 Albinum
1944 607 2035 645 seu
2050 590 2162 662 ΔΑΙ-

608 659 820 717 cuinum
867 671 1141 716 auctorem
1188 659 1454 725 nominat,
1503 661 1634 713 ﬁdes
1681 662 1989 729 denegetur.
2037 659 2164 726 Quai

610 733 712 784 duo
743 741 1002 786 momenta
1035 733 1094 784 D.
1125 732 1458 786 Mabillonius
1497 739 1605 784 tam
1633 730 1782 800 gravi
1818 738 2161 800 argumento-

2266 454 2442 536 virum
2471 454 2603 508 alias
2628 456 2841 536 doctum
2867 454 3226 536 a_c_’erudi_tu_m
3253 454 3663 536 D._§asnagiun_i
3683 461 3826 536 _a_t_|eo

2340 527 2504 596 tuisse
2528 527 2761 596 partium
2799 527 2977 596 studio
3001 527 3204 596 abripi,
3243 538 3300 582 ut
3327 529 3414 583 illa
3441 527 3584 584 tonio
3611 529 3652 583 ll
3683 529 3819 584 Hist.

2340 538 2504 578 tuisse
2569 538 2761 578 artium
2799 538 2977 580 studio
3001 538 3204 596 abripi,
3243 538 3300 582 ut
3327 538 3414 583 illa
3441 539 3584 584 tomo
3611 538 3652 583 ll
3683 538 3819 584 Hist.

2265 538 2497 664 ﬁdes”
2527 539 2622 646 Rh.
2652 611 2741 656 xv,
2771 610 2889 664 cap.
2921 595 2974 660 7,
3006 597 3256 652 alleviare
3282 608 3565 654 conaretur
3597 613 3819 664 respon-

2267 662 2676 783 giitliltliéllirtilsscerte
2702 662 2906 720 levibus
2933 676 3090 735 atque
3119 667 3366 733 intirmis,
3395 683 3529 738 quas
3554 668 3667 723 suis
3685 662 3827 722 locis
3871 733 3874 736 η

2304 746 2547 785 iiuemus.

1341 966 1548 1081 DE‘
1601 967 2557 1083 CONFESSIONE
2631 971 3110 1117 'FIDEI,‘

1007 1205 1116 1279 1D
1191 1201 1379 1279 EST
1452 1200 1581 1275 DE
1655 1198 1923 1275 EJUS,
1970 1195 2676 1287 ANTIQUITATE
2753 1188 3420 1282 ET'AUCTORE

1159 1391 1540 1535 55mm.
1637 1379 2410 1544 ﬁtabiltonii
2493 1380 3265 1556 nisquisitio.

679 1758 829 1798 nunc
853 1740 984 1794 1656
1007 1741 1195 1794 Petrus
1232 1736 1553 1791 Franciscus
1579 1732 1878 1787 Chimetius
1916 1729 1972 1784 S.
2003 1729 2051 1784 J.
2085 1728 2169 1781 vir
2200 1733 2244 1792 Β
2272 1727 2481 1822 titulum
2532 1728 2816 1790 recentiori
2866 1752 3025 1794 manu
3067 1753 3126 1797 et
3165 1756 3464 1804 atramento
3495 1755 3823 1822 suppositum

612 1836 820 1897 doctus,
850 1830 1069 1885 Divione
1099 1828 1240 1898 typis
1273 1825 1542 1880 mandavit
1571 1822 1902 1892 Scriptorum
1930 1831 2171 1874 veterum

611 1917 676 1983 de
708 1926 835 1983 Fide
874 1923 1132 1978 catholica
1161 1919 1414 1990 opuscula
1453 1916 1710 1986 quinque,
1752 1915 1806 1968 in
1838 1910 2032 1981 quibus
2058 1908 2170 1979 pri-

613 2035 757 2075 mum
803 2018 977 2072 locum
1022 2020 1163 2068 tenet
1204 2010 1408 2065 Alcuini
1448 2006 1715 2074 Confessio
1757 2002 1908 2055 Fidei
1946 2016 2074 2054 suat.
2113 1998 2171 2051 In

609 2109 711 2165 hoc
739 2119 899 2176 opere
939 2111 1126 2157 auctor
1150 2099 1364 2169 scriptis
1405 2080 1568 2149 tradit
1594 2093 1720 2162 quid
1744 2091 1942 2147 sentiat
1973 2090 2037 2143 de
2061 2087 2171 2141 Deo

611 2212 718 2252 uno
743 2203 797 2250 et
822 2194 982 2256 trino,
1015 2192 1079 2245 de
1106 2185 1477 2243 Incamatione
1499 2199 1561 2238 ac
1590 2184 1654 2237 de
1680 2179 2049 2262 sacramentis,
2080 2177 2172 2231 de—

610 2303 715 2358 que
738 2285 857 2341 aliis
880 2280 1151 2352 religionis
1177 2285 1373 2332 nostra:
1403 2272 1699 2344 principiis,
1726 2279 1781 2324 et
1805 2269 2033 2358 maxime
2057 2265 2173 2358 qui-

611 2356 729 2432 dem
766 2376 830 2429 de
875 2370 1233 2432 Eucharistia,
1278 2367 1366 2421 ubi
1412 2365 1568 2418 fidem
1609 2360 1860 2416 Ecclesia:
1903 2356 2172 2410 catholicae

609 2464 910 2521 clarissime
935 2459 1184 2528 explicat.

679 2558 755 2610 Ex
795 2556 893 2608 lioc
931 2563 1089 2620 opere
1127 2546 1480 2616 fragmentum
1517 2542 1580 2595 de
1614 2537 1947 2594 Eucharistia
1983 2551 2170 2590 excer-

612 2645 736 2714 psit,
785 2642 875 2712 qui
914 2638 1143 2693 cilicium
1178 2631 1500 2690 sanctissimi
1538 2627 1858 2684 sacramenti
1896 2624 2175 2680 adornavit

613 2720 750 2789 anno
783 2733 936 2795 {659,
974 2731 1132 2797 idque
1165 2724 1373 2779 Alcuini
1415 2722 1626 2776 nomine
1663 2717 2010 2788 praetitulavit
2037 2733 2050 2768 :
2082 2714 2174 2768 sed

615 2837 788 2878 tamen
821 2822 873 2874 in
903 2819 1043 2873 notis
1074 2818 1184 2871 suis
1210 2814 1388 2868 varias
1416 2810 1635 2883 protulit
1660 2805 2016 2875 conjecturas,
2052 2806 2172 2874 qui-

613 2916 714 2969 bus
743 2914 950 2968 sincere
977 2908 1261 2964 conﬁtetur
1296 2903 1497 2960 moveri
1529 2917 1616 2965 se,
1663 2909 1721 2954 ut
1763 2914 1828 2954 ne
1865 2914 1998 2970 opus
2033 2896 2176 2952 istud

612 3006 836 3060 Alcuino
866 3009 1174 3057 constanter
1198 2996 1453 3052 ascribat.

2269 1818 2434 1875 fuisse
2461 1821 2715 1905 locum
2756 1827 2996 1910 alterius,
3024 1831 3114 1902 qui
3154 1836 3318 1891 minio
3364 1818 3661 1910 descriptus
3684 1837 3826 1909 erat,

2268 1911 2348 1964 uti
2359 1911 2591 2002 vestigia
2619 1914 2804 1973 relicta
2829 1925 3112 1978 testantur.
3145 1925 3406 1995 Tertium,
3444 1931 3602 2000 hujus
3617 1934 3830 2002 codicis

2268 1998 2585 2092 scripturam
2627 2005 2881 2064 accedere
2919 2011 2987 2064 ad
3019 2027 3191 2068 aevum
3219 2015 3393 2073 Caroli
3425 1998 3620 2091 Magni,
3647 2037 3823 2092 neque

2267 2088 2464 2144 saiculo
2500 2107 2640 2147 nono
2663 2099 3012 2163 posteriorem
3047 2103 3245 2172 videri;
3271 2122 3497 2180 eamque
3516 2088 3629 2180 iper
3653 2088 3824 2169 totum

2269 2195 2402 2249 opus
2422 2183 2680 2252 aequalem
2721 2203 2857 2254 esse,
2884 2201 3078 2261 praeter
3105 2197 3380 2253 duodecim
3405 2209 3675 2257 extremos
3702 2217 3827 2258 ver-

2269 2283 2378 2332 sus,
2404 2272 2494 2340 qui
2524 2272 2760 2330 dilutiori
2787 2286 3086 2339 atramento
3112 2287 3317 2342 exarati
3358 2297 3500 2344 sunt.
3546 2291 3822 2358 Quartum,

2269 2359 2517 2415 Chiﬂletii
2534 2364 2819 2422 editionem
2839 2371 3039 2438 Optime
3065 2390 3186 2428 cum
3206 2379 3497 2448 exemplari
3518 2383 3825 2449 convenire,

2237 2507 2242 2517 ἴ
2270 2465 2321 2547 si
2348 2453 2559 2547 minuta
2585 2455 2828 2542 qumdam
2857 2470 3035 2515 errata
3062 2467 3321 2547 excipias,
3348 2485 3468 2537 quae
3496 2471 3550 2524 in
3582 2479 3828 2544 typogra-

2269 2539 2426 2608 phica
2450 2539 2610 2610 epeia
2639 2547 2828 2601 cadere
2855 2564 3073 2608 necesse
3097 2563 3198 2609 est.
3225 2539 3322 2612 Hic
3352 2560 3481 2614 satis
3507 2539 3824 2617 miliifuerit

2272 2644 2430 2698 agere
2468 2633 2532 2686 de
2579 2634 2731 2690 titulo
2771 2653 2835 2692 ac
2873 2641 2938 2694 de
2979 2644 3295 2714 antiquitate
3334 2651 3540 2718 operis,
3567 2669 3688 2722 quae
3723 2654 3828 2710 duo

2270 2722 2606 2792 potissimum
2642 2727 2694 2780 in
2725 2730 3141 2789 controversiam
3167 2738 3406 2793 veniunt.
3435 2741 3828 2814 Antiquitatem

2271 2814 2505 2955 plrimum
2531 2819 2775 2885 expedio,
2804 2820 2868 2874 de
2900 2825 3135 2880 auctoris
3162 2828 3373 2884 nomine
3397 2833 3676 2901 posteriori
3711 2834 3831 2890 loco

2315 2901 2533 2955 icturus.

2315 2901 2533 2959 icturus.

685 3096 831 3149 lianc
857 3091 1243 3147 dubitationem
1268 3102 1367 3158 pro
1394 3100 1521 3140 vera
1547 3092 1708 3153 atque
1729 3081 2022 3136 indubitata
2052 3073 2173 3135 sen-
2200 3063 2249 3125 C
2282 3154 2313 3158 Ἀ
2344 3065 2476 3158 Eam
2501 3068 2691 3158 probat
2717 3051 2980 3139 imprimis
3006 3075 3376 3134 cbaracterum
3399 3081 3675 3152 elegantia,
3700 3099 3836 3154 qua-

617 3186 781 3243 tcntia
819 3188 1142 3252 exceperunt
1187 3176 1493 3234 Calvinista:
1537 3193 1550 3228 :
1594 3189 1729 3244 quos
1771 3172 1910 3225 inter
1949 3170 2180 3226 Joannes

618 3272 848 3326 Dallznus
873 3251 1255 3323 DiSsertatione
1288 3265 1542 3334 singulari
1569 3263 1797 3333 probare
1827 3269 2048 3316 conatus
2075 3268 2178 3325 est,

620 3364 758 3417 hanc
801 3357 1198 3414 Confessioneni
1240 3346 1344 3408 non
1389 3368 1508 3407 esse
1551 3352 1779 3416 Alcuini,
1823 3349 1916 3404 sed
1963 3350 2182 3404 alterius

618 3449 851 3505 auctoris
877 3454 1061 3501 sancto
1091 3442 1341 3498 Anselmo
1364 3440 1694 3511 posterioris,
1725 3454 1842 3508 quae
1869 3437 2183 3492 Dissertatio

618 3543 899 3612 posthuma
930 3539 1028 3592 hoc
1050 3536 1164 3605 ipso
1186 3549 1326 3588 anno
1345 3531 1660 3601 Rothomagi
1684 3527 1883 3612 prodiit
1905 3529 1960 3583 in
1987 3529 2178 3583 lucem.

685 3630 862 3685 Lectis
891 3625 1217 3698 argumentis
1247 3638 1366 3693 quae
1407 3637 1528 3676 cum
1567 3623 1618 3673 in
1652 3620 2017 3680 natationibus
2048 3634 2182 3689 pra:-

625 3717 801 3780 dictis,
836 3725 946 3768 tum
978 3715 1044 3767 .in
1077 3711 1256 3766 Dallmi
1295 3709 1796 3779 Dissertationehca
1826 3708 1889 3762 de
1927 3722 1982 3760 re
2009 3705 2183 3776 profe-

622 3816 835 3870 runtur,
866 3805 1041 3857 visunt
1069 3810 1150 3855 est
1176 3799 1304 3854 mihi
1330 3813 1392 3852 ea
1429 3798 1606 3852 omnia
1643 3796 1783 3850 facili
1816 3793 2182 3864 negotio-dilui

623 3915 685 3954 ac
725 3896 922 3952 revinci
965 3908 1140 3964 posse,
1184 3891 1435 3945 nimirum
1474 3889 1583 3942 sola
1629 3886 1952 3956 inspectione
1989 3884 2185 3938 veteris

624 3989 822 4045 codicis
860 3988 948 4056 qui
989 3984 1253 4041 Chil‘ﬂetio
1295 3981 1413 4036 usui
1455 3979 1553 4032 fuit
1588 3997 1598 4029 :
1633 3976 1895 4044 siquidem
1933 3989 2054 4027 cum
2095 3973 2184 4025 Al-

622 4080 765 4136 cuini
791 4086 945 4133 aetate
977 4076 1057 4146 (ut
1097 4076 1209 4145 ipse
1243 4070 1544 4128 Chifﬂetius
1581 4067 1780 4139 censet)
1810 4082 1969 4120 manu
1998 4081 2185 4120 exara-

625 4182 763 4236 tnin,
802 4171 1038 4239 adeoque
1078 4167 1246 4236 ipsius
1282 4158 1492 4218 Alcuini
1533 4161 1745 4215 nomine
1775 4158 2024 4228 primitus
2058 4157 2185 4212 insi-

625 4259 829 4330 gnitum
873 4258 1037 4313 fuisse
1063 4263 1306 4312 constet.
1353 4254 1704 4322 Quapropter,
1746 4251 1872 4320 quia
1909 4249 2186 4304 Confessio

2282 3154 2347 3244 lis
2385 3155 2559 3211 Caroli
2607 3157 2778 3228 Magni
2826 3175 2940 3216 aevo
2978 3174 3192 3233 recepta
3219 3177 3345 3223 .erat
3369 3185 3382 3224 :
3410 3180 3519 3226 tum
3554 3173 3833 3244 scripturae

2277 3243 2449 3298 forma
2478 3246 2849 3317 scribendique
2879 3251 3082 3316 modus,
3107 3256 3246 3323 quod
3269 3266 3553 3329 utrumque
3579 3243 3834 3318 saeculum

2279 3349 2476 3388 nonum
2507 3337 2644 3404 sapit
2671 3336 2746 3409 (a)
2769 3340 2806 3390 '.
2846 3339 2957 3395 lloc
2991 3355 3380 3413 argumentum,
3419 3351 3629 3405 tametsi
3663 3367 3829 3406 unum

2280 3422 2508 3478 sufﬁciat
2529 3425 2595 3480 ad
2636 3426 3102 3486 demonstrandam
3129 3435 3287 3490 istius
3323 3439 3502 3507 aperis
3538 3440 3830 3509 antiquita-

2283 3525 2422 3581 tem;
2454 3515 2506 3569 id
2532 3523 2711 3579 tamen
2740 3517 2900 3573 habet
2924 3520 3267 3591 incommodi,
3301 3524 3442 3595 quod
3466 3543 3530 3582 eo
3551 3543 3657 3583 non
3681 3544 3835 3598 mque

2280 3614 2598 3661 moveantur
2616 3622 2820 3662 omnes.
2839 3607 2970 3664 Cum
2992 3613 3136 3666 enim
3157 3629 3262 3668 non
3281 3630 3345 3670 ex
3368 3618 3631 3671 communi
3651 3631 3836 3684 sensu.

2280 3707 2372 3752 aut
2399 3712 2466 3751 ex
2497 3699 2723 3763 ratione,
2753 3701 2844 3754 sed
2868 3715 2933 3754 ex
2961 3703 3237 3758 oculorum
3261 3707 3462 3775 judicio
3494 3716 3549 3762 et
3571 3708 3833 3764 librorum

2280 3786 2620 3856 antiquorum
2664 3804 2762 3843 usu
2803 3798 2963 3860 atque
3009 3792 3230 3848 scientia
3280 3796 3536 3864 pendeat;
3579 3796 3639 3851 fit
3681 3804 3741 3850 ut
3785 3796 3835 3851 el

2282 3877 2438 3933 ﬁdem
2463 3895 2602 3950 aegre
2630 3883 3032 3938 accommodent
3075 3886 3185 3940 sive
3212 3887 3287 3940 rei
3317 3889 3630 3957 anfiquaria!
3655 3889 3844 3959 petiti.

2281 3971 2325 4024 si
2356 3971 2594 4026 codicem
2638 3989 2741 4026 non
2769 3974 3028 4041 viderint;
3063 3977 3174 4031 sive
3199 3979 3287 4047 qui
3320 3979 3371 4032 in
3394 3979 3654 4049 ejusmodi
3675 3981 3833 4042 rebus

2281 4063 2477 4117 versati
2520 4074 2623 4118 non
2667 4073 2808 4130 sunt,
2839 4067 3048 4123 etiamsi
3090 4070 3336 4124 viderint.
3378 4071 3474 4126 Cui
3507 4056 3714 4143 'dnplici
3752 4072 3834 4127 in-

2283 4154 2560 4210 commodo
2606 4167 2663 4210 ut
2710 4159 3011 4225 occurram,
3042 4163 3162 4216 unis
3208 4163 3446 4218 codicem
3493 4163 3832 4230 Boerianmn,

2283 4244 2373 4313 qui
2397 4246 2554 4300 modo
2578 4263 2740 4315 penes
2762 4264 2859 4302 nos
2884 4259 2984 4314 est,
3008 4251 3318 4306 intuendum
3341 4264 3396 4307 et
3420 4256 3833 4309 examinandum

628 4339 726 4404 ista
755 4349 930 4419 magni
970 4346 1222 4403 momenti
1260 4353 1342 4399 est
1375 4345 1442 4399 ad
1469 4341 1811 4409 illustrandas
1837 4338 2186 4393 Eucharistite
2216 4397 2261 4419 ἢ
2283 4333 2449 4390 offero
2473 4353 2486 4387 :
2509 4335 2692 4391 alteris
2733 4339 2960 4393 exhibeo
2990 4341 3280 4408 peritorum
3316 4343 3552 4397 virorum
3593 4344 3835 4399 testimo-

626 4437 1040 4498 controversias,
1078 4434 1198 4490 dedi
1238 4450 1454 4504 operam
1499 4443 1558 4488 ut
1594 4433 1915 4502 praedictum
1949 4431 2184 4486 codicem

627 4527 859 4581 nancisci
897 4535 950 4581 et
992 4525 1254 4595 inspicere
1295 4520 1422 4578 mihi
1455 4518 1640 4577 liceret
1672 4541 1684 4576 :
1727 4521 2043 4589 tandemque
2072 4521 2189 4574 dili-

627 4617 802 4689 gentia
829 4617 896 4669 Β.
929 4616 989 4669 Ρ.
1022 4615 1222 4670 domini
1253 4612 1459 4668 Claudii
1490 4612 1770 4683 Brctagne,
1800 4613 1852 4666 in
1882 4611 2187 4666 Divionensi

628 4706 799 4761 sancti
838 4703 1059 4773 Benigni
1089 4705 1332 4758 cmvrobio
1358 4704 1576 4773 prioris,
1618 4711 1863 4774 repertus
1890 4710 1971 4758 est
2012 4703 2078 4763 in,
2110 4703 2187 4756 in-

625 4795 764 4861 signi
809 4793 1131 4848 bibliotheca
1181 4791 1526 4864 illustrissimi
1562 4792 1789 4864 .Boerii,
1841 4792 1894 4844 in
1939 4806 2185 4860 supremo

627 4890 814 4936 senatu
840 4881 1146 4936 Divionensi
1184 4882 1446 4950 praesidis,
1476 4897 1592 4950 qua:
1622 4883 1937 4952 praeclarum
1963 4882 2065 4936 hoc
2093 4897 2188 4935 an—

621 4971 894 5042 tiquitatis
917 4974 1164 5043 κιιμήλιον
1188 4972 1340 5026 nobis
1368 4961 1657 5026 liberaliter
1681 4971 2056 5027 commodavit.

697 5060 854 5131 371
900 5059 1262 5136 Aeeeptohoc
1285 5059 1575 5128 exemplari
1605 5075 1668 5114 ac
1702 5060 1983 5130 diligenter
2007 5061 2187 5128 inspe-

632 5160 736 5215 cto,
763 5157 992 5220 quatuor
1039 5149 1239 5203 adverti
1270 5151 1399 5205 mihi
1442 5150 1656 5222 penitus
1701 5150 1985 5217 conspicua
2029 5159 2189 5217 atque

633 5241 868 5308 probata.
896 5227 1134 5294 Primtim
1159 5246 1262 5302 est,
1284 5244 1495 5294 tltuluin
1520 5256 1610 5295 seu
1635 5238 2037 5307 inscriptionem
2067 5253 2189 5308 ope—

636 5331 728 5394 ris,
755 5339 867 5384 tum
893 5329 946 5383 in
975 5329 1149 5400 primo
1175 5326 1302 5382 folio
1325 5343 1512 5387 vacuo.
1542 5337 1652 5383 tum
1684 5328 1735 5382 in
1765 5325 1940 5381 fronte
1961 5326 2083 5381 libri
2108 5326 2185 5381 sic

635 5433 694 5474 se
738 5422 1167 5476 habere:Albini
1208 5418 1480 5488 Confessio
1518 5418 1690 5496 Fidei.
1742 5420 2015 5492 Alterum,
2047 5423 2188 5477 hunc

706 5532 722 5548 ‘
742 5528 854 5600 _His
880 5532 1276 5600 adnotationum
1296 5530 1462 5600 signis
1484 5540 1765 5585 revocatur
1783 5534 1950 5588 lector
1975 5532 2041 5585 ad
2063 5520 2165 5584 Ani

640 5596 1057 5654 madversionem
1081 5599 1328 5660 Frobenii
1348 5596 1606 5653 adversus
1635 5600 1899 5654 Censuras
1918 5601 2186 5669 Basnagii,

2213 4397 2262 4456 D

2285 4425 2432 4478 nium
2476 4426 2566 4494 qui
2611 4425 2678 4481 de
2723 4426 2890 4497 ipsius
2927 4430 3127 4484 codicis
3174 4431 3486 4504 antiquitate
3526 4424 3837 4504 suffragium

2286 4517 2488 4571 tulere:
2512 4526 2777 4588 quatenus
2798 4521 2874 4574 illi
2899 4523 3114 4576 credant
3139 4525 3306 4579 oculis
3332 4527 3470 4590 suis;
3493 4527 3552 4581 hi
3579 4527 3838 4596 gravissi-

2287 4618 2496 4660 morum
2536 4608 2773 4663 virorum
2816 4612 3120 4666 auctoritati
3153 4616 3511 4683 acquiescant.
3560 4615 3693 4669 Nam
3719 4616 3840 4676 uni-

2284 4698 2476 4766 cuique
2516 4697 2569 4753 in
2612 4715 2704 4755 sua
2731 4709 2844 4756 arte
2870 4702 3187 4757 credendum
3215 4719 3333 4758 esse
3358 4705 3512 4760 facile
3545 4704 3840 4761 concedent

2283 4789 2418 4857 aequi
2462 4803 2640 4844 rerum
2683 4791 3052 4853 aestimatores,
3081 4791 3274 4860 quibus
3315 4793 3441 4847 solis
3485 4796 3598 4850 haec
3636 4795 3836 4851 scribo.

2288 4877 2537 4949 Utrisque
2565 4895 2693 4936 vero
2714 4881 2931 4950 insuper
2949 4881 3037 4936 hic
3062 4896 3270 4951 appono
3291 4886 3546 4953 quasdam
3565 4887 3841 4957 conjectu-

2287 4981 2374 5022 ras
2417 4969 2827 5038 probabilesque
2873 4971 3137 5037 rationes,
3169 4974 3361 5045 quibus
3395 4974 3634 5050 einsde'ni
3660 4976 3841 5047 ορθτὶε

2284 5060 2576 5129 antiquitas
2603 5061 2778 5130 magis
2805 5059 3060 5115 illustrari
3091 5065 3276 5132 possit.
3619 5045 3625 5050 ’
3786 5045 3789 5047 ’

2354 5151 2615 5206 Nimirum
2658 5151 2816 5206 istius
2860 5152 3106 5221 opusculi
3153 5154 3382 5225 scriptor
3426 5151 3642 5211 vivebat
3685 5154 3841 5226 longe

2284 5248 2408 5293 ante
2455 5237 2899 5294 scholasticomm
2943 5247 3176 5310 atatem,
3218 5249 3279 5296 ut
3327 5242 3557 5312 probant
3597 5242 3840 5314 quadam
3923 5311 3928 5315 ,

2289 5329 2445 5384 istius
2486 5327 2764 5385 sententiae
2786 5345 2892 5384 non
2917 5332 3050 5387 satis
3079 5347 3179 5401 pro
3215 5331 3654 5391 scholasticorum
3679 5341 3843 5403 caput

2289 5430 2570 5477 accuratae.
2613 5420 2805 5486 Qualis
2829 5431 2910 5477 est
2941 5424 2998 5477 in
3027 5423 3196 5493 partis
3220 5424 3407 5492 prima:
3432 5441 3551 5495 cap.
3576 5424 3613 5478 2
3652 5424 3706 5478 in
3726 5425 3843 5480 hac

2291 5547 2450 5655 Exin
2497 5533 2564 5588 ad
2610 5531 3015 5604 calcem'bujus
3061 5523 3455 5605 Bisquisitionis
3497 5531 3839 5592 exhibemus.
