4266 6204
450 265 588 326 1005

1008 222 1158 327 cmi.
1191 269 1419 329 νοω.
1456 304 1526 361 ,ε
1559 274 1649 330 ns
1683 272 1862 330 nos]
1899 226 2231 331 eonr‘ss‘s.
2271 260 2657 329 meum:
2689 260 3116 338 DiSQUlSiTiO.

3542 261 3676 323 i006

447 373 611 439 verba
636 400 648 436 ε
676 380 821 453 Rogo
866 376 1080 464 Patrem
1100 393 1218 456 ‘per
1261 382 1311 438 ι’
1311 384 1482 454 ilium,
1524 368 1650 458 rogo
1683 378 1900 441 nam
1920 402 2014 459 per
2038 400 2091 459 Α
2117 383 2303 449 velint,
2329 397 2451 438 cum
2487 380 2632 437 omni
2664 380 3020 436 detestatione
3047 374 3328 433 anathema
3356 375 3459 433 illis
3484 375 3623 433 dico.
3650 397 3668 431 ο

449 468 684 540 Patrem,
701 490 824 545 rogo
846 458 1102 545 Spiritum
1122 486 1359 533 sanctam
1376 465 1696 563 perpetrant
1718 489 1766 563 et
1787 468 2010 545 Filium,

446 565 591 639 quod
612 579 771 620 nemo
790 564 1231 641 scholasticorum
1252 574 1415 649 pietate
1441 561 1683 623 dixisset.
1711 561 1848 623 Tum
1868 566 2014 638 quod

446 655 689 729 ὅμούσιοσ
729 654 896 711 vertit
940 656 1323 724 consentiatis;
1358 656 1663 729 scholastici
1708 657 1971 714 dixissent
1994 696 2011 723 ,

367 777 369 781 ε
446 735 938 803 Combstantt'alis.

517 835 718 892 Deinde
744 836 791 892 si
815 837 1039 894 vixisset
1074 836 1265 895 auctor
1287 840 1411 910 post
1429 838 1675 897 exortam
1704 827 2013 909 Berengarii

446 925 694 991 heresin,
720 925 951 986 cavisset
969 918 1159 1001 procul
1185 930 1348 988 dubio
1373 931 1443 988 ab
1466 932 1553 988 his
1579 930 1857 987 erroribus
1877 942 2014 1001 quos

446 1017 831 1091 Νιψτὶιυί
869 1021 1277 1092 propugnabant
1296 1029 1311 1076 ὲ
1333 1035 1400 1080 ex
1436 1022 1632 1093 quibus
1662 1010 1903 1078 nonnulli
1927 1036 2015 1077 as-

445 1113 718 1175 serebant,
744 1099 901 1181 panis
925 1118 982 1166 et
1005 1110 1117 1167 vini
1140 1111 1428 1182 partemin
1455 1103 1675 1170 carnem
1714 1120 1770 1169 et
1792 1100 2011 1182 sangui-

444 1210 569 1258 nem
591 1190 803 1257 Domini
841 1195 1192 1255 transmutari
1217 1210 1439 1272 propter
1462 1201 1653 1273 dignos
1678 1189 1777 1275 (ir),
1801 1204 2012 1271 partem

443 1303 576 1348 vero
603 1298 827 1364 propter
850 1282 1099 1364 indignos
1124 1281 1513 1349 immutabilem
1539 1292 1783 1359 retineri,
1808 1295 2009 1348 testan-

442 1374 589 1441 tibus
627 1378 960 1441 Guitmundo
1002 1373 1060 1440 in
1093 1378 1188 1440 lib.
1215 1392 1277 1441 in
1320 1375 1387 1443 de
1430 1376 1792 1443 Eucharistize,
1821 1383 2014 1442 Sacra-

446 1482 657 1542 mento,
684 1485 739 1531 et
761 1476 955 1548 Algero
980 1476 1037 1534 in
1065 1476 1159 1534 lib.
1188 1492 1228 1541 ι,
1258 1486 1383 1549 cap.
1422 1466 1513 1533 21.
1555 1476 1691 1534 Cum
1716 1491 1846 1550 ergo
1872 1470 2013 1532 Con-

444 1563 694 1623 fossionis
731 1576 922 1622 auctor
945 1558 1298 1639 (quodetiam
1330 1555 1639 1623 Calvinistte
1665 1566 2010 1638 conﬁtentur)

443 1672 566 1715 eam
589 1655 867 1729 professus
889 1642 957 1714 sit
985 1647 1051 1714 de
1084 1646 1423 1716 Eucharistia
1460 1645 1642 1722 iidem,
1666 1671 1829 1727 quam
1852 1647 2027 1712 bodie'

2113 472 2284 545 Hujus
2315 470 2695 527 controversiae
2720 469 2957 553 fomitem
2988 464 3194 540 primus
3233 467 3490 524 excitavit
3533 466 3672 522 Min-

2112 564 2325 638 gentius
2351 564 2568 634 quidam
2604 562 2658 617 in
2684 556 2971 633 Hispania;
3007 562 3119 614 tum
3145 557 3295 628 Egila
3327 557 3494 629 ipsius
3516 557 3677 615 discis

2112 655 2291 727 putus,
2341 654 2595 727 regnante
2646 651 2841 710 Carolo
2899 646 3089 721 Magno
3114 689 3129 716 ,
3174 648 3400 706 Alcuino
3441 640 3675 707 viVente.

2080 777 2091 790 -
2113 745 2288 802 Testis
2305 744 2573 800 Adrianus
2587 754 2725 816 papa
2750 736 2806 799 iu
2832 742 3037 820 duabus
3056 737 3315 812 epiStoiis,
3336 752 3442 796 una
3463 757 3484 791 ε
3512 735 3680 813 Egila

2112 837 2386 909 episcopo,
2409 852 2502 893 seu
2521 829 2714 891 Joanni
2736 832 3069 905 presbytero.
3094 852 3111 884 ι
3128 828 3308 885 Altera
3328 820 3488 902 372
3512 847 3532 895 t
3557 840 3677 884 oma

2113 928 2272 983 nibus
2298 925 2610 1009 orthodosis
2644 918 2910 996 episcopis
2937 940 3033 997 per
3061 924 3311 1009 Spaniam
3342 931 3677 980 commoran-

2112 1014 2259 1073 tibus
2284 1035 2304 1071 ι
2353 1007 2576 1073 directa.
2640 1011 2699 1070 in
2742 1023 2972 1086 'quarum
3015 1007 3179 1087 priori
3227 1014 3342 1070 haec
3383 1013 3672 1085 leguntur:

2118 1125 2137 1160 ι
2170 1102 2306 1164 Illud
2334 1105 2513 1163 suum
2554 1107 2698 1178 quod
2730 1096 2820 1162 alii
2856 1120 2923 1161 ex
2952 1103 3083 1177 ipsis
3113 1096 3325 1173 dicunt,
3352 1100 3494 1178 quod
3538 1116 3677 1179 prm-
3772 1160 3773 1163 η

2111 1198 2401 1256 destinatio
2434 1199 2501 1253 ad
2548 1199 2735 1265 vitam,
2761 1190 2873 1254 sive
2914 1198 2982 1253 ad
3013 1206 3239 1253 mortem
3268 1198 3321 1252 in
3346 1194 3442 1253 Dei
3470 1191 3541 1254 sit
3581 1207 3677 1269 μοι

2111 1300 2325 1350 testate.
2370 1287 2472 1348 Alii
2502 1290 2698 1348 iterum
2725 1284 2910 1350 dicunt
2935 1307 2950 1347 :
2972 1302 3032 1348 ut
3058 1286 3185 1365 quid
3207 1307 3457 1365 rogamus
3483 1286 3677 1360 Deum,

2110 1398 2180 1439 ne
2201 1384 2479 1439 vincamur
2499 1378 2816 1450 tentatione,
2839 1378 2982 1454 quod
3003 1382 3056 1440 in
3077 1392 3258 1452 nostra
3287 1393 3370 1441 est
3390 1393 3675 1457 potestate,

2111 1465 2266 1543 quasi
2300 1461 2547 1528 libertate
2587 1467 2828 1529 arbitrii?
2856 1492 2877 1528 ι
2906 1464 3106 1530 Eadem
3136 1474 3299 1531 verba
3344 1473 3593 1547 leguntur
3623 1475 3675 1531 in

2110 1552 2393 1635 posteriori
2438 1556 2695 1634 epistola,
2725 1564 2820 1620 sed
2863 1574 2987 1620 cum
3030 1564 3391 1621 additamento
3434 1565 3490 1622 in
3533 1564 3678 1621 hunc

2110 1652 2365 1709 modum:
2394 1670 2412 1704 ι
2442 1640 2576 1708 illud
2598 1645 2741 1724 quod
2766 1644 2855 1709 alii
2878 1669 2946 1709 ex
2974 1643 3107 1725 ipsis
3135 1654 3342 1720 dicunt,
3369 1650 3511 1725 quod
3538 1663 3676 1727 pra»

444 1757 545 1805 non
568 1738 815 1804 catholici
855 1746 1162 1818 sequimur;
1189 1744 1426 1804 multum
1462 1735 1833 1802 abhorruisset
1858 1744 1923 1798 ab
1948 1760 2010 1798 ea
2040 1742 2087 1806 Β
2114 1733 2401 1799 destinatio
2436 1741 2501 1799 ad
2540 1742 2704 1799 vitam
2745 1745 2858 1802 sive
2882 1746 2950 1802 ad
2976 1754 3202 1802 mortem
3242 1740 3300 1803 in
3341 1740 3435 1804 Dei
3470 1744 3543 1804 sit
3583 1757 3678 1819 ρος

444 1827 690 1895 doctrina
725 1844 845 1909 quas
884 1827 941 1893 in
992 1825 1403 1910 Berengarianis
1447 1823 1716 1897 nonnullis
1758 1833 2011 1891 damnata

443 1930 565 1985 est:
588 1932 652 1983 ae
671 1920 893 1997 proinde
914 1920 1267 1998 temperasset
1287 1920 1404 1982 hac
1425 1919 1591 1984 verba
1607 1939 1729 2001 qua
1747 1918 2014 1980 habentur

444 2017 503 2075 in
525 2015 888 2075 (Io-fessionis
918 2026 1073 2087 parte
1105 2033 1181 2082 Iv,
1209 2031 1330 2087 cap.
1359 2008 1430 2072 ‘7:
1457 2012 1485 2068 r
1510 2006 1686 2072 Tanta
1721 2022 1808 2073 est
1839 2017 2015 2073 virtus

444 2107 603 2178 huius
626 2107 904 2174 sacriﬁcii,
935 2115 996 2162 ut
1039 2105 1167 2163 solis
1202 2105 1388 2176 justis,
1430 2103 1586 2179 [non]
1615 2103 2009 2177 peccatoribus,

441 2206 639 2273 corpus
660 2185 733 2254 sit
758 2207 813 2254 et
833 2186 1049 2269 sanguis
1072 2188 1294 2254 Christi.
1317 2217 1337 2251 ι
1358 2189 1489 2267 Quae
1513 2197 1678 2254 verba
1697 2198 2035 2269 argumento

444 2295 590 2354 sunt,
609 2294 1032 2370 aucturemante
1055 2287 1157 2343 bbs
1183 2275 1496 2359 Berengarii
1507 2299 1731 2343 errores
1745 2274 2007 2370 don-uisse,

424 2373 655 2433 tametsi
678 2371 788 2431 alio
813 2368 870 2430 in
897 2368 1017 2431 loco
1037 2382 1276 2432 mentem
1300 2390 1455 2431 suam
1482 2383 1629 2432 recte
1650 2368 1903 2446 explicat.
1954 2416 1957 2419 .

409 2531 418 2541 ,
511 2458 595 2522 Ad
634 2458 769 2532 haec,
792 2454 1027 2523 Joannes
1071 2462 1239 2523 abbas
1266 2466 1322 2523 in
1349 2456 1531 2525 libello
1557 2473 1810 2539 precum,
1850 2476 2013 2539 quem

443 2556 501 2612 in
539 2558 770 2630 gratiam
816 2549 1039 2630 Agnetis
1084 2549 1370 2631 Augusta,
1404 2550 1619 2615 vivente
1665 2548 2010 2629 Berengario,

443 2646 703 2713 cendidit,
729 2648 786 2701 et
819 2662 887 2703 ex
929 2638 1154 2704 Patrum
1184 2647 1467 2705 sententiis
1490 2640 1793 2714 deﬂoravit,
1818 2661 2011 2718 quam-

444 2730 596 2804 plura
617 2728 905 2818 multorum
926 2747 1176 2818 versuum
1202 2724 1502 2818 fragmenta
1527 2730 1696 2792 refert
1714 2751 1779 2792 ex
1801 2730 2013 2792 Chiille-

444 2826 588 2880 tiana
635 2816 998 2882 Confessione.
1050 2816 1227 2884 Unum
1255 2816 1503 2899 superius
1539 2819 1741 2901 protuli
1764 2846 1834 2886 ex
1859 2844 1925 2886 eo
1949 2828 2015 2885 li-

444 2913 603 2982 bello,
630 2916 773 2987 quod
820 2909 1177 2990 fragmentum
1215 2918 1452 2978 Joannes
1487 2935 1557 2977 ex
1596 2919 1705 2979 nne
1742 2921 1931 2995 prima:
1959 2930 2016 2979 et

446 3006 600 3080 initio
640 3008 885 3087 secundae
911 3010 1083 3080 partis
1121 3005 1484 3070 Doniessionis
1522 3012 1683 3071 istius
1707 3012 2014 3086 .Moravit,

2112 1839 2325 1898 testate,
2350 1840 2404 1886 et
2448 1833 2636 1889 nonin
2668 1840 2871 1891 nostra.
2910 1824 3007 1891 isti
3031 1832 3216 1893 dicunt
3238 1848 3255 1893 ε
3276 1841 3336 1893 ut
3364 1838 3493 1910 quid
3515 1850 3679 1896 coina-

2111 1935 2235 1974 mur
2256 1920 2459 1987 vivere,
2484 1921 2627 1992 quod
2672 1921 2728 1978 in
2755 1917 2854 1978 Dei
2878 1923 2951 1980 sit
2994 1924 3289 1995 potestate!
3333 1919 3439 1983 Alii
3479 1921 3676 1984 iterum

2111 2002 2299 2069 dicunt
2323 2030 2338 2069 :
2363 2020 2423 2068 ut
2449 2011 2578 2084 quid
2606 2012 2858 2086 rogamus
2884 2012 3079 2084 Deum,
3103 2026 3172 2075 ne
3193 2017 3477 2075 vincamur
3498 2019 3677 2093 tetita.

2110 2104 2278 2169 tione,
2303 2098 2449 2183 quod
2492 2105 2545 2159 in
2578 2116 2765 2162 nostra
2807 2114 2893 2164 est
2935 2110 3217 2179 potestate,
3247 2102 3400 2183 quasi
3427 2105 3678 2169 libet-tate

2110 2181 2354 2253 arbitrii?
2377 2212 2397 2245 ι
2431 2188 2567 2250 Hinc
2594 2203 2742 2267 patet
2763 2198 2903 2269 apud
2924 2191 3189 2271 Hispanos
3215 2181 3327 2257 tum
3347 2190 3515 2259 fuisse
3542 2194 3679 2260 duas

2111 2283 2403 2341 factionum
2439 2286 2644 2357 partes.
2684 2286 2806 2345 aliis
2841 2289 3205 2348 statuentibus
3244 2285 3509 2364 duplicem
3548 2292 3682 2365 pra.~

2111 2375 2549 2444 destinationem,
2578 2380 2897 2451 negantibus
2934 2380 3084 2438 aliis:
3108 2373 3231 2438 aliis
3269 2376 3397 2439 item
3421 2384 3593 2440 bonos
3625 2394 3683 2440 ct

2111 2464 2285 2524 malos
2308 2476 2487 2524 mores
2511 2468 2567 2524 in
2590 2469 2827 2526 humana
2862 2464 3108 2528 libertate
3132 2472 3269 2529 citra
3296 2460 3558 2531 auxilium
3583 2468 3678 2530 Dei

2112 2553 2523 2627 reponentibus;
2575 2550 2694 2615 aliis
2720 2571 2828 2615 non
2857 2558 2913 2615 in
2938 2569 3149 2629 nostra,
3174 2561 3270 2618 sed
3310 2562 3365 2618 in
3406 2558 3502 2620 Dei
3542 2576 3681 2637 pra:-

2111 2642 2433 2704 destinantis
2476 2651 2743 2718 potestate
2777 2666 2792 2705 :
2826 2648 2940 2706 sive
2983 2644 3060 2707 ita
3112 2648 3375 2707 sentirent
3414 2645 3679 2719 nonnulli,

2112 2733 2228 2796 sive
2250 2738 2325 2795 ita
2349 2740 2552 2797 "sentire
2575 2724 2946 2797 crederentur.
2968 2734 3125 2798 Certe
3148 2731 3554 2814 Adrianopapte
3577 2743 3680 2802 hoc

2112 2842 2429 2899 persuasum
2465 2821 2651 2896 fuisse,
2681 2821 2891 2887 scilicet
2934 2845 3056 2889 esse
3098 2831 3382 2891 nonnullos
3404 2828 3498 2906 qui
3538 2832 3676 2893 dice-

2113 2924 2239 2979 rent
2268 2917 2518 2980 homines
2546 2938 2580 2979 a
2604 2916 2715 2980 Deo
2740 2920 3114 2995 'przedestinari
3144 2927 3199 2983 in
3226 2921 3449 2997 malum,
3469 2937 3577 2987 non
3597 2945 3675 2987 so-

2112 3006 2226 3065 lum
2253 3015 2322 3065 ex
2343 3007 2711 3087 superioribus
2740 3012 2920 3070 verbis
2962 3008 3264 3082 conﬁcitur,
3293 3017 3388 3075 sed
3423 3010 3589 3074 etiam
3615 3032 3679 3075 ex

445 3095 582 3152 utin
606 3083 1056 3170 consequentibus
1099 3094 1328 3174 ιωριὶω
1360 3095 1669 3161 declarabo;
1901 3118 2011 3169 non
2034 3083 2354 3154 C'antidoto
2542 3098 2765 3170 opponit
2781 3094 3069 3166 Adrianus,
3095 3103 3325 3159 adducta
3353 3099 3525 3163 sancti
3552 3099 3680 3163 Fui-

350 3214 353 3217 -
445 3182 811 3247 Confessionis
838 3201 1023 3250 auctet
1045 3210 1112 3251 ex
1138 3191 1371 3257 Joanne.
1387 3194 1483 3263 sed
1507 3193 1743 3253 Joannes
1768 3209 1838 3252 ex
1865 3194 2011 3251 Con-

446 3274 679 3340 llassione
703 3281 819 3361 bgec
837 3294 1111 3343 mutuatus
1136 3295 1226 3343 est
1246 3304 1261 3342 :
1288 3292 1400 3357 tum
1419 3287 1547 3359 quia
1568 3286 1803 3346 Joannes
1824 3302 2015 3345 omnes

448 3368 613 3431 libelli
638 3375 720 3432 sui
745 3374 1040 3434 sententias
1064 3368 1274 3443 derivat
1303 3394 1380 3435 ex
1405 3371 1679 3447 Patribus,
1719 3381 1861 3450 sicut
1900 3380 2015 3451 ipso

448 3463 759 3541 proﬁtetur;
787 3472 900 3522 tum
929 3466 1053 3537 quia
1082 3466 1379 3527 Boertanus
1406 3469 1578 3526 codex
1603 3477 1825 3540 superat
1848 3467 2014 3525 Joan-

450 3547 535 3609 nis
556 3556 786 3621 atatem,
817 3555 875 3612 et
890 3553 1107 3625 quidem
1130 3559 1288 3615 annis
1306 3554 1445 3623 bene
1465 3553 1730 3616 ﬂuentis.
1758 3628 1765 3631 ι

518 3639 758 3715 Denique
826 3646 1203 3725 antiquitatetn
1284 3648 1560 3720 pradictaa
1648 3639 2017 3707 Confessiouis

453 3744 695 3795 astruunt
722 3739 999 3797 sententiae
1042 3749 1135 3797 seu
1176 3739 1427 3812 dogmata
1472 3731 1734 3813 quaedam,
1762 3749 1882 3811 qua:
1904 3758 2012 3799 non

451 3834 556 3889 nisi
582 3833 778 3891 saaculo
799 3849 942 3890 nono
970 3834 1225 3891 ventilata
1254 3843 1382 3890 sunt
1405 3833 1499 3909 (c).
1528 3834 1795 3892 Nimirum
1827 3842 2017 3892 auctor

416 3932 635 3993 ,censet
677 3922 732 3979 in
768 3932 911 3994 part.
949 3940 1032 3990 ns.
1058 3940 1179 3997 cap.
1212 3917 1305 3992 ἥ,
1343 3912 1780 3993 catechumenos,
1809 3926 1857 3984 si
1891 3934 2017 3982 ante

452 4007 775 4083 baptismum
793 4011 1575 4089 decesseriuynonpcrvenire
1588 4017 1660 4075 ad
1678 4018 1847 4079 vitam
1865 4028 2018 4077 ater-

453 4115 599 4156 nam.
662 4094 1023 4160 Confessionis
1067 4098 1413 4162 Cbiilietiana
1460 4107 1578 4163 hac
1626 4109 1799 4172 verba,
1844 4118 2013 4166 sunt:

460 4209 480 4244 ι
512 4184 724 4247 Nullum
760 4190 977 4263 quidem
1001 4195 1469 4261 catechumeuum,
1493 4198 1741 4267 quamvis
1769 4198 1825 4254 in
1860 4199 2019 4269 bonis

452 4272 704 4354 cperibus
729 4280 1057 4359 defunctum,
1080 4276 1243 4338 vitam
1266 4286 1521 4339 :eteruam
1541 4282 1742 4340 habere
1765 4275 2014 4350 dicimus,

452 4378 677 4444 excepto
695 4372 973 4444 martyrio,
995 4373 1086 4430 ubi
1108 4371 1220 4429 tota
1240 4368 1491 4445 baptismi
1513 4383 1851 4431 sacramenta
1875 4368 2017 4437 com.

418 4452 685 4537 ‘pieulur.
733 4449 1003 4533 Sanguine
1038 4462 1207 4528 enim.
1244 4462 1331 4517 vel
1360 4456 1501 4536 igne,
1546 4457 1631 4519 vel
1677 4464 1853 4535 psrnis
1896 4455 2018 4521 aliis

455 4540 796 4623 baptizan'tur
823 4546 1180 4615 confessores.
1204 4570 1231 4623 ιΔ
1268 4550 1521 4607 Eandem
1547 4567 1675 4607 vero
1698 4552 2017 4609 sententiam

459 4634 645 4696 iisdem
685 4631 904 4695 omnino
927 4633 1108 4697 verbis
1133 4630 1368 4719 asseruit
1391 4632 1646 4718 Rabaptts
1668 4640 1722 4698 in
1748 4641 1842 4697 lib.
1875 4658 1929 4697 ιν
1947 4640 2018 4698 de

461 4723 753 4807 Universo,
780 4739 899 4802 cap.
928 4726 1018 4797 i0,
1045 4738 1206 4802 quam
1226 4736 1297 4785 e‘x
1320 4722 1546 4787 Alcuiuo
1565 4740 1897 4815 prmceptorc
1919 4748 2018 4790 suo

457 4828 857 4894 acoepissenou
882 4815 1152 4879 immerito
1173 4814 1343 4878 videri
1368 4819 1558 4893 possit.
1583 4809 1589 4815 ’
1655 4809 1662 4817 ’
1790 4812 1794 4817 ⁷

527 4908 659 4976 item
686 4911 756 4973 ad
787 4920 961 4984 avum
990 4903 1167 4969 Caroli
1196 4898 1633 4985 laguiper'tinet
1655 4910 2019 4970 controversia

460 4997 529 5057 de
560 4998 775 5071 duplici
812 4992 1300 5077 prmdestinatioue,
1326 5016 1432 5056 una
1463 4999 1531 5055 ad
1576 4993 2018 5069 gloriam,,altera

462 5095 531 5147 ad
554 5096 800 5161 pinnam:
821 5103 929 5167 quo
951 5097 1022 5145 ex
1045 5086 1297 5163 dogmate
1336 5084 1629 5147 adrersarii
1657 5090 1909 5159 consequi
1940 5091 2021 5147 af-

462 5176 768 5241 ﬁrmnbant,
790 5178 853 5229 ut
873 5171 1121 5231 homines
1137 5177 1207 5232 ad
1225 5176 1425 5233 malum
1450 5193 1540 5234 seu
1560 5178 1834 5251 peccatum
1857 5190 1887 5233 a
1910 5179 2021 5235 Dco

460 5265 971 5335 prmisstinarentur
994 5258 1437 5336 (d).‘Na‘scentem
1478 5265 1635 5337 hujus
1673 5264 1874 5321 erroris
1905 5270 2022 5338 opi-

461 5358 678 5415 nionem
721 5347 1003 5424 designare
1032 5348 1243 5407 videtur
1286 5348 1619 5419 Clilﬂietiana
1658 5346 1936 5411 Confessio
1965 5357 2017 5411 in

463 5440 582 5498 ισω
603 5440 1028 5505 muniamus
1053 5446 1235 5496 verbis
1259 5456 1273 5493 :
1296 5457 1317 5493 ι
1338 5442 1564 5510 inquas
1587 5457 1713 5497 vero
1733 5445 1801 5496 ad
1820 5444 2016 5500 malum

464 5515 644 5595 divina
685 5537 949 5605 potestate
968 5531 1381 5603 pmdesunatoa
1404 5534 1555 5597 ,ls’se,
1582 5547 1686 5587 non
1713 5522 1883 5587 solum
1911 5542 2018 5589 nun

467 5619 655 5687 actio,
682 5619 1005 5688 sedatam
1028 5621 1246 5683 nsunt,
1274 5626 1368 5687 «ιω
1393 5624 1598 5677 tantum
1635 5616 1762 5676 mali
1802 5622 2020 5680 credere

2041 4418 2093 4476 Β

2111 3188 2277 3260 gentii
2324 3188 2646 3247 auctoritate
2681 3191 2735 3246 in
2765 3192 2882 3248 haec
2925 3186 3090 3272 verba
3110 3212 3130 3247 τ
3160 3210 3181 3244 t
3207 3186 3462 3264 Adverte,
3485 3189 3681 3270 quibus

2112 3278 2402 3355 impietatis
2424 3297 2485 3340 se
2506 3276 2730 3342 nexibus
2761 3277 2947 3357 ligant,
2977 3284 3023 3342 si
3052 3286 3121 3342 ad
3161 3286 3360 3344 bonum
3397 3285 3678 3363 prodesti-

2111 3384 2270 3431 natus
2287 3384 2426 3441 sum,
2448 3384 2632 3433 contra
2661 3376 2861 3433 malum
2888 3369 3141 3435 resistere
3167 3393 3388 3438 necesse
3413 3375 3543 3439 mihi
3570 3399 3679 3440 non

2111 3466 2219 3521 erit
2248 3483 2263 3519 :
2286 3465 2335 3521 si
2358 3481 2486 3522 vero
2506 3467 2587 3542 ad.
2600 3466 2801 3522 malum
2823 3480 3007 3533 natus,
3035 3468 3235 3525 bonum
3264 3469 3398 3527 mibi
3423 3484 3680 3528 exercere

2111 3545 2247 3611 nihil
2283 3547 2541 3629 proderit.
2571 3575 2592 3609 ι
2624 3546 2826 3612 Eadem
2869 3550 2983 3613 fere
3006 3550 3375 3614 controversia
3413 3556 3680 3630 quinqua-

2111 3636 2258 3716 ginta
2284 3643 2407 3715 post
2425 3629 2581 3702 annis
2603 3638 2879 3699 recruduit
2894 3643 3177 3704 occasione
3194 3638 3561 3725 Gotbucslci:
3586 3649 3681 3706 sed

2112 3733 2183 3788 ab
2208 3747 2273 3788 eo
2303 3740 2541 3804 tempore
2563 3732 2780 3803 penitus
2802 3732 3066 3790 exstincta
3094 3737 3197 3791 est.
3218 3726 3362 3808 Ergo
3380 3731 3682 3811 Confessio-

2112 3822 2197 3878 nis
2223 3814 2573 3880 ChiiDetiana:
2590 3823 2822 3895 scriptor
2842 3820 3060 3881 vivebat
3085 3832 3325 3896 tempore
3348 3825 3436 3883 vel
3457 3824 3679 3885 Adriani

2112 3923 2285 3987 papas,
2332 3913 2419 3971 vel
2464 3921 2612 3971 certe
2656 3912 3016 3983 Gotbescalci,
3054 3924 3187 3972 sane
3228 3916 3409 3988 potius
3441 3923 3682 3992 tempore

2112 3998 2337 4063 Adriani
2359 4008 2378 4060 ε’
2396 4015 2517 4063 cum
2536 3998 2833 4065 Boerianus
2850 4000 3041 4072 codex,
3065 4008 3158 4081 qui
3182 4009 3548 4086 autographa
3572 4024 3681 4068 non

2112 4094 2221 4185 est,
2248 4095 2316 4151 ad
2740 4105 2951 4185 tempus
2974 4096 3218 4185 proxime
3240 4096 3483 4157 accedat.

2182 4179 2618 4251 Qua'it'actenus
2659 4182 2771 4243 dixi
2795 4226 2811 4252 ,
2850 4179 3135 4243 manifeste
3157 4226 3175 4254 ,
3208 4184 3265 4243 nl
3303 4184 3482 4255 fallor,
3523 4183 3681 4244 istius

2112 4273 2292 4346 operis
2307 4273 2686 4345 antiquitatem
2706 4272 3078 4334 demonstrant
3091 4292 3105 4306 ·
3134 4287 3278 4332 nunc
3292 4275 3408 4347 lam
3428 4278 3496 4338 de
3524 4276 3681 4337 titulo

2122 4360 2385 4439 agendum
2404 4368 2511 4423 est.
2599 4386 2602 4391 ‘

2188 4543 2393 4605 Nomen
2417 4547 2654 4605 auctoris
2680 4555 2837 4607 vetus
2860 4546 3029 4605 codex
3050 4548 3346 4606 Doerianus
3371 4548 3586 4631 pmfen
3612 4548 3673 4606 i'n

2120 4638 2264 4693 hunc
2310 4634 2767 4693 modumz'Alloini
2805 4632 3074 4708 Confessio
3118 4635 3296 4695 Fidei.
3336 4637 3441 4709 Qui
3488 4638 3674 4694 titulus

2086 4786 2089 4789 λ
2120 4718 2411 4789 tdminitio
2435 4721 2636 4784 cndicis
2656 4723 2709 4782 in
2732 4718 2861 4781 folio
2885 4735 3076 4794 Vacuo.
3097 4733 3211 4786 tum
3230 4728 3285 4788 in
3304 4726 3482 4785 fronte
3499 4728 3679 4797 operis

2120 4812 2372 4889 pransus
2395 4825 2497 4873 est.
2535 4810 2896 4874 Posteriorem
2925 4826 3131 4877 tantum
3154 4818 3412 4891 expendi),
3432 4834 3505 4881 eo
3530 4819 3676 4890 quod

2117 4904 2267 4978 prius
2308 4906 2479 4963 sltem
2515 4904 2751 4979 scriptus
2780 4907 3061 4975 videatur,
3090 4909 3225 4968 alter
3252 4922 3382 4964 vero
3405 4909 3473 4967 ad
3500 4918 3679 4979 poste-

2117 4998 2280 5057 rioris
2324 4992 2674 5057 imitationem
2701 5009 2757 5057 et
2782 4996 2941 5069 iidem
2973 4999 3299 5060 elici-matus.
3330 4986 3430 5057 ilic
3457 5015 3588 5068 ergo
3610 5001 3684 5058 ti-

2119 5089 2265 5146 tulus
2286 5090 2341 5144 in
2369 5089 2545 5145 fronte
2568 5096 2749 5158 operis
2773 5087 3066 5151 recentiori
3086 5103 3249 5146 manu
3272 5097 3328 5148 et
3350 5098 3673 5151 atramento.

2118 5168 2325 5247 ut‘jam
2353 5169 2485 5249 disi,
2510 5179 2830 5237 substitutus
2868 5186 2953 5241 est
2996 5176 3051 5236 in
3094 5179 3271 5237 locum
3318 5180 3559 5246 alterius,
3584 5186 3678 5250 qut

2124 5260 2291 5322 minio
2334 5271 2566 5335 scriptus
2592 5270 2730 5333 erat.
2765 5264 2835 5323 At
2874 5269 2996 5338 quis
3022 5258 3139 5337 dus
3164 5268 3242 5324 rei
3269 5275 3479 5348 auctor,
3506 5282 3680 5339 quove

2123 5366 2363 5429 tempore
2390 5356 2442 5414 id
2469 5366 2667 5415 tactum
2696 5361 2795 5423 sit,
2821 5353 2929 5415 non
2952 5353 3110 5415 facile
3137 5365 3223 5415 est
3242 5358 3499 5415 divinare.

2191 5437 2304 5499 liae
2330 5442 2397 5499 de
2425 5458 2485 5500 re
2514 5448 2714 5518 litteris
2730 5446 2974 5517 pulsatos
2996 5460 3028 5502 a
3052 5461 3139 5504 me
3164 5438 3481 5511 Chiﬂletius,
3506 5446 3598 5515 qui
3622 5446 3681 5503 iu

2122 5526 2408 5589 editionem
2453 5545 2605 5597 suam
2645 5533 2749 5590 boe
2788 5530 3085 5609 exemplari
3114 5548 3244 5590 usus
3268 5541 3371 5597 est.
3406 5534 3684 5604 respondit

2122 5639 2182 5680 se
2232 5631 2356 5677 ante
2400 5633 2567 5679 annos
2610 5618 2994 5699 quinquaginta
3043 5616 3318 5681 inventum
3364 5624 3603 5680 codicem
3649 5637 3680 5675 a
