4266 6182
627 288 759 340 1007

1421 283 1480 336 Β.
1520 282 1579 336 F.
1616 280 1837 336 ALBINI
1878 279 2008 336 SEU
2041 276 2314 334 ALCUIN]
2347 275 2625 334 OPERUM
2662 273 2838 334 PARS
2872 279 3004 335 VIII.
3042 315 3044 318 ν

622 401 953 470 ιιιεάυηοιιεί
999 398 1277 468 bibliopola
1317 410 1676 464 comparasse,
1711 408 1775 447 ac
1799 392 1939 448 bona
1985 391 2086 445 fide
2119 398 2174 444 et
2200 392 2244 450 Α
2272 389 2426 457 quasi
2473 388 2760 460 naufragus
2807 391 2916 444 Deo
2949 391 3237 444 miserante
3262 387 3327 443 ad
3352 397 3564 458 portum
3594 386 3830 455 dejectus

598 493 831 547 titulum
858 502 906 545 et
937 499 1236 544 contextum
1265 488 1461 558 operis,
1490 494 1649 556 prout
1689 501 1740 538 tn
1767 500 1831 536 eo
1853 483 2034 538 codice
2079 481 2172 534 ha-

619 585 918 645 bebantur,
949 585 1000 636 in
1049 582 1218 636 editos
1263 582 1427 634 libros
1474 579 1734 633 retulisse.
1783 575 1922 630 Sane
1961 589 2171 628 omnem

526 704 527 707 η
624 670 726 727 doIi
775 671 897 725 mali
946 678 1037 725 aut
1081 669 1281 723 fraudis
1327 667 1678 738 suspicionem
1704 680 1731 718 a
1761 665 2008 734 religioso
2037 663 2170 723 viro,

622 764 819 835 Optime
863 764 928 818 de
969 761 1237 831 republica
1284 759 1538 813 litteraria
1591 755 1800 817 merito,
1843 751 2049 807 amoliri
2078 767 2175 821 par

621 865 722 909 est.
767 852 902 908 Nam
943 852 1082 922 quod
1128 867 1225 921 pro
1266 850 1438 903 Albini
1486 845 1759 903 substituit
1791 843 2014 908 Alcuini,
2044 841 2174 895 nihil

622 946 844 1000 interest
870 944 932 999 ad
963 958 1276 1014 personam,
1305 956 1420 1012 quae
1445 937 1729 993 binominis
1755 935 1870 990 fuit.
1903 934 2173 1003 Siquidem

576 1027 579 1030 ’
621 1040 794 1107 patrio
819 1037 1030 1093 nomine
1056 1035 1379 1097 Alchwinus,
1403 1032 1592 1085 Latino
1613 1039 1666 1084 et
1699 1029 1931 1083 ascititio
1954 1027 2177 1080 Albinus

621 1128 845 1183 Flaccus
887 1127 1059 1180 dictus
1086 1134 1186 1179 est.
1233 1125 1344 1178 lmo
1373 1138 1498 1176 vero
1528 1122 1628 1176 hoc
1657 1120 1784 1174 facit
1809 1119 1874 1173 ad
1902 1132 2177 1173 removen-

624 1218 743 1272 dam
773 1215 1147 1286 suspicionem.
1183 1212 1238 1267 Si
1270 1211 1410 1266 enim
1440 1211 1612 1264 editor
1640 1208 1846 1262 titulum
1874 1207 2179 1276 supposuis-

624 1315 724 1373 set,
747 1306 985 1361 eamdem
1029 1305 1310 1372 utrobique
1349 1295 1714 1371 supposuisset
1755 1297 2173 1366 inscriptionem.

623 1397 808 1451 Fuerit
833 1411 958 1467 ergo
987 1395 1178 1463 aliquis
1204 1393 1358 1455 alius,
1384 1393 1474 1460 qui
1502 1392 1704 1445 incerto
1733 1399 1972 1458 tempore
1997 1402 2179 1440 recen-

627 1487 811 1540 tiorem
840 1485 1046 1540 titulum
1071 1485 1239 1539 veteri
1274 1483 1409 1538 libro
1443 1479 1860 1550 przefix-it,-quod
1904 1495 2006 1532 non
2043 1477 2178 1531 mala

627 1576 746 1640 fide,
773 1575 863 1630 sed
893 1590 954 1628 ex
992 1589 1143 1642 aequo
1180 1575 1421 1641 bonoque
1459 1569 1654 1624 factum
1686 1569 1993 1623 existimare
2035 1566 2177 1620 licet.

624 1665 756 1720 Nam
780 1680 876 1720 cur
897 1665 948 1719 in
971 1665 1068 1719 hac
1083 1680 1138 1735 re
1151 1663 1403 1717 mentitus
1433 1662 1501 1716 sit
1527 1661 1832 1730 quisquam,
1857 1657 1998 1710 nulla
2022 1671 2178 1709 causa

2271 475 2434 547 (sum)
2459 479 2672 546 quietis.

2340 567 2392 622 3.
2427 567 2706 623 Postremo
2733 569 2944 623 easdem
2968 569 3163 638 passim
3197 569 3506 634 sententias,
3538 571 3830 636 eademque

2271 658 2432 710 verba
2472 658 2707 727 reperias
2737 658 2790 712 in
2819 659 2920 712 hac
2961 656 3327 721 ConfessiOne,
3358 672 3476 726 qua!
3515 659 3569 712 in
3598 657 3859 728 genuino!

2273 739 2438 816 ipsius
2483 748 2691 801 Alcuini
2738 749 2873 803 libro
2912 749 2977 802 de
3019 748 3147 801 Fide
3174 758 3372 802 sanctae
3413 748 3691 802 Trinitatis
3730 747 3826 817 (g).

2272 836 2672 892 Confessionem
2701 850 3097 893 controversam
3127 839 3336 893 orditur
3360 839 3517 909 373
3543 848 3728 893 auctor
3761 839 3836 899 ab.

2275 930 2357 983 his
2377 930 2554 983 verbis
2580 947 2592 982 :
2621 948 2653 980 «ι
2672 930 2874 984 Adesto
2891 930 3042 993 mihi,
3068 946 3249 984 verum
3279 931 3478 992 lumen,
3506 931 3644 984 Deus
3673 929 3830 986 Pater

2275 1023 2640 1091 omnipotens,
2668 1024 2851 1077 adesto
2892 1023 3038 1084 mihi,
3073 1038 3255 1076 verum
3295 1023 3472 1077 lumen
3500 1025 3564 1077 de
3594 1022 3790 1076 lumine
3810 1059 3829 1082 .

2277 1118 2411 1166 etc.»
2444 1113 2637 1167 Eadem
2665 1114 2885 1167 omnino
2906 1113 3063 1183 verba
3080 1115 3240 1168 habet
3265 1114 3521 1170 Alcuinus
3547 1115 3599 1168 in
3629 1116 3832 1168 invoca-

2279 1204 2422 1256 tione
2441 1203 2506 1257 ad
2534 1194 2921 1258 sanctissimam
2949 1205 3260 1258 Trinitatem
3286 1207 3336 1259 in
3358 1204 3587 1275 Operum
3611 1200 3829 1259 suorum

2279 1294 2521 1348 columna
2567 1294 2666 1348 756
2706 1295 3040 1366 (Patrologitv
3082 1306 3224 1350 tonio
3260 1296 3344 1356 Cl.
3391 1297 3491 1351 col.
3523 1297 3631 1363 54).
3683 1295 3832 1348 Mitto

2279 1386 2381 1439 alia
2405 1386 2661 1453 ejusmodi
2691 1387 3021 1455 quamplura.

2350 1475 2442 1528 His
2470 1475 2602 1528 adde
2627 1476 2997 1544 antiquitatem
3032 1477 3210 1545 operis
3247 1477 3491 1547 superius
3530 1487 3786 1529 assertam
3815 1493 3827 1525 :

2282 1564 2422 1632 quod
2447 1579 2567 1618 eum
2591 1564 2763 1618 Caroli
2793 1565 2965 1636 Magni
3001 1576 3238 1637 tempore
3272 1569 3542 1622 conditum
3572 1567 3669 1630 sit,
3704 1567 3834 1621 nulli

2282 1655 2458 1723 potius
2488 1671 2643 1724 quam
2672 1656 2894 1710 Alcuino
2913 1683 2934 1720 ,ι
2953 1666 3010 1710 ut
3042 1660 3152 1728 jam
3183 1660 3289 1713 dixi
3309 1699 3322 1717 .
3350 1659 3606 1729 assignari
3639 1669 3832 1728 potest.

628 1755 749 1826 fingi
791 1763 982 1826 potest.
1029 1753 1170 1823 Ergo
1193 1754 1245 1807 id
1276 1752 1463 1806 fecisse
1503 1752 1741 1811 videtur,
1769 1749 2070 1817 quicunque
2099 1753 2177 1798 est
2213 1761 2256 1821 Β
2283 1743 2336 1797 ld
2370 1760 2494 1797 vero
2530 1744 2754 1814 amplius
2791 1747 3054 1802 elucescet
3079 1764 3143 1802 ex
3189 1749 3466 1808 solutione.
3494 1759 3834 1819 argumento-

628 1847 734 1910 ille,
751 1846 817 1900 ad
843 1847 996 1901 fidem
1019 1845 1244 1915 alicujus
1269 1845 1462 1898 veteris
1483 1843 1694 1903 codicis,
1715 1848 1804 1894 aut
1832 1839 1967 1894 forte
1989 1839 2180 1908 ipsius—

627 1943 736 1990 met
775 1935 1111 2006 exemplaris,
1140 1934 1290 2003 cujus
1330 1933 1590 2003 fugientes
1621 1932 1833 2002 litteras
1859 1944 1996 1984 novo
2040 1936 2182 1982 atra-

626 2035 804 2082 mento
831 2027 1140 2083 restituerit.
1171 2024 1236 2078 At
1262 2025 1374 2078 sive
1394 2025 1516 2089 hoc,
1532 2025 1644 2078 sive
1665 2023 1768 2078 alio
1790 2022 1944 2076 modo
1967 2019 2017 2074 id
2039 2035 2181 2074 com-

627 2117 848 2172 missum
876 2118 947 2170 sit
977 2113 1137 2187 (quod
1176 2121 1324 2176 certe
1371 2114 1712 2170 commissum
1755 2109 1968 2183 nollem)
2018 2109 2182 2164 multa

628 2213 750 2261 sunt
777 2206 830 2259 in
857 2220 918 2260 ea
944 2203 1284 2259 Confessione
1305 2219 1422 2273 quas
1445 2203 1508 2257 ad
1535 2219 1668 2272 opus
1694 2202 1835 2257 istud
1856 2201 2079 2255 Alcuino
2099 2200 2183 2252 tri-

628 2293 894 2348 buendum
922 2293 1190 2346 inducant.
1237 2291 1606 2360 Supponamus
1629 2290 1770 2343 enim
1813 2289 2015 2343 nullum
2037 2287 2183 2354 operi

627 2383 900 2455 praefixum
947 2383 1188 2446 titulum;
1237 2397 1363 2436 sane
1414 2382 1635 2451 probata
1689 2379 1804 2447 ejus
1844 2379 2180 2448 antiquitate,

628 2473 830 2528 nullum
845 2471 1018 2526 Caroli
1038 2470 1207 2540 Magni
1229 2479 1466 2544 tempore
1487 2480 1757 2523 auctorem
1776 2469 2008 2532 invenio,
2023 2484 2183 2538 quam

630 2564 930 2627 Alcuinum,
948 2563 1030 2617 cui
1055 2563 1166 2615 haec
1188 2551 1462 2621 Confessio
1487 2560 1675 2614 merito
1695 2560 1888 2615 ascribi
1917 2561 2102 2630 possit.
2131 2560 2183 2614 In

629 2668 750 2706 eum
772 2652 1028 2720 siquidem
1053 2652 1289 2720 apprime
1314 2651 1633 2704 conveniunt
1655 2651 1844 2704 indicia
1869 2650 2046 2704 omnia
2069 2667 2186 2719 quae

631 2743 696 2796 de
721 2751 934 2796 auctore
953 2739 1008 2794 ln
1034 2741 1144 2810 ipsa
1171 2738 1518 2794 Confessione
1550 2740 1812 2809 leguntur.

703 2834 754 2885 l.
784 2832 840 2885 In
863 2832 1049 2901 primis
1072 2841 1256 2886 auctor
1272 2832 1440 2884 Deum
1463 2841 1731 2901 precatur,
1751 2841 1808 2884 ut
1833 2851 1849 2882 ‹
1875 2819 2199 2887 necessariis.

631 2921 999 2976 famulantium
1029 2921 1295 2988 obsequiis
1315 2961 1328 2984 ,
1363 2930 1416 2973 et
1443 2921 1678 2987 impensa
1706 2936 1734 2972 a
1764 2918 2017 2974 fratribus
2044 2935 2189 2974 reve-

635 3013 801 3066 rentia
834 3032 850 3062 »
881 3025 1145 3079 nunquam
1177 3010 1482 3063 extollatur.
1533 3009 1684 3074 Quod
1713 3010 1923 3092 qqidcm
1951 3011 2189 3078 apprime

2282 1849 2430 1898 rum,
2465 1850 2582 1903 qua:
2626 1843 2735 1888 tum
2781 1835 3036 1892 adversus
3077 1840 3254 1909 operis
3289 1837 3694 1910 antiquitatem,
3724 1837 3869 1896 tum-

2260 1917 2540 1980 adversus
2568 1925 2847 1980 Alcuinum
2884 1927 3237 1983 adducuntur.

3020 2019 3108 2098 Ill.

2351 2107 2586 2161 Primum
2618 2116 2987 2178 argumentum
3017 2111 3068 2164 in
3097 2111 3246 2166 Notis
3274 2114 3340 2166 ad
3361 2112 3588 2167 cilicium
3616 2116 3840 2169 sanctis-

2283 2197 2401 2250 simi
2432 2197 2779 2263 sacramenti,
2824 2215 2970 2252 num.
2999 2199 3084 2263 70,
3118 2203 3430 2270 proponitur
3457 2203 3511 2257 in
3560 2205 3698 2260 hunc
3731 2205 3841 2260 fere

2281 2289 2495 2342 modum
2522 2307 2532 2340 :
2566 2306 2582 2337 ‹
2611 2286 2733 2343 Haec
2755 2287 3030 2346 Confessio
3051 2294 3280 2346 maxima
3303 2310 3367 2348 ex
3389 2304 3542 2367 parte
3563 2297 3839 2366 desumpta

2282 2385 2364 2429 est
2390 2392 2454 2430 ex
2479 2377 2677 2446 Pelagii
2701 2376 3046 2436 Confessione
3076 2382 3218 2449 fidei,
3244 2392 3298 2438 et
3318 2401 3380 2438 ex
3413 2385 3550 2440 libro
3576 2386 3837 2442 Gennadii

2285 2468 2347 2519 de
2376 2467 2716 2538 Degtnatibus
2740 2471 3153 2538 ecclesiasticis,
3186 2477 3395 2530 tametsi
3442 2478 3556 2532 loca
3598 2480 3687 2532 illa
3723 2496 3838 2550 qua:

2284 2554 2620 2625 Pelagianam
2647 2567 2740 2612 aut
2762 2559 3241 2632 Semipelagia°nam
3270 2564 3568 2621 doctrinam
3608 2570 3835 2638 sapiunt,

2285 2655 2522 2700 correcta
2550 2647 3037 2716 deprehenduntur.
3072 2653 3267 2708 Deinde
3292 2657 3497 2725 priores
3518 2660 3634 2714 dua:
3660 2671 3839 2729 partes

2283 2739 2553 2806 prmclarae
2597 2750 2720 2794 sunt
2760 2751 2814 2796 et
2848 2743 2978 2810 piae;
3010 2753 3064 2797 at
3095 2747 3253 2800 tertia
3291 2736 3426 2817 pars
3460 2766 3562 2805 non
3609 2754 3843 2807 colueret

2286 2842 2404 2879 cum
2435 2829 2638 2883 duabus
2667 2831 2957 2900 prioribus,
3001 2850 3067 2888 ex
3117 2837 3312 2904 quibus
3352 2841 3517 2894 multa
3551 2845 3741 2911 repetit
3778 2845 3846 2898 ad

2290 2917 2523 2980 verbum,
2554 2920 2694 2987 quod
2723 2921 2774 2973 in
2811 2938 2916 2975 uno
2945 2925 3238 2994 eodemque
3268 2943 3432 2997 opere,
3456 2915 3630 2985 nullus
3660 2944 3849 2989 auctor

2289 3005 2495 3058 fecerit.
2535 3026 2553 3058 ι
2586 3007 2698 3063 Huc
2734 3009 2843 3063 fere
2880 3013 3200 3082 conjectura:
3231 3017 3370 3071 illius
3411 3023 3657 3090 anonymi
3701 3025 3844 3078 redi-

632 3100 1140 3172 competitAlcuiuo,
1172 3100 1256 3154 cui
1283 3099 1569 3168 Elipandus
1599 3098 1882 3152 Toletanus
1909 3100 2184 3166 episcopus
2213 3106 2256 3165 (ζ
2287 3104 2499 3162 guntur,
2531 3097 2616 3164 qui
2650 3098 2990 3155 nihilominus
3030 3103 3244 3170 fatetur,
3294 3108 3487 3177 stylum
3527 3110 3679 3166 istius
3702 3113 3847 3168 Con-

634 3190 973 3258 exprobravit
993 3187 1132 3264 quod
1156 3188 1331 3255 viginti
1362 3185 1524 3238 millia
1551 3201 1808 3238 servorum
1833 3189 2051 3242 haberet
2080 3189 2184 3257 (e):

636 3297 732 3336 nec
756 3281 1009 3335 Alcuinus
1036 3281 1147 3348 ipse
1169 3280 1418 3334 di'l’tetur
1447 3280 1497 3332 in
1530 3281 1870 3350 responsione
1893 3282 1956 3335 ad
1980 3282 2187 3350 Elipan-

645 3375 788 3428 dum.

705 3465 756 3517 ‘2.
799 3463 1024 3526 Deinde,
1070 3477 1187 3531 pag.
1239 3461 1374 3520 150,
1423 3461 1719 3530 iugemiscit
1760 3463 1900 3529 quod
1951 3463 2190 3517 amiserit

644 3573 659 3603 ι
695 3553 863 3608 locum
893 3553 1094 3605 dilecte
1117 3551 1432 3614 solitudinis,
1453 3551 1681 3605 amicum
1713 3551 1980 3612 mreroris,
1998 3553 2190 3618 quietis

638 3651 692 3696 ct
720 3641 1077 3710 pmuitudinis,
1104 3661 1120 3691 ι
1151 3656 1307 3709 quem
1338 3641 1403 3693 ab
1430 3641 1644 3694 ineunte
1678 3649 1833 3694 :ctate
1877 3657 2084 3709 semper
2119 3642 2191 3693 di-

640 3733 860 3788 lexerat.
893 3753 908 3781 r
946 3732 1162 3793 idcirco,
1214 3734 1412 3801 inquit,
1461 3735 1510 3785 in
1563 3733 1804 3802 angustia
1860 3742 1912 3786 et
1962 3750 2190 3788 interere

640 3823 805 3876 multo
835 3823 1001 3890 posita
1023 3833 1103 3874 est
1132 3823 1304 3875 anima
1337 3838 1471 3885 mea,
1500 3832 1645 3876 tuum
1674 3839 1829 3891 super
1856 3840 1912 3877 se
1944 3825 2187 3894 ignorans

635 3911 888 3980 judicium
918 3930 928 3962 :
959 3911 1079 3979 quia
1110 3920 1369 3965 secretum
1394 3912 1559 3966 solita:
1587 3913 1779 3980 quietis
1806 3921 1857 3968 et
1885 3923 2193 3982 opportunae

641 4003 706 4055 ad
737 4010 786 4054 te
817 4000 1122 4061 vacationis,
1157 4001 1295 4069 quod
1337 4001 1496 4055 semel
1539 4001 1786 4055 incautus
1815 4002 1988 4066 amisi,
2021 4003 2193 4058 denuo

641 4091 878 4144 invenire
919 4106 1021 4142 non
1051 4091 1219 4157 potui.
1251 4090 1362 4144 Hoc
1404 4099 1582 4145 autem
1603 4098 1731 4160 opto
1759 4092 1951 4155 adhuc,
1984 4095 2193 4163 suspiro

582 4240 584 4242 τ
642 4189 697 4236 et
715 4195 922 4250 quaero;
955 4183 1046 4235 sed
1076 4182 1516 4250 praepedientibus
1542 4184 1778 4250 peccatis
1806 4185 1937 4239 meis
1960 4187 2194 4254 reperire

643 4285 747 4325 non
789 4269 939 4323 valeo
966 4267 1048 4338 (Τ).
1082 4289 1098 4320 ι
1127 4270 1376 4322 Eamdem
1424 4271 1585 4324 animi
1631 4273 1709 4324 sui
1742 4274 2083 4341 agitationem
2109 4291 2195 4330 ex-

642 4359 824 4429 primit
872 4358 1125 4412 Aleuinus
1164 4359 1400 4428 pluribus
1439 4361 1489 4413 in
1537 4360 1688 4424 locis,
1722 4364 1950 4436 maxime
1988 4380 2114 4418 vero
2141 4367 2192 4419 in

642 4447 865 4518 epistola
917 4448 1035 4511 129,
1065 4449 1116 4499 in
1158 4463 1260 4516 qua
1304 4449 1415 4503 luec
1465 4443 1622 4504 verba
1651 4469 1664 4504 :
1693 4470 1711 4500 ε
1750 4452 1883 4507 Fere
1922 4463 2044 4508 ante
2092 4456 2191 4510 hoc

643 4538 1061 4608 quinquennium
1095 4539 1498 4604 occupationes,
1526 4540 1688 4595 Deum
1719 4550 1896 4604 testor,
1924 4558 2027 4598 non
2069 4545 2191 4601 ficto

644 4630 804 4682 corde
832 4629 1096 4684 declinare
1124 4629 1370 4700 cogitavi,
1396 4631 1488 4684 sed
1517 4639 1704 4686 vestrm
1725 4629 1824 4703 pia:
1851 4637 2191 4702 providentia:

646 4717 866 4771 consilio
893 4718 1178 4773 translatus
1209 4734 1326 4772 sum
1359 4718 1411 4772 in
1440 4720 1714 4774 servitium
1755 4725 1921 4777 Sancti
1952 4724 2188 4792 Martini,

649 4802 771 4857 fidei
816 4805 1084 4858 catholica:
1128 4815 1181 4860 et
1225 4807 1598 4864 ecclesiasticm
1642 4813 1903 4866 sanctioni
1963 4815 2192 4871 donante

649 4891 773 4952 Dec,
808 4890 1118 4960 proficuum.
1169 4892 1283 4946 Non
1329 4899 1549 4952 recessit
1591 4906 1765 4954 tamen
1792 4903 1857 4955 de
1885 4903 2044 4957 corde
2073 4919 2191 4958 meo

645 4971 840 5047 prioris
867 4979 1154 5036 uluntatis
1181 4980 1433 5048 an‘ectus,
1461 4985 1594 5040 sieut
1628 4995 1896 5045 transacto
1923 5008 2064 5047 anno
2105 5009 2192 5048 ve-

649 5077 774 5121 strae
816 5067 998 5136 pietati
1037 5068 1148 5137 jam
1193 5070 1433 5139 prtedixi.
1467 5092 1486 5124 ›
1520 5073 1644 5128 Haec
1683 5076 1750 5130 ad
1797 5077 2042 5135 Carolum
2071 5083 2192 5138 :cui

650 5157 810 5210 aliam
851 5159 1062 5228 scripsit
1107 5163 1411 5231 epistolam,
1443 5165 1696 5219 nimirum
1737 5166 1855 5231 152,
1902 5171 1965 5225 de
2005 5174 2192 5228 eodem

651 5254 981 5317 argumento.
1029 5249 1150 5303 Voti
1177 5265 1391 5320 compos
1433 5253 1632 5318 factus,
1666 5254 1795 5310 alias
1824 5259 1965 5312 misit
1991 5260 2196 5317 litteras

651 5335 718 5388 ad
744 5335 935 5389 fratres
963 5335 1015 5389 in
1040 5333 1244 5392 Gothiae
1279 5341 1517 5406 partibus
1544 5344 1654 5399 Dm
1686 5345 1976 5400 servientes
2001 5347 2192 5418 (Epist.

652 5422 775 5493 133)
803 5441 815 5476 :
844 5441 862 5474 ι
892 5424 1003 5495 Ego
1021 5440 1165 5492 vero,
1188 5427 1284 5493 ait,
1305 5430 1484 5484 saeculi
1504 5434 1906 5504 tempestatibus
1927 5437 2193 5504 turbatus,

655 5525 810 5566 casso
845 5514 1026 5570 multis
1071 5515 1124 5570 in
1167 5516 1301 5572 locis
1337 5516 1518 5573 labore
1557 5521 1808 5577 desudavi
1846 5541 1859 5579 :
1897 5522 1991 5578 sed
2038 5527 2194 5582 modo

2288 3185 2529 3241 fessioois
2578 3192 2828 3244 accedere
2875 3195 2940 3246 ad
2992 3195 3188 3264 stylum
3240 3198 3482 3264 Alcuini,
3528 3213 3686 3272 atque
3733 3205 3850 3272 ejus

2287 3279 2610 3334 conditorem
2641 3282 2832 3337 vixisse
2859 3295 2982 3340 ante
3027 3290 3470 3345 scholasticorum
3499 3306 3714 3351 :etatem
3736 3339 3750 3363 ,
3784 3315 3847 3354 ac

2287 3372 2504 3438 proinde
2537 3375 2663 3427 nihil
2692 3379 2822 3430 certi
2857 3394 2920 3431 ex
2953 3380 3035 3433 his
3075 3383 3398 3451 conjecturis
3431 3386 3621 3441 confici
3664 3403 3842 3457 posse.

2358 3462 2467 3514 Etsi
2498 3464 2609 3516 hzec
2634 3464 2897 3535 Anonymi
2930 3468 3206 3524 Confessio
3243 3472 3603 3536 feresufiiciat
3639 3479 3704 3531 ad
3742 3481 3847 3532 sol-

2289 3551 2484 3604 vendas
2530 3552 2864 3620 conjeeturas
2914 3576 3046 3627 quas
3088 3562 3330 3627 adduxit,
3382 3567 3630 3621 nonnulla
3670 3577 3847 3628 tamen

2291 3658 2546 3710 reponere
2591 3645 2742 3714 juvat
2789 3651 2853 3703 ad
2901 3653 3211 3719 ampliorem
3265 3659 3507 3713 veritatis
3557 3662 3845 3716 confirma-

2291 3733 2510 3788 tionem.

2362 3825 2409 3875 t.
2439 3824 2625 3880 Nullus
2664 3832 2863 3884 moveri
2895 3833 3050 3887 debet
3094 3837 3236 3904 quod
3263 3836 3626 3893 Confessionis
3662 3850 3845 3894 auctor

2291 3927 2416 3964 usus
2445 3913 2514 3966 sit
2541 3915 2885 3972 Confessione
2913 3919 3110 3991 Pelagii
3148 3923 3244 3993 (b).
3274 3923 3565 3992 ,Siquidem
3608 3935 3844 3996 tempore

2290 4001 2496 4057 Alcuini
2526 4013 2622 4074 pro
2637 4001 2773 4062 'vero
2796 3996 2982 4065 sancti.
3007 4012 3314 4085 Hieronymi
3366 4015 3471 4070 fetu
3520 4021 3843 4086 agnosceba-

2293 4099 2394 4141 tur.
2424 4090 2478 4143 Id
2507 4103 2674 4159 patet,
2713 4103 2820 4148 tum
2846 4112 2910 4150 ex
2939 4099 3057 4153 libri
3089 4103 3231 4155 tertii
3262 4103 3494 4157 Carolini
3521 4121 3639 4174 cap.
3677 4105 3724 4169 ι,
3754 4107 3840 4161 ubi

2293 4181 2404 4234 ιιωο
2445 4182 2721 4240 Confessio
2773 4191 2869 4243 sub
2914 4192 3126 4247 nomine
3174 4192 3481 4265 Hieronymi
3527 4198 3841 4261 adducitur;

2293 4281 2404 4326 tum
2432 4290 2494 4328 ex
2522 4291 2619 4331 ms.
2649 4279 2842 4335 Codice
2870 4281 3126 4338 Ctesarece
3169 4287 3528 4350 bibliothecce,
3557 4290 3647 4356 qui
3677 4289 3844 4342 codex

2293 4364 2523 4430 psalmos
2552 4374 2604 4418 et
2634 4370 2837 4424 cantica
2855 4411 2868 4433 ,
2895 4373 3180 4440 variasque
3223 4375 3588 4430 confessiones
3612 4377 3846 4445 comple-

2294 4460 2464 4515 ctens,
2486 4451 2637 4519 jussu
2665 4455 2840 4510 Caroli
2868 4459 3039 4529 Magni
3067 4477 3096 4514 a
3117 4461 3340 4533 Dagulfo
3361 4466 3573 4520 notario
3594 4467 3842 4536 scriptus,
3873 4463 3888 4474 “

2294 4550 2451 4610 atque
2478 4543 2710 4599 Adriano
2738 4563 2885 4615 papa:
2909 4548 3119 4605 oblatus
3143 4562 3224 4606 est
3249 4593 3264 4616 ,
3299 4563 3525 4615 testante
3560 4555 3846 4611 Lambecio

2294 4630 2346 4683 in
2371 4631 2626 4686 Caesareae
2643 4635 2970 4692 bibliotheca:
2997 4648 3123 4694 tom.
3141 4643 3203 4706 ll,
3216 4645 3559 4715 continetque
3581 4647 3720 4699 inter
3739 4645 3844 4700 alia

2294 4721 2612 4789 ipsissimam
2661 4723 2856 4794 Pelagii
2904 4728 3301 4785 Confessionem
3341 4748 3462 4787 cum
3509 4733 3613 4806 hoc
3649 4734 3842 4788 titulo:

2295 4807 2558 4878 Confessio
2585 4815 2705 4881 ﬁdei
2731 4815 2996 4871 catholicae
3022 4822 3187 4873 sancti
3215 4821 3537 4894 Hieronymi.
3562 4825 3694 4879 Tum
3717 4827 3844 4880 sub-

2299 4900 2538 4968 sequitur
2559 4903 2836 4958 Confessio
2863 4907 2914 4958 in
2938 4909 3049 4963 haec
3071 4895 3230 4965 verba
3255 4931 3269 4967 :
3302 4907 3571 4970 Credimus
3595 4916 3649 4970 in
3683 4916 3844 4971 Deum

2298 4985 2508 5044 Putrem
2539 4995 2928 5063 omnipotentem
2951 5011 3253 5056 cunctorum
3284 5007 3560 5061 visibilium
3584 5015 3634 5062 et
3667 5009 3873 5063 Μοὺθ

2296 5080 2490 5170 uitium
2520 5085 2862 5151 conditorem,
2894 5099 3023 5155 etc.,
3061 5109 3180 5162 qua:
3216 5096 3484 5168 ipsissima
3529 5106 3612 5153 est
3645 5098 3847 5170 Pelagii

2299 5167 2572 5227 Confessio
2596 5185 2642 5225 α.
2665 5172 2873 5230 Nemini
2901 5178 3077 5249 itaque
3105 5167 3300 5240 mirum
3327 5203 3446 5243 esse
3471 5185 3629 5242 debet
3666 5186 3712 5242 si
3739 5167 3845 5245 Pe-

2299 5260 2422 5330 lagii
2451 5263 2850 5322 Confessionem
2878 5276 3275 5345 transcripserit
3299 5279 3350 5331 in
3381 5292 3534 5332 suam
3554 5276 3810 5336 Alcuinus
3828 5320 3846 5346 ,

2297 5352 2387 5446 qui
2409 5367 2526 5406 eam
2550 5357 2828 5446 reputabat
2848 5373 2966 5416 esse
2977 5361 3305 5436 Hieronymi,
3332 5381 3492 5446 quem
3513 5369 3567 5423 in
3582 5367 3694 5424 suis
3712 5367 3849 5424 scri-

2296 5442 2402 5510 ptis
2427 5445 2624 5511 passim
2653 5449 3010 5508 transcribere
3033 5455 3186 5511 solet.

2367 5508 2549 5598 Neque
2569 5533 2764 5588 mirum
2791 5539 2932 5605 quod
2952 5508 3268 5602 etiam‘usus
3288 5554 3373 5605 est
3398 5549 3700 5606 testimonio
3722 5508 3850 5604 ﬁbri

730 5634 756 5662 ι
788 5622 904 5678 Vid.
933 5634 1070 5695 part.
1098 5643 1180 5693 nt,
1203 5644 1257 5684 n.
1280 5627 1368 5694 32,
1395 5644 1514 5698 quze
1534 5647 1661 5688 sane
1681 5632 2068 5702 Pelagianavel
2101 5635 2521 5709 Semipclagiana
2546 5656 2650 5697 non
2675 5655 2816 5700 sunt.

3693 276 3826 336 I008
3911 298 3914 300 ·
