4266 6192
488 236 623 293 loco
704 212 713 225 ’

1042 233 1191 301 ore.
1229 234 1454 293 nouis.
1474 265 1557 291 .,-
1590 234 1678 290 ns
1712 231 1890 289 FIDE!
1927 229 2254 289 CONFESS.
2277 204 2686 293 'naniLLonu
2723 235 3144 306 DISQUISITIO.

2662 74 2682 103 Ι

3547 245 3681 303 0010

485 353 553 408 de
577 346 1350 420 Dogmatibns'ecclosiasticia,
1373 367 1532 421 quem
1555 350 1815 407 Gennadii
1836 350 2032 407 Massi-
2060 347 2101 401 Α
2130 346 2360 413 attinet,
2387 347 2432 402 si
2459 349 2581 419 quis
2606 365 2717 406 rem
2745 353 2961 423 propius
2989 354 3291 412 consideret
3315 397 3332 419 ,
3369 374 3429 412 ex
3467 360 3681 418 ειιῑαιε-

484 439 684 505 liensia,
733 439 965 495 hominis
1009 438 1419 512 Semipelagiani
1439 480 1457 507 ,
1506 439 1674 495 fetum
1716 454 1838 503 esse
1889 456 2033 499 nunc

482 538 695 589 constat
735 530 875 602 apud
916 531 1186 599 eruditos;
1242 540 1385 597 tum,
1433 533 1557 601 quia
1603 532 1741 593 liber
1772 533 1876 595 iste
1902 533 2031 588 olim

481 614 667 687 sancto
689 622 988 693 Augustino
1013 623 1317 694 suppositus
1344 628 1442 680 est.
1470 621 1775 692 relatusque
1797 637 1830 677 a
1856 630 2033 691 poste-

483 714 559 769 ris
585 713 641 769 in
665 711 781 782 ejus
798 710 1035 783 Oper-um
1056 700 1414 784 Appendicem
1438 730 1452 766 :
1486 698 1617 777 tum}
1642 713 1766 784 quia
1785 720 1909 768 ante
1938 727 2033 767 an-

481 819 579 861 nos
606 804 941 875 octingentos
975 817 1096 859 cum
1120 801 1415 859 honoriﬁca
1452 804 1688 878 auctoris
1720 802 2033 874 praefatione

479 896 724 952 laudatus
748 904 852 962 est,
875 895 1039 952 etiam
1059 896 1128 951 ab
1151 895 1236 950 bis
1264 894 1357 966 qui
1382 894 1502 965 ejus
1520 901 1796 965 parentem
1815 893 2031 950 Genna-

477 991 623 1045 dium
663 990 1041 1059 agnoscebant.
1086 987 1257 1059 Hujus
1300 989 1378 1044 rei
1408 987 1706 1045 luculentus
1753 986 1907 1042 testis
1948 993 2031 1041 est

441 1128 449 1151 ,
474 1082 745 1139 Adrianus
767 1096 905 1152 papa
934 1080 1173 1151 primus,
1206 1079 1415 1136 Alcuini
1444 1080 1684 1149 aequalis,
1718 1078 1781 1134 irr
1807 1074 2031 1147 epistola

475 1173 544 1229 ad
563 1170 814 1229 Carolum
837 1170 1083 1241 Magnum
1106 1171 1172 1225 de
1196 1170 1350 1227 Cultu
1376 1178 1680 1226 sanctarum
1703 1170 2026 1239 imaginum:

474 1262 563 1318 cui
586 1257 862 1331 prebando
889 1261 1033 1316 inter
1060 1261 1194 1317 alias
1225 1262 1451 1318 Patrum
1488 1260 1839 1315 auctoritates
1869 1260 2029 1314 etiam

474 1351 739 1409 Gennadii
763 1352 1086 1412 sententiam
1113 1347 1439 1410 adducithis
1464 1351 1677 1407 verbis:
1716 1369 1735 1403 ι
1770 1349 1826 1406 ln
1861 1352 2033 1406 sacris

473 1442 747 1514 praedictis
770 1444 1013 1501 conciliis
1042 1437 1765 1516 praedecessorum'meorum
1801 1442 2029 1500 sanctis-

472 1535 733 1592 simorum
758 1533 1071 1603 pontificum
1106 1534 1224 1589 haec
1257 1534 1434 1590 oblata
1468 1542 1598 1590 sunt
1625 1533 1952 1596 testimonia,
1976 1530 2031 1585 id

470 1627 556 1675 est
580 1639 595 1675 :
624 1623 796 1678 sancti
823 1621 1085 1679 Gennadii
1124 1625 1471 1682 Massiliensis
1502 1625 1769 1695 episcopi,
1796 1623 2032 1693 qualiter

2110 436 2276 493 'tiana
2300 435 2644 496 Confessione
2671 442 3003 517 desumptum
3049 446 3165 500 sine
3201 447 3362 501 dubio
3400 449 3679 507 videbitur.

2131 524 2266 581 Cum
2283 527 2425 591 enim
2443 528 2531 584 bic
2557 538 2817 587 tractatus
2839 532 3202 593 Confessionis
3221 535 3536 594 Christiana:
3561 555 3683 610 spc-

2131 614 2304 673 cimen
2333 616 2629 686 promittat,
2659 619 2933 690 solamque
2952 621 3016 691 de
3040 617 3299 678 Trinit'ate
3318 623 3503 681 Fidem
3532 642 3678 682 eom-

2130 703 2425 774 plectatur;
2460 706 2829 778 imperfectum
2858 726 2988 766 sane
3009 726 3144 781 opus
3173 720 3282 778 est,
3314 713 3357 768 si
3383 729 3415 768 a
3456 714 3679 770 Confes—

2129 797 2297 853 sionis
2342 800 2572 855 secunda
2625 809 2794 870 parte,
2847 818 2967 873 quae
3017 802 3083 858 de
3127 802 3495 862 lncarnatione
3528 807 3677 878 agit,

2129 887 2427 943 divellatur.
2456 888 2589 945 Hinc
2630 906 2960 961 consequens
2986 898 3070 946 est
3103 899 3164 947 ut
3189 893 3364 962 potius
3397 894 3678 965 Speculum

2127 993 2195 1034 ex
2224 977 2588 1045 Conlessione,
2617 989 2865 1050 tanquam
2895 982 3259 1053 imperfectum
3296 998 3427 1054 opus
3454 990 3521 1040 ex
3557 1000 3679 1055 per-

2128 1066 2288 1133 fecto,
2320 1085 2478 1139 quam
2506 1069 2782 1128 Confessio
2807 1088 2872 1127 ex
2901 1072 3128 1143 Speculo
3147 1114 3160 1136 ,
3200 1075 3496 1130 derivatum
3537 1078 3679 1132 dira-

2130 1165 2234 1212 tur.
2268 1146 2493 1231 Adbarc
2519 1158 2750 1217 Joannes
2776 1162 2939 1217 abbas
2965 1161 3199 1217 libellum
3226 1177 3441 1233 precum
3475 1167 3681 1221 orditur

2129 1263 2160 1304 a
2186 1248 2379 1318 duplici
2406 1248 2720 1322 fragmento,
2744 1268 2970 1322 quorum
2999 1270 3162 1309 unum
3191 1264 3271 1311 est
3303 1256 3355 1311 in
3380 1257 3483 1312 line
3511 1259 3679 1328 partis

2127 1339 2312 1408 prima:
2336 1338 2698 1397 Confessionis
2741 1340 3053 1414 (itidemque
3097 1345 3151 1402 in
3188 1344 3293 1402 line
3334 1346 3543 1423 Speculi
3572 1347 3678 1402 Au-

2127 1430 2457 1504 gustiniani),
2490 1432 2716 1488 alterum
2758 1434 2913 1491 initio
2956 1437 3221 1502 secundae,
3266 1438 3561 1508 iterumque
3604 1438 3679 1494 fu-

2127 1518 2238 1575 sius
2259 1520 2312 1575 in
2338 1535 2455 1591 cap.
2483 1521 2550 1576 l0
2584 1533 2788 1598 quartae
2810 1525 2997 1594 partis.
3026 1524 3295 1581 Posterius
3324 1524 3675 1598 fragmentum

2127 1608 2393 1681 decerpsit
2416 1626 2482 1675 ex
2506 1596 2881 1681 Confessione,
2909 1632 2974 1671 ac
3000 1617 3220 1686 proinde
3264 1596 3447 1687 prius,
3475 1634 3579 1675 non
3606 1634 3674 1676 ex
3769 1684 3773 1688 ,

471 1711 775 1767 veneranda
800 1711 910 1768 sint
935 1728 1161 1783 corpora
1196 1715 1283 1774 vel
1323 1716 1560 1798 reliquiae
1590 1722 1894 1770 sanctorum
1937 1728 2014 1769 ca-

2130 1675 2374 1770 Speculo.
2404 1704 2637 1774 Denique
2666 1706 2756 1775 qui
2786 1707 2853 1761 de
2868 1675 3088 1777 'Speculi
3124 1675 3350 1764 tractatu
3390 1675 3677 1781 supersunt

470 1801 638 1872 pitulo
660 1803 730 1859 40
759 1822 785 1865 ε,
805 1803 1091 1861 Sacrorum
1114 1825 1333 1879 corpora
1352 1850 1366 1875 ,
1398 1820 1444 1864 et
1473 1811 1730 1881 prwcipue
1758 1809 2023 1863 beatorum

469 1903 759 1965 martyrum
780 1896 1043 1969 reliquias.
1063 1917 1124 1954 ac
1140 1902 1186 1955 si
1201 1900 1393 1957 Christi
1415 1903 1662 1967 meinbm,
1680 1902 2024 1957 sincerissime

466 1981 795 2051 honoranda,
808 1994 914 2044 etc.
938 1988 1067 2055 Qua:
1086 1990 1345 2047 Cenuaulii
1370 1993 1530 2048 verba
1554 1993 1818 2050 habentur
1834 1992 1890 2047 in
1911 1989 2025 2061 ejus

468 2072 683 2146 vulgato
708 2074 847 2133 libro
874 2077 940 2133 de
970 2079 1316 2150 Dogmatibus
1347 2083 1755 2148 ecclesiasticis,
1785 2099 1903 2153 cap.
1933 2081 2019 2137 73.

424 2158 571 2225 κυιιὶ
616 2161 765 2219 vides
811 2175 1158 2224 nontantum
1196 2160 1561 2238 Gennadium,
1602 2173 1693 2227 sed
1717 2173 1881 2229 etiam
1908 2170 2024 2241 ejus

467 2248 663 2307 librum
687 2253 754 2309 de
781 2250 1128 2328 Dogmatibus
1156 2261 1529 2317 ecclesiasticis
1556 2263 1623 2321 ab
1646 2262 1883 2317 Adriano
1909 2261 2025 2315 lau-

465 2340 694 2399 datum‘:
726 2360 828 2402 nec
844 2349 1068 2418 proinde
1096 2333 1289 2417 initum
1314 2368 1435 2408 esse
1459 2354 1598 2424 quod
1625 2353 1694 2408 ab
1720 2354 1943 2410 Alcuino
1970 2354 2023 2408 in

465 2429 812 2491 Coniessione
830 2451 926 2492 sua
956 2446 1010 2494 et
1043 2439 1178 2496 liber
1203 2449 1261 2497 et
1291 2451 1478 2499 auctor
1512 2443 1697 2499 itidem
1741 2444 2021 2511 laudetur;

466 2538 639 2593 neque
667 2525 789 2581 inde
817 2530 955 2589 sonti
984 2546 1141 2601 posse
1167 2543 1538 2605 argumentum
1579 2545 1637 2591 ut
1662 2538 1777 2592 bace
1805 2536 2026 2595 Confes-

466 2614 546 2673 sio
571 2616 884 2675 detrahatnr
902 2621 1149 2689 Aleuino,
1176 2624 1283 2679 imo
1309 2627 1488 2696 potius
1508 2636 1566 2682 ut
1592 2628 1692 2698 ipsi
1721 2638 2016 2684 asseratnr.

465 2701 597 2758 Nam
626 2715 746 2777 post
769 2715 1160 2769 controversias
1189 2714 1521 2773 Cothesealci
1563 2720 1841 2776 occasione
1866 2736 2024 2777 exor-

466 2794 566 2856 tus,
589 2792 701 2862 jam
724 2805 838 2852 tum
860 2798 1074 2857 domum
1095 2816 1373 2874 suspectus
1394 2822 1457 2862 ac
1474 2807 2018 2880 Semipelagianorum

462 2900 647 2941 errore
661 2887 899 2945 inlectus
918 2892 1173 2961 probatus
1194 2903 1276 2950 est
1304 2898 1403 2952 iste
1424 2897 1685 2955 Gennadii
1711 2901 1937 2968 libellus,
1962 2911 2021 2959 ut

464 2984 609 3043 patet
633 2992 698 3031 ex
725 2977 765 3032 F
770 2978 868 3035 lori
910 2990 963 3036 et
996 2982 1247 3040 Ecclesia:
1295 2987 1657 3059 Lugdunensis
1705 2991 1921 3061 scriptis
1967 2994 2018 3047 in

2127 1791 2339 1847 codices
2366 1807 2495 1848 mss.
2542 1794 2869 1850 recentiores
2908 1804 3032 1851 sunt
3072 1811 3274 1852 omnes.
3312 1798 3420 1854 Nec
3461 1800 3674 1865 mirum,

2127 1896 2247 1937 cum
2291 1890 2414 1952 post
2455 1882 2765 1939 Anselmum
2814 1888 3040 1942 scorsim
3088 1889 3262 1945 editus
3302 1893 3371 1946 sit
3420 1901 3678 1950 tractatus

2125 1972 2260 2043 ipse,
2285 1973 2362 2042 uti
2401 1974 2562 2029 etiam
2591 1974 2818 2032 Dallteus
2854 1977 3157 2033 conﬁtetur.
3205 1979 3276 2034 At
3315 1980 3675 2039 Conlessionis

2124 2059 2441 2116 Boeriaunm
2469 2062 2739 2137 exemplar
2769 2062 2944 2120 Caroli
2973 2064 3144 2137 Magni
3175 2075 3412 2139 tempore
3433 2068 3487 2124 in
3511 2085 3676 2126 mem-

2124 2152 2308 2207 branis
2334 2138 2913 2225 descriptum,'tontem
2937 2157 3133 2230 indicat
3151 2174 3217 2215 ex
3241 2138 3347 2230 quo
3369 2158 3673 2237 Speculum,

2124 2247 2376 2311 tanquam
2404 2242 2568 2309 rivus,
2595 2245 2845 2299 manavit.

2192 2332 2246 2386 δ.
2272 2332 2430 2389 Aliud
2453 2335 2672 2405 opponit
2698 2334 2945 2402 Dallaius,
2967 2338 3218 2395 nimirum
3246 2341 3299 2395 in
3325 2324 3550 2412 vulgatis
3582 2330 3673 2399 Al-

2124 2428 2266 2483 cuini
2295 2427 2525 2499 Operum
2556 2429 2819 2485 indicibus
2862 2430 3057 2486 nullam
3101 2428 3569 2489 ﬁeri'mcntioncm
3609 2434 3676 2491 de
3780 2506 3787 2511 μ

2090 2531 2095 2535 ‘
2125 2517 2454 2576 Cbillletiana
2483 2518 2844 2578 Conlessione.
2874 2521 3113 2592 Namque
3138 2539 3274 2594 quos
3299 2524 3500 2581 indices
3522 2524 3675 2581 Cliif-

2123 2610 2296 2673 iletius
2328 2613 2430 2667 huc
2458 2613 2692 2677 adducit,
2726 2614 2792 2670 de
2820 2615 2925 2670 alia
2950 2617 3290 2672 Conl‘essione
3322 2617 3530 2674 Alcuinl
3558 2633 3676 2674 esse

2124 2703 2581 2772 interpretandos,
2631 2720 2748 2775 qum
2786 2706 2853 2760 ab
2896 2705 3082 2761 iisdem
3125 2708 3303 2764 verbis
3344 2708 3562 2779 incipiat
3611 2726 3673 2764 ac

2120 2792 2455 2849 Cliilﬂetiana
2481 2794 2578 2867 (lt).
3581 2849 3584 2853 .

2191 2882 2268 2939 Ita
2298 2885 2368 2939 sit
2396 2901 2523 2940 vero
2548 2903 2561 2939 :
2595 2885 2688 2942 sed
2714 2904 2836 2957 quis
2865 2888 3069 2944 nesciat
3097 2907 3255 2959 quam
3281 2893 3453 2949 manci
3475 2902 3531 2950 et
3555 2910 3670 2949 mu-

2125 2973 2203 3028 tili
2248 2975 2353 3029 sint
2392 2983 2629 3039 veterum
2678 2974 2996 3048 scriptorum
3040 2980 3297 3051 catalogi,
3324 2985 3569 3052 quamvis
3606 2985 3671 3039 ab

462 3082 623 3122 causa
659 3071 1162 3139 pmdestiualionis.
1188 3076 1320 3132 Cum
1362 3039 1488 3152 ergo
1527 3090 1634 3137 tam
1668 3039 1928 3141 Gennadii
1960 3087 2014 3141 li-

2125 3065 2429 3120 auctoribus
2454 3066 2745 3136 aequalibus
2784 3039 3034 3122 ordinati.
3066 3039 3242 3140 Opera
3287 3039 3456 3129 sancti
3497 3071 3673 3144 Augu-

465 3157 661 3213 bellum
687 3176 845 3238 quam
869 3160 1199 3219 Gennadiuni
1245 3167 1415 3236 ipsum
1463 3172 1639 3242 magni
1678 3171 1841 3237 faciat
1874 3173 2016 3230 Con-

463 3244 711 3307 fessionis
736 3250 1079 3308 Chillletianae
1118 3258 1365 3325 scriptor,
1406 3258 1530 3315 inde
1564 3275 1893 3333 consumens
1935 3262 2018 3319 est

463 3350 521 3395 ut
545 3343 590 3399 is
608 3350 733 3400 ante
760 3344 1095 3401 Gotbescalei
1121 3353 1517 3405 controversias
1543 3354 1755 3408 vixerit:

468 3484 469 3487 η
532 3432 716 3503 Neque
739 3436 916 3491 obstat
944 3438 1086 3506 quod
1113 3441 1269 3493 tertia
1317 3458 1441 3511 pars
1482 3442 1638 3507 istius
1661 3444 2017 3504 Confessionis

462 3537 582 3580 cum
610 3525 823 3583 duabus.
837 3529 1104 3598 prioribus
1137 3546 1241 3585 non
1263 3533 1393 3586 satis
1419 3519 1689 3590 cohaerere
1713 3536 1938 3603 dicatur,
1962 3549 2018 3593 et

460 3629 528 3669 ex
554 3614 658 3670 illis
682 3618 932 3673 nonnulla
954 3628 1175 3688 repetat.
1201 3620 1329 3675 Nam
1353 3622 1404 3675 in
1428 3623 1610 3678 codice
1624 3625 1879 3681 Boeriano
1899 3629 2016 3684 dua:

462 3706 786 3777 posteriores
813 3717 993 3779 partes
1020 3712 1206 3766 eadem
1243 3727 1420 3776 manu,
1462 3728 1566 3782 qua
1611 3715 1816 3783 priores
1865 3718 2010 3783 dum,

462 3798 740 3868 descriptae
762 3807 886 3855 sunt
914 3818 925 3853 :
954 3807 1007 3855 et
1031 3800 1278 3871 repetitio
1306 3803 1417 3858 haec
1446 3819 1552 3859 non
1579 3805 1679 3860 nisi
1704 3808 2014 3877 recapitula-

463 3890 537 3941 tin
562 3890 957 3958 praemissorum
991 3901 1091 3948 est.

528 3982 582 4030 2.
612 3978 853 4034 Alterum
880 3980 1168 4049 obiectum,
1197 3985 1336 4053 quod
1361 4000 1426 4040 ex
1465 3987 1743 4045 Dallmanis
1782 3990 2010 4059 primum

460 4078 560 4132 est,
594 4069 736 4124 .iude
782 4072 1157 4142 petitur'quod
1197 4076 1247 4128 in
1292 4076 1623 4134 Chillletiana
1666 4080 2012 4137 Coulessione

461 4161 622 4215 multa
650 4161 713 4215 de
736 4163 896 4216 verbo
922 4174 1282 4233 excerpuntur
1304 4176 1411 4221 tum
1432 4184 1496 4223 ex
1525 4179 1755 4227 tractatu
1783 4174 1847 4229 de
1879 4175 2013 4242 Spe-

376 4316 385 4329 .
460 4251 600 4315 enlo,
628 4251 715 4321 qui
749 4251 887 4307 inter
920 4254 1078 4308 notha
1106 4253 1386 4326 Augustini
1434 4274 1595 4327 opera
1646 4263 1844 4318 relatus
1891 4275 2005 4327 est,

2119 3157 2242 3211 stini
2270 3157 2322 3210 in
2354 3170 2631 3211 numerum
2676 3158 2861 3212 retulit
2902 3154 3207 3224 Possidius;
3248 3159 3482 3215 Anselmi
3527 3160 3669 3216 Ead-

2070 3287 2074 3290 ν
2119 3261 2331 3310 merus;
2362 3245 2619 3301 Bernardi
2658 3245 2866 3301 abbatis
2908 3247 3312 3327 Clarevallensis
3353 3248 3665 3315 Gauri-idus;

2096 3350 2302 3395 omnes
2327 3335 2633 3396 auctoribus
2654 3344 2808 3407 aetate
2836 3321 3102 3405 paresrﬁt
3130 3346 3305 3393 tamen
3335 3339 3534 3394 indices
3558 3339 3666 3403 isti,

2116 3439 2276 3493 quam
2307 3425 2361 3479 in
2387 3424 2567 3479 multis
2596 3426 2873 3490 deﬁciant,
2908 3424 3018 3495 jam
3045 3427 3238 3481 dudum
3287 3429 3509 3483 eruditis
3538 3430 3667 3484 viris

2115 3531 2428 3585 persuasum
2449 3526 2552 3571 εει.

2183 3607 2235 3661 4.
2268 3606 2365 3670 At,
2394 3607 2591 3674 inquit,
2624 3606 2878 3669 Dallaeus,
2912 3607 3142 3675 scriptor
3186 3607 3546 3663 Chimetianus
3575 3609 3663 3663 Αι-

2112 3695 2329 3767 euinum
2379 3695 2571 3766 saepius
2612 3696 2838 3765 expilat,
2869 3700 3005 3766 quod
3055 3715 3155 3752 non
3186 3701 3541 3756 commisisset
3574 3703 3665 3755 Δις

2112 3784 2319 3841 cuinus.
2352 3785 2466 3841 Non
2495 3787 2635 3842 enim
2668 3787 2840 3842 solent
2882 3789 3098 3860 ﬂorilegi
3122 3830 3134 3853 ,
3165 3791 3243 3845 \el
3283 3790 3660 3859 drlloratores,

2111 3892 2177 3932 ex
2208 3877 2321 3932 suis
2348 3876 2447 3947 ipsi
2475 3876 2647 3943 libris,
2672 3877 2764 3933 sed
2790 3894 2855 3933 ex
2888 3880 3092 3947 alienis,
3135 3898 3197 3936 ea
3236 3884 3521 3954 decerpere
3546 3902 3662 3955 qua:

2112 3969 2305 4025 litteris
2332 3968 2603 4024 mandant.

2180 4061 2290 4116 lmo
2313 4076 2440 4115 vero
2467 4061 2567 4116 hoc
2589 4062 2819 4115 maxime
2841 4063 3012 4132 arguit
3039 4080 3137 4117 non
3162 4064 3321 4119 alium
3343 4082 3457 4121 esse
3480 4078 3658 4122 aucto-

2106 4168 2221 4205 rem
2253 4153 2394 4207 hunc
2416 4168 2573 4220 quam
2597 4152 2911 4216 Alcuinum,
2956 4162 3013 4207 ut
3055 4156 3146 4224 qui
3190 4157 3425 4224 pressius
3458 4165 3509 4210 et
3547 4174 3659 4216 suns

2110 4240 2276 4307 ipsius
2303 4242 2480 4295 verbis
2516 4250 2566 4297 et
2602 4244 2880 4298 sententiis
2928 4244 3164 4297 iubaerat.
3219 4245 3349 4299 Nam
3393 4247 3436 4301 si
3477 4245 3659 4304 Dallzni

463 4350 572 4401 tum
598 4318 662 4398 ea
688 4344 826 4398 libro
853 4318 1247 4400 Meditationuin
1282 4318 1779 4421 eidem-Augustino
1816 4318 2005 4425 perpe:

2125 4330 2499 4400 urgumentatio
2519 4330 2738 4398 valeret,
2766 4331 3091 4387 Tcrtulliano
3112 4318 3494 4405 abjudicandus
3516 4349 3660 4396 esset

462 4449 573 4497 ram
598 4436 833 4504 ascripta
857 4455 868 4489 ς
897 4438 1037 4506 quod
1066 4446 1348 4508 utrumque
1366 4454 1498 4508 opus
1519 4443 1872 4500 recentiorum
1888 4462 2006 4502 esse

462 4532 758 4590 tenuiorum
811 4524 1036 4580 llallaeus
1083 4529 1373 4583 contendit.
1423 4530 1487 4598 Et
1538 4530 1749 4601 Speculi
1794 4536 2007 4605 quidem

411 4670 415 4675 ,
462 4617 742 4666 tractatum
771 4610 1195 4670 Mcditationibus
1220 4619 1574 4685 posteriorem
1599 4612 1745 4690 esse;
1784 4625 2005 4682 Medita-

461 4698 661 4754 tionum
683 4715 809 4755 vero
833 4700 1024 4757 librum
1040 4705 1466 4759 consarcinatum
1487 4724 1606 4764 esse
1627 4720 1745 4779 post
1764 4723 2005 4770 sanetum

457 4786 795 4856 Anselmum,
840 4806 907 4847 ex
946 4789 1097 4860 cujus
1129 4794 1302 4871 tvariis
1334 4799 1605 4863 opusculis
1654 4800 1765 4857 fere
1807 4807 2007 4861 conﬂa-

459 4882 544 4930 ιιιε
573 4885 674 4931 est.

526 4966 769 5023 Concedo
791 4970 952 5029 hosce
978 4973 1114 5030 duos
1139 4975 1324 5040 libros,
1355 4976 1403 5031 id
1432 4987 1513 5032 est
1558 4978 1767 5047 Speculi
1802 4993 1857 5038 et
1901 4987 2005 5043 Me-

457 5056 796 5121 ditatiooum,
823 5071 1011 5116 sancto
1030 5063 1282 5127 Anselmo
1303 5070 1622 5137 posteriores
1642 5087 1777 5125 esse.
1794 5073 1862 5127 At
1885 5077 2005 5132 inde

458 5148 791 5218 antiquitatis
842 5154 1246 5221 pmrogativam
1299 5148 1398 5214 sibi
1452 5160 1683 5216 vindicat
1730 5161 2005 5221 Confessio

456 5239 807 5303 Chiﬂletiana,
833 5256 953 5294 cum
994 5242 1159 5297 codex
1186 5245 1481 5305 Boerianns
1523 5252 1676 5305 annis
1726 5254 2001 5313 minimum

457 5329 703 5387 ducentis
738 5339 862 5386 ante
896 5331 1203 5395 Anselmum
1243 5349 1493 5397 exaratos
1524 5344 1620 5404 sit,
1654 5343 1729 5396 uti
1760 5348 2005 5416 superius

458 5417 816 5479 demonstravi
864 5423 946 5496 (i).
984 5423 1146 5496 375
1177 5425 1243 5482 Et
1279 5430 1492 5495 quidem
1520 5434 1912 5493 I.ileditationum
1943 5440 2005 5495 li-

460 5507 611 5564 brum
646 5526 715 5566 ex
758 5511 978 5571 Joannis
1004 5516 1213 5573 abbatis
1247 5523 1515 5587 opusculis
1548 5524 1656 5580 fere
1684 5535 1849 5582 totum
1876 5543 2003 5585 con-

459 5607 600 5655 stare
625 5601 785 5670 paulo
811 5612 932 5661 ante
959 5606 1238 5675 probatum
1276 5616 1372 5661 est.
1408 5610 1488 5667 Ad
1533 5614 1813 5685 Speculum
1864 5628 2002 5695 quod

2108 4419 2242 4476 liber
2268 4422 2336 4476 ad
2363 4420 2613 4478 Nationes
2635 4422 2715 4495 (Ι),
2746 4424 2837 4495 qui
2864 4432 3005 4491 totus
3037 4440 3101 4480 ex
3130 4427 3366 4497 ejusdem
3393 4428 3659 4502 Apologia:

2107 4512 2171 4583 (si
2204 4521 2381 4568 tamen
2406 4514 2561 4587 alius)
2593 4517 2771 4573 verbis
2817 4525 2871 4572 et
2915 4518 3208 4574 ratiooibus
3248 4531 3474 4577 constat.
3506 4523 3657 4590 Quod

2105 4608 2267 4663 etiam
2293 4608 2359 4663 de
2382 4610 2661 4681 Augustini
2687 4611 2952 4665 nonnullis
2983 4611 3201 4680 aliisque
3220 4614 3445 4667 aliorum
3472 4622 3657 4669 aucto-

2107 4715 2222 4754 rum
2252 4701 2504 4772 operibus
2523 4701 2930 4755 dieendum’est.

2175 4807 2281 4864 Sed
2305 4810 2459 4863 video
2485 4807 2733 4862 Dallmum
2774 4806 3078 4863 incumbere
3114 4810 3164 4863 in
3196 4827 3385 4865 nomen
3433 4812 3653 4887 ﬂorilegi

2104 4916 2199 4954 seu
2228 4898 2575 4956 deﬂoratoris.
2608 4898 2805 4953 Verum
2830 4912 2965 4971 nego
2994 4899 3367 4958 Confessorem
3392 4901 3491 4977 (sic
3509 4905 3652 4975 loqui

2107 4990 2235 5044 mihi
2259 4988 2434 5059 liceat)
2457 5002 2659 5043 merum
2685 5002 2801 5044 esse
2823 4986 3115 5061 ﬂorilegum
3140 5006 3229 5046 seu
3257 4990 3649 5059 deﬂoratorem,

2103 5101 2224 5140 eum
2275 5082 2489 5155 propria
2537 5082 2699 5137 verba
2752 5084 3101 5155 propriasque
3145 5089 3435 5144 sententias
3483 5088 3650 5144 fusius

2102 5173 2290 5227 alienis
2315 5171 2694 5226 intermisceat.
2725 5154 2871 5243 opus
2893 5175 3107 5243 quidem
3129 5192 3281 5231 suum
3307 5178 3651 5255 peﬂoraliun-

2101 5264 2272 5317 culum
2297 5267 2482 5325 vocat;
2512 5269 2566 5315 at
2590 5262 2691 5317 hoc
2710 5264 2969 5320 vocabqu
2985 5280 3093 5336 pia:
3112 5266 3370 5322 modestia
3397 5280 3523 5318 usus
3543 5276 3645 5330 est,

2103 5354 2360 5410 rationem
2389 5355 2589 5410 habens
2604 5369 2708 5411 non
2735 5363 2846 5411 tam
2873 5372 3079 5419 eorum,
3098 5372 3230 5425 quos
3248 5356 3443 5428 seligit,
3470 5364 3649 5409 aucto-

2103 5459 2243 5508 rum,
2270 5458 2426 5512 quam
2448 5445 2742 5514 argumenti
2765 5445 2902 5514 quod
2925 5446 3145 5507 delibat;
3170 5446 3257 5513 qui
3284 5460 3410 5498 sane
3437 5444 3646 5512 loquen-

2105 5537 2156 5590 di
2184 5534 2367 5588 modus
2394 5534 2493 5588 hoc
2521 5517 2581 5588 in.
2608 5549 2764 5589 sensu
2788 5536 3046 5589 hactenus
3075 5534 3350 5588 familiaris
3371 5542 3471 5587 est.

2176 5624 2228 5681 5.
2254 5623 2405 5689 Quod
2435 5623 2611 5679 subdit
2641 5623 2888 5683 Dallteus.
2915 5623 3128 5680 levioris
3154 5634 3236 5679 est
3267 5622 3540 5687 momenti,
3570 5622 3641 5675 uti
