4266 6184
590 235 716 288 ΝΗ]

1388 235 1448 289 B.
1488 233 1551 290 F.
1575 233 1799 291 ALBINI
1837 235 1968 292 SEU
2005 235 2279 292 ALCUINI
2315 237 2597 295 OPERUM
2634 237 2815 296 PARS
2852 237 2984 295 VIII.

3665 240 3810 319 rcis

586 344 696 411 ipse
725 341 944 407 fatetur,
974 342 1225 398 nimirum
1259 359 1380 414 quze
1418 345 1582 400 habet
1621 345 1831 418 vulgata
1867 347 2144 403 Confessio
2173 352 2215 407 Α
2245 348 2461 414 stantia,
2490 347 2733 415 refellere
2771 349 3002 405 otiosum
3034 357 3140 416 est,
3176 365 3298 406 eum
3328 351 3452 408 istic
3479 359 3600 424 agat
3630 349 3811 416 Alcai-

587 436 638 491 in
666 443 808 504 part.
840 451 913 500 Iv,
940 450 1057 506 cap.
1105 435 1168 501 7,
1209 437 1375 500 initio,
1418 439 1484 495 de
1507 441 1662 509 panis
1705 449 1760 495 et
1789 442 1972 497 calicis
1997 443 2145 498 obla-

587 526 754 591 tioue,
784 524 1061 597 desumpta
1085 542 1204 589 esse
1225 543 1290 584 ex
1315 528 1454 584 libro
1495 530 1563 584 de
1604 531 1798 587 divinis
1833 530 2034 588 Oﬂiciis
2056 531 2148 585 Al-

587 618 745 674 cuino
785 631 1066 687 perperam
1102 619 1356 690 ascripto.
1398 619 1509 675 Cur
1551 622 1696 675 enim
1741 623 1922 693 potius
1964 623 2080 678 haec
2115 638 2145 676 a

588 708 844 778 praedicto
863 707 999 763 libro
1031 708 1362 778 decerpsisse
1399 710 1607 767 dicatur
1629 709 1992 767 Coufessionis
2015 712 2148 767 seri.

588 807 729 868 ptor,
754 812 917 867 quam
943 797 1068 857 libri
1090 799 1496 860 consarcinator
1516 816 1584 858 ex
1606 799 1978 869 Confessionc,
2003 802 2146 858 nulla

589 906 752 949 eausa
776 889 1072 959 probabilis
1091 889 1282 946 adduci
1309 899 1508 961 potest.

657 985 710 1040 ϐ.
742 984 1006 1040 Praeterea
1031 985 1344 1054 praedictam
1364 983 1766 1042 Confessionem
1793 995 1953 1042 vexat
1978 988 2148 1045 disce-

588 1087 767 1149 ptator
799 1077 903 1136 hoc
927 1084 1262 1148 argumento,
1292 1078 1433 1148 quod
1458 1078 1599 1148 apud
1621 1076 2014 1137 Chiﬂlet'anum
2053 1078 2148 1132 Al-

589 1171 808 1227 cuinum
849 1177 1136 1226 occurrant
1161 1169 1416 1224 nonnulla
1456 1185 1575 1239 qua:
1600 1187 1628 1224 a
1652 1171 1764 1226 veri
1789 1170 1998 1227 Alcuini
2028 1179 2150 1228 seu;

589 1261 776 1332 tentiis
798 1261 1095 1317 discedant.
1119 1260 1328 1331 Quippe
1346 1260 1456 1327 ille,
1487 1261 1577 1316 ubi
1607 1262 1673 1317 de
1708 1253 1775 1318 eo
1810 1263 1948 1318 cmlo
1982 1264 2152 1334 philo-

587 1350 847 1420 sophatur
868 1347 1240 1422 (Confessionis
1260 1365 1313 1419 ρ.
1336 1365 1422 1414 ιιι,
1446 1367 1498 1404 n.
1519 1350 1587 1405 37
1606 1349 1760 1422 τεῳ),
1777 1351 1920 1421 quod
1945 1351 2153 1423 Moyses

589 1442 646 1497 in
670 1441 934 1513 principio
958 1449 1198 1498 creatum
1225 1456 1257 1496 a
1284 1442 1396 1497 Deo
1424 1441 1590 1498 fuisse
1631 1458 1754 1498 cum
1799 1452 1941 1498 terra
1988 1444 2152 1510 dicit;

588 1532 724 1588 duas
743 1532 958 1603 quidem
989 1532 1194 1602 profert
1217 1532 1531 1597 sententias,
1554 1549 1688 1603 quas
1710 1548 1872 1590 verus
1891 1534 2154 1606 .Alcuinus

589 1621 777 1680 itidem
803 1620 1020 1679 adducit
1047 1619 1327 1693 (lnterrog.
1351 1621 1421 1678 28
1443 1621 1500 1676 in
1524 1608 1680 1693 Gen.)
1705 1637 1721 1677 :
1753 1621 1850 1678 sed
1873 1638 1993 1679 eam
2020 1637 2147 1693 prte-

2243 455 2348 494 uus
2370 440 2439 495 de
2472 441 2701 495 naturali
2725 457 2906 496 rerum
2936 448 3102 508 statu,
3129 443 3310 499 omnia
3334 459 3468 500 vero
3507 445 3564 500 in
3603 444 3813 501 Eucha-

2243 529 2396 584 ristia
2419 539 2616 598 praeter
2642 540 2888 601 naturam
2917 531 3044 588 sit.

2312 620 2473 677 8/Ad
2501 623 2617 676 hmo
2655 622 2909 677 minutias
2938 621 3240 694 complures
3263 632 3518 693 congeret
3558 624 3810 681 Datianus.

2243 697 2509 780 imprimis
2533 711 2674 780 quod
2698 711 3063 767 Confessionis
3090 713 3320 784 scriptor
3337 713 3562 771 .Potrerrt
3587 716 3815 772 Ambro-

2245 804 2402 866 sium,
2421 801 2634 857 Patrem
2655 802 2970 875 Gregorium
2994 805 3158 870 dicat,
3185 820 3319 876 quos
3339 807 3814 868 Alcuinusaanctoa

2246 906 2338 949 aut
2375 895 2566 959 beatos,
2603 910 2753 950 more
2781 882 3042 962 veterum,
3080 899 3244 965 dicit;
3272 908 3327 954 et
3364 900 3468 955 alia
3499 887 3658 971 huius
3699 917 3818 960 mo-

2246 982 2411 1040 menti
2441 973 2717 1049 nonnulla,
2749 984 2945 1053 quibus
2974 986 3017 1040 si
3050 985 3328 1052 immorer,
3357 988 3556 1044 nimius
3583 989 3707 1044 sim.

2317 1075 2480 1130 Miror
2500 1091 2628 1130 vero
2653 1077 2795 1145 quod
2827 1093 2894 1132 ex
2923 1085 3031 1132 tam
3073 1078 3178 1134 levi
3210 1095 3370 1134 causa
3400 1080 3484 1134 vir
3507 1081 3697 1136 doctus
3724 1096 3812 1136 ar-

2246 1172 2557 1236 gumentum
2583 1165 2849 1251 desurqat.
2896 1165 2953 1220 Si
2986 1167 3127 1251 enim
3157 1183 3223 1223 ex
3258 1183 3322 1224 eo
3347 1169 3490 1238 quod
3517 1168 3820 1226 Confessio-

2248 1255 2334 1310 nis
2374 1263 2560 1309 auctor
2606 1254 2816 1310 Patrem
2864 1256 3228 1322 Ambrosium,
3261 1257 3476 1313 Patrem
3502 1258 3819 1332 Gregorium

2249 1358 2424 1414 vocet,
2456 1351 2598 1405 aliud
2632 1346 2891 1406 dicendus
2917 1361 3001 1406 est
3028 1354 3097 1407 ab
3134 1352 3377 1418 Alcuino,
3402 1356 3494 1424 qui
3533 1357 3706 1411 beatos
3727 1372 3822 1428 ap-

2248 1438 2445 1508 pellat;
2469 1438 2719 1494 ccnflciat
2741 1440 2906 1498 etiam
2936 1455 3157 1496 necesse
3182 1450 3267 1497 est
3290 1451 3565 1500 auctorem
3588 1459 3620 1500 a
3645 1445 3823 1515 seipso

2251 1529 2519 1585 diversum
2539 1543 2680 1597 esse,
2710 1545 2831 1585 cum
2859 1531 3015 1588 initio
3039 1534 3210 1602 partis
3230 1541 3438 1602 quarta
3459 1536 3664 1589 beatum
3689 1531 3823 1591 Gre-

2252 1618 2461 1690 gorium
2486 1609 2885 1676 commemoret.
2915 1619 3022 1677 Sed
3048 1619 3163 1678 hinc
3183 1621 3368 1692 jq‘una
3389 1631 3445 1678 et
3469 1625 3630 1693 exilia
3656 1632 3818 1680 sunt:

588 1713 695 1771 fert
725 1729 885 1784 quam
929 1712 1186 1768 Alcuinus
1219 1713 1332 1783 ipse
1373 1712 1607 1769 secundo
1650 1721 1858 1769 tantum
1881 1713 2018 1779 loco,
2048 1729 2156 1770 uno
2189 1699 2232 1758 Β
2256 1718 2313 1764 at
2334 1710 2486 1778 illud,
2513 1711 2655 1781 quod
2691 1712 2845 1785 longe
2876 1714 3252 1785 gravissimum
3275 1723 3431 1786 putat
3455 1716 3705 1784 Dallzeus,
3739 1711 3823 1772 vi-

590 1815 754 1878 atque
778 1805 949 1861 altero
973 1806 1137 1861 verbo
1163 1805 1403 1864 indicare
1431 1805 1565 1861 satis
1605 1804 1826 1860 habuit.
1858 1803 1961 1859 alia
1988 1803 2162 1861 fusius'

588 1896 853 1966 exposita.

657 1985 860 2044 Verum
895 1995 952 2044 et
997 1986 1052 2044 id
1098 1994 1416 2056 argumento
1462 1994 1546 2042 est
1588 1994 1873 2056 utrumque
1899 2001 2065 2043 unum
2105 1995 2162 2042 et

586 2075 834 2134 eumdem
859 2092 978 2134 esse
1007 2085 1277 2133 auctorem
1294 2118 1310 2143 ,
1334 2076 1479 2148 quod
1500 2077 1714 2133 easdem
1742 2088 1964 2149 uterque
1993 2077 2158 2134 refert

589 2168 902 2226 sententias.
927 2166 1080 2236 Quod
1107 2182 1236 2223 vero
1282 2174 1472 2221 auctor
1510 2166 1565 2221 in
1610 2165 1954 2222 Ccnfessione
1993 2182 2156 2222 unam

587 2255 741 2311 alteri
769 2255 1006 2325 prmfert,
1031 2272 1151 2312 cum
1181 2256 1439 2313 Alcuinus
1461 2271 1747 2330 utramque
1773 2261 2073 2333 reliquisset
2104 2264 2157 2318 in

590 2345 785 2408 medio,
818 2343 872 2400 id
901 2346 1002 2417 ipsi
1027 2347 1250 2418 contigit
1272 2348 1416 2419 quod
1439 2348 1560 2404 aliis
1589 2351 1898 2407 auctoribus
1919 2367 2159 2424 saepenu-

580 2453 744 2513 mero
762 2438 1077 2510 contingere
1106 2440 1368 2503 videmus,
1398 2456 1520 2495 cum
1545 2439 1758 2510 aliquod
1785 2451 2157 2514 argumentum

589 2535 904 2601 retractant.
933 2527 1022 2586 Fit
1042 2527 1188 2586 enim
1217 2535 1278 2585 ut
1304 2544 1425 2587 cum
1449 2539 1574 2586 ante
1597 2539 1906 2587 accuratum
1941 2532 2017 2586 rei
2040 2545 2160 2602 pro-

585 2619 773 2692 posita:
794 2633 1021 2681 examen
1042 2620 1098 2678 in
1117 2619 1360 2677 diversas
1385 2620 1733 2680 ﬂuctuassent
1747 2630 1947 2693 partes,
1967 2629 2156 2692 postea

589 2724 648 2764 re
675 2709 936 2767 maturius
974 2725 1207 2780 expensa
1233 2751 1249 2777 ,
1277 2726 1440 2766 unam
1477 2726 1590 2783 prie
1626 2711 1795 2767 altera
1833 2712 2156 2768 sententiam

589 2793 998 2872 amplectantur,
1030 2801 1138 2857 imo
1165 2801 1452 2872 aliquando
1484 2803 1830 2859 contrariam.
1874 2802 2037 2873 Atqui
2065 2803 2159 2857 Al-

587 2889 783 2955 cuinus
825 2889 880 2950 in
929 2884 1440 2962 interrogationibus
1482 2906 1643 2962 super
1686 2878 1920 2948 Ccuesin
1969 2893 2158 2948 leviter

2257 1803 2498 1859 dcamus.

2325 1893 2378 1948 9.
2411 1892 2615 1962 Quippe
2637 1892 2821 1962 objicit
2847 1894 3100 1963 nonnulla
3121 1895 3175 1952 in
3194 1897 3450 1966 praedicta
3475 1896 3824 1979 Confessiorre

2255 1985 2538 2052 contineri,
2568 2003 2687 2056 qua:
2726 1987 2793 2043 ab
2834 1987 3046 2043 Alcuini
3082 1990 3428 2061 temporibus,
3450 1990 3627 2046 aliena
3653 1999 3822 2046 sunt:

2256 2077 2412 2148 quale
2437 2085 2519 2132 est
2547 2077 2679 2137 illud
2702 2078 2842 2148 quod
2867 2078 2986 2150 ejus
3011 2090 3201 2135 auctor
3229 2080 3295 2136 de
3316 2095 3413 2135 suo
3438 2081 3825 2146 steculo,velut

2255 2167 2642 2234 infelicissimo,
2683 2167 2931 2227 flebiliter
2957 2172 3325 2242 conqueritur,
3356 2189 3420 2230 ae
3455 2189 3594 2244 pene
3617 2175 3824 2245 tragice

2255 2259 2521 2316 exclamat
2545 2259 2725 2330 (Parte
2751 2275 2832 2324 ιιι,
2863 2276 2918 2315 ιι.
2946 2247 3077 2333 36):
3115 2280 3133 2312 ι
3156 2257 3447 2320 Οἰιιΐειίεἱι
3466 2273 3707 2335 tempora
3730 2279 3825 2320 no-

2253 2360 2388 2417 stra,
2409 2351 2600 2423 inquit,
2618 2368 2739 2424 qua:
2763 2369 2862 2410 nec
2880 2354 3046 2410 Denrn
3069 2355 3279 2422 timent,
3297 2372 3395 2412 nec
3414 2341 3823 2413 vimsacrorum

2253 2459 2516 2500 canonum
2561 2447 2902 2502 reverentur!
2952 2445 3142 2505 Nullus
3189 2451 3348 2505 modo
3396 2451 3694 2523 sacrilegus
3736 2451 3822 2508 vel

2255 2536 2594 2600 criminosus,
2617 2553 2686 2592 ne
2712 2539 2778 2594 ad
2805 2541 2951 2594 sacri
2968 2541 3187 2602 ordinis
3211 2529 3444 2599 cilicium
3470 2545 3712 2609 accedat,
3745 2545 3823 2599 inc.

2255 2628 2491 2684 hibetur.
2531 2649 2550 2681 ι
2577 2629 2713 2707 Tum
2740 2644 2861 2685 mox
2893 2647 2908 2683 :
2944 2649 2962 2682 ι
3001 2629 3113 2686 Heu
3144 2632 3455 2705 miserego!
3485 2635 3664 2707 qualia
3685 2643 3823 2691 tem-

2254 2734 2386 2790 pora
2420 2719 2550 2776 mihi
2577 2702 2802 2792 contigit
2827 2721 3048 2777 videre?
3080 2741 3099 2776 r
3135 2722 3279 2790 ilice,
3308 2702 3483 2794 inquit
3504 2702 3766 2790 halitus,
3795 2741 3825 2780 a

2255 2809 2626 2869 Carolincrum
2665 2819 2966 2884 temporum
3001 2812 3259 2870 felicitate
3288 2816 3601 2876 abhorrent,
3633 2816 3828 2885 quibus

2255 2916 2313 2957 se
2337 2909 2522 2957 natum
2550 2917 2658 2958 nou
2682 2901 2868 2958 dubito
2902 2902 3032 2972 quin
3072 2903 3332 2959 Alcninus
3380 2905 3481 2960 sibi
3528 2905 3829 2984 gratulatus
3878 2898 3887 2908 ”

589 2988 799 3047 tantum
846 2980 1151 3054 propositas
1194 2979 1534 3038 difficultates
1576 2983 1807 3048 enodat,
1835 2991 1892 3038 et
1920 2984 2158 3040 maxime
2195 3063 2227 3068 _
2257 2990 2345 3056 sit,
2383 2991 2579 3047 nedum
2619 2998 2681 3047 ut
2707 2991 2969 3063 ingratus,
3010 3001 3228 3063 tamque
3263 2995 3467 3068 optimo
3501 2979 3731 3068 principi
3763 3012 3828 3053 ac

587 3071 802 3142 quidem
834 3070 1012 3138 istam,
1043 3085 1207 3143 quam
1235 3069 1604 3132 Coufessicnis
1633 3080 1825 3130 auctor
1851 3075 2156 3132 accuratius
2182 3063 2228 3127 C
2259 3079 2534 3136 Mecmnati
2571 3095 2671 3138 suo
2706 3081 2995 3140 invidiosas
3021 3097 3184 3140 voces
3207 3063 3409 3140 chartis
3448 3100 3561 3142 suis
3586 3063 3824 3156 unquam

588 3160 894 3232 νεωειιάῑι.

659 3255 711 3310 '1.
743 3251 1094 3324 Subscquens
1115 3254 1420 3326 oppositum
1443 3243 1683 3315 continet
1704 3273 2044 3315 communem
2077 3256 2158 3312 lo-

588 3357 711 3396 cum
739 3357 770 3401 a
791 3340 1099 3403 Calvinistis
1117 3344 1321 3400 centies
1344 3355 1702 3401 recantatum.
1724 3346 1947 3403 Fatetur
1965 3361 2157 3418 nempe

589 3434 820 3500 Dullzcus
841 3433 1072 3506 vulgata:
1099 3433 1454 3494 confessionis
1483 3437 1677 3502 verba,
1706 3437 1801 3493 ubi
1838 3438 1905 3493 de
1947 3438 2157 3494 Eucha~

567 3529 738 3584 -ris:ia
772 3535 988 3595 tractat,
1019 3527 1173 3584 valde
1209 3529 1276 3584 ad
1306 3529 1622 3585 catholicam
1666 3530 1823 3587 fidem
1868 3532 2154 3599 accedere;

586 3622 692 3676 imo
718 3621 803 3678 ria:
820 3636 973 3692 potae
997 3618 1140 3692 (quae
1176 3619 1357 3678 Dallrei
1386 3623 1654 3693 ipsisslma
1679 3622 1840 3680 verba
1869 3623 2014 3696 sunt)
2043 3641 2158 3680 rere

586 3710 794 3780 quidem
817 3698 880 3766 oe
903 3710 1104 3768 sincere
1127 3711 1283 3770 aliter
1309 3713 1411 3768 nisi
1439 3730 1504 3768 ea:
1524 3730 1586 3768 ea
1609 3714 1879 3789 captioni.
1899 3715 2006 3771 Sed
2029 3716 2155 3772 hinc

586 3800 823 3862 validum
867 3811 1241 3874 argumentum
1291 3819 1505 3861 sumere
1557 3805 1660 3860 sibi
1709 3805 1957 3871 videtur,
2009 3806 2154 3863 hunc

589 3888 978 3954 Chimetianum
1007 3892 1280 3947 hominem
1302 3893 1463 3963 plane
1497 3894 1660 3948 alium
1686 3908 1808 3949 esse
1849 3910 1880 3948 a
1905 3911 2034 3950 vero
2058 3896 2152 3948 Al-

589 3981 768 4047 cuino,
815 3981 907 4054 qui
948 3980 1148 4038 Christi
1187 3997 1383 4052 corpus
1424 3984 1476 4036 in
1511 3981 1670 4038 terris
1701 3991 1814 4038 toto
1845 3984 1978 4050 hoc,
2010 3985 2153 4054 quod

588 4073 848 4139 decurrit,
875 4072 1073 4133 sautio
1112 4087 1350 4144 prmsens
1369 4073 1557 4128 haberi
1590 4082 1769 4144 negat.
1796 4073 1914 4129 Huc
1941 4074 2152 4130 Alcuini

588 4165 750 4223 verba
779 4171 992 4237 quuet
1029 4179 1094 4222 ex
1118 4163 1520 4225 Commentario
1562 4163 1618 4219 in
1644 4163 1905 4220 Joannem
1931 4205 1946 4232 ,
1971 4164 2064 4222 lib.
2094 4182 2149 4230 v,

506 4333 509 4340 ‘
589 4276 712 4333 cap.
739 4262 832 4328 38,
863 4262 955 4326 ubi
981 4261 1239 4324 Alcninus
1265 4277 1540 4332 exponens
1573 4261 1686 4318 hac
1710 4260 1871 4317 verba
1899 4279 1914 4316 :
1945 4260 2154 4332 Paupe-

590 4367 676 4415 rea
696 4369 893 4423 semper
919 4351 1117 4408 habetis
1142 4352 1399 4409 uobiscum
1418 4391 1434 4420 ,
1471 4369 1554 4408 me
1592 4363 1766 4408 autem
1809 4369 1915 4408 non
1954 4367 2155 4422 rerum"

2258 3171 2508 3232 ilieverit.

2326 3251 2407 3323 En
2423 3261 2805 3333 gravissimum
2833 3261 2963 3318 illud
2990 3271 3385 3332 argumentum,
3413 3264 3828 3335 cuju's'pondere

2254 3368 2473 3424 pressus
2504 3352 2762 3408 Aleuinus
2783 3351 2907 3422 jure
2933 3368 3033 3409 suo
3059 3353 3217 3409 cadat
3242 3369 3465 3410 necesse
3486 3363 3589 3421 est,
3631 3356 3675 3411 si
3706 3356 3828 3411 Dal-

2255 3442 2356 3504 Ιωο
2399 3442 2688 3498 credimus.
2736 3442 2937 3498 Verum
2984 3443 3088 3498 hoc
3119 3443 3445 3500 levissimum
3488 3461 3606 3501 esse
3649 3447 3829 3517 quivis

2256 3531 2414 3588 facile
2438 3531 2718 3597 concedet,
2743 3532 2835 3602 qui
2870 3540 3078 3589 naturas
3104 3535 3354 3589 humana:
3381 3542 3692 3606 corruptum
3716 3544 3827 3591 sta-

2258 3630 2369 3678 tum
2395 3622 2704 3684 attenderit.
2733 3623 3083 3692 Quantumvis
3124 3626 3268 3681 enim
3297 3641 3458 3682 aurea
3502 3625 3679 3683 Caroli
3709 3625 3825 3680 hla-

2253 3716 2344 3787 gni
2385 3724 2625 3787 tempora
2660 3714 2882 3783 fuerim,
2919 3732 3078 3789 quam
3108 3717 3278 3775 multa
3317 3719 3665 3774 nihilominus
3691 3717 3825 3772 vitia

2254 3815 2495 3881 grassata
2522 3815 2670 3872 sunt,
2690 3821 2809 3878 qua:
2831 3808 2921 3878 pio
2948 3809 3144 3877 cuique
3161 3806 3292 3876 justi
3314 3797 3517 3862 doloris
3539 3806 3820 3864 materiam

2253 3899 2492 3969 praebere
2511 3898 2736 3967 possint.
2767 3896 2899 3964 Quis
2925 3898 3069 3953 enim
3107 3896 3312 3952 felicior
3338 3912 3575 3968 unquam
3607 3913 3817 3953 morum

2253 3995 2426 4043 status
2467 3985 2568 4042 fuit
2608 4002 2770 4056 quam
2813 3987 2867 4042 in
2919 3987 3189 4058 primitiva
3231 3985 3507 4044 Ecclesia?
3552 3986 3818 4047 Ettamen

2253 4087 2449 4150 quanta
2467 4077 2663 4149 ﬂagitia
2679 4079 2732 4134 in
2750 4079 2937 4151 primis
2953 4079 3058 4134 illis
3070 4066 3394 4135 Christianis
3407 4080 3580 4152 carpit
3592 4079 3788 4135 Paulus
3799 4079 3828 4133 ἓ-

2254 4170 2462 4238 Quanta
2490 4170 2579 4225 alii
2615 4169 2771 4226 istius
2798 4170 2897 4226 aevi
2925 4170 3206 4226 auctores?
3227 4170 3338 4242 Age
3369 4186 3519 4238 vero,
3541 4171 3824 4226 videamus

2224 4269 2322 4315 ‘an
2346 4258 2647 4316 Germanus
2683 4258 2940 4316 Alcuinus
2972 4261 3026 4315 in
3055 4253 3284 4316 sinceris
3312 4259 3530 4329 scriptis
3569 4259 3683 4320 suis
3719 4257 3824 4314 αις
3905 4299 3914 4308 .

2255 4353 2355 4408 roli
2390 4367 2562 4408 aevum
2591 4352 2659 4407 ab
2687 4352 2833 4407 omni
2878 4351 2997 4406 labe
3037 4351 3274 4404 immune
3311 4348 3480 4404 thiaso
3506 4348 3819 4412 crediderit.

592 4421 861 4507 Iwbebitis,
890 4442 1222 4501 demonstrat
1246 4438 1354 4498 non
1375 4458 1496 4498 esse
1523 4444 1818 4514 culpandus
1856 4458 1950 4499 eos
1981 4421 2073 4513 qui
2100 4443 2150 4497 ei
2177 4421 2231 4485 υ
2253 4444 2366 4500 imo
2403 4458 2535 4500 vero
2568 4444 2725 4512 longe
2752 4442 3079 4498 contrarium
3127 4441 3283 4496 docet
3328 4440 3382 4496 in
3425 4438 3661 4512 epistola
3689 4439 3818 4508 163,

588 4535 733 4600 inter
760 4530 1004 4596 homines
1030 4531 1371 4591 conversauti
1397 4532 1467 4587 do
1491 4530 1834 4589 facultatibus
1855 4534 1972 4589 suis
1992 4533 2153 4587 mini-

587 4634 824 4690 strarent
846 4643 860 4680 :
895 4643 915 4678 ι
939 4624 1070 4682 Cum
1092 4632 1203 4683 tam
1222 4638 1390 4695 parvo
1415 4631 1659 4701 tempore
1676 4623 1790 4694 ipse
1811 4624 1949 4694 apud
1969 4623 2153 4680 Eccle-

586 4721 721 4775 siam
750 4715 1091 4789 corporaliter
1112 4730 1426 4782 mansurus;
1450 4729 1712 4786 pauperes
1732 4722 1932 4778 autem,
1957 4713 2152 4784 quibus

584 4809 922 4883 elecmcsyna
951 4807 1068 4871 ﬁeri
1094 4814 1277 4879 posset
1293 4848 1308 4874 ,
1341 4807 1395 4870 in
1423 4819 1486 4860 ea
1511 4818 1725 4877 semper
1746 4811 1926 4860 essent
1952 4804 2153 4868 haben-

587 4897 669 4965 di.
687 4918 706 4951 ι
730 4895 830 4955 llic
857 4899 966 4956 vim
990 4897 1120 4962 facit
1133 4897 1367 4965 Dallxeua
1387 4897 1441 4957 in
1464 4912 1596 4954 voce
1613 4893 1972 4968 corporaliter,
1992 4909 2152 4963 quam

587 4985 878 5062 majoribus
904 4986 1097 5046 litteris
1128 4988 1362 5046 exhibet.
1389 4985 1555 5065 Quasi
1600 5000 1730 5042 vero
1768 4999 1866 5041 nos
1908 4983 2020 5057 jam
2059 4997 2151 5038 ca-

581 5077 768 5147 tholici
809 5091 996 5144 omnes
1030 5077 1085 5134 id
1116 5077 1288 5148 ipsum
1321 5075 1527 5158 profert
1549 5075 2016 5147 Alcuinuspalam
2044 5089 2149 5137 non

581 5170 969 5243 proﬁteamur,
999 5167 1317 5232 confitentes
1357 5167 1635 5236 Christum
1670 5167 1954 5228 Dominum
1987 5167 2148 5244 375

581 5260 876 5340 secundum
903 5255 1186 5316 externam
1218 5257 1451 5329 speciem
1491 5265 1548 5323 et
1583 5260 2046 5340 conversationem
2092 5259 2144 5321 in

583 5355 744 5419 terris,
767 5367 890 5417 esse
917 5350 1139 5415 desiisse
1157 5391 1175 5420 ,
1209 5349 1422 5432 tametsi
1449 5365 1574 5411 vere
1605 5350 2025 5435 iqﬁpcharistia
2045 5352 2148 5419 sub

581 5446 734 5516 panis
761 5453 818 5507 et
839 5441 949 5502 vini
979 5443 1157 5516 specie
1184 5443 1420 5503 residere
1453 5443 1752 5500 credamus.

652 5529 802 5604 Quod
828 5537 896 5594 de
919 5535 1290 5607 accidentibus
1316 5534 1502 5604 subdit
1526 5533 1775 5602 Dallieus,
1809 5534 2058 5600 nimirum
2077 5552 2147 5594 ex

581 5627 696 5696 veri
729 5625 939 5716 Alcuini
967 5637 1143 5686 mente
1181 5643 1250 5689 ea
1270 5643 1493 5691 necesse
1519 5626 1640 5694 esse
1669 5628 1721 5686 in
1747 5628 1986 5706 qualibet
2021 5631 2148 5696 sub-

2255 4535 2323 4603 ad
2351 4534 2526 4605 ipsum
2553 4531 2803 4590 Carolum
2849 4531 3094 4599 scripta:
3131 4549 3150 4581 r
3196 4530 3460 4600 Vidimus,
3493 4532 3685 4604 inquit,
3722 4532 3825 4587 ali-

2254 4611 2451 4698 quibus
2471 4624 2524 4678 in
2551 4609 2685 4683 locis
2710 4622 2901 4677 altaria
2930 4621 3021 4677 Dei
3061 4623 3265 4694 absque
3287 4631 3448 4691 tecto,
3478 4621 3659 4691 avrum
3685 4631 3825 4680 sia-

2256 4718 2496 4781 corihus,
2527 4714 2613 4772 vel
2636 4731 2831 4771 canum
2857 4715 3022 4770 mictu
3045 4713 3264 4772 foedata.
3288 4712 3442 4794 Quod
3455 4713 3622 4771 facile
3640 4699 3822 4770 vestra

2256 4809 2558 4870 veneranda
2581 4808 2635 4862 in
2656 4808 2820 4863 Deum
2850 4808 3096 4863 voluntas
3113 4822 3214 4878 per
3231 4808 3512 4879 episcopos
3533 4807 3824 4864 emendare

2255 4899 2418 4966 valet,
2445 4907 2504 4954 ut
2545 4915 2666 4955 cum
2694 4899 2896 4954 honore
2934 4899 3198 4968 condigne
3237 4906 3452 4954 maneat
3492 4915 3677 4956 mensa
3717 4900 3822 4956 Do-

2255 4992 2386 5049 mini
2413 4992 2466 5048 in
2489 4992 2606 5050 loco
2631 5007 2750 5056 suo,
2771 4991 2854 5046 vel
2877 4997 3122 5061 portetur
3147 4987 3201 5044 in
3229 4992 3510 5048 ecclesiam
3533 4991 3818 5066 majorem,

2252 5082 2544 5138 secundum
2587 5088 2825 5137 sanctam
2878 5079 3215 5136 sacerdotum
3268 5082 3364 5140 Dei
3403 5082 3814 5155 providentiam.

2251 5174 2319 5228 Et
2346 5173 2638 5231 honoriﬁce
2663 5181 2928 5227 tractetur
2953 5187 3044 5227 seu
3089 5173 3261 5230 altare
3298 5175 3518 5254 Christi,
3542 5175 3650 5234 "seu
3687 5183 3818 5232 eous
3901 5195 3906 5198 ·

2251 5265 2478 5322 secretio
2503 5265 2742 5334 corporis
2772 5271 2826 5319 et
2868 5266 3143 5338 sanguinis
3186 5266 3350 5334 illius,
3387 5270 3466 5322 et‘
3489 5265 3822 5345 ωωάραυπι

2251 5361 2451 5419 nostras
2479 5354 2669 5410 salutis
2705 5365 3097 5412 sacramentum
3135 5357 3286 5412 omni
3312 5354 3660 5411 vulneratione
3687 5367 3832 5420 ωιιε

2250 5455 2515 5512 secretur,
2562 5445 2823 5503 habeatur
2872 5454 2931 5503 et
3371 5463 3390 5498 ι
3427 5443 3568 5512 Quid
3605 5459 3816 5512 census.

2249 5529 2477 5596 Danaae?
2507 5541 2800 5612 negabiana
2822 5542 2942 5598 hc
2977 5553 3015 5596 ι
3060 5535 3190 5593 vero
3229 5536 3456 5604 Alcuino
3484 5537 3660 5597 dicta?
3695 5537 3814 5595 Non

2252 5632 2324 5698 ita
2353 5629 2701 5705 comparem
2721 5633 2895 5698 euut
2923 5627 2977 5684 id
3004 5629 3331 5693 committas,
3362 5631 3456 5687 An
3473 5632 3588 5698 hzc
3613 5629 3820 5695 levium
