4266 6268
503 241 643 301 1018

1062 241 1213 298 ore.
1254 212 1574 297 nanis.—
1601 237 1906 296 nermm
1943 236 2055 332 cor

2152 236 2270 297 ESS.
2315 238 2703 296 MABlLLONll
2741 240 3163 309 DlSQUlSlTlO.

3592 240 3724 296 i0”

497 356 693 429 putas?
708 354 890 424 Neque
915 355 968 409 id
986 355 1079 409 tibi
1102 354 1282 409 veniet
1304 354 1361 409 in
1380 361 1635 411 mentem.
1663 350 1899 408 Tametsi
1920 350 2063 404 enim
2090 352 2138 409 Α
2166 349 2220 403 ἱιι
2248 349 2584 407 Eucharistia
2606 354 2881 422 corporeis
2902 354 3074 410 oculis
3094 354 3355 411 viderent.
3380 353 3530 421 Quod
3556 372 3728 426 neque

495 448 565 500 de
595 445 935 500 Eucharistia
962 459 1070 499 non
1111 444 1374 500 catholice
1400 444 1619 506 sentias,
1652 451 1832 499 tamen
1872 440 2061 495 altaria

494 541 551 590 et
577 535 775 605 templa
805 534 1053 606 religiose
1081 535 1359 589 tractanda
1386 548 1507 589 esse
1532 533 1673 588 ultro
1700 533 1815 603 ipse
1861 531 2064 586 fatebe-

496 626 600 691 ris;
631 633 686 683 et
708 626 799 696 qui
830 641 894 681 eo
923 641 1093 696 usque
1118 626 1462 703 processerit,
1490 633 1551 679 ut
1586 640 1650 679 ea
1681 623 1965 695 impluvio,
1995 635 2063 675 ne

493 716 669 773 dicam
703 717 879 772 avium
914 717 1244 773 stercoribus
1277 717 1363 772 vel
1391 732 1587 771 canum
1616 715 1803 771 mictui
1829 714 2058 769 obnoxia

492 809 794 878 reliquerit,
814 809 1025 865 violata:
1047 810 1318 881 religionis
1343 824 1496 863 reum
1515 796 1839 877 esseQAtqui
1862 807 1915 862 id
1941 821 2062 876 per-

491 900 805 971 petrabatur
827 916 934 955 non
955 916 1062 955 uno
1082 902 1136 955 in
1157 902 1274 957 loco
1302 900 1519 970 impune
1541 912 1707 953 aureo
1726 897 1817 953 illo
1842 896 2057 960 sarculo,

492 1002 753 1066 regnante
780 995 987 1050 scilicet
1007 994 1200 1051 Carolo
1221 994 1431 1065 Magno.
1645 1059 1651 1064 _

563 1084 670 1142 Sed
694 1101 765 1141 ne
800 1085 937 1141 forte
975 1086 1029 1140 id
1067 1101 1231 1140 unum
1260 1085 1426 1140 fuisse
1448 1098 1679 1154 reponas
1706 1081 1848 1151 quod
1868 1095 2060 1149 repre-

491 1174 753 1230 henderet
779 1176 1057 1241 Alcuinus,
1078 1175 1201 1230 audi
1221 1190 1328 1229 non
1344 1173 1460 1242 jam
1485 1188 1675 1239 unum,
1698 1171 1792 1227 sed
1809 1170 2057 1239 plurima,

489 1279 610 1333 quae
636 1281 802 1321 aureo
829 1265 921 1319 illo
948 1266 1146 1320 saeculo
1174 1263 1510 1327 emendanda
1544 1262 1719 1317 eidem
1748 1259 2057 1328 imperatori

490 1353 758 1431 signiﬁcat
788 1356 841 1411 in
868 1350 1260 1422 carmine‘252,
1291 1352 1643 1410 ita'Carolum
1676 1350 1906 1435 aﬁ'atus:

619 1482 834 1554 Plurima
859 1505 1041 1554 nempe
1066 1492 1152 1541 tibi
1169 1498 1281 1541 sunt
1307 1490 1605 1542 emendanda
1622 1503 1720 1554 per
1742 1492 1935 1551 orbem,

671 1552 714 1603 0
738 1555 855 1603 rex!
879 1567 910 1602 ο
932 1552 1121 1604 rector!
1140 1568 1169 1602 ο
1189 1554 1345 1603 decus
1366 1553 1630 1604 Ecclesia!

615 1615 886 1677 Sitnoniaca
909 1615 1109 1677 quidem
1132 1613 1316 1676 pululat
1336 1615 1462 1663 male
1482 1616 1634 1677 pestis
1659 1613 1707 1661 in
1732 1613 1894 1674 orbe,'

674 1674 957 1725 Muneribus
978 1674 1152 1724 dantur
1176 1679 1377 1737 mystica
1398 1674 1522 1725 dona
1545 1674 1654 1723 Dei.

613 1736 733 1798 Quas
760 1737 891 1785 Deus
914 1743 1131 1785 teternus
1151 1736 1337 1784 cunctis
1359 1738 1644 1798 impendere
1667 1736 1820 1795 gratis

670 1796 915 1859 Iusserat,
939 1804 993 1846 ut
1012 1798 1167 1857 gratis
1181 1799 1358 1858 accipit
1376 1796 1480 1858 ipse
1512 1797 1667 1846 dator.

613 1858 719 1921 Stat
736 1857 931 1921 quoque
953 1858 1181 1921 judicium
1202 1857 1360 1909 cau~a3
1382 1857 1474 1908 sub
1494 1869 1703 1907 munere
1721 1857 1884 1906 dantis

670 1919 897 1981 Sportula
916 1919 1151 1980 justiiam
1178 1920 1329 1969 vertit
1347 1922 1395 1969 in
1416 1932 1506 1969 ore
1524 1921 1673 1981 senis.

613 1979 995 2043 Itineribustiue
1019 1982 1145 2030 datis
1166 1982 1368 2043 veniunt
1390 1983 1451 2032 ad
1472 1980 1639 2043 pocula
1668 1986 1843 2040 testes,

679 2041 827 2101 Impia
849 2041 950 2090 tum
966 2048 1141 2101 purgat
1159 2041 1483 2100 ebrietasque'
1498 2054 1655 2090 reum.

610 2101 853 2165 Opprimit
879 2107 931 2151 et
954 2104 1158 2151 miseros
1178 2105 1492 2163 quorumdam
1514 2115 1642 2150 saeva
1668 2106 1901 2165 potestas,

672 2162 876 2225 Impleat
898 2168 951 2211 ut
969 2162 1296 2225 saccosdives
1316 2165 1377 2212 ab
1396 2176 1483 2212 ore
1507 2174 1642 2225 suos.

562 2274 563 2277 η
613 2223 817 2287 Impune
835 2225 1112 2287 discurrunt
1128 2223 1363 2274 facientes
1383 2225 1505 2275 furta
1531 2224 1760 2287 latrones,

677 2285 874 2337 Ultores
898 2285 1137 2335 scelerum
1159 2292 1275 2335 sunt
1296 2288 1445 2335 etiam
1464 2286 1607 2337 socii.

617 2347 745 2409 l'a_lia
768 2354 1048 2408 compescat
1070 2354 1172 2403 tua,
1190 2359 1308 2409 rex,
1334 2346 1612 2396 veneranda
1639 2348 1880 2409 potestas,

672 2406 931 2459 Rectorem
950 2409 1095 2469 regni
1117 2416 1169 2456 te
1185 2406 1324 2457 Deus
1345 2409 1572 2460 instituit.

552 2532 576 2590 l
602 2547 763 2598 nunc,
785 2540 837 2588 et
866 2532 1135 2602 ingratum
1158 2532 1441 2589 Alcuinum
1468 2550 1670 2601 assere,
1694 2537 1739 2592 si
1768 2524 1940 2606 potes,
1970 2537 2062 2606 qui

484 2615 680 2697 optimo
708 2641 805 2679 suo
829 2624 1057 2695 principi
1091 2633 1142 2679 et
1183 2624 1465 2681 Hecwnati
1480 2635 1591 2681 tam
1611 2628 1893 2682 invidiosus
1918 2645 2062 2683 voces

484 2719 732 2791 ingerere
780 2734 887 2774 non
922 2718 1128 2773 veritus
1177 2718 1268 2793 sit,
1322 2720 1519 2774 nedum
1570 2719 1765 2774 chartis
1808 2720 1916 2775 suis
1958 2719 2064 2773 illi-

488 2812 633 2877 nire;
658 2820 757 2866 aut
778 2811 825 2866 si
855 2825 960 2866 non
986 2811 1173 2876 audes,
1202 2811 1614 2867 fatere‘tandem
1645 2811 1931 2882 aliquando
1956 2826 2062 2866 non

488 2918 608 2959 esse
635 2903 870 2957 alienum
896 2917 926 2956 a
967 2916 1096 2956 vero
1119 2901 1366 2966 Alcuino,
1403 2901 1549 2971 quod
1588 2896 1899 2957 memorata:
1926 2899 2066 2955 Con-

2161 440 2450 507 anteriori,
2494 454 2667 511 neque
2688 441 2901 497 ‘Alcuini
2931 451 3173 514 tempore
3199 444 3457 499 accidisse
3498 446 3723 503 Dallzeus

2161 540 2433 586 asseverat
2460 550 2473 585 :
2505 533 2598 587 sed
2629 530 2786 600 hujus
2818 534 3029 603 generis
3073 535 3312 604 prodigia
3340 551 3481 591 nono
3512 536 3719 590 demum
3766 576 3767 579 η

2162 612 2345 675 adulto
2365 621 2578 687 sreculo,
2603 623 2667 677 ad
2694 622 3060 688 Paschasiani,
3085 631 3142 677 ut
3169 630 3339 692 putat,
3362 625 3563 679 erroris
3587 641 3727 680 coui—

2162 712 2553 767 mendationem
2579 713 2757 784 spargi
2788 723 2981 784 empta.

2232 803 2287 858 Si
2326 804 2617 861 altercandi
2662 809 2997 864 occasionem
3040 822 3279 877 quaerere
3312 819 3455 865 esset
3495 812 3718 869 animus.

2161 896 2250 951 hic
2293 896 2504 951 causari
2540 912 2773 971 possem,
2819 914 2923 953 non
2968 907 3219 953 constare
3261 916 3327 954 an
3366 899 3725 958 Coufessionis

2161 988 2392 1057 scriptor
2417 990 2519 1043 hoc
2545 989 2661 1045 loco
2687 990 2753 1044 de
2781 990 3018 1044 sensibili
3048 994 3289 1060 corporis
3315 990 3511 1047 Christi
3541 994 3593 1047 in
3621 994 3724 1047 Eu-

2158 1079 2415 1133 charistia
2443 1079 2645 1134 visione
2670 1089 2813 1151 agat,
2846 1095 2911 1134 an
2945 1081 3009 1135 de
3036 1081 3299 1148 spirituali
3324 1082 3499 1153 aliqua
3524 1085 3724 1139 revela-

2162 1170 2324 1235 tione,
2348 1186 2451 1240 qua
2477 1185 2607 1226 vera
2631 1169 2827 1226 Christi
2855 1172 2907 1225 in
2931 1182 3268 1227 sacramento
3296 1176 3580 1244 prtesentia
3601 1191 3726 1230 con-

2161 1259 2442 1314 firmetur:
2483 1261 2668 1330 quales
2715 1276 2844 1316 sane
2895 1262 3249 1317 revelationes
3298 1262 3366 1316 ab
3418 1264 3727 1319 auctoribus

2159 1348 2384 1405 Alcuino
2409 1352 2777 1420 superioribus
2806 1353 2910 1407 huc
2939 1353 3205 1408 adducere
3235 1369 3340 1408 non
3370 1363 3513 1409 esset
3537 1370 3725 1425 opero-

2160 1454 2299 1494 sum.
2325 1426 2522 1497 Verum
2559 1441 2742 1496 Dalhei
2767 1444 3214 1497 commentarium
3253 1444 3439 1499 lubens
3465 1444 3723 1499 admitto:
3764 1455 3771 1463 '

2159 1536 2216 1582 at
2238 1528 2354 1599 ejus
2385 1545 2519 1600 pace
2560 1530 2808 1597 dixerim,
2837 1531 3100 1602 ejusmodi
3129 1533 3373 1605 prodigia
3420 1533 3575 1607 longe
3607 1543 3730 1590 ante

2162 1617 2435 1676 Paschasii
2479 1629 2686 1691 tempus
2712 1623 3046 1694 legebantur,
3078 1639 3267 1693 nempe
3311 1624 3438 1678 illud
3480 1627 3621 1694 quod
3666 1628 3732 1682 de

2155 1714 2385 1785 Plegislo
2420 1714 2672 1788 religioso
2711 1717 2991 1771 sacerdote
3023 1724 3287 1771 memorat
3317 1717 3455 1771 ideni
3499 1717 3732 1773 Pascha-

2110 1872 2115 1875 ,
2157 1810 2298 1875 sius;
2330 1809 2476 1879 quod
2507 1818 2655 1864 certe
2689 1825 2794 1864 non
2838 1821 3172 1866 commentus
3204 1820 3287 1866 est
3316 1812 3397 1866 vir
3430 1811 3730 1882 religiosus,

2157 1901 2252 1957 sed
2283 1917 2348 1957 ex
2388 1901 2613 1971 antiquo
2649 1911 2870 1959 auctore
2906 1904 3134 1975 accepit.
3163 1903 3320 1959 Aliud
3353 1906 3478 1960 item
3523 1905 3732 1963 Alcuini

2159 2000 2409 2063 tempore
2430 1993 2628 2049 Paulus
2651 1995 2931 2061 diaconus,
2959 1994 3270 2052 C'asi'nensis
3308 1999 3619 2064 monachus,
3650 1999 3734 2053 lit-

2157 2084 2288 2140 teris
2317 2084 2592 2140 mandavit
2616 2085 2669 2139 in
2695 2085 2817 2141 Vita
2848 2084 3096 2156 Gregorii
3128 2086 3319 2157 Magni,
3346 2088 3488 2157 quod
3517 2089 3563 2141 ei
3593 2089 3733 2142 acci-

2157 2172 2234 2227 dit
2262 2174 2334 2228 ~in
2360 2173 2505 2230 facto
2532 2183 2792 2230 matronae
2826 2175 3102 2231 Romanas.
3146 2174 3250 2231 Sed
3282 2186 3405 2232 ante
3448 2178 3549 2233 hoc
3589 2178 3733 2233 aliud

2160 2264 2288 2318 item
2318 2265 2371 2318 in
2395 2242 2516 2319 Vita
2545 2265 2717 2319 sancti
2742 2265 2925 2319 Basilii
2952 2264 3214 2322 Caesareae
3234 2267 3490 2337 episcopi,
3516 2267 3735 2338 Amphi-

2161 2352 2335 2409 lochio
2362 2353 2527 2409 lconii
2552 2354 2802 2424 episcopo
2827 2355 3085 2424 ascripta,
3111 2355 3388 2426 legebatur
3414 2357 3480 2413 de
3513 2357 3736 2413 Hebraeo

2160 2444 2414 2516 quodam,
2437 2445 2522 2499 cui
2554 2445 3073 2500 communicantibus
3096 2443 3417 2500 Christianis
3444 2446 3735 2516 infantulus

2162 2533 2487 2588 membratim
2514 2533 2676 2587 incidi
2704 2549 2759 2587 in
2790 2533 3037 2587 manibus
3075 2533 3255 2589 Basilii
3283 2534 3431 2591 visus
3456 2543 3556 2591 est.
3588 2536 3734 2604 Haec,

2164 2625 2402 2694 inquam,
2441 2624 2760 2695 legebantur
2787 2633 2911 2677 ante
2940 2622 3149 2679 Alcuini
3188 2633 3422 2692 aetatem,
3452 2641 3571 2696 quae
3612 2643 3738 2698 pro-

2163 2714 2286 2769 inde
2308 2730 2419 2784 prae
2439 2714 2630 2779 oculis,
2659 2728 2781 2768 cum
2808 2712 3209 2771 Confessionem
3235 2716 3516 2782 scriberet,
3539 2717 3737 2775 habere

2163 2810 2354 2876 potuit.
2463 2802 2467 2806 ⁷
3085 2794 3091 2800 ’

2231 2894 2437 2960 Basilii,
2470 2893 2665 2964 inquis,
2699 2893 2823 2949 Vita
2850 2893 3058 2949 Latinis
3087 2894 3308 2950 auribus
3343 2895 3611 2967 incognita
3637 2895 3737 2954 fuit

488 2992 738 3050 fessionis
772 2994 1006 3066 scriptor
1035 2994 1088 3048 in
1113 2994 1290 3051 saeculi
1319 2996 1401 3051 sui
1431 2995 1558 3051 vitia
1605 2994 1957 3051 exclamando
1984 2995 2065 3050 in-
2089 3032 2136 3095 ϐ
2165 2994 2291 3095 :me
2316 2985 2520 3042 Νίοοιειί
2540 2986 2700 3095 Primi
2727 2986 3118 3095 Pon‘iﬁ'catfl'f'a
3142 3003 3266 3043 Cum
3288 2988 3489 3044 δοίῙῘαθι
3510 2990 3577 3045 ab
3602 2990 3740 3047 δι’εο

486 3082 719 3138 vehitur.
761 3083 921 3161 Plura
966 3085 1068 3141 hac
1108 3084 1175 3141 de
1212 3101 1271 3140 re
1297 3086 1491 3156 legesis
1536 3087 1676 3156 apud
1708 3085 2063 3141 Theodull‘um

426 3228 441 3254 Γ
484 3172 927 3229 Aurelianensem
957 3176 1268 3250 episcopum
1301 3176 1355 3229 in
1381 3174 1646 3230 Paraanesi
1668 3175 1734 3229 ad
1756 3173 1987 3242 iudices.

552 3263 718 3336 376
756 3264 841 3318 10.
886 3264 1043 3320 Aliud
1074 3281 1141 3321 ex
1187 3265 1399 3337 vulgata
1447 3266 1796 3324 Confessione
1840 3268 2064 3339 opponit

484 3355 739 3422 Dallmus,
764 3356 908 3427 quod
936 3356 1148 3412 Alcuini
1186 3359 1383 3414 szeculo
1424 3374 1725 3431 repugnare
1748 3362 2059 3438 contendit:

485 3461 677 3515 nempe
710 3449 813 3503 hoc
836 3448 981 3517 quod
1013 3450 1078 3503 de
1101 3447 1302 3505 Iudaeis
1346 3450 1540 3521 legitur
1574 3451 1629 3506 in
1672 3460 1826 3521 parte
1848 3469 1910 3519 ιι,
1938 3466 2059 3522 cap.

484 3534 518 3589 5
545 3554 559 3591 :
591 3554 611 3588 ι
642 3538 851 3604 Quibus
876 3539 1038 3594 etiam
1087 3554 1186 3615 nec
1230 3540 1563 3596 advenarum
1576 3539 1701 3611 jure
1744 3550 1945 3615 terram
1970 3557 2064 3613 pa-

485 3625 644 3681 triam
698 3626 890 3682 saltem
938 3629 1171 3698 vestigio
1212 3630 1449 3686 sahitare
1494 3632 1826 3695 conceditur.
1867 3632 1885 3684 ι
1932 3631 2063 3699 Quae

484 3716 647 3772 verba
683 3716 762 3771 sic
787 3725 1184 3772 commentatur
1210 3717 1437 3773 Dallteus
1477 3736 1491 3770 :
1530 3737 1549 3769 ι
1578 3713 1636 3774 Si
1676 3719 1762 3774 vel
1801 3719 2061 3786 Adriani,

484 3808 568 3864 vel
613 3806 985 3883 Constantini,
1020 3815 1081 3863 et
1131 3806 1563 3864 Christianorum
1605 3810 1941 3883 principum,
1967 3811 2061 3881 qui

484 3900 535 3963 ei
575 3901 630 3956 in
689 3897 921 3956 Oriente
969 3901 1140 3957 tribus
1183 3910 1482 3971 quatuorve
1528 3902 1739 3957 saeculis
1785 3918 2063 3960 successe-

484 3996 644 4052 runt,
689 3989 778 4044 vel
826 3989 1140 4047 Latinorum
1188 3992 1450 4061 denique,
1495 3992 1587 4061 qui
1628 3990 1869 4049 Judaeam
1917 4008 2063 4049 anno

486 4078 625 4134 ιιοο
648 4080 816 4134 armis
831 4082 1110 4149 quaesitam
1131 4082 1443 4151 aliquandiu
1464 4090 1770 4147 tenuerunt,
1798 4084 2060 4152 tempori-

485 4171 588 4225 bus
611 4169 769 4235 vixit,
793 4169 906 4234 veri
933 4171 1164 4241 speciem
1189 4158 1351 4224 habet
1370 4171 1486 4225 hinc
1511 4171 1687 4226 oratio
1711 4189 1726 4224 :
1754 4172 1823 4227 ab
1847 4170 2059 4226 Alcuini

486 4276 619 4319 vero
644 4261 843 4327 seculo
868 4262 1041 4317 aliena
1068 4270 1171 4327 est,
1200 4276 1308 4333 quo
1334 4260 1589 4318 Saraceni
1621 4261 1677 4317 in
1695 4262 1843 4317 omni
1876 4259 2059 4317 Judzea

488 4352 891 4424 imperitabant.
923 4374 941 4407 ι

441 4452 447 4459 ’
558 4444 697 4512 Quid
746 4446 848 4504 sibi
896 4445 1024 4503 velit
1075 4446 1177 4502 hoc
1224 4429 1620 4501 commentario
1660 4442 1915 4509 Dallaeus,
1947 4459 2055 4499 non

490 4533 662 4603 capio.
690 4532 748 4588 Si
773 4535 917 4589 enim
957 4534 1236 4593 Confessio
1264 4549 1361 4605 per
1387 4536 1599 4590 modum
1644 4533 2057 4605 improperantis

490 4621 895 4692 etrorripientis
907 4623 1023 4680 haec
1036 4625 1323 4695 ingereret,
1339 4624 1575 4693 speciem
1586 4623 1819 4693 aliquam
1834 4621 2058 4681 haberet

493 4713 674 4769 Dallaei
713 4720 1106 4783 argumentum.
1154 4711 1306 4769 Nunc
1333 4729 1460 4769 vero
1498 4714 1565 4769 de
1598 4714 1775 4784 penis
1803 4713 2057 4769 divinitus

489 4802 699 4861 Judazis
726 4804 942 4863 inﬂictis
985 4819 1116 4861 cum.
1150 4800 1273 4876 agat
1313 4803 1416 4858 hoc
1457 4804 1595 4869 lo¢o,
1640 4805 1774 4860 nihil
1819 4805 2057 4861 continet

491 4896 647 4966 quod
688 4910 796 4957 non
846 4910 1116 4966 usurpare
1160 4892 1429 4967 pessimus
1482 4884 1585 4950 hoc
1636 4903 1902 4966 tempore,
1951 4912 2059 4968 quo

492 4985 656 5041 etiam
690 4983 928 5042 iuﬂdelea
962 4987 1132 5042 sacris
1157 4986 1285 5042 locis
1312 4985 1671 5040 dominantur;

564 5074 651 5131 ll.
698 5072 869 5132 Amne
911 5085 995 5132 est
1028 5078 1163 5132 huic
1198 5084 1513 5148 argumento
1536 5075 1707 5146 quod
1732 5076 2065 5146 disceptator

494 5164 665 5222 sumit
681 5177 759 5225 ex.
778 5162 1147 5224 Confessionis
1164 5178 1318 5239 parte
1342 5186 1414 5233 iV,
1435 5184 1554 5243 capt
1572 5168 1626 5235 ι,
1652 5168 1743 5239 ubi
1770 5167 2024 5225 scribitur
2042 5189 2061 5224 τ

500 5275 518 5309 ι
548 5255 901 5325 Eucharistiei
930 5259 1169 5327 mysterii
1190 5262 1491 5325 veritatem,
1526 5260 1578 5316 id
1600 5269 1690 5316 est
1713 5260 1911 5315 realem
1941 5278 2061 5317 (ξονι

495 5348 643 5417 poris
667 5347 929 5404 Dominici
960 5350 1322 5417 praesentiam,
1356 5365 1733 5421 nonnunquam
1763 5350 1940 5405 divina
1979 5369 2062 5408 re-

498 5438 766 5497 velationes
806 5440 1073 5510 aliquibus
1125 5442 1533 5499 manifestatum
1569 5458 1706 5499 esse.
1739 5463 1756 5496 ι
1809 5443 2069 5518 lnteiligit

500 5527 899 5596 autem,_inquit
927 5531 1169 5596 Dallaeus,
1197 5532 1517 5601 quibusdam
1541 5533 1797 5590 divinitus
1834 5548 2059 5594 conces-

502 5625 621 5673 sum
647 5613 918 5683 fuisse.‘ut
941 5635 1157 5677 carnem
1178 5628 1232 5677 et
1250 5616 1695 5698 sanguinempro
1705 5639 1843 5697 pane
1864 5635 1927 5684 et
1937 5631 2069 5688 vino.

2166 3076 2222 3133 S.
2256 3077 2320 3131 Β.
2366 3077 2428 3131 Ε.
2481 3072 2863 3155 archidiacono
2904 3077 3197 3134 Latinitate
3241 3081 3433 3135 donata
3480 3091 3580 3138 est.
3627 3084 3739 3142 imo

2160 3183 2290 3224 vero
2314 3164 2440 3224 ante
2464 3168 2586 3225 Ursi
2606 3170 2909 3225 versionem
2936 3170 3039 3225 alia
3060 3170 3356 3242 legebatur,
3378 3188 3498 3244 qua:
3524 3173 3577 3227 in
3600 3174 3739 3230 Vitis

2159 3258 2378 3315 Patrum
2399 3259 2542 3316 edna
2564 3268 2702 3314 esra
2723 3258 2882 3315 Surio
2902 3252 3134 3330 politiori
3161 3260 3297 3331 ston
3327 3261 3548 3316 reddita.
3573 3260 3737 3334 Cujus

2161 3352 2241 3408 rei
2288 3353 2650 3408 certissimum
2680 3367 2834 3408 sumo
2864 3362 3238 3424 argumentum
3267 3369 3333 3409 ex
3364 3352 3549 3410 Enen:
3578 3354 3729 3410 Pari-

2161 3444 2354 3499 siensis
2378 3445 2612 3515 episcopi
2636 3443 2773 3500 libro
2801 3446 3061 3501 adversus
3080 3444 3315 3513 Graecos,
3341 3456 3528 3517 quaest.
3557 3447 3614 3514 2,
3638 3447 3729 3503 ubi

2162 3534 2285 3590 Vita
2324 3535 2498 3590 sancti
2530 3534 2715 3590 Basilii
2752 3535 2817 3591 de
2845 3533 3124 3607 Grrecoin
3161 3537 3473 3591 Latinuma
3510 3538 3735 3609 quodam

2161 3625 2367 3689 Gnaeo,
2391 3624 2638 3680 vocabulo
2656 3625 2910 3689 Eveimia,
2934 3626 2999 3680 de
3023 3625 3444 3689 uerbotranslata
3469 3626 3733 3684 laudatur.

2161 3716 2303 3787 Ergo
2323 3724 2580 3786 regnante
2599 3700 2793 3771 Carolo
2809 3714 2991 3779 Calvo,
3017 3717 3120 3773 hoc
3141 3718 3420 3776 estmedio
3438 3719 3634 3774 s:eculo
3656 3736 3730 3784 ix,

2160 3806 2301 3876 apud
2325 3804 2505 3861 Gallos
2537 3804 3019 3861 circumferebatur
3045 3807 3161 3865 haec
3197 3807 3334 3879 Vita,
3362 3824 3524 3880 quam
3557 3808 3737 3868 Alcui—

2161 3914 2265 3954 nus
2292 3898 2487 3969 legisse
2515 3897 2711 3969 potuit.
3560 3953 3567 3958 ,

2230 3991 2312 4047 Ad
2359 3992 2474 4047 haec
2515 3990 2749 4047 Alauiuo
2791 3992 3111 4063 suppetebat
3154 3994 3359 4063 insigne
3408 3996 3744 4064 exemplum,
3832 4000 3835 4001 ⁷

2162 4083 2306 4155 quod
2331 4082 2566 4138 refertur
2592 4084 2646 4139 in
2678 4083 2771 4139 lib.
2794 4100 2826 4137 ν
2850 4085 2916 4140 de
2942 4085 3078 4139 Vitis
3122 4084 3364 4150 Patrum,
3391 4098 3507 4156 c’ap.
3534 4088 3618 4153 18,
3642 4088 3742 4142 ubi

2161 4174 2358 4245 legitur
2382 4170 2593 4227 Arsenii
2622 4172 2822 4227 dictum
2852 4173 2919 4227 de
2955 4173 3186 4242 quodam
3216 4188 3343 4229 sene
3373 4173 3425 4227 in
3466 4174 3598 4230 Sciti
3639 4176 3735 4230 ha-

2160 4261 2474 4322 bitante,rut
2517 4262 2681 4322 habet
2714 4277 2815 4315 ms.
2858 4262 3028 4317 codex
3068 4260 3438 4328 Corbeieusis;
3481 4265 3571 4334 qui
3610 4281 3731 4321 cum

2088 4366 2315 4441 Dsecus
2342 4370 2504 4425 quam
2533 4354 2771 4410 Ecclesia
2800 4355 3075 4410 catholica
3097 4356 3276 4423 tradit,
3306 4358 3371 4413 de
3393 4356 3593 4413 Christi
3616 4372 3739 4414 cor~

2160 4459 2291 4515 pore
2314 4445 2367 4499 in
2399 4444 2737 4500 Eucharistia
2763 4446 3017 4509 sentiret;
3047 4446 3205 4516 idque
3230 4464 3332 4502 non
3360 4447 3599 4504 naturale
3621 4466 3737 4504 cor-

2159 4552 2257 4607 pus
2280 4528 2500 4602 Christi,
2532 4538 2627 4593 sed
2654 4545 2863 4595 tantum
2895 4538 3123 4610 ﬁguram
3155 4540 3269 4611 ejus
3309 4557 3429 4598 esse
3454 4543 3729 4607 crederet;

2161 4628 2336 4683 tribus
2381 4626 2630 4683 Patrilius
2657 4627 2728 4683 ob
2765 4643 2882 4682 eam
2925 4643 3143 4685 causam
3187 4632 3517 4697 convocatis,
3542 4640 3597 4686 et
3634 4646 3757 4699 pro:

2162 4721 2308 4776 senis
2334 4719 2684 4776 conversione
2710 4719 3010 4784 orantibus,
3042 4717 3185 4774 facta
3216 4736 3274 4774 re
3303 4736 3491 4786 sacra,
3518 4722 3753 4776 tandem

2164 4815 2232 4869 ad
2274 4821 2478 4869 rectam
2506 4811 2667 4868 ﬁdem
2705 4813 2958 4866 reductus
2985 4819 3086 4888 est.
3122 4831 3140 4864 ι
3171 4813 3302 4869 Nam
3331 4817 3543 4885 quando
3570 4819 3732 4889 positi
3828 4857 3831 4860 -

2163 4915 2286 4962 sunt
2312 4921 2474 4977 panes
2518 4904 2570 4959 in
2597 4905 2773 4965 altari,
2800 4904 3083 4960 videbatur
3108 4906 3211 4962 illis
3241 4912 3610 4967 tantummodo
3637 4913 3734 4967 tri-

2162 4995 2264 5051 bus
2308 5004 2558 5069 tanquam
2588 4993 2842 5066 puerulus
2864 4992 3051 5065 iacens
3095 5014 3256 5068 super
3283 5000 3471 5058 altare.
3517 5004 3730 5061 Etcum

2161 5085 2486 5142 ostendisset
2524 5085 2805 5156 presbyter
2835 5102 3051 5141 manum
3095 5098 3155 5145 ut
3200 5090 3475 5166 frangeret
3510 5111 3722 5166 panem.

2164 5176 2438 5231 descendit
2475 5176 2696 5250 angelus
2727 5176 2935 5233 Domini
2981 5179 3047 5234 de
3079 5181 3217 5237 caelo
3252 5185 3457 5241 habens
3494 5186 3726 5242 cultrum

2161 5269 2215 5323 in
2240 5282 2423 5331 manu,
2446 5276 2500 5322 et
2520 5268 2722 5323 secavit
2746 5269 3027 5338 puerulum
3051 5272 3231 5337 illum;
3261 5279 3573 5347 sanguinem
3597 5294 3726 5335 vero

2160 5356 2303 5412 illius
2326 5358 2628 5428 excipiebat
2654 5360 2707 5414 in
2735 5360 2953 5417 calice.»
2983 5362 3117 5419 Tum
3140 5348 3427 5420 accedente
3453 5381 3599 5431 sene,
3627 5386 3645 5418 ι
3669 5378 3728 5423 ιιι

2159 5448 2431 5519 acciperet
2462 5458 2705 5505 sanctam
2735 5455 3194 5517 communionem,
3222 5456 3343 5509 data
3372 5466 3455 5510 est
3500 5458 3596 5527 ipsi
3628 5461 3724 5516 soli

2161 5549 2293 5595 caro‘
2316 5540 2578 5611 sanguine
2621 5551 2930 5607 cruentata;
2967 5545 3109 5612 quod
3138 5559 3258 5599 cum
3288 5545 3524 5609 vidisset,
3555 5550 3751 5616 perti-,

2162 5631 2294 5689 muit
2316 5640 2375 5689 et
2400 5632 2649 5690 clamavit
2678 5634 2899 5689 dicens:
2927 5632 3116 5701 Credo,
3149 5637 3389 5704 Domine,
3418 5638 3540 5708 quia
3569 5642 3723 5711 panis
