4266 6240
595 235 730 290 1015

1394 233 1452 288 Β.
1495 233 1554 286 F.
1595 231 1817 318 AbBlNl
1853 230 1981 287 SEU
2021 226 2296 283 ALCUINI
2334 227 2614 285 OPERUM
2645 228 2822 291 PARS
2865 227 2998 288 VIII.

3675 228 3815 288 1οη

592 349 683 418 qui
713 349 768 402 in
797 345 949 404 altari
976 345 1191 416 ponitur
1231 359 1426 414 corpus
1455 355 1604 400 tuum
1631 352 1733 410 est,
1758 352 1813 398 et
1839 343 2000 406 calix,
2027 349 2152 395 tuus
2181 340 2225 398 Δ
2256 337 2591 396 Eucharistia
2630 342 2860 398 sancivit
2899 342 3159 397 adversus
3187 343 3478 400 haereticos
3504 344 3811 410 nonnullos,

591 448 678 494 est
718 427 957 508 sanguis.
986 436 1054 490 Et
1095 435 1278 490 statim
1320 434 1463 490 facta
1502 443 1585 490 est
1621 449 1747 489 caro
1785 432 1873 488 illa
1908 433 1962 502 in
1999 446 2158 486 manu

2256 430 2347 500 qui
2373 429 2638 488 Dominici
2661 432 2906 504 corporis
2930 441 2987 488 et
3005 433 3284 506 sanguinis
3303 442 3698 490 sacramentum
3725 450 3812 491 re-

593 527 708 596 ejns
729 525 900 596 panis
941 524 1232 580 secundum
1280 525 1628 596 mysterium,
1673 531 1729 578 et
1761 523 1990 595 sumpsit
2034 521 2160 578 illud
2251 522 2529 592 jiciebant,
2567 525 2645 582 uti
2672 515 2868 596 legitur
2893 526 2948 581 in
2986 525 3190 598 synodo
3215 533 3404 582 contra
3439 539 3532 582 eos
3564 525 3810 583 Atrebati

596 633 716 672 eum
742 617 944 673 honore
980 616 1182 689 gratias
1209 631 1374 688 agens
1413 616 1542 670 Deo.
1565 635 1582 666 ι
1615 614 1882 670 Eximium
1918 615 2059 670 hunc
2085 611 2160 667 lo-

597 723 718 762 eum
747 706 940 777 legisse
975 706 1148 778 potuit
1181 705 1460 771 Alcuinus,
1490 705 1604 760 sive
1642 719 1708 759 ex
1746 703 1930 759 codice
1951 702 2158 766 Graeco,

597 798 807 868 qualem
835 789 1058 853 Photius
1097 795 1308 862 laudat,
1343 797 1455 851 sive
1481 811 1550 851 ex
1589 795 1836 850 versione
1874 793 2072 863 Pelagii
2100 792 2158 848 S.

599 889 663 942 R.
695 887 754 943 E.
782 886 1016 953 diaconi,
1043 887 1134 958 qui
1163 887 1306 942 hunc
1333 888 1578 957 quintum
1605 884 1800 940 librum
1825 883 2003 938 Latini
2024 882 2164 952 juris

600 965 746 1032 fecit.

671 1065 756 1120 12.
788 1064 892 1119 Sed
919 1066 1032 1135 jam
1060 1065 1272 1119 demum
1315 1072 1434 1132 post
1481 1063 1918 1128 vexatamvariis
1959 1061 2168 1118 artibus

601 1167 760 1224 atque
784 1154 1398 1219 tnodis..Conl‘essioncm,
1425 1153 1794 1228 veniamusad
1819 1152 2054 1222 palmare
2080 1167 2166 1234 ar-

601 1241 951 1315 gumentum,
996 1239 1109 1314 quo
1154 1243 1380 1300 Dalbnus
1425 1259 1566 1314 stupe
1602 1243 1758 1298 dicta:
1804 1239 2166 1296 Confessionis

601 1317 972 1405 antiquitatem
1030 1335 1243 1406 penitus
1307 1332 1627 1389 labefactare
1690 1333 1790 1388 sibi
1841 1331 1989 1386 visus
2046 1339 2165 1395 est;

603 1441 808 1497 nempe,
841 1446 859 1478 ι
888 1426 1032 1497 quod
1068 1427 1208 1481 idem
1248 1424 1611 1480 Confessionis
1653 1425 1942 1480 auctorde
1979 1438 2166 1478 eorum

602 1520 862 1574 sententia
879 1518 970 1588 qui
995 1519 1192 1574 rcalem
1217 1517 1478 1574 Dominicl
1495 1517 1735 1587 corporis
1761 1517 1814 1570 in
1833 1515 2168 1590 Eucharistia

601 1609 939 1679 praesentiam
984 1616 1212 1680 negant,
1258 1623 1363 1664 non
1411 1604 1568 1662 aliter
1609 1607 1848 1678 loquitur
1894 1621 2056 1678 quam
2104 1606 2169 1660 de

601 1701 843 1756 doctrina
890 1699 1104 1771 publico
1130 1699 1382 1756 Ecclesia:
1417 1699 1620 1772 judicio
1657 1701 1906 1754 damnata
1946 1706 2002 1754 et
2027 1697 2168 1753 inter

603 1792 834 1848 luercses
860 1791 1046 1858 relata,
1071 1799 1232 1861 atque
1267 1791 1340 1846 ita
1383 1806 1505 1848 eum
1548 1790 1678 1862 ipsis
1703 1790 1814 1860 agit
1842 1799 1901 1843 ut
1926 1805 2049 1844 cum
2074 1787 2168 1845 ho-

605 1883 837 1938 minibus
875 1882 1121 1938 sectariis
1147 1891 1202 1938 et
1225 1883 1510 1939 haereticis.
1534 1903 1552 1934 ι
1590 1883 1726 1937 Tum
1754 1882 1880 1937 huic
1926 1882 2005 1937 rei
2047 1897 2170 1952 pro-

605 1972 790 2028 banda:
812 1972 1026 2028 adducit
1049 1972 1190 2028 hunc
1217 1973 1390 2028 locum
1417 1989 1483 2029 ex
1522 1973 1886 2029 Confessionis
1911 1983 2065 2042 parte
2095 1990 2166 2037 tv,

603 2082 719 2136 cap.
761 2066 794 2118 ii
826 2085 845 2118 τ
882 2085 899 2118 ς
941 2065 1305 2136 Advertejam
1355 2067 1602 2131 tandem,
1647 2083 1680 2122 o
1730 2067 2170 2136 pravissimarum

604 2159 859 2212 mentium
908 2173 1158 2227 perversa
1202 2159 1477 2221 doctrina,
1516 2167 1571 2212 et
1609 2157 1717 2213 noli
1753 2159 1918 2213 surda
1957 2174 2086 2214 aure
2116 2168 2171 2212 et

605 2247 980 2304 incircumciso
1031 2250 1192 2316 cprde
1254 2252 1531 2320 prmterire
1579 2253 1720 2322 quod
1785 2253 2024 2308 dicitur:
2068 2252 2172 2318 Qui

604 2338 885 2394 manducat
911 2354 1008 2401 me.
1033 2355 1186 2394 suam
1209 2341 1483 2405 nimirum,
1521 2357 1626 2396 non
1650 2341 1807 2396 aliam
1839 2359 2057 2399 carnem
2085 2343 2172 2398 des

606 2439 887 2487 mensum.
915 2450 932 2482 ›
977 2429 1095 2485 Mox
1143 2431 1327 2501 paucis
1373 2431 1710 2507 interiectis:
1751 2452 1768 2484 ε
1814 2433 2012 2488 Verum
2046 2435 2170 2504 quia

605 2519 760 2589 longe
790 2520 946 2574 aliter
972 2534 1029 2574 se
1061 2521 1217 2601 habet
1241 2522 1440 2576 veritas
1469 2522 1602 2576 tanti
1639 2523 1898 2593 mysterii,
1926 2540 2086 2593 quam
2115 2532 2170 2579 tu

606 2613 847 2666 hwretica
895 2610 1146 2681 deceptus
1192 2611 1384 2682 spiritu
1439 2612 1740 2676 arbitraris,
1783 2621 1926 2668 recte
1977 2614 2193 2669 dicitur.

607 2702 920 2772 mysterium
955 2701 1104 2766 ﬁdei,
1129 2724 1147 2755 ι
1183 2710 1286 2757 etc.
1331 2721 1348 2753 ‹
1380 2703 1586 2773 Quibus
1612 2705 1970 2773 apertissime,
2000 2706 2174 2774 inquit

608 2792 856 2859 Dallazus,
884 2793 1148 2863 signiﬁcat
1178 2793 1360 2858 fuisse,
1389 2808 1495 2863 quo
1533 2795 1644 2864 ipse
1688 2804 1925 2866 tempore
1969 2798 2173 2852 scribe-

608 2884 837 2952 ιω,ἠυί
875 2882 1030 2937 aliter
1058 2897 1215 2952 quam
1260 2883 1374 2952 ipse
1416 2883 1702 2949 sentiebat,
1731 2885 1797 2939 de
1836 2885 2170 2940 Eucharistia

787 2976 1057 3038 docebant,
1086 2974 1281 3043 quique
1301 2973 1551 3028 Itwreseos
1574 2989 1633 3028 ea
1656 2975 1721 3029 de
1749 2991 1909 3030 causa
1937 2977 2166 3030 damnati

607 3073 778 3118 erant.
815 3083 828 3112 ι
877 3062 1182 3131 Cuiusmodi
1233 3063 1478 3118 homines
1519 3064 1655 3120 ullos
1699 3074 1822 3120 ante
1863 3065 2168 3138 Bercngarii

611 3162 818 3224 tempus
843 3156 1110 3210 exstitisse
1138 3163 1295 3226 negat
1326 3154 1570 3210 Dallzeus.

680 3246 788 3300 Hoc
830 3257 1197 3318 argumentum
1227 3248 1458 3304 colorem
1487 3251 1701 3319 quidem
1729 3252 1889 3306 habet
1915 3268 2024 3322 prae
2054 3252 2173 3308 aliis

567 3350 576 3355 ‘
613 3349 642 3389 a
686 3336 880 3388 Dallaro
929 3337 1200 3401 adductls;
1239 3338 1334 3393 sed
1373 3338 1418 3392 si
1476 3338 1656 3392 fucum
1703 3339 1976 3405 detrahas,
2018 3342 2174 3397 inane

612 3441 853 3496 prorsus,
889 3429 961 3481 uti
989 3437 1200 3492 caetera,
1239 3431 1536 3501 apparebit.
1583 3430 1734 3501 Quod
1764 3440 1821 3484 ut
1863 3447 2171 3502 assequare,

609 3525 725 3584 rem
755 3518 972 3588 propius
1003 3518 1198 3574 intueri
1221 3534 1436 3576 necesse
1461 3528 1546 3576 est
1569 3537 1633 3576 ac
1668 3521 2037 3578 demonstrare
2059 3523 2173 3594 jam

611 3607 806 3662 dudum
839 3617 961 3662 ante
1007 3609 1316 3664 damnatum
1348 3608 1728 3680 Berengarium
1770 3611 2051 3667 haereticos
2077 3612 2174 3667 ha-

610 3697 773 3761 bitos,
799 3714 967 3767 eoque
996 3700 1211 3754 nomine
1253 3697 1492 3766 affectos,
1528 3701 1619 3770 qui
1647 3717 1802 3758 secus
1831 3718 1988 3773 quam
2018 3705 2176 3758 modo

612 3785 871 3840 catholica
893 3787 1131 3842 Ecclesia
1155 3791 1335 3853 tradit,
1364 3790 1429 3844 de
1458 3791 1794 3846 Eucharistia
1822 3795 2100 3851 sentirent.

684 3873 817 3929 lluic
865 3878 938 3930 rei
968 3879 1256 3948 probanda:
1297 3897 1437 3935 unus
1488 3882 1683 3935 sullieil.
1726 3883 2052 3947 Dcoduinus,
2082 3900 2175 3939 seu

607 3965 954 4037 :l‘heoduiuus
1002 3968 1312 4024 Leoliensis
1340 3973 1621 4042 cpiSCOpus
1664 3971 1784 4041 (tn),
1834 3973 1925 4039 qui
1971 3974 2022 4025 iu
2060 3974 2175 4043 epi—

614 4056 749 4109 stola
781 4054 844 4108 ad
872 4055 1166 4126 Philippum
1213 4057 1541 4113 Francorum
1573 4074 1776 4128 regem,
1825 4060 2023 4128 scripta
2052 4075 2177 4115 eon-

614 4153 695 4197 tra
747 4145 1048 4213 Bcrengarii
1097 4162 1332 4202 errorem
1377 4147 1488 4217 jam
1539 4156 1649 4202 tum
1695 4149 1927 4217 primum
1977 4151 2176 4205 exoriri

616 4243 866 4301 emptum,
891 4244 1073 4290 censet
1102 4236 1479 4310 Berengarlum
1508 4239 1730 4308 ejusque
1774 4254 2030 4310 sequaces
2071 4256 2176 4297 non

2259 613 2458 676 habita,
2493 627 2654 683 quam
2680 615 2990 686 propediem
3037 616 3180 687 typis
3221 617 3464 674 editurus
3507 625 3592 674 est
3632 624 3817 674 noster

2257 703 2522 760 Acherius
2549 705 2603 760 in
2629 703 2900 776 Spicilegii
2951 713 3086 763 tom.
3123 704 3259 760 XIII.
3304 705 3438 762 Cum
3481 706 3628 761 enim
3673 705 3816 763 idem

2259 792 2541 865 episcopus
2581 791 2637 848 in
2682 807 2748 850 ea
2773 794 2909 849 urbe
2936 794 3124 850 diebus
3166 793 3473 850 Nativitatis
3500 803 3557 849 et
3589 793 3822 865 Appari.

2261 881 2420 936 tionis
2448 880 2659 945 Domini
2685 882 2754 938 de
2786 883 2946 939 rebus
2975 882 3353 940 ecclesiasticis
3375 891 3653 949 tractaret,
3668 897 3706 936 ἰ
3735 899 3822 940 re-

2263 971 2426 1025 latum
2452 979 2535 1026 est
2558 972 2608 1028 ei
2633 973 2892 1042 quosdam
2915 975 2983 1029 ab
3008 973 3171 1030 Italiae
3211 974 3409 1034 ﬁnibus
3445 976 3596 1032 viros
3618 990 3684 1032 eo
3710 975 3816 1032 loci

2263 1064 2558 1128 advenisse,
2589 1064 2704 1134 qui,
2753 1065 3042 1135 quamdam
3096 1081 3250 1122 novae
3293 1067 3564 1127 haereseos
3614 1074 3820 1122 sectam

2264 1154 2699 1220 introlneentes,
2750 1155 3072 1226 evangelica:
3121 1167 3282 1228 atque
3336 1158 3641 1228 apostolicae
3698 1173 3824 1213 san-

2264 1244 2458 1299 ctionis
2488 1243 2824 1322 disciplinam
2863 1253 3175 1317 pervertere
3205 1247 3510 1312 tentabant;
3540 1256 3597 1304 et
3634 1261 3827 1317 quattv-

2266 1334 2385 1388 dam
2405 1332 2668 1400 justitiam
2690 1333 3060 1405 praeferentes,
3091 1336 3194 1392 hac
3217 1336 3329 1392 sola
3354 1335 3628 1406 puriﬁcarl
3653 1337 3826 1392 homi-

2269 1439 2360 1476 nes
2390 1424 2722 1489 asserebant,
2765 1424 3071 1496 nullumque
3101 1426 3155 1480 in
3189 1434 3376 1486 sancta
3407 1426 3650 1486 Ecclesia
3676 1426 3844 1482 aliud

2267 1529 2384 1569 esse
2427 1517 2820 1573 sacramentum
2861 1532 2959 1586 per
2999 1518 3140 1587 quod
3185 1518 3254 1574 ad
3282 1518 3509 1574 salutem
3545 1517 3826 1590 pervenire

2272 1605 2587 1674 potuissent.
2615 1626 2633 1659 ι
2654 1605 2718 1661 lli
2735 1622 2916 1663 coram
2934 1610 3185 1679 episcopo
3205 1609 3440 1673 adducti,
3464 1627 3484 1661 ι
3505 1609 3750 1665 referunt
3765 1623 3827 1666 se

2269 1711 2388 1750 esse
2414 1697 2686 1752 auditores
2715 1697 2984 1755 GANDULl-‘I
3013 1698 3288 1768 cujusdam
3311 1700 3378 1756 ab
3401 1698 3565 1755 Italiae
3586 1700 3832 1771 partibus

2270 1784 2390 1848 viri,
2421 1792 2474 1838 et
2494 1785 2561 1837 ab
2581 1799 2645 1838 eo
2675 1787 2999 1857 evangelicis
3031 1787 3299 1842 mandatis
3320 1787 3715 1866 etapostolicis
3745 1787 3828 1843 ina

2267 1872 2572 1928 formatos:
2617 1873 2918 1945 ntﬂlamque
2958 1885 3154 1946 prater
3202 1879 3341 1934 hanc
3384 1879 3720 1949 Scripturam
3768 1895 3830 1935 se

2269 1963 2526 2032 recipere,
2554 1964 2647 2018 sed
2683 1965 2821 2020 hanc
2857 1967 3023 2022 verbo
3064 1975 3120 2022 et
3161 1982 3324 2038 opere
3369 1975 3574 2023 tenere.
3614 1987 3635 2021 ι
3691 1967 3829 2029 Tum

2269 2053 2573 2108 accuratius
2600 2054 2933 2126 interrogati,
2974 2058 3116 2113 sacri
3143 2058 3482 2128 baptismatis
3512 2059 3830 2131 mysterium

2268 2151 2486 2213 negant,
2515 2143 2779 2215 simulque
2805 2146 3180 2214 Eucharistite,
3206 2149 3544 2205 Pcenitentite
3567 2157 3624 2205 et
3649 2149 3833 2204 Matri-

2271 2234 2432 2287 monii
2455 2244 2811 2288 sacramenta.
2834 2234 2938 2290 Pro
2961 2238 3236 2310 erroribus
3259 2239 3485 2310 singulis
3516 2239 3723 2311 singula
3741 2255 3831 2294 ca-

2269 2325 2434 2396 pitula
2450 2326 2632 2380 condit
2655 2325 2949 2394 Gerardus,
2972 2329 3205 2399 primum
3228 2332 3444 2402 quidem
3459 2333 3526 2387 de
3537 2333 3826 2409 baptismo,

2271 2417 2564 2471 secundum
2613 2416 2680 2472 de
2730 2432 2956 2488 corpore
3008 2428 3063 2474 et
3086 2421 3345 2491 sanguine
3368 2421 3612 2486 Domini,
3644 2420 3698 2476 in
3723 2436 3834 2490 quo

2271 2505 2551 2561 luereticos
2596 2506 2879 2577 compellat
2924 2508 3010 2563 his
3049 2510 3278 2565 verbis:
3316 2529 3336 2562 ‹
3394 2509 3512 2568 1am
3564 2526 3709 2565 nunc
3751 2511 3836 2566 Itis

2271 2593 2485 2648 omissis
2533 2577 2814 2650 tran’situm
2844 2594 3104 2652 faciamus
3148 2598 3216 2652 ad
3258 2598 3388 2654 illud
3416 2613 3628 2655 sacrum
3655 2606 3710 2653 et
3736 2600 3836 2653 im-

2272 2688 2523 2742 mutabile
2556 2689 2816 2744 Dominiei
2847 2691 3091 2761 corporis
3134 2700 3188 2746 et
3219 2692 3498 2764 sanguinis
3527 2708 3837 2748 sacramena

2275 2789 2409 2843 tum,
2454 2781 2597 2850 quod
2627 2795 2722 2835 vos
2751 2780 2818 2835 ad
2847 2791 3084 2838 vestram
3127 2782 3521 2847 confusionem,
3553 2784 3657 2837 nisi
3705 2784 3840 2838 resl-

2274 2872 2518 2939 pueritis,
2543 2871 2823 2926 adversum
2851 2873 3086 2928 divinam
3116 2881 3170 2928 et
3212 2873 3559 2944 apostolicam
3595 2871 3836 2927 traditio-

2275 2979 2393 3016 nem
2443 2963 2813 3033 impugnantcs
2854 2965 3368 3018 evertere'tentatis'.
3409 2983 3427 3016 ι
3487 2962 3623 3016 Tum
3672 2962 3843 3032 ipsius

2273 3052 2594 3107 sacramenti
2626 3061 2871 3106 naturam
2896 3051 3174 3122 explicans
3204 3061 3326 3122 post
3361 3052 3540 3122 aliqua
3568 3051 3684 3106 haec
3717 3051 3841 3106 sub-

2270 3149 2390 3200 dit:
2425 3166 2441 3196 ‹
2496 3146 2649 3214 Quod
2699 3149 2912 3218 quidem
2949 3146 3275 3202 sacriﬁcium
3321 3148 3447 3204 dum
3494 3149 3560 3203 de
3596 3162 3733 3218 pane
3783 3153 3840 3202 et

2268 3244 2388 3298 vino
2412 3260 2531 3297 cum
2562 3258 2699 3310 aqua
2725 3243 2892 3298 mixto
2916 3242 3168 3296 inell'abili
3202 3241 3644 3304 sanctiﬁcatione,
3674 3254 3838 3295 cruce

2269 3345 2322 3388 et
2357 3335 2534 3387 verbis
2572 3333 2711 3387 illius
2757 3333 2808 3386 in
2841 3333 2996 3385 altari
3025 3341 3400 3396 consecratur,
3446 3332 3683 3400 dumque
3712 3345 3840 3400 pas-

2271 3425 2436 3478 sionis
2465 3431 2519 3477 et
2561 3423 2977 3477 resurrectionis
3021 3422 3134 3491 ejus
3161 3432 3320 3492 atque
3355 3423 3406 3476 in
3433 3422 3626 3477 caelum
3654 3437 3843 3477 ascen-

2271 3514 2439 3568 sionis
2491 3513 2687 3567 ibidem
2717 3511 2993 3579 salutifera
3022 3514 3280 3567 memoria
3325 3514 3520 3585 agitur,
3564 3528 3748 3568 verum
3777 3529 3844 3568 ac

2272 3604 2548 3675 proprium
2575 3620 2769 3674 corpus
2793 3604 2968 3674 ipsius
2992 3605 3200 3658 Domini
3227 3603 3354 3659 Iesu
3386 3604 3607 3671 Christi,
3633 3613 3687 3660 et
3716 3619 3840 3660 san-

2274 3702 2390 3770 guis
2419 3715 2578 3754 verus
2606 3706 2659 3752 et
2686 3700 2934 3770 proprius
2953 3697 3206 3764 efllcitur,
3244 3700 3494 3768 quamvis
3534 3691 3677 3753 aliud
3719 3712 3841 3752 esse

2273 3790 2535 3843 videatur.
2566 3790 2784 3845 Videtur
2809 3804 3040 3860 namque
3060 3791 3216 3858 panis
3245 3790 3527 3854 naturalis,
3551 3789 3645 3843 sed
3672 3786 3841 3842 veris—

2276 3885 2409 3936 sime
2443 3881 2672 3937 ellicitur
2699 3897 2892 3950 corpus
2916 3881 3136 3944 Christi,
3170 3882 3308 3936 sicut
3330 3882 3442 3948 ipsa
3474 3880 3662 3934 eadem
3689 3880 3838 3934 Veri-

2278 3983 2388 4026 tate
2415 3979 2703 4028 attestante
2738 3972 3042 4026 didicimus.
3081 3992 3099 4024 »
3150 3973 3227 4026 Ex
3254 3973 3448 4041 quibus
3491 3971 3837 4042 intelligimus

2279 4065 2328 4118 in
2352 4065 2555 4134 synodo
2582 4064 2921 4118 Atrebatensi
2966 4072 3227 4118 assertam
3284 4062 3446 4119 fuisse
3491 4063 3839 4118 Eucharistize

2277 4155 2558 4210 veritatem
2590 4157 2744 4210 annis
2773 4155 3000 4225 amplius
3030 4155 3097 4209 25
3141 4165 3264 4210 ante
3293 4155 3607 4210 damnatum
3646 4155 3843 4210 Beren-

2277 4250 2503 4316 garium.
2538 4249 2690 4304 llune
2734 4248 2911 4303 locum
2956 4248 3112 4317 paulo
3154 4247 3324 4305 fusius
3365 4248 3541 4311 retuli,
3577 4257 3688 4302 tum
3713 4246 3841 4314 quia

616 4340 732 4376 esse
758 4327 1068 4392 auliendos,
1100 4343 1270 4397 neque
1301 4337 1406 4383 tam
1451 4346 1550 4399 pro
1582 4331 1684 4386 illis
1723 4332 2009 4387 concilium
2049 4349 2176 4389 con-
2206 4364 2256 4425 υ
2279 4340 2391 4393 haec
2421 4339 2656 4409 synodus
2685 4341 2931 4398 antehac,
2961 4341 3004 4393 si
3049 4355 3153 4392 non
3191 4338 3370 4402 fallor,
3402 4338 3672 4406 incognita
3705 4333 3840 4396 fuit.

618 4416 932 4480 vocandum,
969 4419 1214 4487 quamde
1245 4419 1456 4474 illorum
1477 4421 1732 4491 supplicio
1755 4423 2173 4491 exquirendum;

617 4513 919 4586 propterea,
963 4503 1100 4575 quod
1143 4507 1464 4563 creberrimis
1507 4509 1630 4596 SS“
1659 4507 1881 4564 Patrum
1924 4511 2176 4576 conciliis,

618 4609 725 4644 tum
746 4593 899 4646 etiam
926 4593 1291 4649 uenerabilium
1327 4595 1593 4648 doctorum
1624 4593 1942 4650 clarissimis
1977 4609 2180 4652 senten-

620 4683 704 4738 tiis
760 4683 1042 4754 proscripti
1095 4684 1438 4754 damnatique
1495 4694 1674 4741 essent
1714 4702 1899 4744 eorum
1946 4703 2174 4742 errores.

620 4776 759 4846 Ergo
782 4787 904 4832 ante
935 4776 1238 4847 Berengarii
1262 4779 1568 4833 damnatura
1591 4782 1830 4832 errorem
1852 4779 2175 4833 creberrima

618 4869 840 4924 concilia
866 4866 1186 4924 catholicam
1212 4871 1275 4924 de
1297 4869 1632 4927 Euebaristia
1653 4867 1808 4927 [idem
1839 4870 2173 4936 deﬁnieram,

621 4972 683 5009 ac.
716 4971 869 5012 secus
896 4960 1188 5014 sentientes
1217 4975 1316 5030 pro
1339 4960 1604 5017 haereticis
1631 4961 1902 5016 habendos
1932 4960 2152 5016 decreve

624 5054 762 5107 rant.
793 5053 851 5098 ut
875 5057 1058 5101 censet
1104 5057 1435 5118 testaturque
1482 5050 1805 5106 Deoduinus.
1855 5049 1935 5109 Ex
1983 5053 2180 5124 quibus

619 5137 881 5198 emciliis,
911 5139 1008 5191 etsi
1038 5155 1202 5192 unum
1232 5141 1546 5200 Toletanum
1581 5143 1818 5214 proferat
1844 5145 1895 5199 in
1919 5145 2176 5210 medium,

623 5227 768 5294 ptum
812 5235 987 5279 tamen
1027 5225 1130 5280 alia
1179 5227 1228 5281 in
1264 5228 1610 5289 Eucharistizc
1658 5247 1820 5289 causa
1860 5243 2178 5306 congregata

624 5316 784 5370 tuisse
823 5313 1105 5371 manifeste
1129 5319 1378 5372 asseruit.

694 5405 755 5457 Et
780 5408 991 5474 quidem
1033 5414 1291 5477 regnante
1334 5407 1470 5478 apud
1520 5409 1755 5467 Francos
1795 5411 2080 5480 Rotbertn,
2128 5415 2182 5472 id

623 5501 704 5545 est.
746 5511 883 5549 anno
924 5497 1073 5562 l025,
1124 5499 1308 5554 indict.
1352 5501 1405 5562 8,
1452 5499 1732 5555 Gerardus.
1775 5505 2180 5562 Cameracensis

624 5594 781 5653 atque
819 5588 1186 5648 Atrebatensis
1225 5591 1511 5669 episcopus
1552 5591 1716 5648 iidem
1766 5593 2086 5657 catholicam
2113 5598 2179 5658 de

2282 4436 2393 4481 tum
2421 4428 2546 4496 quia
2596 4429 2757 4483 rebus
2802 4425 3252 4494 subsequentibus
3300 4425 3632 4479 illustrandis
3675 4423 3841 4494 pluri-

2280 4532 2426 4572 mum
2452 4515 2722 4570 conducit.
3273 4575 3281 4586 .

2351 4607 2462 4662 Sub
2492 4607 2630 4661 idem
2675 4614 2906 4674 tempus,
2957 4607 3059 4661 hoc
3104 4616 3186 4663 est
3222 4623 3362 4663 anno
3412 4610 3568 4676 1017,
3611 4619 3846 4666 testante

2279 4697 2478 4752 Glabro
2508 4695 2735 4750 Rodull'o
2766 4697 2818 4751 in
2843 4698 2981 4754 llist.
3016 4701 3106 4754 lib.
3154 4718 3246 4765 Ill,
3271 4717 3388 4770 cap.
3423 4705 3478 4767 8,
3503 4704 3558 4756 in
3580 4703 3712 4756 urbe
3731 4701 3842 4754 An-

2283 4790 2603 4844 rclianorum
2649 4788 2877 4845 ﬂammis
2920 4792 3101 4846 traditi
3140 4802 3264 4847 sunt
3290 4792 3528 4860 ejusdem
3575 4793 3843 4848 htcreseos

2281 4887 2607 4944 assertores;
2638 4896 2862 4951 quorum
2885 4884 3137 4954 praecipui
3172 4892 3328 4938 erant
3357 4883 3650 4938 Herbertus
3677 4892 3842 4954 atque

2282 4971 2506 5026 Lisolus.
2535 4973 2734 5028 llnrum
2757 4990 2970 5030 errores
2997 4973 3191 5028 fucata:
3223 4973 3523 5029 sanctitatis
3551 4975 3842 5032 simulacro

2282 5061 2528 5130 palliatos
2578 5063 2778 5116 detexit
2807 5060 3109 5126 Arelastus,
3154 5062 3246 5132 qui
3292 5071 3554 5131 praesente
3580 5063 3842 5122 Rutberto

2285 5166 2427 5220 rege,
2459 5161 2520 5208 ut
2557 5154 2744 5222 synodi
2787 5160 2906 5207 acta
2946 5151 3174 5222 probant
3207 5153 3259 5208 in
3302 5153 3572 5228 Spicilegii
3603 5166 3733 5212 tom.
3764 5157 3840 5223 ll,

2285 5243 2422 5298 inter
2447 5254 2638 5301 caetera
2676 5252 3006 5302 contestatus
3032 5253 3112 5300 est
3140 5247 3207 5301 ab
3231 5249 3310 5302 eis
3345 5265 3402 5304 se
3429 5249 3701 5313 didicisse,
3741 5267 3840 5319 pa-

2285 5350 2396 5386 nem
2421 5343 2467 5388 et
2495 5335 2688 5398 vinum,
2715 5332 2852 5404 quod
2879 5349 3032 5402 super
3056 5335 3222 5388 altare
3247 5338 3487 5391 manibus
3514 5335 3839 5390 sacerdotum

2282 5424 2447 5477 sancti
2480 5423 2704 5494 Spiritus
2733 5422 3136 5490 sanctiﬁcatione
3165 5427 3292 5496 eﬁici
3320 5427 3522 5479 videtur
3547 5431 3842 5480 sacram;

2282 5523 2410 5577 tum,
2451 5514 2673 5566 conrerti
2701 5528 2802 5565 non
2824 5524 2971 5580 posse
2999 5513 3050 5565 in
3077 5531 3262 5584 corpus
3287 5526 3333 5569 et
3360 5516 3664 5586 sanguinem
3689 5515 3840 5571 Citri-

2284 5605 2369 5658 sti.
2403 5601 2556 5674 Quod
2600 5616 2722 5659 cum
2757 5599 2830 5656 illi
2860 5603 3264 5670 conﬁterentur,
3310 5620 3407 5662 nec
3445 5609 3522 5664 .ab
3560 5625 3623 5668 eo
3652 5623 3841 5670 errem
