4266 6188
437 223 570 299 imi

998 229 1149 304 0P2.
1189 229 1413 286 DUBLA.
1453 259 1524 274 --
1559 232 1646 288 DE
1680 231 1856 288 FIDE!
1896 229 2222 288 CONFESS.
2267 231 2650 290 MABILLONII
2689 233 3109 302 DlSQUlSlTlO.

3497 240 3632 297 1οη

428 317 661 414 aliistwe
680 341 920 400 revocari
946 342 1266 414 potuissent,
1298 342 1521 414 iubente
1560 359 1686 415 rege
1707 353 1859 400 extra
1886 360 1977 400 ιιι-ο
2006 345 2050 404 Α
2078 343 2266 402 chasio
2300 344 2499 404 diserte
2545 346 2832 417 impactum
2874 356 2960 405 est
3001 357 3128 404 ante
3161 348 3466 421 Berengarii
3504 365 3635 408 ceu-

425 437 549 494 bem
576 434 808 492 cremati
847 442 991 489 sunt.
1019 432 1118 489 llic
1160 433 1339 490 nullus
1381 449 1556 490 canon
1597 435 1868 491 uullumve
1888 435 1986 492 de-

424 533 632 581 cretum
653 524 928 579 conditum
956 521 1171 594 legitur,
1200 522 1293 579 sed
1323 531 1526 578 tantum
1545 538 1702 592 ptnna
1725 524 1992 583 haereticis

425 614 659 674 inﬂicta:
701 615 776 670 ob
816 629 937 671 eaut
981 611 1230 668 videlicet
1275 627 1492 668 causam
1540 612 1682 678 quod
1721 615 1990 668 communi

426 710 684 775 Ecclesiae
709 709 986 766 catholicae
1022 705 1330 778 przejudicio
1353 705 1689 776 proscriptus
1719 713 1862 760 esset
1893 719 1987 760 eo-

427 816 547 874 rum
576 818 751 865 error,
789 800 882 870 qui
906 801 1189 855 veritatem
1228 797 1470 867 corporis
1494 805 1550 851 et
1578 798 1851 870 sanguinis
1892 797 1991 853 Do-

430 892 564 951 mini
595 893 649 948 in
671 890 1009 946 Eucharistia
1040 897 1344 960 negassent,
1372 897 1532 958 atque
1571 887 1873 957 hujusmodi
1901 890 1994 946 ho-

425 985 604 1039 mines
629 983 698 1045 in,
723 982 1096 1037 hereticorum
1123 980 1349 1036 classem
1394 971 1687 1034 amandati.
1716 977 1831 1045 Qua
1869 993 1992 1048 per-

420 1072 682 1138 suasione
714 1073 967 1128 commoti
992 1071 1233 1143 praedicti
1275 1070 1535 1137 haeretici,
1567 1085 1807 1126 errorem
1835 1084 1991 1124 suum

430 1163 658 1235 publicis
710 1163 1057 1218 c0ucionibus
1113 1163 1450 1235 committere
1511 1177 1616 1217 non
1683 1160 1987 1216 audebant:

431 1253 528 1310 sed
559 1254 784 1309 occultis
823 1253 1083 1308 cuniculis
1127 1251 1444 1323 furtivisque
1472 1252 1750 1322 colloquiis
1774 1252 1828 1306 in
1856 1252 1992 1307 ﬁdos

431 1344 792 1415 prohatosque
829 1343 1178 1413 quorumdam
1219 1343 1434 1417 animos
1474 1358 1594 1398 eum
1637 1342 1988 1411 inspirabant.

433 1435 662 1491 Tantum
708 1434 849 1505 apud
876 1448 970 1489 eos
997 1433 1319 1503 przevalebat
1361 1432 1560 1489 erroris
1588 1432 1668 1486 sui
1694 1446 1990 1501 pueconce-

431 1537 524 1600 pta
552 1527 844 1582 damnatio.
961 1567 980 1596 κ

503 1619 683 1674 Mitius
709 1633 830 1674 cum
859 1617 978 1672 aliis
1017 1615 1256 1686 ejusdem
1293 1615 1482 1672 farinae
1528 1616 1833 1671 hominibus
1879 1616 1991 1688 egit

432 1720 650 1768 sanctus
676 1708 789 1766 Odo
817 1706 1220 1784 Cantuariensis
1246 1707 1526 1776 episcopus
1546 1707 1762 1761 circiter
1789 1722 1989 1762 annum

432 1801 556 1866 950,
586 1815 694 1872 quo
718 1807 955 1868 tempore
987 1815 1004 1848 ι
1049 1797 1264 1868 quidam
1301 1796 1504 1860 clerici,
1546 1796 1780 1867 maligno
1807 1810 1990 1851 errore

432 1892 664 1958 seducti,
692 1903 1001 1948 asseverare
1023 1886 1356 1944 conabantur
1381 1901 1569 1956 panem
1599 1894 1653 1942 et
1672 1887 1850 1940 vinum
1872 1900 1994 1954 qum

434 1981 490 2036 in
520 1962 679 2034 altari
725 1987 1016 2049 ponuntur,
1065 1985 1186 2049 post
1224 1966 1678 2032 consecrationem
1725 1978 1778 2032 in
1825 1977 1992 2048 priori

433 2071 729 2127 substantia
777 2084 1107 2140 permanere,
1148 2076 1200 2124 et
1226 2067 1449 2138 ﬁguram
1481 2051 1844 2123 tantummodo
1872 2082 1993 2122 esse

433 2162 676 2232 corporis
731 2169 787 2214 et
833 2158 1110 2228 sanguinis
1162 2158 1382 2224 Christi,
1430 2173 1533 2220 non
1575 2173 1758 2212 verum
1796 2156 1992 2212 Christi

389 2314 410 2334 θ
433 2265 632 2320 corpus
679 2259 734 2304 et
769 2249 1098 2320 sanguinem.
1148 2247 1384 2314 Quorum
1423 2264 1682 2302 enormem
1721 2246 1993 2317 perﬁdiam

432 2341 622 2394 beatus
646 2339 759 2396 O:lo
793 2339 1070 2394 destruere
1105 2338 1344 2406 cupiens,
1389 2339 1512 2393 dum
1548 2338 1781 2407 quadam
1811 2337 1896 2392 die
1940 2337 1994 2391 in

432 2439 719 2501 conspectu
740 2431 900 2485 totius
921 2429 1096 2498 pepuli
1120 2421 1481 2484 sacrosanctis
1495 2429 1779 2484 missarum
1801 2429 1996 2483 solem-

434 2524 540 2580 niis
565 2522 790 2579 devotus
831 2523 1151 2588 intenderet,
1181 2524 1449 2592 expressis
1473 2523 1724 2594 lacrymis
1749 2523 1843 2578 Dei
1882 2539 1998 2580 om-

432 2619 724 2690 nipotentis
763 2618 1100 2674 clementiam
1135 2619 1186 2675 in
1231 2635 1328 2674 suo
1374 2620 1666 2675 ministerio
1695 2618 1878 2674 adfore
1903 2634 1998 2687 po—

433 2709 670 2774 stulavit,
698 2723 818 2778 quin
845 2709 914 2763 ad
962 2708 1299 2778 depellendos
1329 2710 1601 2764 hominum
1646 2725 1845 2762 errores
1873 2708 1998 2762 sub-

434 2802 725 2857 stantivam
773 2799 1073 2854 divinorum
1115 2801 1491 2869 mysteriorum
1538 2797 1836 2852 declararet
1874 2812 1997 2866 pro-

432 2892 734 2962 prietatem.
773 2891 1013 2962 Camque
1055 2892 1120 2945 ad
1164 2889 1582 2946 contractionem
1614 2888 1809 2943 viviﬁci
1844 2887 1997 2957 panis

433 2998 649 3038 ventum
699 2981 913 3048 fuisset,
957 2981 1238 3038 confestim
1288 2983 1426 3038 inter
1475 2997 1663 3037 manus
1708 2982 1993 3052 pontiﬁcis,

437 3075 733 3146 fragmenta
779 3077 1022 3145 corporis
1061 3076 1257 3149 Christi
1290 3078 1536 3141 tenentis,
1575 3078 1786 3146 sanguis
1816 3085 1994 3147 gutta-

439 3167 533 3222 tim
559 3163 791 3218 delluere
837 3165 1018 3232 carpit.
1056 3184 1074 3215 ι
1109 3163 1270 3230 Cujus
1313 3165 1388 3218 rei
1419 3165 1846 3218 consideratione
1870 3179 1994 3233 per—

435 3257 572 3327 culsi
621 3272 825 3319 omnes,
869 3255 1030 3325 378
1085 3257 1488 3320 maximevero
1534 3256 1714 3310 clerici
1761 3258 1993 3318 sectarii,

436 3360 674 3416 errorem
721 3359 875 3398 suum
931 3344 1302 3397 incunctanter
1357 3343 1616 3412 ahjecere.
1652 3344 1765 3414 ipse
1819 3352 1996 3398 autem

437 3435 672 3504 pontifex
696 3451 815 3489 cum
853 3436 964 3490 suis
1005 3437 1056 3488 in
1097 3452 1284 3506 magna
1310 3438 1600 3506 gratiarum
1632 3437 1840 3492 actione
1866 3437 1999 3490 beti—

439 3527 566 3580 tiam
596 3525 722 3595 egit,
766 3544 784 3576 ι
818 3535 1099 3595 propterea
1130 3527 1270 3595 quod
1296 3529 1470 3581 omnis
1513 3542 1662 3580 error
1703 3526 1770 3580 de
1816 3526 1997 3581 Domi-

438 3618 556 3676 nico
577 3631 798 3684 corpore
833 3615 886 3668 in
908 3624 1123 3685 pectore
1153 3632 1368 3669 suorum
1392 3617 1620 3669 abolitus
1646 3616 1864 3678 fuisset,
1900 3630 2000 3669 nec

438 3707 573 3779 ultra
606 3722 797 3774 panem
843 3706 894 3759 in
926 3705 1077 3758 altari
1105 3705 1334 3774 positum
1362 3720 1545 3758 verum
1573 3704 1768 3759 Christi
1801 3718 1998 3773 corpus

437 3810 556 3851 esse
580 3793 893 3858 diuiderent,
940 3792 1029 3862 qui
1062 3806 1246 3846 verum
1283 3792 1593 3862 sanguinem
1627 3791 1748 3846 inde
1777 3805 1998 3846 manare

439 3886 864 3954 conspexissent.
902 3902 918 3934 ι
950 3883 1073 3938 Haec
1096 3883 1254 3938 verba
1278 3891 1401 3938 sunt
1425 3883 1866 3954 pervetustissimi
1903 3899 1998 3936 an—

438 3977 623 4039 ctoris,
653 3976 742 4046 qui
770 3975 1006 4033 libellum
1050 3975 1115 4028 dc
1161 3975 1327 4043 ipsius
1361 3973 1560 4029 Odonis
1602 3973 1717 4028 Vita
1762 3973 1996 4026 nondum

438 4084 466 4121 e
489 4069 635 4122 litum
664 4068 960 4136 composuit
985 4085 996 4118 ;
1025 4081 1181 4134 quem
1219 4067 1388 4118 locum
1416 4065 1733 4118 Willielmus
1755 4065 2002 4119 Malmes—

442 4159 704 4216 buriensis
763 4159 1056 4212 monachus
1115 4155 1431 4225 compendio
1486 4155 1685 4209 retulit.
1742 4155 1883 4223 Ergo
1931 4170 1999 4207 eo

443 4265 701 4322 tempore,
726 4251 776 4304 id
799 4258 880 4305 est
912 4250 1087 4305 medio
1112 4263 1233 4304 saec.
1259 4265 1312 4313 χ,
1341 4248 1564 4301 enormis
1591 4247 1807 4316 perﬁdia
1832 4264 2004 4300 error-

440 4362 537 4414 que
560 4343 892 4408 censebatur,
931 4342 976 4397 si
1019 4343 1138 4411 quis
1183 4342 1246 4438 de
1291 4339 1529 4409 corporis
1562 4337 1758 4393 Christi
1789 4338 1994 4392 Domini
2027 4377 2074 4438 υ

443 4434 494 4493 ln
521 4435 854 4490 Eucharistia
879 4434 1103 4491 veritate
1129 4431 1442 4486 dubitasset.

512 4532 715 4587 Saecqu
744 4534 1059 4602 praecedenti
1103 4532 1290 4587 eadem
1335 4530 1432 4584 fuit
1465 4529 1846 4584 catholicorum
1879 4541 1999 4582 sen-

441 4624 624 4686 tentia,
656 4622 746 4691 qui
793 4621 1069 4690 htureticos
1109 4621 1444 4690 appellabant
1499 4620 1756 4690 ejusmodi
1803 4619 2001 4672 erroris

440 4723 751 4770 sectatores.
785 4711 960 4765 Testis
992 4710 1251 4778 imprimis
1276 4711 1590 4764 Paschasius
1622 4710 1920 4765 Radbertus
1948 4710 2000 4762 in

442 4805 579 4858 libro
600 4803 667 4858 de
693 4802 1040 4857 Sacramento
1077 4801 1281 4862 altaris,
1308 4815 1424 4868 cap.
1458 4800 1519 4853 2i
1553 4818 1566 4853 :
1619 4819 1637 4850 s
1681 4799 1787 4856 Nos
1821 4809 2000 4854 autem

442 4893 706 4950 catholico
762 4881 979 4946 sensum
1028 4892 1191 4960 ipsius
1235 4889 1442 4944 Domini
1495 4890 1846 4958 requirentes,
1896 4905 2000 4945 non

442 4985 801 5042 hereticorum
851 4983 1052 5036 nenias
1100 4998 1416 5052 sequamur,
1459 4982 1550 5035 sed
1588 4979 1702 5046 ejus
1744 4981 1836 5049 qui
1876 4982 1952 5035 ait
1987 4999 1998 5035 :

442 5074 678 5144 Accipite
705 5081 760 5127 et
787 5070 1050 5126 comedite
1079 5085 1146 5124 ex
1173 5086 1237 5125 eo
1264 5087 1467 5125 omnes.
1500 5090 1516 5121 ι
1554 5072 1622 5125 At
1647 5076 1869 5122 novator
1887 5079 2006 5123 erat

444 5170 792 5230 Paschasius?
804 5169 913 5222 lmo
927 5179 1053 5221 vero
1066 5164 1182 5218 ﬁdei
1196 5166 1468 5220 catholica:
1482 5175 1738 5219 assertor:
1758 5173 1868 5218 tum
1879 5163 2002 5233 quia

445 5262 544 5316 hoc
563 5262 775 5316 nomine
791 5274 912 5314 eum
936 5270 1147 5325 semper
1162 5255 1444 5309 honoravit
1458 5255 1716 5309 catholica
1734 5253 1970 5308 Ecclesia
1989 5271 2003 5318 ;

445 5357 556 5406 tum
579 5349 703 5417 quia
721 5346 1012 5402 nonsoient
1036 5352 1422 5399 novatoreseos
1442 5344 1533 5411 qui
1563 5359 1592 5395 a
1609 5357 1667 5396 se
1688 5341 2006 5398 dissentiunt

444 5440 721 5493 luereticos
740 5439 1026 5506 appellare,
1047 5437 1138 5491 sed
1161 5435 1350 5506 priscas
1373 5433 1491 5489 ﬁdei
1513 5444 1869 5504 corruptores.
1902 5433 2003 5487 Ve-

446 5543 562 5581 rum
584 5528 671 5582 hic
700 5540 806 5580 non
830 5526 1036 5593 agimus
1057 5527 1123 5580 de
1149 5541 1208 5580 re
1229 5527 1362 5594 ipsa,
1393 5525 1485 5581 sed
1498 5526 1564 5579 de
1591 5523 1802 5577 nomine
1827 5523 1997 5576 haere-

450 5617 574 5681 tico,
607 5617 748 5689 quod
771 5615 1141 5672 cucharistiea:
1171 5614 1413 5672 veritatis
1432 5611 1998 5671 inﬁciatoribusai’as-

2087 453 2288 492 suram.

2155 527 2288 584 Cum
2323 515 2610 586 Paschasio
2649 531 2916 587 consentit
2953 530 3271 598 Bincmarus
3311 531 3636 590 Rhemorum

2085 619 2515 689 archiepiscopus
2543 621 2596 675 in
2638 620 2831 690 prioris
2878 621 3116 692 opusculi
3161 621 3226 676 de
3281 620 3636 676 Praedestina-

2086 709 2230 764 tione
2261 700 2394 778 cap.
2419 709 2509 774 5i,
2531 709 2621 763 tibi
2645 711 2880 780 loquitur
2905 711 2958 765 in
2989 711 3129 766 hunc
3156 711 3372 766 modum
3397 729 3409 764 :
3453 728 3472 762 ο
3501 709 3639 767 Sunt

2085 808 2140 854 et
2164 798 2268 854 alia
2299 813 2417 869 qua:
2437 815 2625 855 vocum
2648 801 2973 856 novitatibus
2996 800 3336 866 delectantes,
3371 787 3508 856 unde
3535 799 3639 856 sibi

2086 889 2272 944 inanes
2291 898 2601 957 comparent
2635 890 2984 956 rumusculos,
3011 898 3198 946 contra
3224 890 3344 946 ﬁdei
3365 889 3640 946 catholicas

2087 979 2368 1035 veritatem
2406 979 2607 1045 dicunt,
2647 981 2930 1036 videlicet:
2962 980 3103 1051 quod
3133 981 3271 1035 trina
3311 982 3381 1038 sit
3418 981 3636 1036 Deitas:

2087 1071 2228 1140 quod
2271 1079 2601 1128 sacramenta
2641 1071 2828 1126 altaris
2866 1088 2973 1127 non
3007 1088 3194 1128 verum
3233 1088 3428 1142 corpus
3468 1080 3524 1126 et
3543 1086 3639 1126 ve-
3687 1095 3696 1102 -

2059 1177 2181 1217 ~rus
2203 1163 2430 1232 sanguis
2458 1163 2527 1218 sit
2575 1161 2807 1227 Domini,
2846 1162 2940 1235 sed
2985 1170 3190 1218 tantum
3237 1161 3494 1218 memoria
3528 1159 3642 1215 veri

2086 1251 2327 1321 corporis
2357 1259 2412 1307 et
2445 1253 2718 1323 sanguinis
2752 1252 2887 1322 ejus.
2926 1272 2944 1304 ι
2981 1252 3162 1321 Itaque
3201 1237 3447 1306 censebat
3480 1251 3643 1306 Hinc-

2091 1359 2270 1398 murus
2291 1342 2590 1413 hujusmodi
2629 1342 2873 1397 homines
2901 1357 3137 1412 pugnare
3171 1350 3351 1395 contra
3386 1339 3509 1409 ﬁdei
3553 1355 3644 1393 ca-

2086 1432 2290 1488 tholictz
2321 1433 2607 1497 ueritatem,
2644 1447 2708 1486 ac
2735 1432 2957 1501 proinde
2981 1432 3259 1486 haereticos
3293 1445 3436 1485 esse.

2157 1522 2524 1579 Eumdemmet
2551 1537 2788 1577 errorem
2819 1521 2898 1593 (ut
2930 1522 2982 1576 id
3011 1523 3184 1576 obiter
3215 1514 3516 1588 observem)
3546 1533 3644 1574 uo-

2091 1623 2232 1669 tassc
2270 1612 2398 1676 mihi
2438 1611 2646 1666 videtur
2671 1613 2984 1667 Anastasius
3025 1610 3646 1684 Bibliothecarius,pcum

2093 1707 2168 1760 ait
2201 1704 2471 1758 Nicolaum
2501 1719 2690 1774 papam
2718 1704 2948 1772 primum
2973 1703 3163 1758 fecisse
3192 1703 3246 1756 in
3274 1702 3506 1757 basilica.
3531 1699 3650 1756 Sal.

2092 1796 2311 1858 vatoris,
2338 1810 2456 1864 qua:
2485 1793 2741 1849 Cmsarzea
2770 1791 2931 1858 dicta,
2978 1806 3167 1847 cruces
3202 1791 3270 1846 de
3300 1799 3522 1874 argentp
3551 1805 3651 1860 pu-

2093 1887 2333 1952 rissimo,
2390 1904 2408 1937 σ
2451 1902 2569 1955 quae
2606 1885 2840 1955 pendent
2889 1893 3011 1940 ante
3056 1883 3315 1954 ﬁguram,
3363 1883 3476 1936 sive
3501 1881 3650 1953 ;(uti

2091 1981 2232 2048 apud
2263 1977 2546 2032 Baronium
2575 1977 2643 2031 ad
2679 1991 2876 2031 annum
2908 1974 3013 2031 858
3054 1973 3269 2045 legitur)
3314 1983 3438 2028 ante
3469 1973 3654 2044 sacra-

3716 1753 3741 1798 ll

2092 2081 2328 2126 mentum
2374 2071 2685 2149 substantia
2720 2071 2897 2126 camis
2941 2071 3178 2142 ejusdem
3225 2069 3440 2126 Domini
3479 2069 3653 2128 nostri
3730 2087 3740 2098 '

2092 2169 2217 2225 Jesu
2239 2169 2456 2224 Christi.
2493 2189 2510 2220 ι
2549 2167 2712 2235 Quasi
2737 2168 2956 2233 diceret,
2993 2174 3118 2222 ante
3149 2165 3374 2237 ﬁguram
3397 2167 3652 2234 substan-

2093 2261 2274 2316 tialein
2314 2259 2489 2315 carnis
2531 2259 2740 2313 Domini
2776 2259 2944 2314 nostri
2994 2257 3121 2314 Jesu
3162 2257 3380 2321 Christi,
3423 2241 3548 2325 eum
3585 2257 3655 2313 ad

2095 2350 2309 2406 modum
2333 2365 2440 2420 quo
2465 2349 2709 2404 Christus
2736 2349 2790 2404 in
2824 2349 3047 2418 epistola
3072 2349 3140 2405 ad
3167 2349 3330 2404 Hebr.
3361 2349 3558 2405 dicitur
3592 2347 3657 2402 ﬁ-

2095 2459 2226 2515 gnra
2253 2443 2560 2498 substantiae
2583 2442 2759 2498 Patris
2792 2461 2805 2497 :
2844 2442 2912 2497 ad
2941 2457 3100 2512 quem
3141 2442 3314 2498 locum
3340 2424 3658 2498 Anastasius

2098 2535 2184 2588 hic
2211 2534 2452 2588 allusisse
2480 2533 2706 2588 videtur.
2748 2532 2804 2586 Si
2833 2547 2962 2589 vero
3004 2529 3216 2587 Baronii
3257 2532 3535 2588 lectionem
3573 2547 3660 2591 se-

2097 2640 2281 2694 quare,
2307 2623 2432 2687 alia,
2459 2637 2616 2692 quam
2651 2620 3030 2692 prasterendam
3053 2623 3322 2686 existimo,
3354 2623 3657 2685 inconsulta

2097 2731 2200 2769 non
2244 2713 2419 2768 minus
2459 2711 2733 2766 catholica:
2758 2709 2879 2765 ﬁdei
2915 2709 3077 2765 favet.
3110 2709 3218 2764 Cur
3254 2709 3415 2773 enim,
3448 2715 3655 2778 quieto,

2096 2805 2299 2860 addidit
2343 2803 2644 2858 substantia!
2692 2816 2896 2865 vocem,
2938 2800 3040 2854 nisi
3089 2807 3147 2854 ut
3201 2813 3319 2852 eam
3361 2805 3658 2868 opponeret

2098 2895 2281 2966 ﬁguras
2308 2893 2582 2957 vocabulo,
2619 2907 2724 2962 quo
2765 2890 2999 2946 haeretici
3034 2899 3159 2944 tunc
3191 2890 3444 2960 temporis
3471 2889 3656 2942 abute-

2099 2987 2323 3043 bantur?
2353 2985 2612 3040 Nimirum
2636 2986 2750 3040 hmc
2772 2983 2929 3037 verba
2953 2991 3330 3040 sacramentum
3355 2981 3653 3036 substantia.-

2099 3079 2267 3132 carnis
2295 3075 2503 3139 Christi,
2531 3083 2869 3146 opponuntur
2891 3074 3006 3128 istis
3031 3092 3041 3125 :
3072 3082 3448 3126 sacramentum
3473 3073 3656 3142 ﬁgura!

2098 3167 2268 3220 carnis
2309 3163 2536 3228 Christi;
2576 3161 3008 3231 tantumdemque
3037 3170 3246 3225 sonant,
3276 3176 3338 3215 ac
3363 3161 3407 3215 si
3435 3159 3655 3215 dixisset

2097 3255 2426 3318 Anastasius,
2464 3262 2844 3307 sacramentum
2886 3251 3146 3305 continens
3170 3251 3509 3303 substantiam
3535 3266 3652 3302 cor--

2101 3347 2176 3398 uis
2220 3344 2440 3408 Christi,
2493 3361 2595 3397 non
2643 3342 2891 3414 ﬁguram.
2938 3341 3083 3395 Alias
3121 3341 3298 3396 inanis
3335 3351 3387 3396 et
3427 3341 3653 3396 absurda

2099 3447 2239 3493 esset
2263 3437 2520 3506 ejusmodi
2554 3436 2927 3492 vocabulorum
2963 3434 3269 3506 geminatio.

2169 3533 2244 3586 Ex
2280 3533 2363 3586 his
2388 3531 2633 3586 omnibus
2659 3528 2858 3598 liquido
2897 3527 3176 3582 conﬁcitur
3208 3535 3459 3603 [tempore
3497 3523 3652 3578 Hinc-

2100 3623 2234 3676 mari
2264 3637 2326 3675 ac
2353 3619 2622 3674 Paschasii
2640 3616 2912 3682 Radberti,
2931 3616 2984 3670 id
3005 3623 3086 3670 est
3107 3614 3265 3683 paulo
3289 3604 3408 3683 post
3424 3623 3649 3667 mortem

2104 3710 2332 3774 Alcuini,
2363 3708 2642 3764 haereticos
2677 3707 2860 3762 dictos
2889 3703 3053 3760 fuisse
3087 3719 3180 3759 eos
3222 3704 3309 3773 qui
3335 3703 3400 3758 de
3432 3701 3657 3762 veritate

2099 3801 2335 3871 corporis
2385 3799 2581 3854 Christi
2643 3797 2695 3852 in
2751 3796 3086 3852 Eucharistia
3154 3795 3525 3850 dubitassem:
3593 3808 3655 3847 ac

2098 3892 2318 3962 proinde
2343 3891 2610 3946 immerito
2636 3888 2890 3945 Joannem
2923 3889 3176 3945 Dallaaum
3198 3889 3421 3944 Alcuino
3453 3883 3658 3955 adjudia
3747 3897 3752 3905 '

2099 4001 2224 4042 care
2272 3985 2672 4042 Confessionem
2716 3983 3103 4040 Chil'lletianam
3152 3998 3215 4039 ea
3269 3984 3471 4040 ratione
3515 3981 3657 4050 quod

2098 4081 2339 4132 Inrretico
2358 4079 2545 4149 spiritu
2566 4078 2798 4148 deceptos
2821 4073 3119 4144 hujusmodi
3145 4074 3387 4130 homines
3408 4070 3653 4142 appellet.

2167 4166 2371 4234 Duplici
2405 4181 2531 4219 vero
2563 4179 2628 4219 ex
2657 4179 2816 4217 causa
2860 4177 2952 4218 eos
2986 4162 3053 4216 ab
3095 4161 3330 4230 antiquis
3372 4159 3654 4214 haereticos

2099 4256 2268 4308 dictos
2305 4254 2572 4317 existimo,
2611 4253 2863 4308 nimirum
2914 4251 3055 4323 quod
3105 4266 3168 4313 eo
3209 4250 3423 4306 nomine
3472 4249 3660 4318 dignos

2098 4346 2421 4398 aestimarent
2446 4358 2538 4397 eos
2563 4343 2652 4411 qui
2683 4357 2710 4396 a
2738 4350 2949 4410 recepta
2972 4338 3352 4396 catholicorum
3375 4338 3478 4394 ﬁde
3509 4351 3659 4392 rece—

2100 4437 2303 4498 derent,
2327 4443 2381 4488 et
2403 4433 2544 4502 quod
2567 4433 2907 4501 antiquorum
2929 4432 3146 4486 Patrum
3172 4429 3398 4486 decretis
3424 4429 3658 4484 damnati

2101 4522 2465 4576 crederentur.
2509 4520 2725 4576 Scilicet
2751 4522 2864 4577 haec
2903 4519 3000 4576 fuit
3029 4527 3266 4575 veterum
3310 4516 3660 4600 quorumdam

2101 4612 2486 4667 catholicorum
2508 4603 2804 4681 persuasio,
2833 4611 2886 4665 in
2909 4610 3135 4666 concilio
3156 4609 3421 4679 Ephesino
3441 4605 3519 4676 (η)
3540 4619 3660 4660 sau-

2101 4704 2262 4759 citam
2316 4703 2479 4758 fuisse
2509 4705 2576 4757 de
2633 4701 2965 4756 Encharistia
3008 4699 3163 4753 ﬁdem
3209 4706 3467 4760 nostram,
3502 4704 3660 4764 atque

2087 4797 2230 4851 diris
2259 4796 2495 4850 addictos
2535 4793 2625 4861 qui
2670 4791 2998 4846 contrarium
3031 4789 3218 4860 dogma
3271 4787 3437 4842 secuti
3461 4793 3658 4840 essent.

2102 4888 2156 4942 ln
2189 4887 2289 4943 hac
2326 4885 2585 4942 sententia
2632 4881 2730 4936 fuit
2777 4880 3125 4946 Lanfrancus,
3159 4889 3216 4934 ut
3261 4887 3405 4952 patet
3437 4894 3501 4934 ex
3533 4878 3658 4933 Dia-

2103 4980 2222 5049 logo
2247 4970 2501 5032 adversus
2531 4971 2906 5043 Berengarium
2946 4971 3109 5036 edito,
3138 4970 3224 5024 ubi
3249 4965 3398 5025 notat
3433 4969 3662 5024 hrcreses

2104 5069 2236 5124 duas
2265 5065 2497 5135 antiquis
2522 5062 2850 5132 temporibus
2884 5069 3032 5114 crtas
3075 5056 3257 5124 fuisse,
3299 5057 3547 5113 omnibus
3577 5063 3653 5110 ta-

2105 5175 2223 5214 men
2289 5167 2398 5212 tum
2451 5153 2946 5216 consentientibus,
3016 5170 3033 5202 ι
3089 5151 3230 5221 quod
3275 5150 3427 5222 panis
3478 5156 3532 5201 et
3585 5145 3636 5201 vi

2114 5264 2235 5304 num
2267 5247 2319 5299 in
2352 5260 2532 5299 veram
2568 5244 2660 5298 ﬁlii
2697 5243 2926 5298 hominis
2970 5257 3207 5304 carnem,
3234 5252 3519 5308 verumque
3544 5237 3660 5306 ejus

2111 5337 2416 5408 sanguinem
2472 5340 2943 5397 converterentur;
2999 5353 3016 5384 ι
3071 5330 3164 5386 sed
3218 5330 3336 5398 quis
3386 5333 3526 5381 esset
3575 5323 3664 5380 ille

2111 5431 2248 5484 ﬁlius
2285 5427 2534 5490 hominis,
2559 5427 2677 5481 aliis
2708 5427 2759 5480 in
2794 5424 2931 5479 alios
2968 5419 3344 5492 pugnantibus.
3382 5435 3401 5468 ‹
3434 5416 3663 5482 Quidam

2105 5522 2266 5582 enim,
2317 5519 2505 5588 inquit,
2542 5517 2782 5572 arbitrati
2817 5524 2942 5570 sunt
2991 5515 3129 5566 hunc
3159 5519 3403 5580 oportere
3441 5504 3664 5578 intelligi

2107 5610 2390 5688 quemlibet
2422 5609 2706 5662 hominem.
2758 5607 2869 5659 sive
2903 5602 3103 5670 justum
3150 5602 3261 5657 sive
3301 5608 3667 5673 peccatoreni;
