4266 6210
497 3890 503 3896 ’
597 3893 838 3952 monium
901 3891 1167 3958 adducit,

565 258 702 314 1019

1341 252 1401 306 n.
1442 249 1502 305 ι’.
1539 249 1762 305 unum
1801 247 1930 305 seu
1969 245 2243 304 ALCUINI
2280 244 2568 304 omnum
2601 203 2784 302 rans
2819 241 2950 300 Vill.

3654 239 3789 295 που

563 367 667 422 Alii
688 379 792 419 non
820 377 962 417 nunc
986 376 1106 416 esse
1133 361 1197 417 de
1222 362 1377 415 turba
1398 360 1690 430 quemlibet
1714 360 2007 423 hominem,
2029 358 2125 412 sed
2149 361 2200 416 Δ
2227 358 2542 423 senionem,
2569 365 2755 413 contra
2792 355 3053 424 majorum
3089 354 3454 421 traditionem,
3485 369 3549 410 ac
3573 353 3787 410 demum

563 458 739 511 virum
773 451 996 522 justum,
1029 447 1441 515 sanctiﬁcatum,
1482 465 1512 503 a
1548 449 1816 503 communi
1853 447 2126 502 hominum

566 547 674 600 vita
712 558 807 612 per
846 556 957 596 suae
998 542 1120 594 vitae
1141 540 1509 595 celsitudinem
1546 545 1900 608 segregatum.
1935 555 1954 588 ι
1991 535 2129 590 Τιιιιι

565 633 746 689 subdit
769 630 1100 686 Lanfrancus
1121 631 1398 685 damnatas
1425 629 1476 682 in
1499 643 1563 682 ea
1589 628 1790 698 synodo
1822 645 1840 676 ‹
1874 635 2130 695 utrasque

552 718 666 780 'bas
699 723 925 780 letbales
961 732 1158 793 pestes,
1195 741 1214 773 ι
1255 707 1632 788 decretumque
1661 718 1906 773 Nestorio
1933 717 1985 770 in
2017 718 2132 772 haec

565 813 729 867 verba
773 812 1186 866 transmissum:
1240 829 1258 861 ι
1307 809 1388 864 Ad
1439 809 1837 863 benedictiones
1877 808 2133 878 mysticus

567 903 870 958 accedimus
899 909 955 955 et
985 899 1401 964 sanctificamur,
1431 899 1717 968 participes
1745 897 1914 961 sancti
1940 912 2132 967 corpo-

569 993 647 1046 ris
683 1000 736 1046 et
782 991 1004 1062 pretiosi
1059 989 1335 1058 sanguinis
1378 989 1573 1044 Christi
1621 989 1857 1043 omnium
1892 995 2133 1042 nostrum

530 1089 542 1097 ‘
570 1083 946 1151 Redemptoris
990 1079 1166 1135 etl'ecti
1205 1099 1217 1133 :
1270 1096 1374 1134 non
1427 1088 1486 1134 ut
1529 1094 1867 1134 communem
1917 1094 2133 1134 carnem

567 1173 945 1243 percipientes,
973 1171 1115 1241 quod
1151 1171 1312 1236 absit,
1344 1187 1442 1226 nec
1470 1179 1528 1224 ut
1558 1163 1680 1224 viri'
1701 1161 2041 1236 sanctiﬁcati,
2081 1179 2137 1225 et
2163 1210 2171 1218 .

480 1267 485 1274 '
571 1263 735 1317 verbo
785 1261 1054 1329 conjuncti
1099 1263 1401 1316 secundum
1422 1261 1693 1331 dignitatis
1722 1261 2001 1327 unitatem,
2045 1269 2139 1315 aut

570 1355 709 1409 sicut
745 1354 979 1408 divinam
1027 1353 1348 1422 possidentis
1387 1351 1813 1406 habitationem:
1871 1353 1964 1408 sed
2011 1367 2137 1406 vere

573 1442 992 1505 viviﬁcatrieem,
1040 1450 1099 1496 et
1139 1441 1306 1510 ipsius
1340 1441 1498 1496 Verbi
1543 1442 1813 1510 propriam
1857 1440 2075 1496 factam.
2113 1462 2132 1495 ›

574 1533 709 1588 Tum
735 1534 881 1587 addit
919 1532 1253 1588 Lanfraneus
1285 1533 1494 1589 concilii
1521 1549 1778 1588 canonem
1826 1534 1892 1589 iis
1916 1535 2139 1589 anathe-

2224 457 2414 504 contra
2450 459 2721 519 receptam
2747 449 2829 502 sui
2860 448 3113 517 temporis
3137 446 3299 502 ﬁdem
3339 444 3582 516 corporis
3607 444 3791 500 Domi-

2225 538 2333 593 nici
2380 553 2564 593 veram
2612 538 2667 592 in
2718 537 3050 591 Eucharistia
3100 536 3439 608 pmentiam
3495 534 3795 606 negarent?

2227 626 2386 683 Certe
2414 628 2504 697 qui
2548 628 2808 682 adversus
2850 625 3128 681 Claudium
3167 625 3554 680 Taurinensem
3580 625 3793 694 episco-

2229 734 2354 788 pum
2380 719 2446 774 de
2471 718 2614 774 cultu
2639 732 2916 772 sacrarum
2939 717 3225 786 imaginum
3247 715 3513 784 scripsere
3537 715 3665 769 noni
3694 729 3797 770 88-

2229 806 2335 862 culi
2365 815 2613 861 auctores
2655 805 2952 869 Gallicani,
2988 820 3110 859 eum
3150 805 3388 859 haeretici
3433 803 3648 857 nomine
3683 801 3799 857 am-

2232 898 2398 962 ciunt,
2414 897 2660 967 quamvis
2679 899 2820 950 hunc
2835 896 3034 951 cultum
3060 896 3201 949 nulla
3218 896 3453 965 synodus
3467 909 3531 949 eo
3557 904 3800 964 tempore

2233 989 2533 1044 statuisset.
2585 987 2719 1042 Nam
2747 989 2889 1056 quod
2919 988 3021 1043 hac
3048 986 3115 1041 de
3146 1001 3203 1040 re
3227 985 3468 1041 habitum
3494 992 3579 1039 est
3617 985 3801 1040 conci-

2233 1081 2362 1134 lium
2393 1079 2666 1134 Nicaanum
2703 1095 2764 1142 ιι,
2804 1078 2965 1133 veluti
3015 1076 3298 1147 profanum
3345 1085 3454 1131 tum
3485 1075 3804 1146 repudiabat

2234 1169 2511 1225 Gallicana
2537 1169 2797 1224 Ecclesia.
2837 1167 2928 1224 Sic
2953 1169 3272 1222 Batramnus
3291 1181 3385 1222 eos
3408 1167 3497 1235 qui
3525 1166 3800 1220 Christum

2235 1261 2519 1316 Dominum
2547 1253 2821 1316 communi
2843 1259 2928 1314 via
2957 1275 3022 1314 ex
3040 1258 3365 1314 beatissima
3391 1256 3624 1327 Virginis
3648 1265 3803 1312 utero

2236 1353 2499 1422 prodiisse
2549 1350 2840 1421 negabant,
2891 1357 2952 1404 ut
2994 1365 3140 1402 ηουω
3164 1357 3213 1401 et
3248 1348 3500 1401 inaudita:
3549 1347 3802 1400 hmreseos

2238 1452 2488 1500 auctores
2515 1458 2622 1497 non
2648 1441 2814 1498 semel
2843 1441 3109 1512 suggillat,
3141 1439 3286 1495 nullo
3321 1438 3644 1508 suffragante
3672 1454 3802 1494 con-

2240 1539 2484 1594 ciliorum
2503 1538 2740 1603 decreto,
2760 1544 3041 1608 propterea
3064 1537 3204 1605 quod
3229 1535 3662 1590 adversariorum
3681 1548 3808 1587 sen—

575 1641 660 1680 ma
689 1626 914 1680 dicentis
937 1625 1028 1694 qui
1066 1640 1221 1680 secus
1243 1626 1523 1680 sentirent.
1573 1625 1651 1679 Ex
1701 1626 1895 1695 quibus
1938 1626 2136 1680 nemini
2171 1695 2208 1700 _
2243 1631 2465 1685 tentiam
2490 1645 2522 1683 ιι
2551 1629 2842 1700 Scriptum
2889 1643 3059 1684 sacrae
3113 1636 3166 1682 et
3196 1626 3417 1681 Patrum
3483 1625 3805 1680 auctoritate

575 1716 793 1770 dubium
823 1732 942 1771 esse
968 1716 1124 1778 debet
1159 1702 1516 1772 La'nfrancum
1555 1719 1608 1771 in
1638 1733 1703 1772 ea
1728 1717 1892 1773 fuisse
1927 1733 2143 1787 persua-
2170 1695 2219 1756 Β
2244 1723 2526 1779 deﬂectere
2573 1695 2944 1778 arbitraretur.
2993 1719 3186 1787 Quidni
3215 1718 3410 1790 potiori
3451 1716 3568 1787 jure
3592 1714 3808 1771 haereti-

579 1807 750 1870 sione,
793 1805 1088 1875 Ephesinos
1137 1805 1324 1861 Patres
1354 1806 1418 1861 de
1455 1806 1803 1861 Eucharistite
1829 1805 1932 1862 ﬁde
1961 1807 2148 1861 adver-

577 1910 671 1950 sus
702 1894 1026 1949 Novatianos
1067 1895 1350 1958 statuisse,
1396 1910 1594 1964 eosque
1633 1911 1731 1965 pro
1759 1895 2025 1951 haereticis
2048 1895 2150 1950 ba-

575 1981 758 2038 buisse
799 1983 891 2051 qui
939 1983 1008 2037 ab
1052 1997 1117 2037 ea
1161 1982 1468 2037 definitione
1520 1985 1848 2038 recederent.
1891 1983 1990 2039 Hic
2031 1981 2146 2052 jam

579 2085 687 2126 non
714 2071 925 2140 inquiro
962 2085 1028 2124 an
1060 2070 1638 2136 Lanfrancus_concilii
1677 2086 1893 2126 sensum
1939 2086 2152 2126 assecu-

581 2169 668 2216 tus
694 2161 783 2215 sit.
818 2160 975 2215 Certe
1007 2159 1260 2230 Ephesini
1298 2161 1483 2214 Patres
1519 2160 1619 2214 hoc
1648 2159 1765 2215 loco
1795 2175 1973 2215 veram
1995 2159 2150 2215 Chri-

581 2250 648 2305 sti
702 2248 945 2317 corporis
997 2248 1052 2302 in
1122 2248 1460 2303 Eucharistia
1511 2248 1889 2318 praesentiam,
1943 2249 1988 2304 si
2041 2265 2148 2304 non

583 2338 864 2403 definiunt,
908 2340 1094 2394 saltem
1138 2339 1418 2396 manifeste
1449 2347 1770 2412 supponunt.
1803 2342 1874 2396 At
1899 2343 2150 2410 permitto

582 2425 942 2484 Lanfrancum
994 2429 1045 2482 in
1091 2430 1406 2500 explicando
1454 2431 1667 2485 concilii
1711 2432 1925 2486 decreto
1956 2431 2148 2485 falsum

582 2531 723 2582 esse,
763 2518 918 2588 eique
952 2518 1073 2588 plus
1117 2535 1276 2589 quam
1306 2520 1468 2574 verba
1497 2518 1844 2588 prmseferant
1874 2520 2144 2574 tribuisse.

584 2605 684 2663 llic
714 2614 916 2660 tantum
944 2608 1185 2675 expende
1210 2608 1334 2677 quid
1367 2609 1596 2663 senserit
1623 2608 1688 2661 de
1717 2617 1893 2664 mente
1919 2608 2148 2674 concilii,

584 2692 737 2762 cujus
777 2695 992 2750 decreto
1024 2697 1577 2777 Sacramentariorum
1618 2711 1856 2752 errorem
1897 2698 2012 2752 sine
2054 2698 2153 2752 du-

585 2787 675 2842 bio
700 2789 1005 2842 damnatum
1039 2788 1202 2844 fuisse
1228 2805 1541 2860 persuasum
1571 2789 1774 2845 habuit.

655 2899 818 2969 Atqui
850 2901 900 2954 in
931 2902 1114 2955 eadem
1155 2903 1318 2955 etiam
1354 2902 1700 2971 persuasione
1730 2901 1830 2956 fuit
1868 2901 2155 2971 Herigerus

587 2987 905 3043 Laubiensis
928 2989 1094 3050 abbas
1119 2991 1172 3045 in
1201 2990 1378 3046 libello
1418 2991 1482 3045 de
1511 2991 1865 3058 Eucharistia,
1907 2993 1997 3061 qui
2042 2993 2156 3048 sine

589 3079 828 3136 auctoris
867 3080 1080 3135 nomine
1115 3095 1144 3132 a
1173 3079 1396 3134 Cellotio
1424 3080 1599 3135 editus
1627 3089 1709 3136 est
1755 3081 1808 3134 in
1851 3081 2157 3151 Appendice

593 3168 662 3223 ad
725 3169 1004 3224 bistoriam
1049 3169 1404 3225 Gothescalci.
1459 3168 1620 3238 Cujus
1668 3170 1830 3240 libelli
1884 3179 2157 3226 auctorem

590 3275 712 3317 esse
769 3261 1082 3331 Herigerum
1130 3261 1376 3316 abbatem
1442 3259 1816 3326 Laubiensem,
1870 3261 1962 3331 qui
2013 3277 2157 3316 anno

593 3348 731 3407 1007
773 3357 1016 3404 mortuus
1067 3358 1173 3414 est,
1218 3351 1382 3404 certis
1417 3350 1579 3420 379
1628 3349 1761 3404 alias
1804 3350 2161 3416 documentis,

595 3439 705 3496 Deo
732 3439 909 3502 dante,
939 3439 1335 3494 demonstrabo.
1367 3440 1415 3494 is
1439 3439 1652 3509 quippe,
1677 3441 1818 3495 inter
1841 3450 2161 3508 argumenta

593 3546 712 3600 qum
739 3529 952 3584 adducit
977 3529 1042 3583 ad
1068 3529 1394 3598 probandam
1417 3529 1772 3584 Eucliaristite
1797 3528 1975 3595 ﬁdem,
1998 3531 2161 3584 etiam

594 3622 739 3679 hunc
760 3623 932 3678 locum
962 3638 992 3676 a
1024 3621 1325 3677 Lanfranco
1348 3623 1571 3676 relatum
1596 3620 1799 3691 profert
1829 3637 1894 3676 ex
1935 3623 2162 3678 concilio

597 3713 862 3783 Ephesino
887 3713 986 3768 sub
1014 3711 1195 3782 Cyrilli
1242 3713 1478 3777 nomine,
1512 3713 1761 3767 nimirum
1793 3711 2158 3790 Alexandrini,

596 3801 748 3870 cujus
779 3803 1000 3872 epistola
1025 3803 1091 3857 ad
1119 3803 1442 3866 Nestorium,
1474 3819 1540 3857 ex
1571 3818 1674 3872 qua
1699 3791 1986 3873 Herige‘rus
2012 3803 2163 3857 testi-

1243 3895 1383 3948 inter
1444 3902 1562 3949 acta
1631 3894 1842 3948 concilii
1908 3893 2161 3961 Ephesiui

598 3982 766 4038 relata
813 3988 912 4036 est.
968 3981 1107 4047 Quid
1154 3982 1198 4037 si
1243 3981 1586 4037 Chitlletianaa
1630 3981 1998 4036 Confessionis
2030 3981 2164 4035 scri-

2241 1828 2335 1868 cos
2363 1811 2696 1868 Chiilletiana
2717 1809 2997 1867 Confessio
3023 1809 3218 1864 dixerit
3255 1823 3368 1872 eos,
3396 1807 3486 1876 qui
3507 1807 3575 1861 ab
3597 1805 3806 1861 Eucha-

2244 1905 2408 1960 ristize
2433 1911 2579 1958 recta
2607 1901 2711 1957 ﬁde
2740 1901 3105 1965 recessissent,
3141 1898 3469 1955 reclamante
3502 1912 3607 1952 non
3633 1895 3806 1951 solum

2244 2009 2399 2050 sacra
2451 1991 2730 2062 Scriptura
2775 1998 2832 2045 et
2859 1990 3079 2045 Patrum
3128 1987 3460 2052 Traditione,
3511 1987 3606 2043 sed
3641 1983 3809 2041 etiam

2246 2082 2512 2138 communi
2561 2081 2947 2137 catholicorum
2998 2078 3304 2134 consenqu
3356 2077 3538 2143 Adde,
3603 2078 3656 2132 in
3703 2076 3808 2130 ista

2245 2171 2590 2228 Coafessione
2615 2169 2916 2240 huiusmodi
2945 2170 3191 2224 homines
3228 2185 3337 2224 non
3362 2169 3467 2223 dici
3509 2167 3806 2229 haereticos,

2247 2265 2340 2320 sed
2370 2273 2578 2319 tantum
2605 2264 2847 2318 haeretica
2865 2261 3069 2334 spiritu,
3103 2261 3154 2317 id
3178 2270 3283 2325 est,
3315 2260 3514 2316 diaboli
3534 2261 3813 2315 haereseon

2247 2356 2496 2412 Auctoris
2520 2357 2770 2412 instinctu
2792 2355 3046 2425 deceptos.
3077 2352 3194 2421 Quo
3218 2352 3431 2407 nomine
3460 2361 3649 2407 notare
3668 2351 3814 2407 vide-

2250 2456 2358 2511 tur,
2389 2462 2494 2501 non
2521 2448 2736 2517 quidem
2761 2446 3041 2503 haereticos
3078 2443 3234 2508 ullos,
3259 2443 3349 2514 qui
3393 2458 3632 2498 errorem
3657 2455 3816 2498 suum

2253 2536 2305 2589 in
2339 2535 2526 2606 vulgus
2549 2543 2882 2607 spargerent,
2922 2534 3014 2589 sed
3041 2533 3324 2589 nonnullos
3367 2532 3542 2588 dubia:
3563 2531 3688 2586 ﬁdei
3723 2547 3814 2586 ca-

2255 2627 2490 2687 tholicos,
2529 2628 2641 2696 qui,
2689 2627 2936 2686 humanis
2972 2624 3288 2680 ratiuncnlis
3325 2631 3380 2679 et
3407 2623 3652 2678 sensibus
3694 2621 3820 2693 plus

2255 2735 2411 2788 aequo
2439 2719 2657 2783 addicti,
2703 2719 2768 2772 de
2810 2718 2911 2772 hoc
2957 2717 3135 2770 divino
3163 2723 3498 2770 sacramento
3544 2728 3648 2767 non
3672 2720 3822 2768 recte

2255 2810 2533 2864 sentirent.
2573 2808 2655 2863 Sit
2677 2823 2805 2879 ergo
2833 2809 2946 2862 haec
2977 2814 3173 2861 nostra:
3208 2793 3566 2874 responsionis
3587 2819 3814 2878 summa,

2256 2916 2446 2970 nempe
2491 2911 2614 2954 ante
2651 2902 2958 2955 damnatum
3011 2898 3388 2969 Berengarium
3433 2898 3610 2963 realis,
3640 2907 3699 2953 ut
3726 2913 3824 2955 vo-

2181 3031 2231 3095 c
2259 3007 2463 3055 camus,
2490 2992 2542 3045 in
2564 2992 2895 3045 Eucharistia
2917 2989 3211 3060 prmsentize
3234 2989 3634 3060 impugnatores
3650 2992 3820 3045 luere-

2258 3096 2378 3136 seos
2405 3090 2528 3135 uota
2551 3082 2826 3150 poenisque
2846 3079 3062 3135 atiectos
3088 3080 3249 3135 fuisse
3274 3081 3325 3135 in
3355 3082 3596 3137 conciliis
3626 3080 3820 3136 Came-

2258 3171 2466 3226 racensi
2518 3178 2571 3225 et
2600 3169 2991 3235 Aurelianensi,
3039 3171 3359 3240 eosdemque
3409 3187 3507 3241 pro
3554 3170 3822 3226 haereticis

2258 3277 2383 3317 saec.
2411 3277 2446 3315 ι
2476 3261 2689 3316 habitos
2721 3261 2789 3315 ah
2816 3259 2997 3316 Odone
3023 3259 3396 3316 Cantuariensi
3421 3277 3434 3325 ;
3468 3269 3583 3315 tum
3610 3276 3731 3316 saec.
3764 3277 3823 3320 ιι

2258 3353 2326 3407 ab
2358 3351 2648 3406 Hincmaro
2692 3351 2978 3406 Rhemensi
3026 3350 3480 3419 archiepiscopis;
3532 3365 3563 3404 a
3591 3350 3823 3407 Pascha.

2261 3443 2343 3497 sio
2371 3442 2642 3496 Radberto
2664 3450 2717 3495 et
2739 3439 2876 3495 aliis.
2900 3441 2979 3494 Ad
3002 3442 3114 3496 hzec
3132 3441 3306 3496 visum
3319 3441 3482 3496 fuisse
3495 3441 3818 3517 Lanfranco,

2260 3533 2538 3605 Herigero,
2572 3541 2627 3586 et
2671 3531 3034 3588 Confessionis
3065 3531 3409 3589 Chiilletiante
3456 3535 3684 3600 auctori,
3725 3549 3824 3590 eos

2261 3624 2446 3679 itidem
2471 3624 2526 3678 in
2547 3625 2774 3681 concilio
2800 3625 3066 3694 Ephesino
3091 3624 3224 3679 diris
3272 3626 3511 3682 addictos
3537 3643 3551 3691 ;
3584 3641 3646 3680 ac
3673 3625 3826 3680 deni.

2260 3729 2365 3784 que
2389 3715 2582 3769 merito
2620 3716 2672 3770 in
2701 3729 2763 3770 ea
2788 3713 3130 3770 Confessione
3177 3716 3420 3770 haeretica
3458 3716 3645 3785 spiritu
3677 3715 3827 3768 dece-

2259 3811 2372 3872 ptos
2419 3803 2548 3868 dici,
2593 3802 2788 3870 quippe
2818 3802 2909 3871 qui
2939 3802 2993 3854 in
3039 3802 3143 3856 ﬁde
3189 3803 3542 3856 Eucharistite
3565 3816 3596 3855 α
3622 3809 3826 3857 sanctae

2263 3891 2561 3960 Scriptura;
2581 3889 2910 3958 Patrumque
2957 3891 3274 3945 auctoritate
3303 3889 3666 3956 deﬂecterent,
3695 3892 3821 3961 quin

2262 3981 2424 4036 etiam
2449 3996 2480 4034 a
2536 3988 2752 4050 recepta
2799 3979 3036 4034 omnium
3083 3987 3211 4034 tunc
3240 3979 3495 4051 temporis
3532 3980 3825 4038 catholico-

595 4081 736 4144 pter,
767 4072 953 4128 eodem
984 4069 1291 4142 prmjudicio
1315 4071 1556 4136 affectus,
1593 4071 1781 4125 eodem
1807 4071 1964 4145 modo
1990 4069 2167 4139 Ephe-
2265 4088 2382 4127 rum
2410 4070 2766 4132 confessione.
2800 4105 2805 4109 -

596 4163 701 4218 sini
722 4162 932 4218 concilii
958 4162 1232 4216 decretum
1266 4161 1647 4231 interpretatus
1669 4167 1781 4224 est;
1825 4167 1986 4226 atque
2011 4157 2080 4212 ob
2111 4157 2163 4211 id

596 4255 834 4310 ltwretico
858 4255 1043 4324 spiritu
1071 4255 1305 4324 deceptos
1345 4253 1630 4325 appellavit
1666 4267 1758 4310 ens
1781 4252 1874 4322 qui
1914 4251 1979 4305 de
2007 4248 2166 4320 hujus

2335 4164 2422 4218 l3.
2461 4163 2572 4219 lino
2597 4179 2744 4230 vero,
2784 4163 2986 4234 inquis,
3029 4150 3223 4228 nullus,
3254 4179 3363 4220 non
3417 4172 3623 4218 tantum
3672 4177 3830 4234 supe-

2264 4255 2470 4311 riorum
2495 4263 2792 4324 temporum
2826 4264 3029 4320 auctor,
3068 4257 3160 4310 sed
3186 4255 3532 4321 nechlcuini
3561 4263 3825 4325 tempore,

597 4334 918 4399 Sacramenti
947 4343 1174 4400 veritate
1187 4342 1528 4398 dubitarent?
1551 4340 1706 4397 Certe
1730 4341 1794 4397 ad
1818 4342 1960 4397 hunc
1987 4340 2163 4394 locum
2193 4376 2244 4440 υ
2267 4347 2407 4402 hanc
2436 4347 2503 4401 de
2532 4343 2882 4404 Eucharistia’
2909 4348 3134 4401 veritate
3179 4345 3337 4401 ﬁdem
3368 4345 3829 4408 tennisdocuitve,

599 4430 881 4488 manifeste
924 4431 1162 4492 alludere
1188 4433 1400 4490 videtur
1436 4433 1493 4488 in
1531 4433 1647 4487 haec
1692 4431 1854 4487 verba
1887 4429 2053 4502 (Part.
2088 4444 2161 4495 tv,

604 4537 754 4578 num.
785 4523 840 4593 5)
867 4543 880 4577 :
935 4541 955 4576 ι
1001 4522 1233 4577 Adverte
1252 4522 1365 4589 jam
1402 4523 1634 4588 tandem,
1664 4538 1698 4577 ο
1726 4521 2166 4591 pravissimarum

600 4613 858 4668 mentium
899 4627 1151 4684 perversa
1178 4611 1442 4675 doctrina,
1483 4617 1540 4664 et
1562 4610 1668 4665 noli
1693 4610 1855 4667 surda
1883 4624 2036 4675 aure,
2079 4611 2164 4665 in-

595 4705 834 4764 cumciso
864 4704 1025 4760 corde
1049 4702 1346 4772 praeterire,
1369 4699 1734 4771 quod-dicitur
1766 4718 1778 4751 :
1815 4698 1918 4764 Qui
1938 4701 2165 4753 mandu-

593 4805 681 4851 cat
704 4813 803 4862 me,
827 4811 977 4851 suam
1001 4795 1276 4856 nimirum,
1305 4800 1358 4846 et
1382 4806 1486 4847 non
1514 4790 1673 4847 aliam
1700 4805 1917 4846 carnem
1946 4791 2165 4845 demon~

601 4890 758 4941 strat.
791 4904 810 4938 ι
853 4885 961 4940 Cur
987 4884 1128 4937 enim
1158 4882 1310 4947 dixit,
1347 4898 1497 4938 suam
1537 4889 1583 4935 et
1614 4897 1716 4935 non
1743 4877 1903 4933 aliam
1934 4895 2167 4944 carnem,

601 4969 702 5024 nisi
729 4977 787 5023 ut
814 4970 1124 5025 excluderet
1151 4985 1390 5026 errorem
1429 4968 1576 5023 illum
1603 4982 1762 5038 quem
1791 4953 1859 5021 ab
1882 4964 2170 5035 Ephesinis

599 5056 850 5112 Patribus
875 5057 1184 5113 damnatum
1225 5074 1344 5114 esse
1367 5057 1635 5128 putabat?
1681 5055 1805 5112 Haec
1837 5070 1967 5126 ergo
2006 5069 2168 5108 causa

599 5156 686 5203 est
713 5163 810 5204 cur
837 5148 1080 5226 heretico
1108 5149 1294 5218 spiritu
1333 5147 1566 5218 deceptos
1596 5146 1829 5218 appellet
1865 5145 2169 5218 hujusmodi

601 5239 805 5296 erroris
835 5243 1153 5292 sectatores.

674 5355 871 5408 Verum
905 5350 988 5408 fac
1037 5351 1353 5421 scriptorem
1806 5348 2172 5407 Confessionis

605 5459 710 5500 non
749 5444 1048 5515 respexisse
1071 5443 1137 5501 ad
1158 5441 1486 5513 Ephesinum
1511 5440 1721 5498 aliudve
1749 5440 2054 5505 concilium,
2071 5455 2173 5496 cur

608 5548 714 5588 non
769 5535 942 5604 potuit
993 5534 1276 5590 hareticos
1323 5529 1595 5602 appellare
1621 5544 1715 5584 eos
1762 5527 1837 5598 (ο)
1864 5529 1955 5597 qui
1981 5537 2172 5584 contra

609 5619 899 5692 Scriptum
923 5639 1091 5683 sacra
1117 5639 1212 5682 seu
1235 5620 1434 5681 Christi
1463 5618 1673 5701 Domini
1718 5615 2057 5692 manifestam
2084 5633 2182 5674 θεν.

2265 4434 2476 4504 qualem
2503 4434 2616 4504 ipsa
2643 4433 2922 4490 Confessio
2945 4433 3244 4504 proﬁtetur.

2332 4525 2402 4581 At
2435 4527 2574 4581 hanc
2602 4523 2953 4592 objectionem
2980 4521 3262 4577 manifeste
3277 4520 3473 4576 refellit
3493 4520 3686 4576 Paulus
3709 4520 3827 4580 dia-

2267 4631 2436 4673 conus
2459 4616 2513 4669 in
2545 4612 2664 4668 Vita
2688 4611 2929 4679 Gregorii
2976 4610 3172 4681 Magni,
3198 4611 3288 4680 qui
3315 4678 3319 4682 _
3340 4609 3661 4666 catholicam
3684 4611 3830 4666 veri-

2271 4716 2440 4763 tatem
2484 4714 2595 4760 tam
2644 4703 2840 4758 diserte
2892 4704 3128 4771 exponit,
3177 4711 3235 4758 ut
3286 4717 3444 4758 nemo
3479 4703 3676 4758 clarius
3727 4703 3832 4759 hoc

2273 4807 2510 4867 tempore
2537 4795 2804 4873 explicare
2834 4795 3019 4866 possit.
3044 4794 3158 4871 Sic
3205 4795 3349 4849 enim
3393 4796 3674 4850 occasione
3701 4794 3829 4852 facti

2271 4887 2411 4957 quod
2441 4895 2684 4942 matrona
2721 4886 2957 4942 Remana
2981 4885 3035 4939 in
3058 4884 3446 4941 Eucharistiam
3482 4886 3832 4956 perpetravit,

2271 4976 2470 5032 Paulus
2511 4975 2830 5047 Gregorium
2860 4974 3164 5044 loquentem
3217 4974 3421 5031 inducit
3450 4995 3462 5030 :
3499 4995 3519 5028 s
3548 4976 3723 5040 Disce,
3750 4975 3832 5028 in-

2273 5085 2456 5138 quam,
2482 5068 2697 5124 veritati
2717 5067 2829 5137 jam
2849 5065 3008 5120 modo
3033 5065 3250 5120 credere
3275 5063 3596 5122 contestanti
3621 5081 3636 5118 :
3666 5061 3834 5117 Patris

2273 5178 2424 5235 quem
2447 5177 2539 5231 ego
2565 5159 2653 5218 do.
2675 5175 2796 5214 caro
2824 5173 2936 5212 mea
2982 5166 3057 5212 est
3079 5171 3098 5209 .'
3127 5167 3175 5211 et
3204 5155 3421 5225 sanguis.
3444 5168 3590 5207 usus
3615 5167 3730 5218 um
3753 5160 3830 5206 est

2269 5261 2442 5322 potus.
2485 5250 2590 5307 Sed
2612 5248 2867 5320 praecinit
2885 5246 3348 5306 Conditor-noster
3374 5239 3703 5320 inﬁrmitatis
3729 5255 3830 5295 [ιο-η

2269 5351 2418 5410 strze,
2446 5358 2508 5398 ea
2539 5347 2803 5414 potestate
2821 5354 2931 5416 qua
2958 5343 3150 5395 cuncta
3173 5333 3301 5391 fecit
3323 5343 3391 5387 ex
3416 5331 3615 5397 nihilo.
3633 5339 3691 5390 et
3711 5346 3834 5389 coro

2268 5450 2372 5507 pus
2413 5434 2516 5491 sibi
2550 5449 2616 5490 ex
2657 5446 2819 5489 carne
2850 5442 3063 5496 semper
3109 5425 3332 5496 virginis
3354 5433 3616 5496 cperante
3638 5430 3846 5481 sancto.

2271 5527 2473 5598 Spiritu
2503 5523 2820 5589 fabricavit,
2852 5532 3042 5588 panem
3073 5527 3127 5573 et
3155 5518 3336 5574 vinum
3391 5532 3532 5589 aqua
3577 5515 3832 5580 mixtum.

2272 5625 2523 5680 manente
2565 5611 2782 5687 propria
2838 5609 3032 5682 specie,
3084 5611 3134 5667 in
3176 5627 3396 5670 carnem
3420 5619 3477 5668 et
3516 5606 3848 5682 sanguinem-
