4266 6188
450 212 587 270 1029
606 211 619 237 ¹

1144 211 1296 269 orp.
1333 211 1561 269 num.
1599 241 1671 255 -
1702 211 1930 269 sum
1962 190 2338 274 coursssm
2372 215 2568 274 mm.
2602 249 2677 263 —
2705 218 2885 277 pass
2918 220 2960 280 ι.

3519 223 3657 283 1030

447 325 686 384 Trinitas
707 327 884 393 beata,
911 341 1015 383 vox
1044 322 1191 381 clara
1232 332 1290 380 et
1338 312 1586 383 sincerus
1629 324 1834 381 clamor
1878 321 2003 379 ﬁdei
2030 325 2084 383 Δ
2106 334 2357 393 ventem,
2392 326 2804 397 insuperabilem
2846 335 2906 382 et
2933 325 3319 397 orthodoxam,
3344 345 3464 400 quae
3492 331 3546 386 in
3570 347 3661 390 me

446 431 604 483 mete,
627 432 787 486 quam
821 417 889 472 ab
926 417 1057 488 ipsis
1084 415 1215 471 mibi
1238 415 1516 471 eauti-iens
1555 413 1854 478 cunabulis,
1886 411 2007 466 illu—

446 505 666 561 minasti
689 521 903 577 semper
923 520 1020 576 per
1043 504 1446 575 inspirationem
1480 503 1668 576 gratiae
1690 510 1819 585 tute,
1846 515 2005 570 quam

446 595 717 667 adaugens
741 593 1071 650 confirmasti
1101 594 1155 648 in
1192 606 1279 648 me
1323 607 1423 661 per
1466 591 1828 647 ministerium
1871 585 2008 659 prte-

447 773 626 830 in'ore
652 775 833 830 cordis
858 774 997 829 mei!
1040 788 1202 844 quam
1229 774 1468 828 suaviter
1508 772 1651 842 sapit
1676 771 1731 825 in
1760 771 1876 841 ipso
1910 786 2010 841 pa-

446 862 555 921 lato
580 865 896 936 gaudiorum
936 864 1129 920 anima:
1172 865 1331 920 mete!
1378 878 1541 934 quam
1584 862 1816 927 fortiter,
1845 877 2006 932 quam

444 953 636 1009 crebro
660 953 840 1025 pulsat
858 961 1091 1010 mentem
1115 967 1314 1018 meam,
1342 960 1398 1008 et
1422 960 1622 1017 movet,
1643 964 1870 1007 monens
1893 964 2008 1005 om-

444 1046 536 1101 nia
560 1060 719 1121 sensa
749 1045 972 1116 spiritus
997 1044 1127 1108 mei,
1156 1052 1217 1098 ut
1251 1052 1304 1099 te
1322 1042 1542 1098 laudare
1576 1039 1836 1106 delectet;
1878 1040 2006 1109 quia

444 1137 623 1195 fecisti
648 1153 745 1194 nos
771 1136 839 1193 ad
860 1135 1182 1194 laudandum
1210 1144 1292 1201 te;
1329 1135 1426 1191 sed
1464 1134 1702 1204 inquieta
1728 1140 1815 1187 est
1855 1146 2007 1187 mens

445 1234 654 1292 nostra,
676 1226 845 1282 donec
874 1223 1179 1294 requiescat
1213 1222 1269 1278 in
1300 1229 1373 1286 te,
1400 1228 1457 1274 et
1498 1218 1830 1289 increpitans
1871 1232 2006 1273 meae

445 1316 682 1383 desidiae,
714 1331 779 1374 ac
820 1316 1075 1387 colligens
1115 1330 1149 1370 a
1193 1313 1543 1384 dispersione,
1578 1324 1682 1381 qua
1731 1308 2005 1365 frustatim

408 1416 411 1419 '
445 1407 900 1481 discinderLdum
927 1407 995 1463 ab
1024 1420 1131 1460 uno
1159 1413 1210 1460 te
1236 1418 1457 1458 aversus
1492 1402 1545 1457 in
1573 1400 1738 1456 multa
1782 1414 2002 1464 evaneo,

445 1505 507 1552 ut
533 1512 782 1553 reversus
795 1498 848 1551 in
861 1512 966 1563 me,
988 1505 1043 1552 et
1063 1509 1288 1564 surgens
1313 1508 1473 1563 supra
1488 1506 1595 1555 me,
1617 1498 1782 1561 atque
1796 1489 2004 1546 cunctis

446 1587 772 1644 transcensis
814 1585 1130 1657 perveniens
1171 1584 1240 1638 ad
1288 1591 1361 1649 te,
1389 1580 1646 1636 e.sultem
1679 1580 1778 1635 tibi
1824 1580 2004 1638 cordis

2103 435 2265 477 omne
2298 421 2440 492 quod
2468 422 2563 478 tibi
2598 421 2807 492 placet,
2827 436 2926 490 per
2946 420 3283 479 dilectionem
3311 432 3367 500 et
3390 423 3661 481 humilita-

2108 518 2214 567 tem
2238 518 2510 582 operetur,
2535 526 2654 581 quze
2679 526 2778 567 nec
2805 518 2968 593 queat
2988 511 3128 565 vinci
3150 512 3291 567 inter
3314 513 3475 567 verba
3502 512 3661 569 alter-

2043 643 2060 657 .
2106 603 2335 659 cationis
2362 603 2415 657 in
2443 610 2682 673 tempore
2700 602 3108 672 persecutionis,
3134 603 3219 657 vel
3246 604 3303 658 in
3342 604 3432 659 die
3466 620 3657 659 neces-

446 684 726 746 dicationis
757 685 946 740 matris
985 683 1258 739 Ecclesire.
1308 680 1479 749 Quam
1525 681 1698 737 dulcis
1738 680 1884 737 facta
1925 687 2010 735 est
2066 676 2073 684 ’

2103 682 2300 748 sitatis.
2343 692 2603 747 Scrutans
2628 692 2789 747 corda
2818 699 2873 746 et
2911 706 3066 746 renes
3095 690 3264 756 Deus,
3286 706 3467 747 coram
3499 700 3550 746 te
3574 699 3660 748 est

2106 782 2311 838 sanitas
2329 792 2381 838 et
2404 782 2687 837 infirmitas
2711 796 2830 835 mea
2861 798 2874 833 :
2908 781 3051 834 illam
3077 795 3267 849 precor
3296 796 3469 845 serva,
3497 781 3657 837 istam

2105 885 2258 926 sana.
2279 871 2472 927 Coram
2494 880 2547 927 te
2567 879 2651 926 est
2688 870 2909 925 scientia
2950 876 3006 923 et
3050 869 3346 939 ignorantia
3381 884 3520 924 mea.
3552 869 3663 926 Ubi.

2104 961 2238 1017 mibi
2290 960 2581 1031 aperuisti,
2610 961 2822 1029 suscipe
2854 959 3161 1013 intrantem
3207 973 3223 1011 :
3272 959 3363 1015 ubi
3399 958 3657 1023 clausisti,

2104 1053 2255 1121 aperi
2272 1052 2536 1122 pulsanti;
2563 1060 2623 1105 ut
2643 1051 2864 1106 audiens
2885 1049 3173 1123 intelligam
3197 1058 3337 1114 te,et
3359 1050 3660 1122 intelligens

2105 1141 2320 1212 diligam
2347 1150 2420 1207 te,
2436 1150 2491 1197 et
2513 1142 2741 1211 diligens
2766 1140 2975 1209 laudem
3007 1146 3076 1201 te,
3094 1149 3255 1208 atque
3282 1139 3335 1193 in
3360 1146 3472 1194 toto
3495 1140 3657 1195 corde

2104 1246 2227 1288 meo
2253 1231 2552 1287 desiderem
2580 1232 2840 1287 visionem
2870 1228 3278 1298 pulchritudinis
3301 1238 3404 1284 tua:
3428 1244 3658 1299 semper.

2103 1319 2277 1374 Audio
2309 1320 2435 1390 quid
2475 1319 2633 1374 nobis
2654 1318 2902 1373 intimare
2924 1318 3037 1372 vult
3061 1318 3336 1388 Scriptura
3366 1327 3477 1383 tua,
3500 1307 3661 1388 quam

2103 1408 2451 1466 sanctiﬁcasti
2472 1416 2527 1463 et
2546 1406 2736 1462 misisti
2763 1408 2814 1460 in
2838 1408 3109 1482 mundum.
3134 1408 3305 1463 Audio
3323 1416 3377 1461 et
3396 1408 3557 1463 credo
3574 1407 3656 1469 ei;

2104 1500 2237 1554 dicit
2268 1498 2413 1553 enim
2439 1516 2452 1551 :
2492 1495 2718 1567 Spiritus
2738 1507 2809 1571 es}
2832 1495 2993 1560 Deus,
3017 1505 3065 1550 et
3094 1513 3179 1551 eos
3203 1497 3295 1566 qui
3314 1495 3485 1549 colunt
3521 1511 3658 1559 eum,

2107 1599 2303 1661 oportet
2331 1590 2381 1642 in
2405 1589 2590 1658 spiritu
2612 1597 2660 1641 et
2692 1587 2900 1641 veritate
2929 1587 3134 1640 credere
3155 1596 3204 1640 et
3230 1586 3452 1639 adorare
3475 1583 3655 1657 (Joon.

441 1678 633 1755 iubilo.
659 1685 716 1732 ει
743 1648 928 1731 lalides
960 1689 1201 1745 Pmmam
1227 1648 1353 1729 Ol‘iSV
1373 1672 1544 1727 οηῖείο
1564 1688 1580 1737 ;
1604 1666 1607 1671 ’
1632 1679 1898 1742 quatenus
1948 1671 2004 1725 in
2038 1648 2080 1706 Β
2108 1648 2183 1743 Iv,
2205 1677 2322 1745 24).
2491 1678 2712 1747 spiritus
2738 1675 3292 1744 incomprehensibilis
3325 1684 3380 1729 et
3408 1648 3658 1745 incorpo-

448 1770 789 1826 meditatione
829 1765 1182 1823 confessionis
1223 1765 1405 1836 gloria:
1445 1772 1550 1819 tua:
1593 1761 1885 1818 incalescat
1911 1770 2008 1817 cor

448 1872 648 1922 meum,
676 1865 731 1911 et
777 1854 945 1910 inbiet
992 1854 1089 1907 tibi
1135 1852 1357 1924 spiritus
1411 1866 1595 1915 meus,
1626 1859 1789 1921 atque
1818 1849 2008 1904 ardeat

447 1962 601 2001 mens
620 1961 737 2001 mea
764 1945 817 2001 in
852 1959 1035 2000 amore
1063 1952 1173 2009 tuo,
1199 1944 1364 2000 oblita
1388 1942 1641 1998 vanitatis
1667 1950 1724 1997 et
1748 1941 2002 2006 miserias,

446 2037 573 2092 dum
601 2036 699 2091 tibi
732 2034 832 2091 soli
871 2034 1117 2099 intendit,
1140 2033 1373 2103 dumque
1414 2031 1648 2088 attonita
1686 2040 1742 2086 et
1783 2039 2007 2100 stupens

446 2129 683 2184 adiceret
704 2126 1221 2184 incommutabilitati
1242 2126 1424 2197 gloriae
1446 2124 1859 2194 tute,oculisque
1880 2123 2004 2179 fidei

447 2219 685 2282 intuetur
742 2227 813 2283 te,
865 2218 1031 2273 solem
1072 2216 1323 2285 iustitiae,
1353 2217 1493 2271 sicut
1539 2201 1797 2285 scriptum
1849 2224 1936 2276 est
1985 2232 1999 2270 :

448 2306 551 2372 Qui
577 2308 804 2377 adliceret
839 2306 1081 2371 Domino,
1112 2323 1247 2361 unus
1294 2304 1521 2377 Spiritus
1562 2315 1636 2360 est
1672 2305 1723 2378 (I
1752 2304 1874 2361 Cor.
1902 2307 2001 2380 γι).

516 2397 578 2452 Il.
602 2397 821 2468 Fugiam
851 2397 1051 2469 itaque,
1080 2397 1319 2461 Domine,
1347 2404 1403 2453 et
1427 2396 1654 2452 libenter
1678 2388 1881 2469 fugiam
1908 2397 2018 2454 ob-‘

442 2494 742 2563 strepentes
785 2477 1043 2543 tumultus
1087 2488 1323 2543 omnium
1368 2487 1686 2541 vanitatum.
1742 2485 1847 2543 Sed
1896 2502 2005 2557 quo

444 2574 668 2647 fugiam,
691 2585 751 2631 ut
772 2577 890 2645 illos
914 2577 1195 2641 declinem,
1223 2577 1339 2632 illos
1378 2576 1576 2632 calcem
1620 2578 1718 2631 sub
1754 2577 1999 2645 pedibus,

439 2676 499 2722 et
525 2666 708 2736 procul
729 2666 923 2736 pellam
962 2681 992 2720 a
1030 2667 1318 2721 serenitate
1351 2665 1573 2735 iucundi
1618 2667 1879 2721 intuitus?
1919 2668 2002 2723 Ad

443 2765 517 2819 te,
544 2755 634 2825 qui
663 2770 722 2810 es
756 2755 900 2811 solus
928 2754 1229 2826 confugium
1250 2763 1302 2810 et
1326 2756 1481 2810 unica
1511 2769 1632 2824 spes
1656 2755 1997 2810 miserorum.

442 2844 523 2900 Ad
559 2856 633 2912 te,
662 2846 829 2917 gloria
859 2862 1001 2912 mea,
1025 2855 1080 2902 et
1111 2846 1355 2911 exaltans
1380 2855 1539 2916 caput
1575 2862 1775 2901 meum.
1818 2845 1911 2902 Ad‘
1947 2856 2001 2903 te

2102 1783 2257 1832 reus,
2311 1766 2763 1822 incommutabilis
2801 1773 2855 1819 et
2899 1765 3422 1835 inc’igcumscriptus,
3466 1764 3662 1834 ubique

2102 1864 2266 1920 totus,
2294 1870 2558 1925 nusquam
2582 1855 2806 1921 divisus,
2831 1856 3123 1910 secundum
3160 1855 3325 1925 ipsius
3360 1854 3661 1910 veridicum

2104 1945 2395 2015 Scriptura:
2424 1945 2810 2001 testimonium.
2867 1944 2981 1999 Hoc
3020 1944 3165 1998 enim
3197 1944 3354 1999 modo
3385 1944 3660 1998 discerne-
3726 1952 3727 1955 ‘

2102 2035 2179 2089 ris
2211 2034 2431 2090 Creator
2466 2051 2497 2090 a
2530 2042 2797 2099 creatura,
2832 2036 2884 2088 in
2914 2048 3019 2104 qua
3048 2041 3199 2096 sunt.
3221 2034 3315 2103 qui
3344 2042 3400 2089 et
3444 2032 3662 2103 spiritus

2104 2122 2373 2177 dicuntur.

2170 2214 2335 2285 386
2362 2212 2449 2269 IV.
2475 2214 2532 2270 Si
2563 2215 2637 2269 ita
2659 2223 2763 2281 est,
2786 2215 2894 2269 imo
2915 2214 3037 2286 quia
3060 2214 3132 2268 ita
3161 2222 3244 2268 est
3266 2213 3318 2278 ιι,
3344 2230 3363 2263 α
3396 2212 3663 2283 quomodo

2102 2302 2363 2360 invocabo
2390 2303 2557 2360 Deum
2584 2319 2791 2369 meum,
2818 2303 2983 2359 Deum
3026 2310 3081 2356 et
3122 2300 3403 2357 Dominum
3451 2301 3663 2356 meum?

2102 2398 2353 2465 quoniam
2406 2398 2591 2466 utique
2638 2398 2690 2451 in
2741 2410 2827 2450 me
2872 2396 3045 2465 ipsum
3080 2393 3341 2450 invocabo
3370 2408 3512 2459 eum,
3540 2406 3662 2449 cum

2103 2486 2305 2541 vocabo
2318 2501 2458 2541 eum.
2484 2487 2549 2540 Et
2563 2488 2682 2555 quis
2697 2486 2845 2541 locus
2864 2488 3013 2540 estin
3037 2501 3144 2550 me,
3160 2500 3266 2555 quo
3294 2486 3479 2561 veniat
3500 2487 3554 2541 in
3577 2501 3664 2542 me

2102 2577 2241 2631 Deus
2263 2592 2429 2641 meus,
2453 2592 2560 2645 quo
2588 2577 2769 2630 veniat
2788 2576 2949 2640 Deus,
2977 2575 3065 2643 qui
3101 2575 3227 2629 fecit
3251 2574 3441 2628 cmlum
3472 2584 3526 2629 et
3550 2584 3662 2628 ter-

2102 2669 2254 2722 ram?
2278 2668 2444 2734 itane,
2462 2668 2682 2723 Domine
2708 2668 2849 2722 Deus
2875 2680 3043 2731 meus,
3062 2674 3145 2719 est
3161 2665 3449 2734 quidquam
3473 2665 3525 2719 in
3552 2680 3660 2728 me,

2101 2761 2242 2830 quod
2269 2761 2448 2831 capiat
2480 2760 2565 2816 te?
2594 2759 2675 2813 An
2702 2775 2830 2814 vero
2850 2758 3042 2814 malum
3069 2767 3123 2811 et
3156 2766 3297 2811 terra
3324 2772 3445 2827 qum
3468 2755 3661 2819 fecisti.

2100 2857 2156 2903 et
2182 2850 2237 2903 in
2257 2850 2450 2919 quibus
2487 2864 2572 2904 me
2602 2848 2797 2913 fecisti,
2820 2848 3035 2919 capiunt
3067 2847 3153 2901 te?
3186 2846 3267 2900 An
3310 2846 3433 2916 quia
3462 2847 3577 2901 sine
3609 2854 3662 2900 te

443 2925 759 3049 co|nsurgam
788 2935 855 2990 de
894 2924 1021 3049 lacul
1057 2936 1287 2992 miseria:
1332 2944 1390 2992 et
1424 2938 1489 2992 de
1524 2936 1637 2991 luto
1680 2936 1828 2992 faecis
1855 2955 1874 3014 :p
1899 2938 1996 2993 tibi
2024 2981 2076 3049 Β
2102 2953 2209 2995 non
2232 2948 2375 2995 esset
2400 2939 2657 3009 quidquid
2682 2947 2784 3003 est,
2810 2938 2869 2993 fit
2900 2946 2959 2992 ut
2984 2936 3238 3006 quidquid
3264 2944 3347 2990 est
3374 2936 3548 3006 capiat
3576 2935 3663 2990 te?

443 3022 496 3049 ζ..
522 3034 729 3049 “an-..
808 3030 965 3049 ..-ιιι-ι
1029 3039 1119 3049 ..-Α
1164 3024 1369 3049 Διηιιι-ει.
1440 3024 1670 3049 -..--.2ι.υ.
1714 3024 1961 3049 _.-Il2ﬂ.--
1981 3043 1995 3049 -
2107 3027 2214 3049 n---
2237 3028 2412 3049 2.-----
2452 3041 2542 3049 Α..-
2565 3036 2686 3049 --.-
2731 3034 2787 3049 --Α
2818 3027 2998 3049 -.-..2-,.
3023 3025 3073 3049 :_
3100 3040 3182 3049 ...Α
3224 3026 3307 3049 -..ε
3335 3039 3437 3049 -.Α-
3464 3040 3633 3049 -..μμ-ι.

443 3022 730 3078 inliseream
750 3064 765 3089 ,
808 3030 969 3092 prout
1006 3023 1121 3095 ipse
1161 3024 1394 3089 dederis,
1439 3024 1673 3079 suavitas
1714 3024 1999 3093 mellillua;
2025 3022 2076 3049 “
2106 3027 2215 3081 Cur
2237 3028 2415 3096 itaque
2448 3041 2546 3107 ego
2565 3036 2709 3097 peto,
2731 3034 2791 3080 ut
2818 3027 3002 3080 venias
3023 3025 3077 3079 in
3098 3040 3202 3089 me,
3220 3026 3310 3095 qui
3327 3039 3440 3085 non
3460 3040 3660 3090 essem,

442 3121 502 3167 ut
521 3122 573 3167 tu
590 3112 865 3169 dulcescas
886 3113 1039 3179 mihi,
1068 3112 1169 3168 dul.
1190 3114 1290 3175 edo
1306 3128 1410 3168 non
1425 3112 1609 3179 fallax,
1625 3113 1847 3173 dulcedo
1873 3114 2000 3171 felix

442 3213 498 3260 et
545 3220 752 3261 secura.
792 3204 1037 3271 Quatram
1089 3220 1218 3276 ergo
1261 3214 1335 3271 te,
1363 3205 1607 3276 Domine,
1631 3205 1885 3261 invocans
1914 3214 1997 3273 te;

443 3302 497 3350 et
514 3296 770 3352 invocabo
804 3306 875 3362 te,
902 3297 1126 3352 credens
1162 3296 1216 3359 in
1252 3308 1333 3363 te;
1383 3308 1443 3353 ut
1474 3300 1824 3368 quarenste,
1848 3304 2001 3355 inve-

443 3386 584 3449 niam
614 3395 697 3453 te,-
714 3395 770 3443 et
794 3386 1070 3466 inveniens
1095 3374 1411 3444 benedicam
1440 3396 1493 3444 te
1510 3428 1527 3455 ,
1553 3389 1645 3459 qui
1672 3388 2000 3445 benedixisti

412 3522 417 3527 .
443 3489 540 3531 nos
560 3477 705 3532 omni
731 3477 1114 3532 benedictione.
1150 3477 1291 3533 Deus
1318 3494 1487 3543 meus,
1516 3495 1634 3534 una.
1670 3495 1796 3549 spes
1842 3497 1995 3548 mea,

442 3566 631 3635 exaudi
660 3580 764 3631 me,
795 3580 863 3621 ne
894 3566 1145 3636 fatigatus
1179 3568 1342 3623 nolim
1368 3583 1609 3638 quaerere
1634 3578 1704 3633 te,
1734 3571 1829 3626 sed
1849 3586 1996 3641 quaa-

444 3669 558 3708 ram
583 3653 767 3710 faciem
800 3664 942 3710 tuam
970 3670 1183 3728 semper
1217 3657 1488 3712 ardenter.
1513 3658 1593 3713 Tu
1618 3659 1683 3714 da
1724 3661 1999 3729 quzerendi

442 3744 601 3809 vires,
628 3744 718 3815 qui
756 3744 996 3801 invenire
1036 3755 1089 3802 te
1127 3744 1302 3801 fecisti
1333 3755 1390 3802 et
1417 3747 1586 3819 magis
1612 3749 1889 3819 magisque
1916 3750 1998 3804 in—'

441 3824 684 3889 veniendi
726 3843 780 3890 te
813 3850 963 3911 spem
998 3836 1211 3893 dedisti.
1237 3836 1512 3903 lllumina,
1546 3838 1791 3911 Domine,
1818 3841 1999 3897 cordis

441 3924 547 3979 mei
570 3925 785 3980 oculum
809 3908 1011 3987 intima
1037 3927 1257 3985 visionis
1285 3929 1566 3999 perspicua
1593 3929 1712 3985 luce
1744 3949 1758 3985 :
1786 3908 1998 4000 velatus

439 4012 582 4069 enim
608 4021 664 4068 et
680 4028 853 4070 caecus
872 4022 958 4070 est
981 4023 1123 4070 tetra
1149 4016 1376 4085 caligine
1403 4026 1746 4086 peccaturum
1766 4028 1823 4077 et
1846 4022 1998 4093 igno-

441 4100 647 4157 rantiae.
671 4101 911 4158 lllumina
935 4118 1060 4159 eum
1091 4104 1290 4159 lumine
1313 4106 1501 4176 gratia:
1528 4114 1654 4173 tuae,
1683 4116 1742 4165 ut
1768 4109 1995 4168 sinceris

442 4189 563 4247 fidei
587 4191 775 4259 oculis,
803 4201 858 4249 et
880 4209 1013 4264 puro
1042 4194 1241 4253 lumine
1268 4196 1465 4263 cordis,
1488 4196 1769 4269 inspiciam
1796 4210 1997 4272 myste-

2105 3116 2208 3172 nisi
2230 3131 2381 3172 esses
2404 3116 2458 3172 in
2489 3117 2608 3171 me?
2648 3114 2765 3171 Non
2797 3116 2940 3170 enim
2970 3129 3067 3185 ego
3091 3114 3201 3184 jam
3224 3129 3341 3169 sum
3367 3114 3421 3167 in
3452 3112 3661 3177 inferis,

2105 3218 2159 3264 et
2192 3218 2372 3264 tamen
2403 3217 2459 3263 tu
2489 3209 2561 3263 ibi
2595 3222 2808 3278 quoque
2829 3222 2907 3262 es.
2942 3206 3075 3261 Nam
3100 3205 3202 3261 etsi
3242 3205 3571 3261 descendere
3595 3204 3663 3259 ad

2103 3300 2390 3366 infernum,
2415 3298 2562 3355 ades.
2604 3298 2721 3354 Non
2764 3313 2893 3369 ergo
2935 3311 3129 3361 essem,
3177 3294 3319 3350 Deus
3348 3300 3662 3369 mens,‘non‘

2102 3392 2321 3448 omnino
2342 3404 2538 3455 essem,
2553 3389 2658 3445 nisi
2674 3402 2823 3444 esses
2837 3388 2891 3442 in
2914 3400 3019 3441 me.
3042 3388 3123 3440 An
3141 3384 3319 3453 potius
3341 3398 3445 3437 non
3459 3378 3659 3447 essem,

2103 3484 2207 3539 nisi
2234 3496 2409 3537 essem
2432 3482 2486 3535 in
2513 3489 2587 3545 te,
2622 3494 2691 3534 ex
2722 3492 2829 3553 quo
2850 3476 3049 3540 omnia,
3073 3489 3170 3544 per
3190 3487 3350 3543 quem
3377 3473 3580 3535 omnia,
3606 3471 3661 3525 in

2101 3586 2209 3642 quo
2239 3569 2455 3626 omnia?
2488 3567 2668 3622 Etiam
2702 3566 2799 3629 sic,
2824 3564 3069 3627 Domine,
3093 3562 3255 3637 etiam
3280 3560 3376 3616 sic.
3399 3558 3514 3625 Quo
3532 3572 3661 3628 ergo

2102 3672 2155 3716 te
2184 3661 2376 3715 invoco
2405 3672 2527 3713 cum
2553 3657 2608 3711 in
2638 3664 2690 3710 te
2719 3654 2859 3710 sim?
2897 3660 2990 3707 aut
3011 3651 3151 3706 unde
3172 3651 3357 3706 venies
3386 3658 3441 3705 tu
3468 3651 3520 3706 in
3545 3651 3662 3704 me?

2101 3767 2207 3822 quo
2229 3750 2372 3806 enim
2401 3747 2680 3805 recedam?
2706 3761 2814 3817 quo
2842 3744 2962 3800 ibo?
2986 3751 3139 3799 extra
3167 3741 3360 3797 ctelum
3383 3750 3437 3795 et
3461 3749 3660 3795 terram

2101 3838 2351 3903 fortasse,
2383 3846 2444 3891 ut
2465 3836 2590 3892 inde
2610 3835 2790 3891 veniat
2816 3835 2869 3889 in
2892 3847 2978 3889 me
3002 3833 3143 3887 Deus
3165 3845 3337 3895 meus,
3362 3830 3452 3899 qui
3483 3830 3616 3885 dixit
3642 3843 3658 3883 :

2102 3929 2297 3985 Colum
2341 3937 2390 3982 et
2430 3937 2620 3983 terram
2654 3941 2747 3997 ego
2783 3923 2970 3993 impleo
2999 3921 3145 3995 (Ier.
3168 3935 3337 3985 xxtlt,
3367 3920 3507 3987 24)?
3553 3920 3659 3975 Ca-

2100 4022 2265 4093 piunt.
2285 4029 2575 4091 ergonete
2606 4018 2804 4073 ctelum
2836 4026 2893 4072 et
2920 4024 3086 4081 terra,
3108 4014 3363 4093 quoniam
3390 4024 3444 4068 tu
3470 4013 3661 4093 imples

2099 4092 2199 4167 ea?
2242 4126 2311 4167 an
2346 4110 2536 4181 imples
2568 4118 2624 4165 et
2654 4116 2844 4174 restat,
2868 4106 3121 4179 quoniam
3156 4119 3263 4161 non
3311 4113 3364 4159 te
3405 4092 3657 4174 capiunt?

2099 4201 2169 4258 Et
2194 4214 2303 4272 quo
2340 4199 2579 4257 refundis
2610 4197 2866 4278 quidquid
2890 4180 3109 4266 impleto
3141 4193 3279 4250 caelo
3312 4202 3369 4250 et
3398 4200 3543 4251 terra
3579 4203 3661 4250 re-

441 4282 521 4337 ria
547 4284 696 4353 regni
722 4284 827 4380 tui,
841 4282 1048 4380 Verum
1060 4287 1186 4380 quia
1228 4302 1334 4343 non
1374 4295 1459 4380 est
1501 4287 1891 4380 pulchraulaus
1936 4292 1993 4365 in
2025 4316 2075 4380 υ
2100 4286 2208 4348 stat
2228 4306 2295 4347 ex
2328 4291 2412 4345 te?
2453 4290 2648 4346 Annon
2677 4304 2812 4360 opus
2850 4288 3037 4353 habes,
3063 4295 3179 4380 uta
3211 4296 3479 4380 quoquam

439 4386 535 4460 ore
567 4373 879 4442 peccatoris,
900 4382 957 4429 et
978 4373 1111 4450 fidos
1144 4376 1259 4431 sine
1282 4376 1559 4447 condignis
1591 4378 1844 4448 operibus
1884 4394 1993 4437 non
2025 4373 2062 4380 ⁷
2096 4380 2342 4460 tinearis,
2386 4381 2478 4450 qui
2526 4380 2773 4436 contines
2819 4379 2998 4435 omnia
3028 4398 3043 4433 :
3080 4376 3343 4445 Quoniam
3389 4388 3510 4460 qua
3552 4374 3659 4431 im-

441 4457 709 4527 laudatur,
736 4477 866 4533 rogo
887 4462 1100 4518 Patrem
1124 4479 1220 4535 per
1240 4464 1437 4525 Filium
1456 4506 1474 4533 ,
1500 4482 1632 4538 rogo
1657 4467 1854 4524 Filium
1896 4484 1996 4540 per

442 4544 675 4615 Patrem,
705 4567 833 4625 rogo
865 4544 1122 4623 Spiritum
1150 4561 1395 4610 sanctum
1429 4571 1525 4627 per
1547 4557 1765 4616 Patrem
1806 4569 1863 4616 et
1906 4560 1997 4617 Fi-

440 4633 568 4704 lium
593 4647 644 4700 ι,
665 4642 724 4692 ut
750 4647 807 4695 et
820 4642 1000 4698 omnia
1027 4642 1153 4697 vitia
1178 4641 1494 4715 elongentur
1520 4658 1556 4716 ῃ
1595 4660 1705 4712 me,
1726 4655 1783 4704 et
1807 4664 1995 4706 omnes

441 4732 639 4781 sanctae
681 4726 906 4809 virtutes
944 4732 1254 4804 plantentur
1284 4732 1354 4788 .in
1392 4727 1812 4806 rme,quat.enus
1841 4755 1996 4798 acce-

440 4813 639 4883 ptabile
680 4813 777 4870 tibi
817 4816 914 4896 flat
944 4821 1270 4901 sacriﬁcium
1312 4823 1485 4902 laudis
1516 4818 1641 4881 fidei
1665 4841 1825 4896 meae,
1850 4831 1995 4889 Deus

440 4910 696 4969 meus,et
712 4905 967 4961 ascendat
981 4908 1048 4962 ad
1072 4915 1125 4963 te
1148 4911 1204 4969 in
1222 4911 1388 4969 odore
1406 4913 1711 4983 maritalis.
1804 4958 1811 4965 .
1939 4912 1945 4927 ’

508 4988 593 5044 ll].
619 4988 874 5074 Obsecro,
899 4998 955 5046 et
977 4993 1396 5055 misericordiam
1432 4987 1574 5056 tuam
1618 4999 1840 5072 supplex
1887 5003 1995 5074 im-

439 5072 611 5161 ploro,
630 5071 941 5134 cunctarum
970 5077 1088 5136 fons
1113 5089 1170 5137 et
1204 5084 1382 5156 Origo,
1406 5086 1632 5158 largitor
1677 5070 1736 5144 et
1772 5070 1995 5146 conser-

440 5174 596 5220 vator
619 5166 878 5224 virtutum
904 5169 1075 5235 Deus,
1108 5166 1314 5243 adauge
1356 5176 1488 5232 mihi
1535 5190 1748 5248 semper
1794 5177 1993 5249 ﬁdem;

441 5252 599 5308 ﬁdem
644 5263 926 5324 undam,
970 5266 1201 5323 rectam,
1249 5269 1307 5317 et
1353 5264 1781 5331 immaculatam;
1835 5265 1995 5325 fidem

440 5340 729 5407 eruditam,
746 5344 1063 5411 catholicam
1092 5355 1147 5403 et
1175 5348 1673 5419 prudentissimum;
1702 5336 1861 5411 fidem
1882 5352 1993 5414 fer-

510 5467 929 5559 :E‘E’jﬁ’i‘lm
950 5475 1147 5545 “ilum
1169 5484 1329 5534 aetate
1347 5479 1685 5540 scholastica
1714 5484 1993 5559 theologia

441 5548 819 5606 antiquiorem.

2093 4456 2229 4539 ples,
2262 4470 2585 4545 continendo
2630 4470 2853 4542 imples?
2892 4469 3008 4524 Non
3056 4468 3203 4524 enim
3245 4480 3375 4522 vasa
3387 4456 3415 4531 -,'
3441 4479 3561 4537 qua:
3596 4472 3659 4523 te

2094 4559 2249 4631 plena
2269 4569 2414 4626 sunt,
2435 4559 2677 4617 stabilem
2700 4568 2755 4616 te
2776 4558 3003 4623 faciunt;
3038 4557 3166 4628 quia
3185 4552 3287 4611 etsi
3310 4554 3656 4631 frangantur,

2095 4626 2154 4704 iu
2178 4666 2286 4706 non
2312 4649 2634 4715 eﬂ’underis;
2657 4656 2714 4704 et
2738 4662 2860 4703 cum
2888 4626 3178 4701 ell'underis
3204 4658 3367 4715 super
3397 4626 3523 4707 nos,
3545 4655 3659 4697 non
3749 4660 3758 4669 ν

2096 4746 2153 4793 tu
2170 4737 2343 4807 iaces,
2378 4738 2471 4794 sed
2492 4737 2655 4808 erigis
2685 4750 2783 4791 nos
2805 4753 2819 4787 :
2844 4748 2944 4789 nec
2969 4741 3025 4787 tu
3048 4729 3388 4801 dispergeris,
3413 4729 3506 4784 sed
3544 4727 3659 4784 col—

2097 4825 2220 4898 ligis
2251 4840 2370 4884 nos.
2409 4824 2513 4883 Sed
2541 4839 2662 4894 quae
2691 4822 2873 4895 [Aug.,
2895 4820 3010 4893 qui]
3038 4819 3225 4891 imples
3250 4819 3523 4885 omnia,te
3544 4825 3657 4899 toto

2094 4916 2503 4988 implesomnia.
2534 4914 2616 4969 An
2647 4914 2773 4988 quia
2794 4929 2903 4972 non
2927 4921 3151 4983 possunt
3180 4922 3231 4966 te
3262 4920 3433 4992 totum
3462 4924 3658 4979 capere

2095 5007 2276 5064 omnia
2297 5044 2314 5071 ,
2342 5012 2551 5075 partem
2609 5004 2685 5059 tui
2718 5004 3004 5075 pcapiuntl.
3038 5003 3116 5065 Et
3151 5004 3397 5059 eamdem
3443 5008 3654 5072 partem

2097 5096 2256 5155 simul
2277 5095 2456 5154 omnia
2478 5095 2726 5166 capiunt?
2758 5095 2840 5150 An
2883 5094 3120 5165 singulas
3143 5094 3371 5166 singula,
3395 5098 3450 5147 et
3485 5088 3655 5158 majo-

2092 5183 2425 5254 mmion,
2453 5192 2513 5241 et
2548 5184 2785 5243 minores
2811 5186 3022 5242 minora
3043 5183 3294 5253 capiunt?
3326 5181 3535 5250 Ergone
3569 5184 3656 5232 est
3702 5174 3705 5177 ’

2094 5275 2274 5346 aliqu
2299 5290 2428 5346 pars
2456 5277 2555 5337 tui
2598 5276 2793 5347 maior,
2824 5276 3021 5347 aliqua,
3052 5274 3266 5351 minor‘
3321 5272 3437 5331 An?
3457 5267 3656 5339 ubique

2094 5372 2237 5422 totus
2264 5373 2528 5432 es,etres
2550 5366 2696 5423 nulla
2724 5373 2967 5422 tetotum
2990 5354 3171 5444 caput

2165 5493 2195 5534 δ
2230 5491 2312 5547 Ex
2340 5498 2477 5566 Aug.
2494 5488 2912 5555 'Confesswnum
2939 5492 3077 5580 libro
3102 5507 3141 5553 l.
3167 5506 3283 5562 cap.
3300 5487 3361 5543 '3.
