4266 6196
632 262 759 318 1031

1428 258 1489 316 Β.
1528 255 1591 315 F.
1630 256 1849 315 ALBINI
1888 254 2017 314 SEU
2053 253 2327 312 ALCUlM
2362 248 2647 312 OPERUM
2684 250 2863 307 PARS
2898 247 3031 308 Vill.

3683 251 3821 310 £032

704 372 767 428 V.
796 385 823 414 ι
852 371 990 440 Quid
1022 385 1148 443 ergo
1179 383 1255 435 es,
1280 372 1499 426 Domine
1523 372 1661 426 Deus
1687 385 1865 433 meus,
1895 369 2023 439 quid
2052 383 2177 438 ergo
2205 372 2248 429 Α
2276 368 2477 432 omnia,
2503 366 2784 421 invisibilis
2800 363 2986 419 ridens
3004 364 3204 428 omnia,
3229 364 3559 431 immortalis,
3580 366 3822 436 illocalis,

634 464 816 537 ίΔις..
845 462 982 529 Quid
1009 461 1182 534 rogo],
1206 462 1307 516 nisi
1330 462 1584 517 Dominus
1627 462 1799 514 Deus?
1860 458 1989 523 Quis
2041 459 2174 511 enim

632 554 773 606 Deus
797 562 983 621 praeter
1004 551 1322 605 Demittunt?
1370 561 1462 605 aut
1495 552 1609 622 quis
1638 550 1772 604 Deus
1802 559 1989 620 praeter
2014 548 2175 601 Deum

634 648 863 693 nostram
898 638 1066 710 (Ρωι.
1101 656 1232 704 xvu,
1252 640 1377 709 32)?
1414 660 1432 693 ι
1458 639 1622 695 Nemo
1647 638 1831 709 plane,
1858 652 2032 692 nemo.
2059 636 2173 689 Non

632 731 775 784 enim
796 739 877 783 est
907 728 1047 783 Deus
1072 729 1206 783 alius
1231 738 1423 799 praeter
1441 738 1494 784 te
1517 731 1712 784 trinum
1741 737 1797 783 et
1812 718 1996 791 unum,
2014 743 2175 781 unum

632 830 687 873 et
715 821 931 883 trinum,
963 834 1131 888 neque
1159 821 1212 873 in
1253 820 1386 873 caelo
1434 834 1677 882 sursum,
1712 832 1882 888 neque
1925 818 1978 871 in
2032 826 2174 871 terra

633 913 899 967 deorsum.
927 914 1053 980 Quis
1080 915 1151 967 tui
1178 914 1395 968 similis?
1424 914 1544 983 quis
1563 911 1874 983 magniﬁcus
1899 910 1955 965 in
1985 910 2177 963 sancti-

634 1008 763 1065 tate,
796 1002 1043 1057 terribilis
1072 1011 1227 1070 atque
1252 1002 1532 1057 laudabilis
1556 1003 1607 1056 in
1628 1000 1774 1055 omni
1806 1000 2019 1064 virtute,
2034 998 2177 1053 sicut

634 1098 690 1142 tu
724 1091 859 1144 Deus
892 1103 1094 1155 noster,
1116 1092 1204 1158 qui
1236 1090 1367 1146 facis
1389 1105 1578 1161 magna
1614 1099 1667 1143 et
1708 1088 1986 1153 mirabilia,
2009 1097 2062 1141 et
2090 1087 2167 1139 in.

594 1238 598 1243 _
633 1182 956 1245 scrutabilia,
984 1196 1211 1251 quorum
1254 1196 1357 1235 non
1393 1190 1475 1236 est
1520 1178 1807 1234 numerus?
1855 1177 1930 1232 Te
1982 1185 2174 1231 cuncta

633 1272 994 1341 magniﬁcam,
1021 1280 1073 1325 te
1095 1272 1266 1325 omnis
1286 1271 1503 1340 spiritus
1523 1269 1719 1323 laudat.
1750 1269 1826 1323 Te
1865 1270 2091 1322 adorant
2123 1278 2177 1320 et

635 1361 947 1415 licus-dicunt
972 1371 1159 1415 cuncta
1189 1360 1273 1413 illa
1300 1360 1573 1414 beatorum
1607 1359 1888 1427 spirituum
1912 1366 1963 1410 et
1989 1352 2174 1426 superi

634 1467 821 1504 noruui
853 1452 1044 1505 civium
1080 1452 1307 1521 agmina.
1340 1447 1459 1503 Tibi
1502 1459 1672 1503 mater
1702 1448 1935 1501 Ecclesia
1976 1449 2027 1499 in
2065 1456 2175 1499 toto

629 1540 762 1594 orbe
792 1540 945 1594 offert
980 1556 1182 1609 preces,
1206 1548 1259 1592 et
1302 1541 1630 1593 incessanter
1675 1538 1806 1591 dicit
1854 1536 2053 1589 laudes.
2101 1535 2176 1589 Te

633 1644 732 1697 ego
761 1629 976 1682 ultimus
1005 1643 1279 1683 servorum
1333 1637 1543 1682 tuorum
1599 1628 1753 1682 laudo
1796 1636 1849 1680 et
1893 1625 2170 1679 benedico.

2273 459 2610 522 interminus,
2634 454 3146 525 incircumscriptus,
3174 470 3430 524 nusquam
3464 456 3664 522 ﬁnitus,
3693 457 3825 517 inet-

2274 546 2470 611 fabilis,
2498 544 2901 608 inaestimabilis,
2943 542 3247 607 indicibilis,
3290 544 3677 611 inscrutabilis,
3725 548 3822 602 im-

2271 643 2448 691 motus
2473 675 2487 701 ,
2534 644 2754 705 tangens
2795 633 2972 687 omnia
2995 672 3033 707 _,.
3063 612 3463 702 investigabilis,
3508 636 3821 692 metuendus

2274 736 2430 797 atque
2459 726 2731 790 terribilis,
2757 723 3097 797 honorandus
3122 730 3280 791 atque
3301 725 3583 791 verendus,
3600 726 3628 765 δ
3651 744 3669 775 ι
3692 742 3822 781 nun-

2273 833 2432 888 quam
2462 833 2649 881 novus,
2671 826 2948 884 nunquam
2981 821 3154 877 vetus,
3182 814 3439 869 innovans
3459 817 3659 880 omnia,
3689 826 3743 872 et
3768 819 3821 872 in

2273 914 2589 962 vetustatem
2614 906 2911 975 perducens
2937 905 3213 973 superbos,
3236 911 3288 957 et
3314 905 3575 959 nesciunt.
3600 906 3821 977 Semper

2274 1010 2454 1066 agens,
2481 1009 2693 1063 semper
2713 994 2939 1061 quietus,
2964 993 3214 1061 colligens
3237 1000 3291 1046 et
3316 1008 3418 1047 non
3439 1008 3620 1061 egens,
3642 998 3819 1051 omnia

2272 1092 2491 1155 portans
2531 1084 2645 1137 sine
2670 1097 2855 1146 onere,
2886 1080 3060 1136 omnia
3088 1080 3312 1150 implens
3354 1083 3467 1136 sine
3509 1084 3821 1149 inclusione,

2272 1174 2449 1227 omnia
2489 1180 2679 1227 creans
2716 1181 2771 1225 et
2816 1182 3120 1242 protegens,
3164 1173 3404 1227 nutriens
3430 1183 3485 1227 et
3518 1175 3845 1244 perliciens,

2272 1281 2532 1335 quaerens,
2561 1280 2678 1318 cum
2712 1264 2842 1317 nihil
2871 1266 3007 1317 desit
3033 1265 3158 1329 tibi;
3196 1280 3342 1317 amas
3368 1280 3467 1318 nec
3495 1276 3708 1329 :estuas,
3738 1282 3823 1319 ze-

2272 1356 2350 1409 las
2378 1364 2433 1409 et
2459 1369 2676 1408 securus
2702 1368 2758 1407 es
2777 1390 2791 1417 ,
2818 1355 3038 1423 poenitet
3064 1363 3118 1407 te
3156 1363 3210 1407 et
3236 1367 3337 1409 non
3366 1352 3529 1408 doles.
3571 1356 3825 1411 irasceris

2270 1455 2324 1501 et
2361 1446 2685 1525 tranquillus
2720 1460 2805 1509 es,
2835 1460 2994 1515 opera
3028 1454 3219 1509 mutas,
3253 1447 3343 1500 sed
3382 1446 3661 1500 consilium
3694 1464 3826 1500 nun-

2271 1523 2451 1607 quam,
2484 1537 2676 1605 recipis
2717 1536 2856 1605 quod
2903 1536 3125 1599 invenis,
3151 1547 3203 1589 et
3233 1550 3503 1604 nunquam
3552 1536 3777 1589 amisisti
3805 1554 3819 1599 ;

2272 1643 2541 1697 nunquam
2567 1626 2720 1695 inops
2744 1634 2797 1679 et
2818 1626 3017 1694 gaudes
3045 1626 3225 1689 lucris,
3253 1640 3524 1693 nunquam
3550 1608 3742 1679 avarus
3770 1634 3825 1679 et

633 1720 749 1773 Tibi
772 1735 920 1774 mens
940 1716 1278 1788 meajubilat,
1305 1719 1397 1772 tibi
1425 1719 1603 1771 omnia
1622 1732 1743 1771 ossa
1766 1730 1880 1771 mea
1904 1715 2133 1770 clamant
2156 1733 2167 1767 :
2201 1700 2248 1759 Β
2277 1734 2466 1773 usuras
2490 1717 2658 1787 exigis
2683 1736 2694 1768 :
2722 1725 3132 1785 superemgatur
3159 1716 3273 1780 tibi,
3299 1724 3357 1768 ut
3374 1716 3601 1780 debeas;
3628 1724 3681 1769 et
3704 1718 3826 1786 quis

632 1808 761 1874 Quis
792 1806 977 1861 similis
1005 1810 1104 1870 tui,
1129 1807 1382 1861 Domine?
1410 1804 1477 1860 Et
1499 1807 1895 1859 merito'cuncta
1916 1819 2034 1871 quin
2058 1816 2178 1871 ope-

635 1906 782 1950 ratus
808 1911 887 1960 es,
906 1896 994 1949 tibi
1020 1895 1255 1950 Creatori
1286 1895 1554 1958 obediunt,
1580 1894 1835 1958 serviunt,
1861 1901 1914 1945 et
1944 1900 2177 1945 tremunt

632 1985 697 2037 ad
725 1993 907 2037 nutum
939 1993 1103 2037 tuum.
1136 1983 1288 2038 Facis
1311 1997 1639 2053 qumcunqm
1658 1981 1808 2035 velis.
1832 1981 1910 2034 Tu
1942 1996 2004 2034 es
2034 1981 2173 2033 enim

632 2087 759 2126 vere
781 2072 1035 2126 Dominus
1057 2072 1218 2135 solus,
1256 2073 1395 2125 Deus
1429 2070 1730 2135 invisibilis,
1772 2068 2199 2132 inaestimabilis,

631 2163 1141 2231 incircumscriptus,
1172 2162 1409 2227 illocaiis,
1446 2163 1751 2226 immensus,
1786 2170 1839 2212 et
1889 2160 2189 2227 incompre-'

637 2250 926 2314 hensibdis,
949 2252 1145 2319 ubique
1190 2261 1350 2316 totus,
1383 2251 1577 2317 ubique
1610 2264 1865 2319 przesens,
1899 2246 2176 2301 ineffabili-

630 2352 711 2396 ter
735 2344 910 2396 omnia
937 2352 1239 2412 penetrans,
1272 2343 1445 2395 omnia
1469 2342 1761 2402 continens,
1777 2340 1953 2393 omnia
1979 2338 2170 2400 sciens,

629 2439 819 2487 cuncta
848 2433 1195 2500 prospiciens,
1215 2431 1390 2483 omnia
1413 2438 1618 2499 potens,
1643 2437 1697 2482 et
1719 2429 1962 2483 universa
1984 2427 2178 2497 guber-

632 2531 783 2571 nans.
813 2518 976 2571 Totus
1013 2520 1065 2571 in
1093 2518 1248 2581 coelo,
1275 2526 1416 2571 totus
1442 2519 1493 2571 in
1518 2526 1679 2581 terra,
1703 2524 1845 2570 totus
1868 2516 2027 2569 etiam
2058 2516 2177 2568 ubi-

630 2604 827 2676 quc,'et
850 2624 952 2661 non
980 2618 1062 2661 est
1089 2608 1224 2661 alius
1258 2607 1395 2662 Deus
1420 2616 1612 2677 praeter
1637 2619 1688 2661 te
1714 2609 1876 2660 Deum
1914 2618 2171 2671 nostrum,

632 2698 684 2750 iu
714 2713 870 2766 quem
896 2700 1067 2753 credit
1093 2706 1147 2751 et
1170 2712 1327 2767 quem
1352 2698 1536 2751 adorat
1577 2707 1748 2750 mater
1776 2694 2026 2758 Ecclesia,
2053 2710 2177 2763 apo—

631 2791 815 2842 stolica
857 2800 908 2842 et
945 2790 1277 2843 universalis.
1302 2790 1380 2843 Tu
1405 2807 1462 2844 es
1484 2789 1604 2855 jure
1648 2788 1897 2841 colendus
1930 2797 1982 2840 et
2011 2787 2172 2840 vene-

632 2882 855 2944 randus,
906 2881 1165 2933 timendus
1215 2890 1269 2933 et
1312 2868 1730 2941 amandus,cnm
1783 2879 1921 2932 omni
1968 2892 2175 2947 semper

633 2972 930 3033 devotione,
946 2970 1161 3023 Domine
1178 2971 1313 3022 Deus
1334 2980 1540 3031 noster;
1560 2960 1778 3036 quicum
1795 2984 1897 3021 non
1916 2979 2170 3031 essemus,

628 3070 872 3132 potenter
892 3061 1059 3113 fecisti
1101 3076 1215 3123 nos,
1241 3069 1292 3111 et
1332 3076 1449 3112 cum
1476 3058 1664 3127 perditi
1704 3056 1984 3111 fuissemus
2017 3056 2169 3125 culpa

632 3154 1065 3219 nostra,pietatc
1110 3160 1162 3202 et
1210 3150 1444 3202 bonitate
1489 3158 1576 3200 tua
1618 3147 1931 3200 mirabiliter
1964 3163 2175 3216 recupeo

636 3243 764 3295 rasti
792 3257 908 3294 nos.
935 3241 1082 3294 Unde
1111 3239 1367 3293 conﬁteor
1402 3238 1515 3303 tibi,
1553 3239 1663 3293 Rei
1692 3239 1812 3293 curii
1842 3247 1894 3291 et
1921 3248 2098 3302 terrm,
2123 3248 2175 3292 et

612 3329 929 3385 honorifico
976 3338 1029 3383 te
1074 3327 1338 3381 sacriﬁcio
1387 3328 1556 3383 laudis
1605 3348 1615 3381 :
1661 3338 1713 3381 et
1746 3330 1871 3397 quia
1911 3329 2175 3382 exteriora

636 3437 855 3475 munera
904 3421 1113 3480 desunt,
1143 3418 1266 3471 totis
1307 3419 1546 3472 medullis
1585 3421 1791 3481 cordis,
1830 3433 1945 3487 quae
1989 3418 2044 3470 in
2093 3428 2178 3470 me

636 3518 777 3569 sunt.
806 3517 924 3561 vota
963 3507 1277 3560 laudationis
1302 3504 1462 3559 reddo
1488 3507 1604 3560 tibi.

708 3600 788 3653 V'l.
831 3599 934 3651 Sed
973 3601 1094 3666 quia
1124 3598 1380 3651 nihilnisi
1406 3598 1471 3651 de
1500 3607 1588 3651 tuo
1613 3586 1935 3666 acceptabile
1976 3598 2068 3649 tibi
2094 3596 2176 3648 of-

638 3686 763 3741 ferri
795 3694 988 3754 potest,
1019 3696 1072 3738 tu
1100 3686 1261 3747 Deus,
1291 3702 1345 3738 in
1381 3686 1534 3752 cujus
1580 3686 1778 3740 lumine
1824 3687 1998 3739 lumen
2032 3687 2179 3739 video

640 3780 775 3843 mus,
808 3779 871 3831 da
920 3792 1095 3845 qua-so
1132 3777 1300 3830 lucem
1340 3776 1393 3829 in
1422 3778 1610 3838 corde,
1637 3779 1699 3829 da
1740 3778 1955 3828 verbum
1986 3776 2037 3827 in
2064 3790 2178 3837 ore,

639 3872 703 3922 da
736 3868 895 3921 menti
928 3866 1193 3920 emlestem
1243 3864 1596 3917 conscendere
1640 3865 1838 3923 sedem,
1874 3863 1939 3914 da
1985 3862 2181 3913 fontem

638 3958 867 4011 lustrare
889 3957 1035 4019 boni,
1053 3957 1117 4010 da
1143 3954 1257 4008 luce
1283 3962 1491 4024 recepta
1520 3956 1570 4006 in
1601 3963 1652 4005 te
1687 3952 1995 4020 conspicuos
2022 3950 2182 4003 animi

641 4047 867 4113 deligere
902 4046 1067 4097 visus.
1106 4045 1170 4098 Et
1196 4046 1443 4111 quoniam
1475 4044 1637 4095 altera
1678 4058 1800 4109 pars
1834 4056 2017 4093 sumus
2041 4039 2179 4103 cmli,

640 4138 805 4189 altera
832 4143 1006 4199 terrae,
1035 4136 1172 4187 unde
1215 4150 1399 4201 corpus
1432 4134 1567 4201 quod
1610 4132 1974 4198 corrumpitur,
2001 4148 2186 4199 aggra-

640 4237 722 4280 uat
770 4227 1017 4288 animum,
1049 4234 1096 4277 et
1126 4236 1324 4276 terrena
1354 4201 1657 4274 inhabitaiio
1705 4222 1937 4289 deprimit
1983 4235 2187 4271 sensum

642 4316 802 4367 multa
828 4315 1131 4385 cogitantem
1161 4312 1311 4382 (Sap.
1348 4329 1421 4375 lx,
1464 4311 1568 4380 15),
1613 4308 1797 4376 disjice
1841 4318 2065 4362 terrente
2092 4322 2184 4361 ue-

642 4406 792 4459 bulas
817 4414 871 4457 et
893 4405 1125 4471 pondera
1155 4403 1328 4464 molis,
1359 4412 1515 4469 atque
1544 4411 1657 4463 tuo,
1680 4414 1879 4468 qumso,
1908 4393 2183 4469 splendore

645 4486 877 4547 illumina
925 4492 1202 4545 obscuram
1241 4490 1509 4542 interioris
1539 4489 1767 4542 hominis
1806 4487 2013 4543 faciem.
2046 4488 2185 4543 Siste

642 4599 802 4655 vagas
846 4590 1047 4636 mentes
1070 4597 1166 4650 per
1205 4580 1354 4633 devia
1396 4578 1561 4631 multa
1588 4586 1819 4630 ruentes.
1864 4576 2040 4631 Subde
2066 4591 2187 4630 car~

647 4688 764 4728 nem
789 4672 1023 4743 spiritui,
1056 4670 1319 4737 appetitus
1347 4667 1563 4731 rationi,
1592 4667 1717 4719 vitia
1744 4667 2043 4730 virtutibus,
2068 4682 2187 4721 cor-

645 4774 744 4830 pus
786 4763 984 4825 animo,
1011 4767 1171 4826 atque
1199 4765 1304 4811 tua:
1348 4769 1434 4810 me
1463 4757 1606 4810 intus
1644 4757 1981 4824 exteriusque
2019 4757 2186 4811 subde

645 4864 742 4920 per
769 4851 943 4903 omnia
971 4846 1267 4909 voluntati,
1292 4852 1351 4897 ut
1376 4842 1637 4901 universis
1675 4860 1771 4899 suo
1815 4846 1950 4901 bene
1976 4860 2190 4915 compo-

647 4937 765 4993 sitis
793 4936 978 4990 ordine
1004 4952 1100 5004 per
1123 4935 1345 5005 gratiam
1372 4941 1518 4986 tuam
1542 4942 1598 4986 et
1619 4934 1850 5002 perfecte
1880 4944 1929 4989 te
1948 4935 2185 5004 diligere,

646 5038 703 5083 et
724 5029 881 5097 digne
903 5033 956 5079 te
985 5026 1199 5079 laudare
1226 5038 1453 5089 merear,
1482 5024 1636 5078 labiis
1656 5033 1709 5077 et
1733 5027 1911 5090 corde,
1940 5028 2193 5096 omnique

2274 1808 2435 1864 habet
2460 1809 2743 1876 quidquam
2771 1823 2875 1859 non
2905 1806 3088 1858 tuum?

2340 1896 2447 1951 VH.
2484 1896 2683 1951 Reddis
2703 1896 2880 1949 debita
2907 1893 3033 1947 nulli
3059 1894 3277 1961 debetis,
3301 1895 3468 1949 donas
3488 1890 3664 1949 debita
3693 1889 3825 1948 nillil

2271 1985 2498 2055 perdens
2525 2004 2536 2038 :
2563 2006 2580 2036 ι
2615 1985 2704 2053 qui
2720 1983 2867 2037 solus
2892 1982 3127 2037 viviﬁcas
3150 1984 3349 2047 omnia,
3375 1984 3463 2051 qui
3486 1978 3684 2037 creasti
3708 1998 3824 2037 om.

2271 2075 2359 2127 nia
2378 2115 2392 2138 ,
2421 2076 2510 2141 qui
2537 2074 2733 2143 ubique
2758 2089 2817 2126 es
2836 2082 2896 2143 et
2927 2073 3119 2141 ubique
3149 2080 3287 2126 totus
3305 2114 3317 2136 ,
3343 2074 3431 2141 qu‘i
3460 2073 3647 2126 sentiri
3674 2082 3826 2141 potes

2270 2172 2325 2217 et
2357 2164 2524 2217 videri
2558 2178 2664 2216 non
2687 2171 2853 2232 potes,
2887 2162 2977 2230 qui
3005 2169 3265 2230 nusquam
3301 2162 3454 2222 dces,
3476 2168 3530 2215 et
3558 2168 3729 2214 tamen
3760 2160 3827 2214 ab

2273 2252 2571 2320 iniquorum
2611 2251 3017 2321 cogitationibus
3055 2249 3209 2319 longe
3247 2264 3334 2314 es;
3360 2251 3450 2318 qui
3481 2250 3668 2304 necibi
3703 2251 3829 2304 deos

2272 2342 2361 2396 ubi
2391 2342 2542 2411 longe
2565 2357 2625 2396 es
2649 2361 2661 2395 :
2686 2343 2807 2411 quia
2837 2341 2923 2395 ubi
2950 2357 3055 2395 non
3088 2356 3147 2396 es
3176 2356 3271 2410 per
3298 2343 3546 2412 gratiam,
3578 2342 3705 2395 ades
3733 2357 3830 2411 per

2272 2432 2577 2486 vindictam.
2624 2432 2721 2499 Qui
2769 2434 2944 2487 omnia
2986 2432 3180 2503 tangis,
3224 2450 3323 2487 nec
3346 2442 3521 2487 tamen
3548 2434 3825 2503 aequaliter

2272 2521 2448 2574 omnia
2486 2522 2690 2591 tangis;
2723 2522 2963 2589 qumdam
2997 2522 3139 2575 enim
3177 2523 3352 2590 tangis
3382 2529 3439 2574 ut
3466 2522 3593 2586 sint,
3622 2536 3723 2576 nec
3749 2531 3827 2575 ta-

2273 2626 2392 2665 men
2424 2612 2688 2669 utvivant
2720 2621 2774 2666 et
2798 2614 3060 2677 sentiant;
3092 2613 3331 2682 quaedam
3379 2614 3550 2683 tangis
3596 2621 3655 2667 ut
3696 2613 3823 2677 sint,

2272 2703 2452 2755 vivant
2480 2711 2535 2755 et
2573 2704 2821 2765 sentiant,
2849 2719 2948 2781 nec
2974 2704 3133 2774 381
3167 2714 3347 2758 tamen
3385 2713 3444 2759 ut
3487 2704 3824 2767 discernunt;

2274 2792 2514 2861 quaedam
2542 2793 2713 2861 tangis
2737 2800 2793 2846 ut
2814 2796 2943 2857 sint,
2967 2796 3165 2857 vivant,
3186 2797 3419 2849 sentiant
3448 2806 3606 2865 atque
3629 2796 3825 2850 discer-

2275 2888 2421 2935 nunt.
2462 2880 2540 2934 Et
2578 2898 2698 2936 cum
2743 2884 3049 2952 tibimetipsi
3097 2901 3364 2953 nunquam
3414 2886 3683 2939 dissimilis
3731 2886 3826 2949 sis,

2275 2977 2606 3032 dissimiliter
2629 2986 2801 3031 tamen
2824 2979 2998 3049 tangis
3018 2978 3313 3033 dissimilia.
3346 2978 3443 3045 Qui
3470 2979 3663 3046 ubique
3691 2992 3826 3047 pm

2276 3082 2396 3122 sens
2422 3083 2502 3133 es,
2533 3076 2584 3121 et
2626 3068 2851 3121 inveniri
2877 3058 2961 3122 vix
2988 3077 3137 3138 potes
3165 3088 3177 3122 :
3204 3083 3361 3139 quem
3400 3078 3629 3122 stantem
3655 3068 3833 3136 sequi-

2273 3175 2395 3212 mur
2416 3167 2469 3213 et
2495 3159 2886 3228 apprehendere
2915 3176 3016 3212 non
3039 3160 3273 3215 valemus
3299 3179 3311 3212 :
3338 3160 3427 3228 qui
3448 3169 3597 3213 tenes
3624 3159 3823 3221 omnia,

2272 3248 2459 3317 imples
2497 3248 2694 3312 omnia,
2725 3248 3177 3317 circumplecleris
3218 3248 3415 3311 omnia,
3446 3247 3823 3317 superexcedis

2273 3338 2469 3399 omnia,
2501 3337 2727 3389 sustines
2769 3337 2973 3401 omnia;
3006 3352 3105 3391 nec
3144 3350 3210 3390 ex
3242 3336 3345 3389 alia
3384 3345 3534 3405 parte
3564 3334 3817 3394 sustines,

2275 3436 2434 3494 atque
2466 3426 2568 3479 alia
2593 3426 2991 3495 superexcedis;
3015 3441 3188 3495 neque
3215 3442 3281 3479 ex
3310 3426 3409 3478 alia
3434 3433 3583 3493 parte
3610 3423 3820 3493 imples,

2274 3524 2433 3583 atque
2460 3514 2560 3568 alia
2587 3514 3068 3581 circumplecteris;
3103 3514 3192 3568 sed
3223 3511 3699 3582 circumplectendo
3731 3513 3833 3564 im-

2274 3604 2408 3673 ples,
2440 3615 2489 3659 et
2514 3605 2779 3673 implendo
2806 3604 3275 3673 circumplecteris,
3305 3603 3615 3657 sustinendo
3640 3617 3829 3670 super~

2277 3695 2506 3755 excedis,
2536 3703 2587 3747 et
2614 3686 3077 3761 superexcedendo
3106 3695 3357 3746 sustines.
3386 3693 3485 3756 Qui
3508 3693 3671 3744 coria
3696 3689 3829 3742 fide--

2279 3784 2407 3837 lium
2434 3784 2591 3837 doces
2618 3784 2731 3835 sine
2754 3784 2975 3850 strepitu
3005 3782 3305 3846 verborum,
3328 3784 3414 3851 qui
3441 3780 3649 3851 attingis
3674 3798 3706 3832 α
3730 3779 3832 3847 ﬁne

2280 3886 2441 3941 usque
2468 3870 2535 3923 ad
2575 3871 2728 3937 ﬁnem
2778 3870 2993 3937 fortiter,
3024 3881 3075 3921 et
3124 3870 3350 3939 disponis
3393 3872 3565 3923 omnia
3608 3871 3833 3923 σπανίων

2283 3960 2427 4030 (Sep.
2462 3975 2582 4023 vui,
2607 3960 2677 4027 ἢ.
2711 3959 2807 4024 Qui
2837 3960 2964 4011 locis
2990 3974 3093 4013 non
3134 3960 3472 4023 distenderis,
3501 3974 3599 4013 nec
3624 3967 3824 4026 tempo-

2283 4054 2428 4107 ribus
2452 4053 2696 4115 variaris,
2721 4068 2891 4119 neque
2911 4053 3072 4106 babes
3096 4068 3341 4107 accessus
3367 4060 3420 4106 ct
3442 4067 3705 4106 recessus.
3732 4051 3829 4116 Qui
3874 4080 3881 4085 -

2284 4144 2484 4195 habitas
2523 4142 2685 4193 lucem
2722 4140 3123 4193 inaccessibiiem
3174 4140 3229 4210 (Ι
3273 4140 3403 4193 Tim.
3438 4157 3512 4205 vt,
3542 4140 3652 4213 16),
3677 4154 3835 4210 quam

2286 4232 2456 4286 nullus
2497 4233 2625 4286 vidit
2656 4232 2943 4295 hominum,
2976 4232 3067 4285 sed
3109 4246 3207 4285 nec
3236 4234 3413 4287 videre
3444 4240 3640 4300 potest.
3668 4232 3746 4309 ‘ln
3779 4240 3834 4285 te

2286 4337 2503 4376 manens
2551 4323 2784 4387 quietus,
2821 4321 3014 4388 ubique
3056 4321 3251 4373 cireuis
3298 4328 3487 4373 totum.
3538 4316 3645 4373 Nec
3690 4319 3833 4373 enim

2285 4411 2453 4466 scindi
2481 4411 2563 4463 vel
2589 4410 2749 4463 dividi
2794 4411 3015 4476 poteris,
3044 4410 3165 4477 quia
3196 4424 3319 4463 vere
3348 4426 3485 4464 unus
3514 4424 3591 4465 es.
3643 4408 3752 4463 Nec
3782 4411 3835 4462 in

2282 4511 2460 4571 partes
2500 4500 2740 4559 (afﬁceris,
2775 4501 2869 4554 sed
2915 4508 3054 4553 totus
3084 4507 3252 4553 totum
3298 4510 3470 4565 tenes,
3521 4509 3692 4554 totum
3734 4499 3839 4552 im-

2282 4590 2415 4660 ples,
2430 4596 2597 4642 totum
2620 4589 2853 4643 illustras
2872 4595 2924 4641 et
2946 4589 3204 4657 possides.
3230 4585 3339 4643 Hoc
3358 4587 3668 4657 mysterium
3689 4599 3841 4640 mens

2285 4677 2515 4733 humana
2560 4680 2833 4748 concipere
2884 4694 2989 4731 non
3036 4687 3230 4747 potest,
3259 4693 3359 4731 nec
3398 4676 3631 4732 oratoria
3656 4674 3837 4745 lingua

2284 4782 2559 4831 enarrare,
2592 4784 2759 4837 neque
2786 4766 2960 4821 ἁξηυεὶ
2988 4767 3247 4821 sermonis
3280 4768 3721 4822 bibliothecarum
3747 4780 3844 4830 vo-

2290 4860 2489 4913 lumina
2526 4868 2726 4927 queunt
2778 4856 3060 4926 explicare.
3117 4856 3173 4911 Si
3219 4867 3386 4912 totum
3430 4858 3683 4911 mundum
3720 4856 3861 4917 libri,

2293 4948 2548 5016 repleant,
2579 4957 2667 5001 tua
2696 4947 2918 5004 scientia
2949 4946 3321 5002 inenarrabilis
3350 4963 3452 5001 non
3485 4955 3660 5017 potest
3686 4960 3845 5000 enar-

2294 5026 2417 5088 rari.
2451 5035 2709 5101 Quoniam
2732 5047 2859 5089 vere
2884 5033 3170 5090 indicibills
3198 5051 3277 5099 es,
3308 5037 3450 5091 nullo
3485 5037 3643 5090 modo
3681 5034 3842 5089 scribi

648 5130 753 5186 qua
793 5114 946 5168 valeo
978 5114 1174 5166 virtute
1200 5112 1436 5168 clamans
1469 5112 1537 5167 ad
1574 5120 1627 5164 te
1653 5120 1811 5180 atque
1852 5114 1925 5167 ita
1967 5115 2189 5170 dicens:
2294 5123 2511 5190 poteris,
2533 5136 2706 5191 neque
2742 5122 3002 5187 concludi,
3034 5124 3123 5193 qui
3149 5137 3207 5179 es
3235 5120 3352 5179 fons
3379 5124 3513 5178 lucis
3540 5122 3753 5189 divlnaa,
3787 5130 3845 5177 et

589 5208 597 5217 '
651 5202 891 5269 Summe,
916 5204 1450 5271 omnipotentlsslme,
1479 5204 1994 5270 misericordissim,
2010 5207 2197 5275 justis-
2298 5212 2375 5265 sol
2402 5212 2657 5266 claritatis
2684 5219 2923 5281 aeternis.
2982 5262 2985 5265 .
3440 5198 3441 5201 ¹

651 5296 805 5359 sime,
824 5295 1216 5355 'secretissime,
1237 5295 1667 5363 pmsentlssime,
1687 5287 2199 5366 pulcherrime,.ior~
2308 5318 2317 5339 ι
2369 5299 2495 5353 Vill.
2534 5299 2752 5369 Magnus
2774 5298 2914 5355 enim
2942 5316 3007 5355 es
3020 5302 3135 5357 sine
3150 5303 3483 5371 quantitate,
3513 5310 3568 5357 et
3597 5301 3717 5357 ideo
3745 5281 3848 5357 itu;

652 5387 1225 5453 tissime,suavissime,
1239 5386 1584 5441 invictissime
1604 5388 1823 5443 Domine
1838 5386 2211 5453 Deusnoster,
2301 5404 2512 5443 mensus
2537 5406 2549 5440 :
2578 5390 2753 5443 bonus
2779 5388 2895 5442 sine
2921 5391 3205 5459 qualitate,
3236 5391 3355 5445 ideo
3383 5405 3508 5446 vere
3548 5396 3600 5444 et
3638 5402 3847 5444 summa

655 5478 858 5534 stabilis
881 5492 940 5535 es
962 5488 1018 5535 et
1038 5478 1601 5546 incomprehensibilis,
1626 5480 1969 5535 immutabilis
1991 5488 2201 5534 mutans
2300 5482 2497 5543 bonus,
2528 5488 2583 5533 et
2608 5494 2765 5534 nemo
2789 5480 2960 5534 bonus
2985 5482 3088 5537 nisi
3117 5490 3173 5537 tn
3211 5482 3352 5538 solus
3371 5525 3385 5548 ,
3415 5480 3564 5548 cuius
3597 5481 3849 5537 voluntas

726 5600 751 5631 ι
786 5590 942 5663 Aug,
968 5592 1068 5647 loc.
1094 5592 1189 5657 cit,
1226 5606 1343 5660 cap.
1375 5591 1426 5642 Δ.
2376 5593 2402 5631 δ
2440 5592 2595 5663 Aug,
2629 5594 2728 5647 loc.
2767 5593 2883 5677 cit.,
2911 5608 3029 5663 cap.
3065 5601 3107 5650 ’7.
