4254 6192
1662 64 1681 95 '9,
1698 84 1703 89 .

444 254 579 312 10525

1134 247 1284 304 ΟΡΡ.
1323 245 1548 305 DUBIA.
1588 272 1660 287 -
1692 240 1918 301 ALBINI
1959 238 2334 313 COXFESSIO
2369 239 2564 296 “DEI.
2604 271 2673 283 —-
2708 239 2886 296 PARS
2919 237 2958 294 l.

3510 270 3513 274 -
3537 239 3670 299 103i

436 380 571 439 opus
597 369 707 421 est,
739 359 824 414 cui
850 359 983 414 velle
1006 373 1164 430 posse
1189 367 1304 422 est,
1334 359 1426 428 qui
1464 356 1643 412 omnia
1674 372 1793 426 qua:
1820 371 1882 411 es
1917 355 1998 409 ni-
2026 359 2070 414 Α
2101 352 2156 407 Si
2186 368 2349 422 «pera
2378 360 2466 405 tua
2513 352 2586 405 ita
2630 360 2753 406 stmt
2795 365 2992 432 magna
3031 357 3087 405 et
3119 351 3517 416 inscrutabilia,
3549 328 3675 424 put;

438 452 547 508 hilo
569 449 801 513 creasti,
828 448 940 503 sola
966 447 1235 519 voluntate
1260 445 1432 503 fecisti
1452 486 1467 512 ,
1494 448 1583 518 qui
1609 459 1821 501 omnem
1847 460 1998 499 erea-

437 550 611 597 turam
653 550 795 595 tuam
836 539 1039 607 absque
1078 537 1369 607 indigentia
1409 537 1584 607 aliqua
1630 537 1902 606 possides,
1945 545 1994 587 et

437 630 554 684 sine
593 627 772 683 labore
800 616 1100 699 gubernas,
1129 636 1183 683 et
1211 628 1413 697 absque
1444 628 1599 681 taedio
1627 628 1767 695 regis
1785 668 1799 687 ,
1824 637 1885 681 et
1913 628 1991 679 ni-

437 717 512 772 hil
536 726 625 772 est
652 718 794 788 quod
838 718 1116 790 perturbet
1143 718 1385 773 ordinem
1416 718 1625 788 imperii
1669 719 1774 780 tui,
1820 718 1901 771 vel
1945 719 1996 772 in

368 852 379 859 .
437 807 662 862 summis
681 847 696 872 ,
722 804 805 862 vel
832 807 886 862 in
918 808 1058 881 imis.
1088 807 1190 874 Qui
1224 810 1276 864 iu
1305 809 1555 864 omnibus
1578 808 1712 863 locis
1738 809 1856 862 sine.
1882 809 1998 863 loeo

437 896 685 961 baberis,
713 906 765 951 et
794 897 971 953 omnia
1011 899 1255 953 contines
1296 900 1433 966 sine"
1449 899 1662 961 habitu,
1708 907 1764 953 et
1801 899 1998 968 ubique

436 987 675 1061 priamus
698 1001 757 1041 es
783 985 899 1041 sine
930 987 1033 1041 situ
1063 994 1118 1041 et
1158 997 1324 1042 motu.
1368 987 1468 1054 Qui
1510 1003 1608 1042 nec
1646 984 1769 1042 mali
1811 998 1999 1042 auctor

437 1088 525 1139 cs,
555 1073 802 1143 quodque
829 1072 1008 1130 facere
1045 1090 1150 1129 non
1190 1084 1375 1145 potes,
1405 1076 1495 1145 qui
1527 1071 1658 1130 nihil
1689 1092 1793 1129 non
1824 1085 1993 1145 potes.

437 1160 548 1218 Nec
571 1178 805 1235 unquam
838 1163 1207 1234 tequidquatn
1245 1161 1434 1220 fecisse
1474 1166 1759 1235 patuituit,
1799 1182 1897 1229 nec
1938 1166 1997 1220 il-

436 1248 540 1305 lius
563 1253 937 1307 commotionis
965 1253 1129 1308 animi
1160 1242 1487 1323 tempestate
1505 1255 1760 1320 turbaris,
1790 1274 1889 1311 nec
1921 1266 1998 1311 to-

437 1342 544 1397 tius
572 1351 728 1397 terrze
753 1343 1007 1414 particula
1038 1326 1258 1415 regnum
1289 1355 1435 1401 tuum
1474 1355 1576 1402 est.
1616 1347 1770 1402 Nulla
1799 1347 1998 1418 flagitia

372 1454 381 1461 -
435 1430 518 1484 rel
545 1428 747 1488 scelera
776 1432 969 1503 probas
993 1441 1087 1489 aut
1113 1427 1365 1503 imperas.
1406 1433 1688 1505 Nunquam
1723 1437 1997 1501 mentiris,

434 1522 558 1591 quia
600 1532 799 1577 αξιοι-ηε
841 1524 1041 1579 veritas
1078 1539 1167 1589 es,
1206 1524 1359 1595 cujus
1398 1525 1558 1579 unius
1595 1525 1831 1581 bonitate
1873 1527 1998 1580 facti

434 1626 648 1676 sumus,
677 1620 730 1666 et
750 1612 959 1682 iustitia
984 1626 1173 1682 pinnas
1200 1614 1426 1680 luimus,
1468 1623 1525 1670 et
1557 1616 1838 1671 clementia
1869 1617 1999 1677 lihe-

2099 446 2229 499 chra
2258 453 2419 513 atque
2448 443 2740 515 stupenda,
2784 443 2996 506 dicant,
3023 441 3114 511 qui
3156 440 3372 508 volunt,
3405 444 3671 514 quomodo
3726 458 3729 461 '

2098 536 2225 605 eapi'
2247 534 2451 604 poteris
2482 542 2535 590 tu
2578 534 2976 603 pulcherrimus
3014 532 3241 590 Creator
3279 524 3487 591 eorum.
3528 535 3671 591 Con-

2098 633 2201 681 stat
2234 623 2378 676 enim
2405 609 2649 691 opiﬁci-lu
2675 623 2916 677 oumium
2946 621 3101 689 longe.
3141 624 3297 679 aliter
3332 639 3392 680 se
3428 624 3629 681 habere
3652 665 3668 690 ,

2098 727 2258 783 quam
2288 730 2351 768 ea
2404 730 2523 784 qtae
2565 730 2594 768 a
2638 706 2698 769 se
2739 713 2854 769 ﬁeri
2896 715 3062 771 voluit
3110 737 3122 769 :
3168 732 3234 772 ex
3270 717 3669 788 pulchritudine

2098 810 2275 858 tamen
2305 803 2730 876 t-it'ctttttscripltt!
2758 815 2965 861 naturae
2985 847 2999 872 ,
3029 799 3084 862 et
3111 809 3461 865 mundialium
3489 824 3668 866 rerum

2098 892 2330 947 mirabili
2370 892 2583 961 specie,
2633 895 2972 964 pulchritudo
3013 904 3136 957 tua,
3180 911 3300 966 qua‘
3335 908 3391 952 tu
3431 900 3544 968 ipse
3576 914 3665 963 cs,

2098 982 2221 1052 quia
2250 983 2475 1053 simplex
2499 998 2579 1045 es,
2603 1000 2667 1036 ex
2698 985 3018 1042 excellentia
3046 985 3227 1054 gloria:
3258 995 3390 1049 tum,
3422 1003 3541 1056 qum
3565 988 3670 1042 cir-

2096 1072 2385 1127 ctunsertbi
2432 1088 2537 1127 non
2586 1081 2798 1142 potest,
2846 1074 3070 1145 intelligi
3119 1074 3457 1145 aliquatenus
3505 1077 3668 1135 valet.

2097 1156 2415 1234 Quattqttatn
2457 1164 2879 1241 magnitudinem
2921 1166 3220 1225 divinitatis
3261 1176 3363 1221 tuae
3402 1166 3669 1222 inﬁnitam

2097 1252 2153 1308 et
2180 1254 2769 1324 inconlpl‘cltCltslanlll
2803 1255 3173 1325 nullusqmssit
3201 1274 3394 1310 sensus
3436 1257 3671 1326 attinge~

2100 1360 2188 1409 re,
2238 1360 2414 1415 neque
2463 1344 2627 1399 etiam
2674 1344 2886 1400 illorum
2933 1362 3148 1415 quoque
3195 1335 3550 1416 supernorum
3594 1351 3668 1403 civ

2098 1437 2281 1501 vium;
2326 1436 2462 1491 miro
2502 1446 2682 1492 tamen
2716 1436 2873 1491 modo
2916 1440 3153 1492 essentia
3193 1450 3282 1493 tua
3324 1441 3511 1503 scitur,
3543 1441 3669 1495 dum

2097 1540 2220 1580 esse
2248 1526 2505 1581 creditur.

2138 1614 2237 1668 QX.
2275 1604 2710 1683 Qudtiescunquc
2745 1613 2924 1667 recolo
2960 1613 3040 1665 vel
3091 1614 3250 1668 audio
3295 1615 3428 1669 duas
3481 1617 3669 1672 breve-3

436 1713 636 1755 famur.
681 1699 813 1756 Nam
841 1701 972 1788 nihil
999 1703 1247 1766 caeleste.
1279 1704 1411 1759 nihil
1437 1688 1665 1776 igneum
1684 1745 1700 1769 ,
1730 1708 1996 1783 nihilter-
2032 1688 2073 1746 Β
2101 1703 2365 1772 syllabas,
2394 1710 2450 1756 et
2475 1712 2707 1772 quatuor
2731 1703 2940 1757 litteras
2986 1703 3181 1772 quibus
3227 1705 3480 1775 scribitur
3531 1706 3667 1762 licus
3738 1712 3741 1723 '

436 1806 657 1857 renum,
688 1791 927 1864 nihilque
953 1794 1094 1864 quod
1124 1793 1368 1865 corporis
1394 1811 1586 1851 sensus
1617 1798 1865 1866 attingit,
1897 1811 1996 1868 pro
2022 1851 2057 1859 ,,

437 1891 489 1937 te
519 1881 798 1939 colendum
833 1892 935 1957 est,
973 1884 1077 1952 Qui
1115 1896 1244 1943 vere
1279 1902 1338 1942 es
1377 1888 1519 1958 quod
1544 1903 1638 1954 es,
1667 1898 1725 1943 et
1749 1905 1852 1944 non
1881 1905 1997 1944 mu-

435 1974 588 2039 taris,
613 1975 702 2030 cui
728 1975 959 2032 maxime
984 1992 1050 2032 ac
1073 1977 1378 2047 specialiter
1402 1978 1535 2033 illud
1557 1980 1831 2045 convenit,
1854 1980 1997 2050 quod

433 2062 605 2119 Graeci
635 2064 818 2121 dicunt
845 2063 937 2132 ὢν,
975 2065 1153 2121 Latini
1182 2077 1299 2134 est;
1342 2068 1467 2138 quia
1495 2084 1695 2139 semper
1732 2069 1869 2124 idem
1890 2071 1998 2140 ipse

432 2171 524 2219 es,
567 2163 617 2209 et
656 2156 781 2210 anni
818 2157 895 2210 tui
938 2173 1042 2212 non
1079 2157 1315 2227 deﬁcient
1346 2157 1658 2230 (Panhxc,
1686 2158 1815 2229 ΞΒ).
1862 2157 1999 2230 Hinc

432 2244 631 2324 etenim
657 2244 904 2316 patenter
929 2245 1089 2301 datur
1116 2246 1341 2317 intelligi
1361 2287 1376 2312 ,
1408 2248 1533 2316 quia
1563 2255 1618 2301 tu
1650 2247 1792 2303 Deus
1814 2255 1999 2324 noster

434 2346 595 2402 quem
621 2322 1071 2397 'colimus,'Deus
1108 2348 1269 2389 verus
1304 2342 1362 2389 et
1401 2333 1751 2406 Omnipotens
1790 2350 1849 2389 es
1882 2322 1998 2390 sine

432 2421 596 2477 dubio
614 2439 635 2475 ε.
659 2422 959 2488 invisibilis,
989 2423 1092 2479 etsi
1117 2424 1387 2480 intellectu
1406 2425 1499 2494 pio
1515 2424 1999 2500 videaris,incom-

432 2513 829 2584 prehensihilis,
846 2516 945 2570 etsi
967 2530 1065 2586 per
1083 2515 1313 2588 gratiam
1327 2516 1732 2588 reprzesenteris
1754 2534 1767 2569 :
1795 2516 1964 2570 imesti
1979 2544 1996 2555 ο

435 2606 669 2668 mabilis,
709 2606 810 2662 etsi
848 2607 1097 2662 humanis
1140 2609 1386 2663 sensibus
1426 2609 1513 2678 pie
1537 2608 1792 2672 eredaris,
1815 2615 1998 2660 sancte

434 2683 684 2763 cogitetis
707 2711 721 2747 :
754 2692 1058 2758 ineffabilis,
1086 2696 1189 2750 etsi
1213 2697 1459 2751 humana:
1487 2695 1773 2749 locutionis
1798 2694 1998 2771 usuali-

434 2779 536 2836 bus
565 2782 741 2839 verbis
774 2783 995 2839 abusive
1025 2791 1296 2854 utcunque
1327 2785 1560 2849 dicaris;
1596 2785 1716 2839 ideo
1745 2798 1901 2837 verus
1944 2791 1998 2837 et

437 2881 637 2928 tantus.
685 2873 947 2929 Cancrum
992 2876 1133 2944 quod
1180 2877 1339 2942 sciri,
1389 2876 1530 2946 quod
1579 2874 1994 2944 comprehendi,

436 2966 578 3036 quod
614 2967 873 3037 cogitari,
914 2969 1057 3038 quod
1096 2969 1198 3024 dici
1239 2968 1307 3023 de
1345 2979 1399 3024 te
1438 2977 1641 3039 potest,
1669 2968 1847 3022 minus
1873 2974 1991 3020 est:

435 3055 578 3125 quod
604 3069 732 3111 vero
763 3055 1299 3127 incomprehens’bile
1325 3067 1407 3113 est
1442 3069 1496 3113 et
1538 3060 1884 3120 immensum,
1916 3056 1999 3109 in-

437 3147 652 3202 dicibile
691 3156 748 3202 et
789 3146 1092 3212 inﬁnitum,
1138 3148 1232 3201 tibi
1274 3148 1369 3202 soli
1398 3148 1653 3201 duntaxat
1685 3155 1866 3201 nutum
1892 3156 1993 3201 est.

437 3235 549 3293 lloc
577 3254 807 3307 namque
834 3247 939 3299 est,
970 3239 1109 3308 quod
1138 3252 1349 3295 omnem
1378 3248 1589 3308 Superat
1615 3253 1852 3292 sensum.

437 3344 440 3348 λ
505 3328 596 3383 lX.
639 3329 750 3385 [loc
782 3345 995 3399 quoque
1028 3337 1111 3384 est
1135 3370 1149 3392 ,
1188 3330 1329 3400 quod
1357 3331 1418 3383 'te
1455 3330 1581 3384 facit
1613 3328 1868 3384 mstimari
1897 3368 1910 3393 ,
1945 3337 2000 3383 et

436 3434 536 3490 pro
559 3431 709 3477 certo
733 3423 880 3477 credi
914 3415 1078 3476 Deum
1098 3460 1115 3487 ,
1146 3410 1270 3478 duui
1299 3424 1365 3476 ad
1395 3422 1688 3492 perfectum
1717 3434 1887 3491 usque
1917 3438 1997 3477 re-

439 3514 601 3581 periri
633 3530 736 3566 non
764 3514 929 3577 vales,
957 3513 1082 3567 dum
1111 3522 1254 3567 totus
1281 3512 1499 3580 intelligi
1516 3553 1530 3575 ,
1562 3513 1749 3580 capivé
1775 3528 1879 3567 non
1905 3526 1999 3580 po-

443 3611 541 3656 tes.
573 3601 649 3656 lta
676 3613 728 3657 te
756 3604 837 3655 vis
866 3602 1245 3671 magnitudinis
1268 3609 1323 3655 et
1349 3609 1531 3654 notum
1562 3601 1714 3654 nobis
1737 3600 1922 3667 objieit
1946 3608 1999 3653 et

441 3695 702 3765 ignotum.
744 3695 811 3749 Et
847 3696 960 3749 lucc
988 3703 1070 3748 est
1098 3708 1302 3748 summa
1332 3691 1508 3748 delicti
1549 3696 1915 3764 spcrnentium
1949 3702 1998 3747 te

440 3785 608 3848 scire,
644 3784 933 3839 nolentium
975 3784 1066 3839 tibi
1098 3782 1339 3839 Creatori
1370 3785 1590 3839 servire.
1624 3784 1831 3837 llabcnt
1857 3784 1997 3853 «ιιιοά

442 3873 672 3929 scientes
698 3882 1041 3936 venerentur,
1067 3873 1265 3927 habent
1298 3874 1439 3942 quod
1467 3874 1772 3943 ignorantes
1797 3874 1998 3926 miren-

441 3970 550 4025 tur,
580 3962 779 4016 habent
804 3963 945 4030 quod
976 3963 1228 4027 timeant,
1257 3963 1454 4017 habent
1482 3964 1623 4031 quod
1652 3964 1893 4031 diligant.
1940 3964 1996 4018 Si

440 4051 580 4105 enim
611 4057 754 4105 totus
784 4058 977 4104 nostnr
1004 4059 1217 4119 pateres
1243 4052 1561 4121 cognitioni,
1595 4054 1735 4106 Deus
1764 4054 1916 4105 vivus
1946 4061 2001 4105 et

439 4154 600 4195 verus
648 4140 866 4194 minime
914 4143 1180 4210 potuisses
1229 4142 1396 4196 credi.
1449 4142 1571 4196 Ideo
1623 4140 1741 4196 falsi
1797 4142 1998 4211 reperti

440 4238 596 4295 sunt,
627 4230 717 4299 qui
746 4231 1069 4300 putabantur
1099 4230 1198 4293 dii,
1229 4232 1480 4301 quoniam
1520 4230 1641 4286 sciri
1686 4244 1782 4299 per
1818 4231 1997 4285 omnia

2019 3015 2068 3076 ο

2099 1795 2119 1864 (
2143 1793 2245 1848 hoc
2270 1793 2415 1848 enim
2446 1808 2639 1847 nomen
2671 1793 2763 1847 tibi
2797 1791 2925 1854 soli,
2958 1784 3333 1862 omnipotens,
3358 1796 3480 1863 jure
3506 1797 3663 1851 debe-

2100 1885 2230 1953 tur),
2259 1892 2420 1952 atque
2443 1883 2656 1937 intueor
2684 1893 2789 1937 tum
2812 1882 3028 1936 virtutis
3055 1884 3318 1953 magnalia
3342 1874 3671 1942 etutirala'lis

2098 1972 2439 2040 eosmopwize
2483 1971 2731 2025 decorem
2772 1973 3091 2037 considero,
3141 1974 3409 2044 simulque
3458 1991 3667 2030 meeum

2100 2064 2296 2117 tacitus
2323 2072 2511 2132 reputo
2541 2062 2915 2118 miserationes
2938 2072 3079 2128 tuas,
3096 2081 3215 2134 qua:
3245 2083 3273 2118 ιι
3301 2068 3495 2121 sua:qu
3521 2080 3666 2132 sunt,

2100 2153 2403 2223 (mirentur
2428 2153 2600 2215 enim,
2632 2152 2724 2221 qui
2771 2154 2981 2217 volunt,
3022 2157 3314 2223 potentiam
3359 2165 3533 2221 tuam,
3574 2162 3669 2213 sed

2097 2254 2199 2318 ego
2226 2240 2344 2309 plus
2374 2250 2565 2310 stupeo
2606 2241 3040 2297 animmlvertens
3080 2244 3486 2301 misericordias
3511 2258 3628 2303 tuas
3655 2263 3668 2313 ι

2097 2330 2342 2400 profecto
2380 2331 2464 2384 his
2494 2340 2726 2399 quatuor
2757 2332 2810 2385 in
2841 2330 3037 2387 litteris
3077 2342 3131 2387 et
3170 2336 3378 2390 duabus
3419 2338 3669 2394 brevibus

2098 2421 2352 2491 syllabis,
2387 2421 2655 2476 inﬁnitum
2686 2423 2814 2491 quid
2860 2433 2915 2477 et
2962 2416 3536 2495 inconiprcbensibile.
3572 2432 3669 2484 im-

2098 2525 2343 2564 mensum
2371 2519 2426 2564 et
2458 2512 2814 2567 inenarrabile
2844 2515 3039 2568 mentis
3077 2514 3310 2577 intuitu,
3349 2525 3402 2572 ct
3444 2519 3670 2573 sinceris

2100 2601 2221 2653 ﬁdei
2266 2599 2436 2654 oculis
2474 2615 2573 2668 pro
2617 2601 2758 2655 scire
2803 2610 2855 2653 et
2895 2617 3081 2670 posse,
3124 2604 3267 2671 quod
3298 2605 3427 2658 mihi
3462 2608 3670 2661 tantillo

2098 2690 2336 2758 dignaris
2387 2690 2604 2761 largiri,
2657 2693 3029 2761 comtcmplor.
3060 2693 3308 2763 Nunquid
3358 2696 3501 2749 enim
3554 2698 3672 2751 duas

2098 2781 2289 2837 breves
2332 2782 2552 2851 syllabae
2592 2791 2647 2837 tu
2695 2783 2834 2837 Deus
2864 2795 3047 2839 noster
3073 2789 3169 2840 es?
3199 2795 3291 2840 aut
3320 2788 3452 2843 duas
3482 2787 3671 2846 breves

2098 2873 2334 2943 syllabas
2363 2874 2671 2941 adoramus,
2701 2877 2785 2929 vel
2815 2877 2879 2930 ad
2910 2878 3043 2931 duas
3073 2878 3263 2933 breves
3291 2882 3524 2950 syllabas
3554 2898 3671 2951 per-

2099 2964 2284 3018 venire
2318 2963 2720 3028 desideramus,
2754 2980 2874 3035 qure
2909 2981 3045 3035 pene
3076 2979 3202 3022 ante
3233 2971 3481 3024 desinunt
3508 2987 3669 3025 sona-

2100 3071 2159 3111 re
2199 3072 2360 3123 quant
2390 3065 2703 3126 ruperunt;
2738 3072 2836 3110 nec
2872 3058 2924 3110 iu
2975 3060 3055 3112 cis
3085 3060 3333 3119 secundae.
3376 3060 3523 3115 locus
3553 3071 3667 3126 est,

2098 3150 2203 3203 nisi
2250 3148 2421 3218 prima
2469 3158 2592 3201 ante
2640 3149 2956 3202 transierit?
2986 3149 3161 3203 Manet
3195 3150 3390 3219 quippe
3422 3167 3670 3222 magnum

2100 3240 2336 3309 aliquid,
2364 3250 2421 3295 et
2471 3255 2597 3293 vere
2646 3256 2960 3310 summeque
3002 3252 3115 3303 est,
3150 3242 3291 3311 quod
3337 3244 3673 3313 im-ompara-

2098 3328 2204 3383 bile
2223 3339 2277 3383 et
2297 3330 2536 3383 omnium
2565 3325 3114 3398 praecellentissimnm
3139 3373 3152 3395 ,
3176 3335 3487 3403 cunctisque
3508 3335 3672 3409 388

2099 3417 2515 3473 dissimillimum
2543 3456 2558 3479 ,
2608 3418 2749 3486 quod
2793 3418 2991 3474 dicitur
3038 3419 3219 3482 Deus;
3269 3422 3514 3489 quamvis
3565 3412 3667 3475 non

2100 3514 2316 3560 maneat
2344 3521 2509 3560 sonus
2536 3520 2659 3558 cum
2696 3507 2894 3560 dicitur
2938 3507 3109 3563 Deus.
3145 3509 3340 3562 Verum
3380 3512 3503 3579 quia
3544 3527 3671 3564 raro

2101 3594 2273 3648 nescit
2300 3590 2580 3662 spiritum,
2607 3602 2661 3647 et
2701 3594 2989 3647 invisibilia
3030 3612 3060 3649 a
3102 3596 3402 3652 visibilibus
3442 3614 3548 3653 non
3592 3604 3672 3653 vi-

2100 3685 2295 3739 dentur
2324 3683 2343 3751 (
2365 3699 2457 3753 per
2479 3683 2635 3751 ﬁdem
2660 3685 2794 3737 enim
2819 3683 3146 3737 ambulamus
3164 3726 3177 3748 ,
3210 3702 3310 3738 non
3337 3703 3429 3755 per
3451 3690 3669 3756 speriat:

2066 3770 2204 3847 ’[11
2234 3773 2355 3828 Cor.
2386 3790 2436 3839 v,
2468 3773 2497 3824 7
2524 3771 2581 3844 1)
2610 3791 2624 3839 ;
2664 3774 2911 3827 humana:
2943 3783 3018 3838 tu,
3069 3774 3208 3829 Deus
3258 3787 3459 3841 uoster,
3512 3779 3670 3831 nimis

2103 3868 2271 3922 bonus
2314 3875 2368 3920 et
2410 3868 2564 3937 pius,
2612 3868 2903 3922 consulens
2951 3867 3286 3932 inﬁrmitati,
3337 3872 3574 3939 dignaris
3622 3884 3673 3926 te

2100 3959 2257 4014 nobis
2284 3960 2558 4013 insinuare
2578 3998 2592 4022 ,
2624 3975 2729 4013 non
2765 3968 2855 4011 tua
2888 3960 3246 4028 proprietate,
3282 3963 3372 4013 sed
3404 3962 3504 4014 alia
3536 3978 3670 4031 qua-

2100 4050 2223 4101 dam
2269 4048 2633 4102 similitudine.
2686 4047 2837 4100 Unde
2885 4057 2941 4099 et
2992 4056 3299 4103 nostrorum
3354 4051 3688 4118 qualitatem-

2101 4136 2463 4189 membrorum
2502 4136 2701 4189 habere
2740 4134 3091 4201 describcris,
3139 4135 3320 4191 volens
3362 4140 3668 4206 passionum

2102 4226 2320 4296 indigna
2348 4225 2414 4279 de
2442 4234 2495 4280 te
2523 4225 2640 4294 ipso
2669 4225 2736 4279 ad
2760 4225 2862 4279 hoc
2886 4224 3116 4294 proferri
3137 4267 3150 4290 ,
3185 4237 3243 4280 ut
3270 4228 3393 4295 quia
3424 4229 3562 4282 sicut
3589 4245 3665 4289 es,

422 4330 753 4403 potuerunt,
792 4322 880 4391 qui
923 4331 975 4376 et
1014 4321 1200 4392 quales
1230 4321 1460 4376 fuerunt.
1491 4323 1588 4377 Ast
1613 4331 1699 4385 tu,
1738 4323 1876 4376 Deus
1905 4338 1998 4377 no-
2028 4353 2079 4411 υ
2100 4328 2154 4382 ιθ
2182 4307 2465 4386 nequimus
2506 4318 2647 4371 scire
2677 4317 2730 4369 in
2761 4318 3012 4385 prmsentl
3058 4318 3307 4382 miseria,
3348 4335 3441 4388 per
3487 4330 3669 4373 nostra

442 4422 571 4477 ster,
611 4412 869 4467 mirabilis
906 4421 960 4466 et
1000 4419 1223 4480 potens,
1272 4414 1361 4481 qui
1411 4422 1573 4467 totam
1617 4413 1771 4466 istius
1815 4411 1997 4464 mundi

444 4500 635 4553 molem
664 4502 955 4572 cumemni
983 4502 1340 4569 instrumento
1366 4502 1748 4558 eiciucntorum
1767 4544 1781 4565 ,
1813 4517 1999 4571 corpo-

444 4603 600 4651 rum,
644 4589 955 4656 spirituum,
997 4591 1160 4645 verbo
1204 4607 1309 4660 quo
1347 4594 1590 4661 iussisti,
1642 4596 1848 4649 ratione
1892 4610 1994 4663 qua

445 4677 786 4746 disposuisti,
820 4678 1013 4732 virtute
1038 4693 1144 4747 qua
1174 4682 1422 4748 potuisti,
1464 4698 1529 4736 ex
1570 4684 1738 4738 nihilo
1776 4700 1995 4756 expres—

444 4770 597 4834 sisti,
628 4770 680 4823 in
722 4779 1091 4825 ornamentum
1126 4771 1418 4840 maiestatis
1445 4782 1500 4829 et
1525 4776 1705 4845 glori-.r.
1735 4787 1859 4833 tuze.
1893 4780 1994 4846 Qui

447 4866 656 4927 tempus
686 4862 753 4914 ab
786 4862 900 4929 ipso
932 4871 1055 4917 tunc
1082 4880 1197 4918 αενο
1227 4865 1304 4919 ire
1326 4863 1514 4933 jubes,
1546 4868 1858 4938 stabilisque
1888 4888 1999 4925 ma-

448 4961 581 5000 nens
606 4947 700 5000 das
726 4956 914 5002 cuncta
944 4951 1163 5004 moveri.
1206 4951 1305 5018 Qui
1350 4962 1545 5008 terram
1578 4956 1854 5025 multiplici
1880 4941 1999 5028 ger-

447 5033 590 5088 mine
618 5031 910 5098 fruetuum,
939 5044 994 5089 et
1016 5038 1209 5093 cmlum
1240 5042 1459 5110 pulchro
1498 5029 1760 5098 decor-asti
1801 5044 1999 5101 lumine

448 5122 715 5189 siderum,
746 5139 971 5194 quorum
1002 5134 1057 5179 tu
1087 5130 1233 5184 solus
1272 5134 1513 5205 nomina,
1556 5138 1703 5205 signa
1725 5177 1739 5198 ,
1770 5142 2001 5205 potesta—

448 5222 561 5279 tes;
590 5230 777 5269 cursus
806 5224 860 5269 et
898 5225 1134 5286 tempora
1164 5221 1322 5272 nosti.
1353 5222 1429 5276 Tn
1472 5225 1614 5279 milis
1650 5235 1703 5279 et
1739 5225 1999 5296 benigne,

448 5305 602 5359 fortis
647 5306 895 5369 Zelotes,
946 5316 1001 5360 et
1050 5305 1286 5363 Sabaoth
1337 5311 1726 5379 invictissime,
1776 5317 2001 5374 visitans

446 5405 662 5464 peccata
688 5408 894 5466 patrum
922 5400 972 5453 in
1005 5397 1141 5454 ﬁlios
1167 5415 1334 5470 usque
1363 5404 1415 5458 in
1443 5407 1650 5460 tertiam
1676 5416 1732 5461 et
1756 5417 2001 5475 quartam

450 5487 880 5555 generationem,
926 5500 982 5544 et
1027 5489 1232 5545 faciens
1282 5493 1701 5551 misericordiam
1752 5498 1805 5551 in
1860 5499 2002 5556 mille.

453 5578 617 5633 millia
658 5579 742 5632 his
782 5580 872 5647 qui
910 5581 1133 5649 diligunt
1165 5589 1215 5634 te
1256 5591 1305 5634 et
1358 5585 1541 5639 timent
1590 5602 1783 5640 nomen
1829 5596 1996 5642 tuum.
2042 5596 2045 5599 '

730 5668 996 5728 ΓΑτιιοι..
1033 5671 1131 5730 Cl.

2105 4408 2170 4460 ad
2202 4416 2291 4460 tua
2324 4423 2422 4461 nos
2452 4408 2669 4470 trahas;
2700 4415 2754 4459 ct
2781 4423 2896 4467 nos,
2929 4407 3053 4460 dum
3083 4408 3463 4469 condcscendis
3493 4410 3667 4473 nobis,

2104 4496 2313 4553 facilius
2337 4512 2724 4567 consurgamus
2748 4497 2862 4551 tibi.
2891 4497 3068 4552 Multis
3094 4499 3356 4567 siquidem
3399 4501 3569 4557 modis
3603 4505 3668 4555 ad

2101 4588 2510 4658 signiﬁcandum
2544 4595 2595 4640 te
2629 4587 2934 4640 hominibus
2957 4626 2972 4649 ,
3015 4587 3082 4640 de
3129 4588 3289 4640 rebus
3322 4588 3667 4646 inferioribus

2101 4676 2166 4729 ad
2198 4687 2248 4731 te
2277 4678 2481 4746 species
2510 4677 2676 4737 ducis,
2704 4691 2861 4743 quem
2888 4690 3073 4728 revera
3096 4674 3247 4743 juxta
3276 4679 3543 4745 propriam
3573 4697 3667 4732 na—

2100 4776 2299 4839 turam,
2334 4765 2652 4819 invisibilem
2682 4773 2893 4818 constat
2917 4778 3058 4828 esse,
3084 4772 3137 4819 et
3160 4766 3559 4833 incorporeum,
3591 4772 3668 4824 iu-

2101 4855 2633 4925 comprehensibilem
2662 4843 2835 4922 atque
2873 4856 3429 4926 iucircumscriptum;
3470 4877 3533 4911 ac.
3573 4877 3671 4930 per

2106 4950 2206 5002 hoc
2236 4962 2506 5016 nunquam
2535 4945 2693 4999 alicui
2725 4949 3037 5016 apparuisse
3062 4949 3353 5001 secundum
3397 4952 3667 5017 propriam

2100 5041 2387 5095 essentiam
2406 5077 2421 5102 ,
2446 5039 2536 5091 sed
2566 5038 2738 5092 modis
2764 5040 2958 5107 quibus
2978 5040 3191 5093 voluisti
3218 5056 3312 5108 per
3339 5051 3665 5111 itSslllllplillll

2100 5143 2469 5188 creaturarum
2498 5133 2730 5197 speciem
2762 5133 2825 5184 ad
2854 5132 3166 5187 t-llicicntias
3195 5150 3494 5188 causarum.

2174 5227 2260 5281 ΧΙ.
2301 5224 2577 5278 Falluntur
2602 5225 2781 5294 itaque
2809 5226 3531 5295 AuthropomorphOsitarum
3558 5228 3667 5280 ha?—

2102 5331 2279 5371 roseos
2306 5323 2616 5376 sectatores,
2646 5315 2737 5382 qui
2767 5315 2892 5369 dum
2925 5315 3104 5383 legunt
3132 5315 3399 5377 hominem
3430 5316 3494 5367 ad
3527 5316 3663 5368 ima-

2101 5408 2279 5476 ginem
2305 5412 2360 5457 et
2386 5402 2789 5456 similitudinem
2821 5402 2913 5456 Dei
2946 5387 3141 5457 factum
3161 5443 3175 5465 ,
3207 5412 3453 5456 asserunt
3500 5404 3662 5459 stulta

2102 5496 2433 5555 temeritate,
2467 5502 2518 5548 te
2550 5496 2782 5562 speciem
2816 5493 3103 5545 humanam
3146 5491 3380 5551 habere;
3412 5508 3532 5547 cum
3575 5495 3667 5548 illo

2103 5589 2153 5641 in
2183 5589 2297 5642 loco
2322 5603 2409 5639 cre-
2430 5587 2557 5640 loris
2589 5584 2817 5640 mentem
2835 5623 2850 5648 ,
2884 5597 2985 5635 non
3012 5599 3228 5637 carnem
3250 5624 3264 5642 ,
3291 5585 3353 5642 ad
3382 5572 3663 5655 imaginem

3218 5675 3327 5735 33.
