4254 6206
712 319 848 373 4055

1517 320 1575 372 Β.
1616 319 1676 373 F.
1717 319 1941 374 ALBINI
1982 319 2110 376 εει]
2150 320 2420 377 ALCl'lNl
2461 324 2743 380 Ol’l-ZRUM
2782 323 2961 379 PARS
2996 323 3128 378 Vill.

3790 325 3935 381 1036

710 443 858 488 tuam
889 447 1116 486 creasse.
1149 432 1432 490 Enimvero
1462 432 1595 487 nihil
1635 432 1853 503 dignum
1892 432 2156 486 humanus
2197 432 2262 485 de
2288 435 2339 492 Δ
2365 435 2478 504 ipsa
2519 435 2869 492 Confessione
2912 436 3057 491 illata
3103 444 3269 512 sunt;
3315 437 3571 507 scriptum
3614 445 3696 491 est
3739 440 3928 492 enim:

711 534 763 577 te
800 523 1032 593 loquitur
1067 538 1276 586 sermo,
1310 525 1436 594 quia
1477 540 1575 579 nec
1620 522 1913 578 secundum
1956 523 2266 593 qualitatem

710 620 801 665 aut
824 612 1204 680 quantitatem,
1227 613 1390 666 situm
1418 613 1501 666 vel
1527 612 1799 676 habitum,
1820 626 1914 666 seu
1940 620 2145 665 motum
2171 611 2269 663 ali-

707 701 833 768 quid
862 700 1019 772 digne
1050 702 1243 755 dicitur
1268 721 1281 756 :
1312 711 1366 756 et
1396 713 1573 756 tamen
1603 703 1853 766 latitudo,
1882 710 1938 757 et
1970 701 2262 772 longitudo,

706 790 958 853 altitudo,
987 801 1043 844 et
1070 789 1407 859 profunditas
1439 792 1533 846 tibi
1562 791 1957 862 quodammodo
1984 791 2160 845 inesse
2190 792 2266 845 le-

704 890 865 958 gitur.
890 887 995 942 Sed
1026 888 1257 942 latitudo
1274 888 1489 958 quidem
1518 889 1819 952 charitatis,
1846 904 1947 958 qua
1981 904 2078 942 nos
2095 889 2162 942 ab
2181 904 2266 941 er-

705 993 826 1033 rure
851 979 1076 1049 colligis.
1098 988 1150 1033 ct
1175 980 1421 1034 contines
1450 981 1502 1032 iu
1532 980 1757 1035 veritate
1781 999 1792 1032 :
1820 980 2088 1050 longitudo
2115 992 2261 1043 vero,

703 1068 1346 1139 qua'nosloz‘ganimiter
1376 1069 1541 1123 malos
1571 1077 1784 1138 portas,
1814 1070 1986 1123 donec
2013 1072 2264 1124 emenda-

702 1171 786 1215 tos
831 1158 1023 1214 futura:
1064 1161 1253 1231 patria:
1298 1160 1592 1214 restituas:
1638 1159 1862 1215 altitudo
1905 1170 2108 1223 autem,
2158 1176 2260 1231 qua

700 1262 913 1302 omnem
942 1228 1163 1302 sensum
1185 1257 1239 1301 et
1263 1249 1537 1302 hominum
1562 1258 1619 1301 et
1640 1248 1949 1317 angelorum
1988 1250 2264 1304 immensi-

703 1346 810 1391 tate
836 1337 1073 1413 seientize
1097 1336 1478 1406 supercxcellis
1502 1356 1514 1389 :
1539 1336 1873 1406 profunditas
1898 1355 2130 1409 quoque,
2158 1357 2262 1411 qua

701 1414 1033 1482 damnandos
1061 1418 1281 1481 inferius
1303 1427 1454 1496 juxta
1483 1428 1788 1497 arquitatem
1816 1428 2072 1497 disponis,
2103 1440 2261 1499 atque

702 1524 850 1570 recto
869 1514 1069 1583 judicio
1091 1513 1255 1569 Judex
1277 1514 1453 1583 justus
1476 1515 1820 1584 prceordinas.
1851 1515 2072 1572 Omnem
2099 1519 2262 1588 igitur

699 1609 1133 1680 supergrediatur
1162 1618 1462 1664 creaturam
1485 1649 1498 1672 ,
1530 1617 1584 1662 et
1613 1596 1807 1663 mentis
1842 1608 2091 1663 intuitum
2121 1608 2257 1661 ultra

700 1701 879 1754 omnia
910 1700 1134 1769 dirigat,
1168 1698 1257 1767 qui
1287 1698 1484 1767 aliquid
1512 1698 1739 1753 voluerit
1765 1699 1832 1753 de
1865 1705 1952 1752 tua
1979 1695 2258 1765 prmlibare

699 1799 1052 1868 proprietate,
1087 1812 1292 1851 summa
1324 1797 1416 1850 Dei
1446 1797 1677 1851 bonitas.
1726 1796 1876 1851 Tunc
1915 1797 2058 1850 enim
2098 1797 2257 1851 homo

698 1886 901 1955 procul
925 1887 1130 1954 positus
1155 1902 1185 1940 a
1212 1887 1451 1940 vanitate
1469 1926 1484 1949 ,
1515 1886 1721 1965 plenius
1761 1886 1814 1939 in
1857 1886 2082 1940 veritate
2107 1894 2255 1941 tene-

700 1985 805 2035 tur,
839 1976 1054 2044 quando
1082 1975 1134 2028 in
1163 1974 1322 2029 corde
1358 1974 1472 2042 ejus
1499 1976 1757 2045 quidquid
1794 1982 1877 2031 est
1917 1976 2089 2040 Deus,
2133 1977 2257 2031 reli-

699 2065 821 2132 quis
847 2065 1056 2120 cunctis
1082 2064 1149 2119 ab
1180 2063 1373 2117 intuitu
1403 2064 1619 2119 dimotis
1646 2064 1868 2134 paciﬁco
1888 2105 1903 2129 ,
1935 2073 1988 2118 et
2026 2066 2112 2135 pic
2142 2080 2260 2120 cre-

699 2154 845 2208 ditur
869 2162 923 2209 et
950 2161 1135 2209 sancte
1160 2153 1444 2224 cogitatur.
1477 2153 1581 2209 Sed
1614 2154 1736 2210 licet
1769 2170 1927 2210 nemo
1953 2157 2054 2217 sit,
2085 2156 2175 2224 qui
2208 2164 2258 2209 te

700 2246 754 2298 in
786 2245 889 2299 hac
914 2244 1156 2299 convalle
1182 2244 1536 2314 laerymarum
1575 2246 1750 2299 valeat
1788 2246 2076 2300 cllieaciter
2113 2262 2260 2301 com-

698 2334 1027 2401 prehendere
1061 2334 1135 2390 vel
1164 2334 1411 2397 deﬁnire,
1460 2350 1706 2405 magnum
1742 2332 1922 2390 tamen
1967 2344 2021 2391 et
2062 2338 2256 2391 mirum

700 2426 852 2478 valde
899 2434 1096 2480 nostrae
1138 2425 1282 2480 :etati
1328 2425 1509 2479 datum
1550 2436 1634 2479 est
1670 2426 1809 2479 scire
1840 2427 1904 2480 de
1953 2437 2002 2481 te
2048 2440 2258 2480 summo

697 2517 835 2570 bono
855 2557 868 2578 ,
899 2524 987 2569 tua
1014 2515 1264 2568 nimirum
1295 2516 1445 2569 nobis
1474 2517 1643 2585 gratia
1674 2516 1961 2570 revelante.

766 2615 877 2668 ΧΗ.
914 2613 1043 2679 Quis
1073 2623 1197 2669 ante
1230 2630 1360 2679 nos,
1390 2615 1443 2668 in
1482 2630 1617 2686 quos
1654 2616 1787 2669 lines
1817 2614 2131 2672 saeculorum
2165 2617 2258 2670 de—

695 2714 987 2767 venerunt,
1033 2704 1154 2757 talia
1199 2713 1253 2779 et
1280 2705 1358 2758 sic
1405 2703 1683 2760 manifesta
1727 2706 1912 2759 audire
1956 2706 2132 2775 potuit
2173 2709 2254 2762 vel

697 2807 1018 2863 cognoscere
1046 2793 1111 2847 de
1139 2792 1403 2846 Trinitate
1430 2800 1484 2846 et
1522 2791 1767 2857 Unitate,
1813 2794 1877 2847 de
1919 2796 2162 2862 persons
2202 2804 2256 2851 et

697 2881 1037 2936 substantia?
1075 2879 1141 2934 de
1183 2888 1237 2935 te
1276 2881 1488 2950 quidem
1510 2872 1715 2945 ,‘Pater
1742 2880 1911 2944 Deus,
1943 2884 2083 2951 quod
2124 2884 2198 2938 sis
2225 2900 2254 2937 a

698 2973 873 3037 nullo,
902 2982 956 3027 et
985 2973 1104 3028 ideo
1135 2973 1401 3043 ingenitus
1424 2972 1658 3037 dicaris;
1687 2973 1751 3027 de
1774 2972 1911 3027 Filio
1937 2982 2114 3027 autem
2142 2981 2253 3038 tuo,

2366 524 2532 594 Super
2559 543 2704 581 senes
2735 526 2969 581 intellexi
2998 528 3019 597 (
3042 526 3190 580 Psal.
3218 542 3413 592 cxvttt,
3439 528 3541 581 100
3562 530 3603 600 ).

2432 614 2565 669 Xlll.
2603 616 2828 671 Domine
2860 615 3003 671 Deus
3033 627 3236 680 noster,
3274 615 3415 672 Deus
3452 618 3605 672 vi'vus
3639 628 3695 673 et
3728 633 3887 675 verus
3910 640 3945 685 ,η

2364 704 2465 758 nisi
2504 715 2561 759 tu
2597 706 2767 761 trinus
2800 720 2950 761 esses
2974 747 2989 771 ,
3023 722 3129 760 non
3168 707 3435 763 diceretur
3468 722 3595 762 voce
3633 709 3883 783 Veritads
3912 728 3928 763 :

2362 791 2475 858 Ite,
2505 794 2763 863 baptiznte
2791 812 2965 849 omnes
2992 805 3163 865 gentes
3198 798 3252 848 in
3287 797 3489 849 nomine
3520 795 3723 861 Patris,
3754 809 3801 851 et
3834 798 3934 854 Fi-

2363 882 2453 947 lii,
2499 895 2549 937 et
2604 883 2825 953 Spiritus
2873 887 3042 939 sancti
3080 878 3311 956 (llattli.
3340 901 3505 941 xxvtn
3530 928 3543 949 ,
3574 887 3703 958 i9).
3745 887 3931 959 Neque

2361 973 2506 1027 enim
2555 974 2817 1042 baptizari
2855 972 3187 1042 juberemur,
3230 975 3452 1029 Domine
3497 973 3670 1039 Deus,
3716 977 3767 1029 in
3800 977 3930 1047 ejus

2363 1062 2578 1116 nomine
2601 1063 2691 1132 qui
2716 1078 2823 1117 non
2849 1073 2991 1118 esset
3016 1064 3272 1140 Dominus
3295 1063 3453 1119 Deus.
3489 1064 3546 1117 Et
3580 1081 3789 1118 rursum
3820 1067 3929 1120 nisi

2364 1161 2418 1205 tu
2443 1153 2682 1207 Trinitas
2700 1168 2839 1207 unus
2857 1154 3042 1221 procul
3063 1154 3221 1208 dubio
3244 1153 3380 1208 Deus
3399 1169 3563 1216 esses,
3586 1170 3927 1224 netptaqtuun

2360 1243 2630 1297 diceretur
2679 1258 2809 1297 voce
2859 1254 2988 1298 tua:
3044 1246 3181 1298 Audi
3229 1245 3431 1321 lsrael,
3484 1247 3739 1301 Dominus
3783 1246 3924 1301 Dens

2359 1339 2512 1397 tuus,
2544 1331 2684 1387 Deus
2710 1350 2844 1388 unus
2875 1345 2947 1388 est
2981 1334 3157 1404 (Deut.
3183 1350 3235 1387 vt
3254 1375 3269 1399 ,
3294 1336 3369 1407 4).
3400 1336 3538 1405 Ergo
3568 1337 3667 1390 nisi
3700 1346 3753 1390 tu
3784 1335 3929 1393 Deus

2357 1420 2521 1477 Pater
2554 1422 2698 1492 ipse,
2733 1432 2789 1477 et
2821 1422 2988 1478 Filius
3022 1424 3252 1478 Verbum
3290 1434 3436 1479 tuum
3482 1422 3638 1480 Jesus
3680 1427 3928 1482 Christus

2361 1510 2475 1578 ipse
2500 1520 2675 1574 esset,
2706 1521 2760 1565 et
2785 1514 2981 1566 donum
3010 1521 3244 1567 vestrum
3289 1512 3519 1582 Spiritus
3558 1526 3773 1571 sanctus
3811 1518 3927 1587 ipse

2359 1608 2530 1665 esset,
2556 1616 2660 1656 non
2691 1602 2986 1671 legeremus
3011 1602 3062 1655 in
3089 1602 3283 1658 litteris
3310 1606 3550 1658 veritatis
3576 1624 3587 1658 :
3617 1605 3760 1660 Misit
3786 1608 3927 1662 Deus

2361 1688 2561 1744 Filium
2588 1708 2738 1745 suum
2770 1689 2927 1763 (Gal.
2958 1709 3033 1758 tv,
3061 1693 3092 1745 ι
3114 1693 3155 1765 ).
3189 1695 3295 1751 Nec
3326 1705 3381 1750 tu
3412 1696 3695 1767 Unigeuite
3719 1698 3927 1756 diceres

2362 1782 2427 1836 de
2453 1781 2654 1851 Spiritu
2683 1793 2868 1838 sant-to
2893 1804 2903 1837 :
2940 1784 3103 1849 Quem
3129 1789 3291 1842 mittet
3323 1788 3480 1842 Pater
3503 1791 3558 1844 in
3583 1794 3787 1846 nomine
3811 1811 3926 1846 meo

2361 1869 2560 1941 (Jorm.
2590 1889 2701 1939 xw,
2729 1874 2836 1944 26)
2865 1893 2877 1939 ;
2907 1886 2960 1930 et
2985 1894 2997 1928 :
3031 1875 3196 1942 Quem
3223 1895 3315 1947 ego
3342 1881 3543 1939 mittam
3575 1881 3717 1936 vobis
3746 1872 3777 1936 ἐι
3809 1880 3922 1937 Pu-

2359 1970 2437 2014 tre
2465 1962 2642 2032 (Joan.
2670 1980 2761 2028 xv,
2788 1964 2857 2018 96
2878 1964 2897 2038 )
2922 1983 2938 2030 ;
2966 1955 3023 2021 et
3046 1967 3174 2022 alibi
3200 1988 3213 2021 :
3248 1969 3359 2039 Ego
3388 1981 3435 2025 et
3464 1971 3624 2026 Pater
3648 1990 3807 2027 unum
3834 1992 3927 2027 su-

2358 2068 2473 2105 mus
2497 2049 2552 2121 (J
2557 2069 2748 2118 001LX,
2764 2055 2884 2122 30);
2911 2064 2965 2109 et
2990 2073 3003 2109 :
3035 2054 3138 2121 Qui
3162 2052 3296 2111 uidet
3319 2075 3419 2124 me,
3443 2060 3575 2113 videt
3600 2071 3649 2114 et
3674 2058 3883 2115 Patrem
3902 2076 3922 2113 :

2357 2155 2462 2216 ego.
2477 2142 2529 2194 in
2561 2140 2717 2195 Putre
2740 2152 2786 2196 et
2817 2140 2976 2197 Pater
2995 2146 3050 2199 in
3072 2162 3151 2199 me
3182 2146 3361 2217 (Joan.
3382 2165 3491 2213 xw,
3516 2150 3571 2219 9)
3595 2167 3610 2215 ;
3635 2160 3688 2204 et
3717 2171 3728 2204 :
3763 2148 3924 2206 Pater

2358 2227 2413 2279 in
2446 2243 2531 2309 {me
2569 2245 2814 2296 manens,
2847 2232 2954 2301 ipse
2975 2232 3112 2301 facit
3151 2250 3306 2303 opera
3341 2235 3521 2305 (Joan.
3548 2254 3602 2301 v,
3630 2239 3748 2306 10).
3781 2241 3919 2306 Quid

2357 2316 2500 2370 enim
2525 2318 2609 2372 his
2634 2320 2811 2375 verbis
2836 2322 2976 2376 aliud
3006 2323 3106 2377 nisi
3135 2325 3332 2379 trinum
3361 2337 3414 2381 et
3441 2345 3602 2383 unum
3633 2331 3797 2385 Deum
3828 2333 3921 2387 (ἔοι

2356 2418 2448 2459 ces
2477 2420 2575 2461 nos
2601 2409 2847 2476 credere,
2880 2420 2936 2467 tu
2966 2414 3224 2483 magister
3254 2418 3531 2484 veritatis,
3562 2419 3613 2473 in
3646 2419 3797 2490 cujus
3823 2436 3921 2491 pe-

2358 2501 2506 2551 ctore
2552 2500 2812 2554 reconditi
2859 2513 2983 2556 sunt
3028 2520 3217 2560 omnes
3265 2508 3500 2563 thesauri
3549 2513 3927 2580 sapientize‘es

2358 2588 2638 2643 scicntia}?
2671 2592 2810 2648 Dicis
2840 2609 3052 2665 quoque
3082 2616 3095 2650 :
3134 2597 3253 2653 Mea
3283 2602 3523 2657 doctrina
3562 2621 3664 2659 non
3697 2615 3773 2661 est
3804 2624 3919 2662 mea

2357 2675 2537 2748 (Joan.
2569 2695 2679 2743 vn,
2712 2682 2773 2735 l6
2798 2684 2813 2752 )
2842 2700 2855 2747 ;
2884 2693 2973 2739 et:
3010 2685 3344 2754 Sermonem,
3376 2709 3524 2762 quem
3546 2695 3784 2763 audistis,
3814 2714 3916 2752 non

2361 2779 2436 2821 cst
2467 2785 2609 2823 meus
2642 2771 2821 2841 (Joan.
2846 2790 2957 2839 xlv,
2987 2776 3098 2847 24).
3129 2776 3234 2833 Res
3263 2781 3427 2835 mira!
3462 2782 3574 2847 Dic,
3605 2800 3756 2857 rogo,
3785 2787 3919 2843 Ver-

2356 2856 2481 2910 bum
2519 2857 2715 2914 Patris.
2754 2861 3055 2932 Responde,
3095 2881 3308 2935 quaeso,
3342 2870 3509 2926 virtus
3556 2883 3611 2926 et
3656 2856 3917 2944 sapientia

2360 2949 2557 3002 summi
2584 2952 2863 3021 principii,
2895 2955 2987 3009 sed
3025 2964 3081 3008 tu
3119 2956 3232 3026 ipse
3260 2960 3580 3031 principium
3618 2964 3687 3019 de
3718 2964 3919 3034 princi-

696 3065 820 3132 quia
843 3063 1053 3133 genitus
1075 3070 1130 3117 et
1158 3040 1265 3117 avtc
1292 3062 1388 3126 sit,
1413 3077 1515 3116 non
1540 3077 1569 3115 a
1597 3076 1675 3127 se,
1700 3062 1763 3116 de
1789 3061 1989 3131 Spiritu
2016 3079 2249 3132 namque
2276 3076 2324 3141 ο
2354 3040 2445 3141 illo
2469 3057 2484 3105 ἶ
2513 3043 2749 3141 Tm?“
2774 3045 3072 3114 Ρΐίηείβίαν
3100 3050 3193 3103 80d
3216 3065 3379 3105 unum
3407 3062 3550 3107 οθηε
3576 3056 3913 3126 ντίηυίρίυιηο

697 3161 913 3215 sancto,
943 3153 1068 3223 quia
1095 3151 1424 3222 procedens,
1450 3160 1506 3205 et
1533 3166 1563 3205 a
1592 3167 1650 3205 se
1678 3166 1783 3205 non
1812 3152 1915 3215 sit,
1947 3154 2041 3214 sed
2070 3167 2099 3206 a
2131 3162 2179 3207 te
2208 3163 2259 3207 ct

698 3240 868 3305 Filio,
915 3255 1141 3310 quorum
1184 3248 1269 3294 est
1313 3238 1566 3308 Spiritus.
1588 3240 1664 3294 ita
1702 3249 1879 3304 tenus,
1922 3248 1980 3293 ut
2023 3241 2161 3296 sicut
2203 3250 2257 3294 tu

695 3329 857 3383 Pater
899 3343 997 3383 nec
1036 3330 1277 3399 genitus,
1322 3343 1422 3384 nec
1464 3329 1757 3398 procedens
1800 3331 1901 3385 dici
1944 3340 2130 3401 potes;
2181 3332 2258 3388 sic

699 3425 868 3481 Filius
896 3440 994 3481 nec
1033 3426 1332 3495 ingenitus,
1378 3440 1479 3480 nec
1521 3427 1855 3495 procedens;
1903 3429 1983 3483 sic
2025 3428 2259 3499 Spiritus

698 3522 916 3569 sanctus
957 3530 1056 3570 nec
1097 3513 1395 3586 ingenitus,
1439 3528 1540 3569 nec
1581 3516 1793 3585 genitus
1838 3516 1942 3571 dici
1989 3518 2252 3573 debeant:

696 3604 947 3674 quatinus
988 3618 1339 3673 personarum
1386 3605 1681 3673 proprietas
1731 3613 1785 3659 te
1833 3621 1995 3659 unum
2041 3606 2254 3663 Patrem

697 3700 857 3755 simul
894 3716 1015 3755 cum
1053 3716 1161 3755 uno
1198 3700 1364 3766 Filio,
1396 3710 1453 3755 et
1489 3716 1595 3756 uno
1632 3703 2061 3775 sancto-Spiritu
2101 3708 2255 3763 nobis

694 3801 943 3864 patenter
965 3795 1227 3848 ostendat.
1256 3792 1385 3859 Quis
1406 3794 1673 3864 prioribus
1697 3799 1904 3853 saxulis
1932 3799 1984 3851 in
2016 3806 2066 3853 te
2090 3815 2254 3853 unum

694 3875 914 3938 credere
956 3883 1155 3941 Deum,
1197 3891 1251 3937 et
1294 3891 1344 3937 te
1382 3883 1620 3955 conﬁteri
1665 3886 1895 3950 trinum,
1926 3902 2097 3956 neque
2126 3890 2251 3943 sub-

696 3975 947 4028 stantiam
978 3990 1258 4043 separatis,
1293 3990 1464 4043 neque
1493 3992 1750 4047 personas
1778 3978 2107 4037 confundens
2129 4023 2141 4046 ,
2173 3982 2251 4038 sic

694 4071 984 4139 prudenter
1016 4072 1299 4137 intellexit,
1333 4075 1411 4129 sie
1438 4074 1612 4143 palam
1648 4078 1858 4145 sapuit,
1903 4080 2088 4149 sicque
2126 4098 2252 4138 vere

695 4162 985 4232 cognovit?
1010 4161 1177 4216 Filius
1203 4180 1329 4219 sane
1360 4173 1481 4219 tuus
1520 4166 1715 4222 missus
1754 4170 1819 4222 ad
1860 4171 2127 4239 publicum
2154 4190 2251 4229 no-

693 4260 861 4306 strum
889 4252 954 4306 de
979 4252 1097 4306 sinu
1124 4261 1214 4306 tuo
1251 4253 1388 4307 hanc
1434 4264 1592 4308 recte
1619 4254 1737 4309 ﬁdei
1768 4274 2005 4313 normam
2032 4262 2248 4315 eviden-

693 4343 798 4395 tius
824 4342 945 4396 huic
969 4342 1166 4396 ultimre
1192 4340 1439 4411 patelecit
1463 4345 1627 4397 aetati.
1654 4344 1971 4416 Priusquam
1994 4358 2248 4406 creatura:

694 4441 1004 4494 ostenderes
1048 4441 1387 4504 Creatorem,
1438 4443 1491 4496 in
1541 4444 1648 4497 sola
1698 4456 1855 4500 notus
1900 4462 2021 4503 eras
2065 4448 2246 4505 Judzea

697 4529 835 4581 Deus
856 4566 869 4589 ,
900 4536 953 4581 et
981 4527 1033 4580 in
1062 4528 1223 4581 Israel
1255 4530 1429 4598 magni
1460 4533 1690 4585 nominis
1721 4534 1794 4586 tui
1827 4534 1963 4597 fama
1995 4546 2046 4590 et
2075 4540 2247 4595 cultus

692 4618 1042 4681 audiebatur;
1086 4618 1177 4671 sed
1220 4619 1454 4686 nunquid
1496 4620 1582 4673 sie‘
1615 4620 1844 4689 liquido,
1876 4634 1967 4676 aut
2010 4635 2213 4681 tantum

691 4716 947 4775 quantum
978 4709 1113 4775 apud
1142 4723 1237 4761 nos
1262 4708 1360 4762 sub
1386 4710 1552 4777 gratia
1585 4711 1943 4767 constitutos?
1973 4714 2047 4768 De
2074 4717 2247 4771 Trini-

694 4812 803 4856 tate
830 4819 956 4858 vero
986 4798 1249 4855 individua
1282 4818 1469 4869 parum
1497 4805 1624 4874 quid
1663 4808 1911 4874 perpauci
1953 4817 2081 4863 tunc
2120 4826 2241 4865 scn—

694 4908 897 4953 serunt.
934 4899 1320 4969 Legislatorum
1364 4902 1505 4953 enim
1542 4901 1665 4964 ﬁlii,
1698 4906 1825 4972 quid
1853 4906 1916 4960 de
1944 4923 2047 4960 una
2072 4910 2247 4963 Trini-

695 4996 835 5050 tatc,
863 4988 943 5042 vel
974 4990 1110 5041 trina
1140 4990 1344 5042 unitate
1375 4990 1511 5042 scire
1539 4989 1793 5055 debeant,
1827 4994 1983 5065 digna
2015 4998 2245 5065 perculsi

695 5077 934 5131 caecitate
964 5078 1135 5132 adhuc
1161 5079 1439 5146 ignorant;
1472 5079 1613 5133 aliud
1644 5090 1836 5147 prteter
1874 5101 2037 5140 unum
2077 5074 2243 5144 Deum

692 5164 935 5222 conﬁteri
964 5166 1142 5220 miseri
1174 5169 1437 5233 nolentes,
1460 5179 1514 5223 et
1543 5170 1837 5239 garrientes
1866 5174 1917 5226 in
1941 5191 2039 5230 nos
2066 5180 2245 5234 verbis

695 5257 973 5327 malignis,
1014 5257 1137 5310 dum
1174 5258 1367 5311 dicitur
1404 5269 1456 5313 te
1488 5262 1684 5316 habere
1721 5261 1931 5316 Filium.
1964 5265 2122 5322 Nobis
2152 5286 2246 5323 au-

697 5357 833 5411 tem,
864 5348 953 5416 qui
982 5362 1046 5401 ex
1077 5348 1324 5418 gentibus
1350 5350 1622 5415 venimus,
1655 5369 1812 5421 quam
1844 5354 2007 5409 multa
2037 5366 2090 5411 et
2118 5374 2243 5413 vera

698 5446 763 5499 de
791 5444 930 5498 trino
956 5460 1166 5513 unoque
1194 5445 1300 5499 Deo
1329 5446 1507 5500 datum
1538 5448 1605 5501 sit
1637 5464 1844 5518 sapere,
1872 5453 2099 5520 probant
2122 5472 2243 5509 eor-

696 5536 762 5589 da
782 5574 796 5598 ,
827 5549 945 5602 qua:
972 5537 1225 5599 credunt,
1254 5553 1351 5592 nec
1377 5554 1482 5592 non
1515 5548 1567 5592 et
1594 5555 1707 5603 ora,
1740 5558 1857 5610 qua:
1884 5544 2238 5609 conﬁtentur;

700 5636 857 5691 atque
879 5624 1222 5683 nihilominus
1244 5626 1441 5697 ﬂagella
1476 5629 1586 5696 ipsa
1618 5639 1667 5681 et
1700 5646 1859 5694 ututs,
1885 5648 2001 5700 quae
2022 5649 2121 5702 pro
2143 5636 2242 5690 hac

2358 3132 2485 3197 Dic,
2520 3134 2750 3208 \ferbum
2783 3151 2994 3207 semper
3027 3154 3283 3207 manens,
3322 3142 3455 3198 doce
3488 3159 3703 3200 servum
3741 3146 3919 3203 humi-

2355 3218 2479 3274 liter
2508 3222 2946 3292 interrogantem.
2979 3226 3116 3293 Quid
3144 3228 3288 3283 enim
3319 3238 3425 3285 tam
3455 3239 3601 3287 tuum
3630 3248 3788 3303 quam
3818 3236 3920 3290 tu?

2357 3308 2463 3364 Sed
2493 3320 2546 3365 tu
2573 3320 2695 3365 tuus
2718 3322 2901 3369 etnon
2933 3324 3074 3380 tuus,
3105 3317 3228 3386 quia
3257 3334 3361 3373 non
3388 3336 3447 3375 es
3471 3336 3502 3373 a
3534 3331 3585 3375 te
3612 3322 3746 3391 ipso,
3776 3326 3919 3379 sicut

2356 3398 2410 3452 in
2436 3396 2617 3455 multis
2644 3416 2783 3471 scepe
2814 3403 2944 3459 locis
2975 3407 3220 3471 testaris,
3254 3409 3345 3462 sed
3382 3424 3412 3463 a
3449 3408 3638 3475 Patre,
3669 3413 3820 3483 cujus
3857 3430 3919 3469 es

2353 3486 2587 3542 Verbum
2610 3531 2623 3555 ,
2662 3507 2767 3545 non
2799 3494 3038 3548 sonabile
3071 3511 3166 3564 per
3201 3497 3432 3566 syllabas
3456 3511 3511 3555 et
3547 3500 3789 3569 volatile,
3820 3503 3916 3558 sed

2353 3592 2567 3647 semper
2590 3595 2703 3644 ens,
2732 3582 2917 3637 vivens
2941 3592 3101 3653 atque
3132 3601 3351 3641 manens
3374 3605 3388 3653 ;
3417 3589 3617 3645 etideo
3644 3590 3876 3647 Verbum
3895 3633 3914 3657 ,

2350 3682 2457 3722 non
2490 3670 2632 3737 quod
2664 3671 2861 3725 desinit
2889 3673 3151 3741 prolatum
3170 3715 3184 3738 ,
3211 3678 3303 3730 sed
3331 3678 3469 3746 quod
3500 3688 3778 3747 permanet
3812 3698 3914 3735 na—

2351 3766 2501 3822 tum;
2535 3773 2640 3812 non
2671 3762 3064 3827 transitorium,
3095 3764 3188 3818 sed
3217 3775 3472 3820 mteruum
3502 3786 3513 3819 :
3547 3783 3650 3821 non
3686 3768 3911 3833 factum,

2350 3844 2444 3913 sed
2470 3846 2734 3912 genitum;
2757 3863 2853 3902 nec
2884 3849 3054 3903 solum
3080 3853 3337 3918 genitum,
3365 3855 3456 3908 sed
3485 3856 3646 3910 etiam
3673 3858 3916 3929 unigeni-

2351 3944 2462 3988 tum
2480 3975 2494 3999 ,
2528 3937 2612 3991 cui
2643 3938 2777 3991 ratio
2804 3939 2954 3994 adest
2978 3942 3312 4011 disponenti,
3339 3953 3394 3998 et
3418 3947 3589 4017 virtus
3613 3958 3807 4017 praesto
3830 3960 3913 4005 est
3958 3947 3962 3951 ’

2348 4028 2667 4096 perficienti,
2718 4040 2776 4112 ut
2804 4040 2923 4100 pote
2951 4042 3081 4087 vero
3109 4034 3218 4089 Deo
3241 4044 3295 4091 et
3324 4052 3532 4091 summo
3559 4038 3798 4094 Domino.

2415 4119 2579 4189 389
2602 4120 2739 4175 XIV.
2770 4120 2843 4175 Te
2869 4123 3062 4192 quippe
3108 4126 3436 4196 unigenitum
3487 4127 3720 4181 Verbum
3748 4128 3922 4184 Patere

2347 4210 2530 4278 genuit
2570 4210 2635 4264 de
2662 4225 2721 4265 se
2762 4212 2896 4281 ipso,
2929 4227 3026 4280 per
3058 4216 3197 4282 quod
3224 4216 3403 4270 omnia
3430 4219 3633 4273 creavit
3670 4214 3739 4275 ex
3768 4221 3909 4276 nihi-

2350 4297 2437 4352 lo:
2488 4306 2544 4353 et
2587 4298 2789 4355 idcirco
2831 4301 3193 4358 indubitanter
3216 4307 3503 4371 credimus,
3546 4310 3670 4379 quia
3695 4311 3797 4365 nisi
3827 4320 3909 4376 tu,

2278 4388 2667 4467 Domniscium
2708 4398 2762 4443 et
2812 4391 3181 4460 cunctipotens
3233 4394 3503 4460 Verbum,
3552 4397 3693 4452 Deus
3737 4413 3905 4465 esses,

2346 4477 2492 4531 nullo
2521 4477 2678 4530 modo
2715 4491 2812 4546 per
2850 4486 2903 4531 te
2946 4480 3125 4534 omnia
3154 4480 3294 4534 facta
3342 4480 3584 4538 fuissent.
3632 4485 3908 4552 Quomodo

2346 4577 2589 4623 creatura
2634 4583 2818 4624 creare
2859 4569 3058 4638 aliquid
3100 4572 3315 4639 potest?
3359 4572 3555 4630 Crcare
3588 4587 3733 4632 certe
3760 4578 3908 4634 solus

2347 4658 2486 4711 Deus
2512 4657 2669 4722 valet,
2702 4660 2791 4728 qui
2819 4668 3030 4729 creatus
3056 4676 3160 4715 non
3189 4671 3290 4716 est.
3320 4664 3459 4718 Nihil
3488 4668 3653 4733 enim,
3680 4678 3905 4737 excepto

2346 4747 2477 4811 Deo,
2504 4764 2607 4801 non
2636 4757 2873 4803 creatum
2902 4758 3004 4804 est.
3044 4750 3197 4807 Absit
3224 4754 3291 4807 ab
3321 4755 3591 4810 intellectu
3617 4769 3822 4822 nostro,
3846 4770 3905 4816 ut

2344 4833 2542 4901 aliquid
2568 4834 2829 4889 fateamur
2865 4853 2927 4891 ex
2958 4838 3113 4893 Patre
3143 4841 3244 4894 nisi
3282 4842 3513 4909 Filium;
3544 4855 3597 4899 et
3639 4847 3758 4901 ideo
3796 4864 3904 4905 non

2344 4923 2444 4976 nisi
2476 4923 2613 4977 Deus
2640 4925 2785 4978 nasci
2819 4928 2990 4992 potuit
3016 4941 3084 4980 ex
3121 4927 3248 4991 Deo.
3291 4929 3442 4987 Unde
3471 4934 3601 4988 mihi
3633 4944 3685 4987 te
3728 4926 3903 4994 Patris

2346 5013 2943 5067 Verbum'considerare
2984 5013 3182 5069 volenti
3228 5018 3367 5072 nulla
3412 5020 3685 5077 sufﬁciunt
3712 5025 3901 5091 verba,

2344 5102 2534 5169 quibus
2571 5110 2623 5155 te
2649 5100 2856 5154 valeam
2886 5103 3173 5169 explicare.
3213 5105 3435 5173 Quando
3476 5119 3653 5165 autem
3693 5113 3904 5169 abunde

2342 5190 2423 5243 vel
2454 5177 2609 5261 digne
2631 5188 2774 5256 loqui
2794 5198 2978 5257 potero
2998 5191 3021 5243 ?
3045 5192 3214 5257 Quis?
3236 5195 3300 5248 de
3322 5210 3428 5263 quo
3447 5197 3468 5249 ?
3497 5198 3663 5253 Homo
3683 5200 3753 5253 de
3770 5198 3899 5263 Deo,

2342 5295 2473 5347 opus
2501 5281 2565 5334 de
2589 5280 2800 5348 opiﬁce,
2845 5281 3083 5343 mortalis
3108 5283 3171 5335 de
3201 5283 3507 5351 immortali,
3555 5298 3801 5344 creatura
3830 5291 3903 5346 de

2341 5368 2612 5433 Creatore,
2638 5384 2832 5438 parvus
2855 5369 2917 5422 de
2947 5369 3225 5435 immenso,
3254 5376 3558 5444 temporalis
3580 5376 3645 5430 de
3667 5385 3899 5444 aeterno;

2342 5457 2491 5526 Cujus
2517 5466 2597 5513 est
2621 5456 3367 5533 venerabilisomnipotentia.
3396 5480 3499 5532 qua
3533 5480 3629 5521 nos
3660 5450 3899 5537 gratuita

2343 5545 2575 5600 bonitate
2599 5545 2770 5600 fecisti
2797 5562 2809 5597 :
2842 5559 2938 5598 nec
2972 5543 3147 5601 minus
3177 5556 3352 5604 tamen
3382 5552 3752 5609 inenarrabilis
3777 5570 3902 5625 gra-

2341 5636 2433 5699 tia,
2464 5651 2564 5705 qua
2596 5650 2692 5689 nos
2724 5636 3234 5702 omnipotentissima
3263 5640 3623 5700 misericordia
3654 5645 3907 5700 salvasti.‘
