4254 6206
211 290 224 298 ἱ
314 336 524 394 “1037

1087 332 1237 391 OPP.
1284 332 1512 390 DUBIA.
1550 360 1620 373 -—
1656 327 1883 387 ALBINI
1918 326 2294 384 CONFESSIO
2331 326 2530 383 FIDEI.
2566 357 2633 368 -—
2662 327 2842 384 PARS
2877 326 2919 384 Ι.

3488 326 3626 383 1058

384 447 489 515 Qui
516 454 572 503 et
589 459 726 517 opus
745 444 1025 501 creatricis
1046 443 1449 513 omnipotentiae
1474 441 1643 512 gratis
1676 438 1873 500 fecisti,
1898 445 1955 492 et
1984 439 2028 494 Α
2054 445 2315 501 creatum,
2348 452 2447 491 nec
2479 437 2738 507 genitum,
2764 449 2947 506 neque.
2966 435 3282 508 ingenitum,
3315 436 3409 492 sed
3433 450 3502 492 ex
3530 435 3636 491 Pa-

387 554 523 608 opits
551 537 739 609 gratiae
776 535 1082 592 salvatrieis
1120 534 1520 603 omnipotenter
1558 529 1788 602 i_mplesti
1818 544 1832 579 :
1866 538 1962 581 na-

390 630 523 685 bens
550 627 801 693 nimirum
832 633 1106 695 perpetem
1133 631 1479 695 potestateztt,
1507 629 1562 676 et
1590 616 1856 675 conlendi
1888 617 1964 669 in-

391 719 641 784 condita,
667 726 724 773 et
746 716 956 787 perdita
986 714 1293 785 reparandi.
1338 712 1449 768 Nec
1473 712 1637 782 igitur
1664 709 1753 765 ille
1779 706 1968 779 ρι’ωεί-

390 825 529 883 puus
577 800 970 878 theologorum,
999 820 1209 861 summa
1238 803 1557 875 profundius
1583 801 1793 858 caeteris
1816 800 1968 868 aqui-

392 900 517 953 linis
541 895 932 968 contemplatus
943 893 1236 949 ‘obtutibus
1254 932 1269 955 ,
1315 892 1630 963 scriptitans
1655 898 1927 945 eructarct
1952 905 1965 939 :

393 986 461 1041 In
507 986 760 1058 principia
806 994 915 1038 erat
976 980 1201 1036 Verbum
1224 1005 1247 1044 ,ί
1298 990 1349 1034 et
1410 977 1629 1033 Verbum
1675 986 1788 1033 erat
1831 976 1971 1047 apud

397 1077 583 1139 Deum,
629 1084 675 1130 et
704 1073 845 1128 Deus
886 1083 996 1131 erat
1043 1068 1262 1125 Verbum
1288 1088 1322 1135 ;-
1354 1070 1451 1123 hoc
1478 1077 1587 1121 erat
1615 1067 1670 1119 in
1716 1065 1971 1137 principio

394 1166 538 1236 apud
565 1166 731 1219 Deum
756 1161 937 1236 (Joan.
969 1177 1005 1225 ι,
1040 1159 1093 1230 l)
1121 1177 1137 1226 ;
1183 1160 1288 1215 nisi
1315 1168 1369 1213 tu
1400 1158 1540 1213 Deus
1570 1155 1801 1213 Verbum
1838 1170 1974 1210 sem-

397 1271 494 1326 per
516 1254 654 1324 apud
684 1253 919 1315 Patrem,
947 1264 1160 1319 semper
1186 1262 1309 1302 cum
1336 1246 1518 1309 Patre,
1544 1258 1758 1314 semper
1784 1241 1851 1298 de
1876 1238 1974 1295 Pa-

401 1356 506 1408 tre,
555 1356 768 1412 semper
808 1355 958 1395 esses
983 1340 1038 1393 in
1068 1337 1265 1392 Patre:
1306 1351 1411 1390 non
1440 1334 1580 1390 sicut
1607 1348 1701 1387 vas
1738 1332 1792 1386 in
1822 1346 1971 1396 vase,

400 1439 482 1493 vel
506 1438 694 1493 civitas
722 1434 860 1505 apud
885 1431 1105 1497 urbem;
1136 1430 1230 1486 sed
1249 1429 1325 1483 uti
1348 1427 1609 1496 sapientia
1635 1425 1690 1479 in
1710 1423 1973 1494 sapiente,

399 1529 601 1583 veritas
646 1527 699 1580 in
744 1538 971 1586 veraee,
1022 1523 1235 1577 bonitas
1276 1521 1330 1575 in
1377 1520 1561 1582 bono,
1601 1517 1872 1572 aeternitas
1918 1513 1974 1575 in

401 1628 644 1682 auerno;
694 1617 818 1686 quia
870 1615 1000 1669 nibil
1039 1614 1184 1668 aliud
1228 1613 1283 1667 in
1320 1604 1499 1665 Patris
1522 1602 1823 1665 substantia
1870 1608 1974 1663 nisi

404 1709 564 1771 Deus,
591 1702 833 1776 :equalis,
873 1714 929 1760 et
955 1712 1257 1767 coaeternus
1294 1700 1396 1766 illi,
1437 1716 1469 1754 a
1507 1714 1620 1789 quo
1650 1695 1864 1769 genitus
1888 1712 1969 1762 es,

402 1814 523 1854 esse
550 1763 718 1869 potes.
762 1797 1108 1853 Obmutescat
1136 1797 1318 1865 itaque
1358 1802 1415 1847 et
1443 1807 1568 1856 cum
1595 1776 1710 1847 suis
1737 1763 2051 1845 auctori-VB

405 1891 507 1945 bus
544 1898 730 1960 pereat
781 1891 958 1945 omnis
997 1890 1249 1945 hatretica
1292 1890 1561 1959 pravitas,
1611 1902 1716 1957 qua
1762 1886 1978 1941 inimica

406 1994 619 2049 semper
648 1980 741 2033 lite
766 1994 909 2034 nunc
933 1978 1289 2033 substantiam
1315 1967 1521 2038 dividit,
1559 1993 1700 2032 nunc
1724 1990 1981 2048 personas

407 2066 706 2131 confundit.
753 2055 998 2130 Crescat,
1047 2081 1199 2136 rogo,
1249 2064 1373 2128 ﬁde,
1418 2072 1475 2118 et
1502 2065 1675 2135 magis
1702 2054 1980 2135 magisque

408 2156 514 2226 piis
559 2154 877 2211 fecundetur
925 2143 1134 2209 actibus
1174 2162 1347 2208 mater
1383 2152 1660 2217 Ecclesia,
1697 2169 1828 2224 qua:
1871 2159 1982 2207 tres

409 2246 537 2316 deos
564 2245 760 2311 colere,
793 2245 1086 2299 trinitatem
1126 2236 1185 2297 in‘
1206 2243 1449 2312 personis
1476 2258 1594 2297 non
1625 2242 1977 2313 distinguere,

407 2335 691 2406 profanum
709 2326 775 2391 et
799 2336 957 2389 nimis
979 2335 1198 2403 impium
1220 2331 1448 2401 judicat.
1480 2321 1605 2386 Huic
1624 2324 1853 2401 denique
1878 2347 1984 2386 cce-

410 2422 635 2479 lestilius
674 2414 884 2478 erudita
912 2420 1209 2491 disciplinis
1235 2421 1427 2485 credit,
1459 2419 1746 2479 conﬁtetur
1786 2429 1842 2475 et
1883 2421 1978 2475 do-

411 2520 499 2566 cet
527 2528 688 2568 unam
712 2512 901 2583 procul
926 2512 1087 2567 dubio
1109 2502 1463 2567 substantiam
1487 2510 1541 2566 et
1567 2521 1676 2566 tres
1702 2527 1981 2583 personas,

409 2604 590 2659 sciens
615 2590 792 2658 omnia
829 2618 948 2673 qua:
977 2604 1046 2658 ad
1073 2601 1196 2658 ﬁdei
1234 2592 1470 2673 regulam
1499 2592 1790 2673 pertinent.

482 2686 599 2746 XV.
630 2683 799 2766 Hujus
820 2682 1129 2762 magisterio
1146 2701 1203 2747 et
1224 2691 1468 2747 doctrina
1490 2687 1701 2748 ctelitus
1722 2685 1983 2761 inspirata

413 2788 446 2835 δ
495 2796 662 2852 puero
704 2780 914 2846 doctus,
962 2781 1126 2836 corde
1171 2782 1354 2846 credo,
1400 2788 1495 2836 ore
1535 2775 1797 2837 conﬁteor
1839 2792 1913 2853 te,
1950 2799 1984 2839 ο

415 2887 625 2927 summa
662 2858 919 2934 Trinitas,
944 2862 1120 2927 virtus
1146 2886 1272 2934 una,
1304 2879 1360 2926 et
1385 2862 1674 2928 indiscreta
1712 2873 1980 2943 maiestas.

415 2954 684 3017 Conﬁteor
705 2969 757 3017 te
774 2961 1013 3027 Patrem,
1038 2970 1093 3018 et
1113 2951 1329 3028 Filium,
1356 2973 1412 3019 et
1434 2954 1691 3033 Spiritum
1716 2974 1981 3032 sanctum,

415 3054 472 3110 in
498 3054 745 3123 personis
773 3048 995 3130 trinum,
1025 3055 1080 3108 in
1105 3044 1403 3111 substantia
1424 3072 1589 3111 unum
1608 3071 1793 3111 verum
1812 3047 1982 3117 Deum
2010 3052 2057 3130 ,,

2008 3104 2060 3169 ϐ

416 3142 873 3217 omnipotentem,
911 3141 1204 3197 visibilium
1249 3150 1304 3197 et
1353 3134 1704 3198 invisibiliur'n
1739 3144 1985 3199 condito-

419 3246 553 3287 rem.
597 3231 713 3287 Non
756 3245 951 3301 corpus
976 3240 1069 3286 aut
1100 3233 1153 3287 in
1182 3246 1411 3313 corpore
1436 3233 1692 3311 positum,
1722 3248 1897 3304 neque
1918 3248 1988 3289 ex

420 3322 645 3377 diversis
674 3321 955 3391 speciebus
981 3320 1317 3385 ammixtuin,
1351 3332 1445 3376 aut
1473 3325 1808 3377 memborum
1834 3337 1986 3376 com-

418 3412 703 3481 paginibus
728 3408 1041 3479 efﬁgiatum,
1070 3410 1164 3465 sed
1191 3397 1350 3465 unius
1376 3402 1636 3481 simplicis
1662 3416 1717 3465 et
1742 3410 1988 3480 incorpo-

419 3517 549 3567 reaz,
566 3501 849 3556 invisibilis
861 3511 917 3556 et
936 3501 1410 3570 incircumSeripta:
1431 3500 1655 3557 natorze.
1680 3500 1756 3558 Te
1772 3501 1990 3584 quidem
2006 3541 2011 3547 .

419 3603 605 3644 rerum
658 3588 910 3655 Patrem,
968 3604 1190 3644 summa:
1236 3589 1491 3643 bonitatis
1552 3597 1607 3644 et
1655 3590 1821 3644 totius
1869 3588 2030 3645 Dei-~

422 3680 548 3733 tatis
573 3677 909 3748 principium,
956 3668 1427 3747 incircumscriptc
1452 3676 1507 3734 ei
1530 3669 1783 3746 ingenitae
1828 3679 1991 3749 maje-

421 3769 578 3824 statis
604 3764 791 3831 Deum,
834 3782 899 3823 ex
930 3767 1076 3823 nullo
1101 3768 1380 3827 ducentem
1407 3769 1643 3835 initium,
1692 3770 1787 3824 sed
1811 3772 1989 3825 omni-

423 3860 524 3914 bus
553 3858 762 3913 initium
792 3858 1025 3922 dantem,
1058 3858 1221 3912 credo
1248 3868 1302 3912 et
1339 3859 1598 3913 conﬁteor
1622 3876 1635 3923 ;
1667 3874 1774 3914 non
1803 3873 1992 3929 corpo-

423 3950 527 4007 rali
567 3950 843 4021 progenie,
886 3965 1060 4021 neque
1095 3950 1451 4011 attrinsecus,
1503 3963 1608 4009 non
1649 3950 1990 4014 necessitate,

424 4052 597 4106 neque
644 4037 954 4112 voluntate,
1004 4038 1099 4093 sed
1146 4047 1337 4091 natura
1384 4037 1576 4091 Filium
1622 4049 1966 4107 generantem

428 4144 449 4174 ι
484 4138 509 4166 ι
536 4124 806 4181 Conﬁteor
825 4133 881 4180 et
911 4135 962 4179 te
989 4140 1171 4180 verum
1199 4113 1414 4189 Filium,
1454 4140 1518 4179 ex
1554 4114 1714 4179 Patre
1741 4126 1861 4180 sine
1886 4126 1991 4179 ini-

428 4222 505 4275 tio
546 4220 887 4276 ineﬁ‘abiliter
923 4228 1106 4275 natum
1130 4252 1148 4285 ,
1199 4234 1385 4275 verum
1423 4220 1589 4273 Deum
1638 4219 1988 4289 unigenitum,

425 4318 525 4381 per
550 4328 706 4383 quem
739 4310 879 4367 facta
917 4320 1043 4367 sunt
1079 4310 1293 4373 omnia,
1327 4320 1381 4364 et
1422 4324 1605 4366 verum
1643 4308 1820 4365 Patris
1858 4311 1992 4365 Ver-

426 4403 589 4471 bum;
620 4418 724 4456 non
759 4401 976 4467 factum,
1013 4417 1118 4457 non
1144 4409 1423 4465 creatum,
1467 4414 1569 4454 non
1601 4400 1986 4471 adoptativum,

366 4512 367 4515 η
426 4491 520 4545 sed
546 4492 781 4560 genitum
807 4500 862 4545 et
901 4492 1058 4545 unius
1087 4506 1207 4545 cum
1250 4490 1409 4555 Patre
1453 4478 1784 4552 substantiae,
1829 4486 1990 4561 atque

428 4578 502 4631 ita
526 4594 620 4648 per
643 4580 820 4632 omnia
845 4579 1102 4648 :cqualem
1148 4579 1256 4633 Deo
1289 4578 1458 4641 Patri,
1504 4587 1562 4631 ut
1604 4594 1699 4632 nec
1727 4568 1988 4647 tempore,

403 4683 530 4732 ,uec
562 4667 746 4737 gradu,
782 4681 879 4721 nec
907 4674 1169 4737 potestate
1204 4683 1322 4721 esse
1351 4669 1524 4736 possis
1566 4668 1805 4723 inferior.
1852 4666 1992 4722 Tan-

428 4766 647 4827 tumque
689 4770 806 4810 esse
844 4756 1103 4810 conﬁteor
1147 4764 1217 4819 te,
1266 4757 1357 4824 qui
1386 4760 1595 4825 genitus
1638 4773 1719 4821 cs,
1758 4768 1991 4828 quantus

428 4856 512 4914 est
539 4848 646 4912 ille,
676 4848 765 4916 qui
796 4858 847 4901 te
874 4848 1073 4917 genuit.
1113 4845 1235 4901 Non
1250 4854 1429 4901 autem
1456 4840 1580 4916 quia
1607 4848 1726 4903 dico
1751 4850 1987 4918 genitum

431 4950 461 4987 a
484 4934 641 4989 Patre
674 4934 891 5001 Filium.
933 4935 1127 4990 divinze
1153 4945 1207 4991 et
1234 4935 1484 4991 inell‘abili
1510 4938 1843 5005 generationi
1887 4938 1987 4993 ali-

348 5028 352 5031 ‘
429 5021 568 5088 quod
630 5031 839 5091 tempus
886 5025 1139 5080 ascribo:
1188 5025 1282 5080 sed
1332 5040 1428 5079 nec
1469 5018 1682 5079 Patrem
1729 5027 1850 5080 dico
1889 5027 1991 5081 ali—

429 5111 642 5183 quando
686 5110 1006 5179 incmpisse,
1052 5128 1153 5168 nec
1190 5122 1242 5167 te
1282 5113 1398 5183 ejus
1435 5111 1647 5167 Filium.
1701 5112 1815 5168 Non
1848 5117 1990 5171 enim

429 5192 584 5256 aliter
610 5198 849 5255 conﬁteri
877 5214 1159 5268 possumus
1185 5211 1445 5258 :eternum
1482 5204 1715 5266 Patrem,
1743 5204 1845 5259 nisi
1870 5221 1994 5261 con-

432 5292 677 5346 fiteamur
705 5288 866 5345 etiam
898 5298 949 5344 te
971 5297 1295 5346 comternum
1319 5288 1533 5348 Filium.
1578 5294 1656 5347 Ex
1684 5285 1822 5349 Filio
1848 5296 1991 5350 enim

429 5374 589 5434 Pater
622 5378 835 5444 dicitur,
871 5387 924 5433 et
959 5380 1049 5448 qui
1087 5394 1299 5452 semper
1326 5376 1485 5456 Pater
1510 5382 1628 5450 fuit,
1658 5386 1869 5454 semper
1892 5386 1991 5441 ha-

434 5464 611 5522 buisse
636 5467 828 5524 Filium
868 5483 971 5523 non
997 5470 1217 5524 dubium
1257 5480 1358 5527 est.
1394 5494 1413 5527 ι
1466 5474 1541 5528 'I'e
1586 5488 1795 5545 quoque
1833 5481 1995 5534 credo

429 5551 689 5621 Spiritum
730 5566 996 5625 sanctum,
1044 5574 1227 5639 verum
1265 5556 1453 5628 Deum,
1500 5572 1605 5618 non
1636 5557 1856 5632 factum,
1896 5586 1993 5625 nec

509 5678 532 5707 ⁸
555 5666 707 5735 Apud
736 5668 1032 5739 Pelagium,
1066 5673 1215 5727 initio
1242 5673 1608 5731 Confessionis
1638 5690 1763 5729 sum.

2066 541 2147 584 tre
2188 525 2426 597 Filioque
2452 526 2883 582 inenarrabiliter
2909 525 3311 597 procedentem,
3357 536 3413 582 et
3451 526 3505 581 in
3536 524 3635 581 Pa-

2064 624 2184 679 tre,
2237 618 2503 687 simulque
2550 616 2686 672 Filio
2727 616 3153 673 substantialiter
3188 624 3633 688 permanentem:
3675 630 3686 636 ‘

2065 714 2227 775 atque
2270 708 2346 762 ita
2390 721 2489 778 per
2527 706 2708 761 omnia
2732 706 2843 763 Deo
2888 706 3036 762 Patri
3078 714 3134 763 et
3179 705 3317 762 Filio
3353 705 3634 778 annalem,

2067 806 2413 864 aeternum,
2463 807 2521 853 et
2565 798 3109 865 consubstantialem,
3159 806 3219 854 ut
3250 812 3425 869 neque
3454 797 3644 878 volun-

2059 890 2209 954 ‘tate,
2242 904 2342 944 nec
2388 897 2674 959 potestate,
2726 904 2899 960 neque
2926 890 3247 956 :eternitate,
3298 904 3470 960 neque
3509 888 3640 944 sub-

2029 980 2266 1046 '_stantia
2307 976 2511 1036 ditl‘erri
2538 982 2716 1052 possis
2739 983 2809 1037 ab
2844 982 2945 1047 eis,
2980 980 3066 1036 vel
3091 980 3340 1051 prmeedi,
3388 994 3420 1035 a
3449 978 3643 1050 quibus

2069 1073 2335 1141 procejis.
2390 1072 2555 1143 Igitur
2597 1071 3127 1147 aeternumgPatrem
3171 1072 3292 1131 sine
3339 1071 3641 1141 nativitate,

2068 1171 2333 1218 anet-num
2367 1162 2559 1218 Filium
2589 1179 2709 1219 cum
2750 1164 3050 1228 nativitate,
3094 1172 3353 1217 :eternum
3383 1161 3644 1233 Spiritum

2070 1260 2319 1309 sanctum
2360 1268 2485 1307 cum
2525 1253 2901 1323 proccssione,
2947 1252 3065 1307 sine
3102 1251 3402 1307 nativitate.
3450 1249 3644 1307 Totum

2070 1342 2296 1397 Patrem
2316 1343 2369 1396 in
2398 1342 2533 1397 Filio
2558 1351 2614 1396 et
2639 1341 2842 1413 Spiritu
2888 1350 3110 1407 saneto,
3158 1350 3329 1398 totum
3366 1341 3558 1397 Filium
3587 1341 3642 1396 in

2069 1434 2232 1490 Patre
2254 1442 2311 1495 et
2339 1433 2542 1505 Spiritu
2569 1442 2778 1500 sancto,
2810 1444 2982 1490 totum
3009 1433 3266 1505 Spiritum
3295 1441 3563 1498 sanctum,
3590 1433 3645 1487 in

2073 1528 2230 1605 Page
2253 1533 2311 1582 et
2334 1525 2471 1589 Filio
2493 1535 2821 1581 manentem.
2868 1524 3105 1591 Patrem,
3149 1523 3364 1588 Filium,
3390 1532 3446 1579 et
3473 1522 3646 1594 Spiri-

2074 1601 2186 1669 iiii:
2211 1622 2482 1678 sanctum,
2526 1626 2690 1668 unum
2719 1612 2906 1678 Deum,
2950 1606 3393 1682 omnipotentem,
3423 1627 3527 1666 una
3555 1627 3651 1681 po-

2075 1712 2271 1760 testate
2293 1686 2509 1773 unoque
2538 1718 2727 1775 regno,
2768 1718 2874 1758 una
2900 1703 3205 1774 majestate,
3251 1718 3463 1772 unaque
3487 1712 3647 1758 arter-

2077 1795 2247 1850 nitate
2270 1808 2337 1850 ex
2364 1804 2512 1861 tunc,
2529 1804 2586 1850 et
2604 1809 2768 1859 nunc,
2785 1803 2840 1850 et
2862 1809 3076 1866 semper
3095 1796 3293 1865 ubique
3315 1807 3647 1867 regnantem,

2074 1886 2238 1941 corde
2264 1885 2427 1940 credo
2453 1893 2510 1941 et-
2529 1899 2626 1940 ore
2649 1885 2931 1945 conﬁteor.

2146 1974 2285 2029 XVI.
2311 1975 2393 2030 Ad
2421 1976 2564 2029 lianc
2591 1974 2714 2029 ﬁdei
2746 1974 2986 2047 regulam
3026 1975 3261 2045 dirigens
3298 1976 3649 2031 intentionem

2079 2080 2273 2130 meam,
2315 2072 2688 2141 quantumome
2709 2079 2867 2133 posse
2891 2062 3087 2129 fecisti,
3119 2065 3261 2122 Deus
3299 2078 3470 2129 meus,
3501 2080 3649 2134 qua:-

2078 2158 2181 2213 sivi
2232 2166 2285 2212 te
2311 2144 2368 2212 et
2389 2156 2688 2212 desideravi
2730 2156 3003 2213 intellectu
3039 2157 3221 2213 videre
3244 2157 3386 2226 quod
3423 2156 3647 2222 credidi.

2082 2247 2250 2316 llujus
2278 2247 2355 2300 rei
2382 2247 2554 2316 gratia
2581 2246 2855 2316 ingressus
2878 2261 2997 2301 sum
3022 2238 3311 2300 multarum
3333 2246 3649 2316 apothecam

2080 2336 2412 2404 deliciarum,
2437 2337 2631 2406 quibus
2654 2336 2894 2406 pascitur
2914 2344 3087 2392 mater
3109 2334 3348 2392 Ecclesia
3374 2354 3387 2391 :
3419 2337 3507 2392 ubi
3527 2351 3653 2392 con-
3754 2374 3758 2380 ς

2080 2427 2313 2482 sideravi
2338 2426 2588 2498 plurima,
2618 2434 2674 2481 ct
2695 2425 2834 2496 εωρί
2863 2425 3145 2497 explorare
3168 2425 3396 2498 singula.
3436 2426 3501 2481 Et
3525 2441 3649 2485 cum

2083 2520 2189 2573 huc
2216 2517 2445 2587 illucque
2468 2518 2661 2572 anxius
2682 2517 2975 2588 avidusque
3000 2517 3373 2583 discurrerem,
3404 2524 3457 2571 tu
3479 2519 3651 2574 bonus

2083 2608 2335 2679 aljuvare
2363 2608 2583 2678 cupiens
2624 2607 2949 2669 desiderium
2990 2608 3133 2677 quod
3175 2606 3411 2673 dedisti,
3457 2608 3649 2663 misisti

2084 2713 2301 2754 manum
2334 2696 2549 2768 pictatis
2573 2704 2696 2761 ture,
2726 2703 2784 2751 et
2814 2696 3019 2752 solvisti
3046 2698 3246 2752 nodum
3283 2695 3652 2767 ambiguitatis

2085 2802 2253 2853 inae;
2298 2795 2354 2843 et
2382 2786 2502 2843 ideo
2523 2785 2754 2842 delectat
2778 2799 2865 2846 me
2885 2787 2998 2857 jam
3028 2778 3182 2842 valde
3206 2787 3273 2842 de
3313 2795 3366 2843 te
3392 2788 3650 2860 cogitare,

2085 2874 2151 2933 de
2191 2886 2246 2934 te
2274 2876 2441 2947 loqui,
2490 2876 2782 2945 laudesque
2823 2884 2946 2933 tuas
2971 2892 3069 2948 pro
3106 2877 3321 2933 modulo
3346 2879 3655 2952 exiguitatis

2087 2983 2220 3024 meae
2258 2966 2584 3024 desideranti
2627 2968 2789 3023 corde
2828 2968 3183 3039 depromere;
3232 2979 3289 3025 ut
3318 2971 3374 3025 in
3403 2973 3652 3041 prmsenti

2086 3058 2303 3129 quidem
2345 3058 2563 3127 miseria
2603 3057 2719 3125 solo
2752 3071 3009 3133 corpore,
3049 3064 3223 3114 tecum
3249 3068 3428 3115 autem
3442 3070 3651 3127 mente.

2086 3153 2142 3202 et
2166 3146 2319 3202 omni
2359 3146 2615 3201 aviditate
2640 3138 2842 3201 tenear.
2887 3144 2960 3201 Mi
2987 3145 3228 3211 Domine,
3260 3146 3401 3203 Deus
3431 3139 3570 3205 trino
3598 3158 3655 3205 et

2086 3249 2212 3299 une,
2248 3235 2487 3290 scientiae
2520 3234 2700 3290 lumen
2726 3233 2960 3290 aceende
2984 3233 3038 3289 in
3069 3234 3176 3300 me,
3204 3249 3302 3306 per
3324 3236 3467 3305 quod
3493 3243 3548 3293 te
3570 3237 3653 3294 in-

2088 3322 2323 3396 tclligerc
2348 3338 2557 3380 merear
2582 3325 2786 3395 trinum
2812 3334 2871 3380 et
2897 3339 3063 3381 unum
3094 3322 3280 3392 Deum,
3313 3326 3452 3382 sicut
3479 3343 3539 3385 es
3560 3329 3657 3384 tri-

2088 3428 2190 3467 nus
2209 3421 2266 3468 et
2294 3428 2433 3469 unus
2454 3413 2597 3469 Deus
2622 3431 2636 3466 :
2665 3423 2721 3469 et
2745 3415 3056 3486 ignorantiae
3075 3416 3326 3473 tenebras
3345 3418 3516 3490 magis
3540 3432 3657 3474 ma-

2087 3520 2293 3575 gisque,
2328 3507 2469 3562 sicut
2500 3507 2709 3577 cmpisti
2744 3522 3071 3564 removeres
3104 3523 3229 3575 me;
3266 3518 3325 3564 ut
3358 3512 3654 3582 spiritalia

2087 3592 2436 3662 spiritualiter
2460 3594 2689 3661 videam,
2722 3603 2985 3664 quantum
3015 3596 3270 3667 possibile
3296 3607 3381 3653 est
3410 3600 3655 3655 humana:

2089 3680 2382 3765 fragilitati.
2429 3681 2507 3737 Da
2536 3673 2668 3738 mihi
2695 3684 2748 3738 In
2778 3685 2866 3739 via
2892 3685 3014 3752 hac,
3042 3698 3148 3757 qua
3175 3694 3227 3743 te
3251 3688 3387 3745 duce
3416 3690 3651 3763 gradior,

2090 3769 2433 3838 intellectum,
2468 3779 2630 3842 atque
2656 3770 2859 3844 inspira
2900 3767 3032 3831 mihi
3073 3786 3131 3833 et
3153 3792 3367 3849 semper
3398 3781 3530 3837 doce
3558 3796 3657 3853 per

2088 3863 2315 3933 gratiam
2350 3871 2516 3928 tuam,
2554 3863 2786 3933 qualiter
2819 3857 2874 3921 in
2912 3874 2967 3922 te
3010 3861 3548 3941 irreprebensibiliter
3585 3876 3657 3929 sit

2089 3953 2434 4021 credendum,
2470 3962 2531 4008 ut
2570 3963 2624 4011 te
2647 3971 2808 4011 unum
2849 3954 3016 4013 Deum
3042 3954 3403 4017 essentialiter
3426 3962 3649 4034 sapiam,

2082 4034 2774 4113 etincompreliensibiliter
2816 4046 3015 4102 trinum
3044 4042 3395 4118 personaliter
3417 4053 3648 4124 capiam,

2087 4130 2302 4201 Patrem
2331 4133 2645 4204 ingenitum,
2672 4134 2737 4189 de
2763 4133 2924 4189 Patre
2949 4136 3301 4207 unigenitum,
3336 4137 3402 4193 de
3428 4151 3655 4212 utroque

2087 4223 2475 4305 procedentem
2495 4233 2551 4278 et
2586 4223 2640 4277 in
2684 4229 2909 4294 utroque
2953 4232 3354 4296 permanentem
3395 4226 3651 4302 Spiritum

2090 4320 2353 4368 sanctum.
2386 4310 2597 4366 Nullum
2634 4312 2802 4368 tribus
2831 4309 3225 4386 anticipationis
3249 4314 3330 4374 vel
3364 4320 3651 4390 posterita-

2093 4404 2162 4458 tis
2212 4404 2539 4459 intervenire
2569 4396 2937 4473 momentum,
2974 4423 3073 4464 nec
3103 4400 3299 4465 habere
3342 4412 3652 4484 indisperti-
3699 4392 3702 4396 Δ

2094 4507 2203 4549 tum
2228 4496 2526 4567 imperium.
2560 4487 2676 4553 Non
2704 4498 2758 4553 in
2795 4499 3044 4557 creandis
3071 4498 3370 4569 consilium,
3405 4506 3653 4576 regendis

2090 4583 2533 4654 perﬁciendisque
2557 4586 2819 4664 creaturis
2839 4587 3114 4653 auxilium,
3136 4605 3374 4664 opusque
3394 4594 3649 4650 divinum.

2090 4667 2254 4744 390
2274 4672 2537 4744 Quidquid
2561 4663 2667 4729 illic
2688 4668 2927 4731 naturale
2949 4686 3031 4731 est
3057 4663 3410 4751 indisruptum
3438 4697 3451 4744 ;
3504 4683 3654 4751 quiil-

2090 4763 2218 4832 quid
2243 4758 2525 4833 personale
2548 4771 2631 4819 est
2654 4763 3009 4832 inconfusum.
3048 4762 3092 4823 Ο
3133 4769 3441 4838 mysterium
3469 4762 3652 4825 ineﬁ'a-

2092 4852 2194 4909 bile
2218 4863 2274 4908 et
2301 4869 2411 4924 prae
2436 4853 2644 4908 caeteris
2668 4853 2937 4909 intellectu
2967 4854 3182 4912 difﬁcile
3208 4860 3219 4911 !

2166 4944 2321 5013 XVII.
2360 4953 2583 5022 Reliqua
2624 4969 2751 5009 vero
2783 4968 3138 5022 sacramenta,
3183 4974 3299 5029 quae
3324 4970 3572 5016 tenentur
3596 4962 3651 5015 in

2097 5041 2331 5098 Ecclesia
2360 5051 2470 5107 tua,
2512 5043 2754 5110 Domine,
2777 5044 3036 5115 stupenda
3066 5058 3191 5102 sunt
3217 5059 3272 5104 et
3304 5050 3606 5104 veneranda
3632 5068 3649 5114 ;

2095 5132 2187 5186 sed
2223 5130 2364 5189 istud
2399 5130 2476 5184 tui
2515 5142 2908 5187 sacramentum
2940 5135 3190 5204 prmcellit
3227 5137 3494 5192 universa.
3540 5136 3655 5194 lloc

2091 5234 2283 5289 nempe
2318 5220 2395 5274 tui
2435 5219 2717 5276 individuce
2758 5221 3033 5281 Trinitatis
3072 5212 3397 5299 mysterium,
3432 5237 3487 5283 et
3524 5227 3651 5283 illud

2094 5308 2326 5363 caelestis
2365 5322 2564 5366 mensa:
2593 5323 2987 5370 sacramentum
3009 5356 3025 5382 ,
3079 5331 3197 5386 qua
3226 5316 3406 5373 ﬁdeles
3452 5326 3505 5372 et
3534 5320 3652 5388 pias

2095 5396 2301 5452 animas
2334 5399 2505 5467 pascit
2527 5396 2707 5467 carne,
2748 5412 2802 5457 et
2830 5413 2977 5474 potat
3005 5407 3287 5479 sanguine,
3324 5420 3390 5460 ne
3413 5409 3653 5463 esuriant

2097 5500 2266 5555 neque
2290 5487 2474 5541 sitiant
2504 5487 2557 5541 in
2579 5498 2867 5559 aeternum;
2914 5492 2995 5548 fac
3026 5510 3129 5559 me,
3169 5493 3303 5547 Deus
3325 5510 3493 5560 mens,
3517 5513 3650 5567 pura
3744 5486 3749 5493 “

2095 5586 2147 5629 et
2177 5574 2400 5645 simplici
2425 5579 2748 5635 conscientia
2780 5583 3037 5653 prmcipue
3068 5588 3201 5637 inter
3241 5593 3427 5640 rmtera
3452 5589 3652 5643 sentire
