4254 6228
733 297 861 350 1059

1520 289 1585 379 Β.
1625 289 1685 344 F.
1726 288 1949 344 ALBINI
1987 285 2118 345 SEU
2155 286 2429 344 ALCUINI
2463 288 2747 348 OI‘ERUM
2783 292 3129 350 PARS'VIII.

3796 292 3941 351 £050

723 418 777 464 et
802 409 1035 473 credere,
1060 420 1269 461 sumere
1293 414 1346 458 et
1369 386 1617 458 retinere.
1646 401 1720 455 Ne
1748 401 1914 465 sinas,
1940 415 2141 470 qum,
2173 400 2278 456 Do-
2303 409 2349 463 Α
2384 402 2477 457 tibi
2506 403 2615 458 Deo
2643 403 2785 458 Patri
2809 407 2977 476 possit
3001 404 3303 470 convenire,
3336 415 3393 461 ut
3429 416 3521 461 aut
3550 406 3685 462 Filio
3712 415 3819 475 tuo,
3848 407 3949 463 aut

725 500 888 565 mine,
924 498 1081 553 [idem
1104 499 1156 551 in
1196 496 1272 550 eis
1307 507 1478 548 meam
1518 492 1850 561 aliquatenus
1880 487 2147 553 vacillare,
2186 488 2281 554 sed

726 592 801 645 ita
824 603 1033 660 semper
1064 590 1128 642 de
1164 587 1264 641 illis
1285 600 1382 656 pro
1423 593 1512 639 tua
1545 584 1750 637 tribuas
1777 582 1974 651 pietate
2007 580 2137 634 milii
2165 595 2278 635 ere-

725 676 852 732 dere
878 692 941 732 ac
965 675 1273 746 intelligere,
1305 673 1445 727 sicut
1468 671 1669 727 veritas
1698 684 1883 725 eorum
1908 683 1967 723 se
1993 668 2169 722 habet.
2202 667 2283 722 In-

727 775 832 820 tret
856 766 909 820 in
932 780 1025 820 cor
1049 778 1223 817 meum
1258 762 1430 834 gratia
1453 770 1559 825 tua,
1586 774 1703 830 quae
1731 767 1884 815 sonet
1915 758 2032 814 sine
2053 774 2202 823 sono,
2230 768 2284 813 et

666 919 677 927 υ
724 856 841 909 sine
891 855 1114 922 strepitu
1148 853 1393 921 loquatur
1444 859 1709 903 tantorum
1743 861 1955 903 omnem
2003 846 2281 907 veritatem

724 942 1118 1013 mysteriorum.
1153 940 1291 995 Luce
1317 947 1373 993 et
1400 928 1677 992 dulcedine
1709 937 1852 991 intus
1881 932 2098 1004 ubique,
2126 942 2181 988 et
2206 932 2285 989 fo-

726 1033 802 1088 ris
831 1032 1062 1100 undique
1106 1030 1388 1100 perfundat
1426 1030 1659 1084 animam
1703 1041 1875 1081 meam
1910 1024 1999 1079 illa
2030 1024 2283 1095 magistra

725 1124 979 1178 virtutum
1020 1131 1075 1175 et
1116 1121 1273 1176 index
1309 1120 1544 1175 omnium
1584 1119 1907 1173 veritatum:
1944 1122 1998 1184 et
2030 1115 2108 1170 sic
2148 1115 2281 1169 irra-

726 1214 919 1268 diando
948 1221 1002 1268 et
1029 1211 1328 1297 sapprando
1360 1225 1501 1274 eam,
1552 1210 1604 1264 in
1652 1208 1768 1279 ipso
1814 1207 2054 1262 veritatis
2099 1216 2285 1261 centro

726 1302 960 1359 stabiliat
1004 1312 1164 1373 atque
1192 1301 1493 1366 conﬁrmet,
1530 1309 1589 1355 ut
1630 1314 1731 1355 nec
1763 1299 1922 1354 velim
1950 1314 2046 1354 nec
2084 1298 2285 1369 possim

726 1396 793 1450 de
824 1394 985 1450 tantis
1012 1392 1281 1463 mysteriis
1315 1392 1470 1446 aliter
1502 1390 1721 1456 sentire,
1764 1390 1870 1445 nisi
1914 1389 2052 1464 sicut
2078 1396 2285 1459 oportet

727 1493 782 1537 et
807 1484 976 1539 decet.
1030 1481 1218 1536 Mirum
1247 1488 1332 1536 est
1356 1481 1498 1551 quod
1540 1480 1712 1550 gestio
1740 1479 1934 1543 dicere,
1984 1478 2081 1534 sed
2108 1478 2287 1550 lingua

729 1566 833 1626 non
868 1570 1096 1642 explicat
1137 1569 1279 1640 quod
1309 1585 1460 1653 mens
1485 1576 1649 1639 Optat.
1684 1567 2030 1638 Omnipotens
2052 1568 2284 1635 bonitas,

2378 492 2598 563 Spiritui
2625 504 2809 551 sancto
2838 497 3122 552 convenire
3149 506 3397 567 nequeat.
3425 498 3668 555 Dicimus
3695 508 3747 553 te
3774 498 3945 553 Deum

2381 586 2591 641 Patrem
2616 583 2927 644 naturaliter
2948 603 3067 644 esse
3096 590 3258 644 Deum
3283 608 3298 653 ;
3327 590 3419 645 sed
3440 590 3763 646 naturaliter
3779 588 3865 645 est
3888 598 3949 646 et

2378 678 2546 732 Filius
2570 679 2729 743 Deus,
2760 679 3073 734 naturaliter
3091 689 3173 735 est
3196 690 3250 736 et
3281 680 3512 751 Spiritus
3530 688 3753 737 sanctus
3772 668 3945 736 Deas:

2378 783 2485 821 non
2512 775 2691 821 tamen
2719 776 2829 823 tres
2853 769 2955 834 Dii,
2992 770 3085 825 sed
3119 782 3256 825 unus
3296 771 3615 827 naturaliter
3639 771 3800 836 Deus,
3840 770 3948 826 Pa—

2380 864 2491 923 ter,
2530 864 2584 912 et
2609 854 2890 931 Filius,'et
2925 857 3156 929 Spiritus
3192 867 3438 914 sanctus.
3484 860 3686 916 Idcirco
3736 861 3950 930 insepa-

2380 946 2563 1000 rabilis
2591 960 2651 1001 es
2679 954 2863 1002 saneta
2884 944 3122 1003 Trinitas
3150 949 3290 1011 Deus
3322 950 3377 1005 in
3408 950 3653 1021 personis
3679 966 3838 1005 sensu
3862 951 3951 1004 in-

2379 1036 2681 1109 telligenda,
2733 1038 2977 1107 quamvis
3022 1039 3076 1093 in
3117 1054 3248 1095 voce
3288 1040 3602 1121 separabilia
3636 1032 3801 1096 habes
3842 1056 3947 1095 no-
4002 1117 4011 1122 ν

2380 1127 2550 1192 mina,
2575 1127 2699 1197 quia
2726 1126 2984 1197 pluralem
3016 1141 3296 1183 numerum
3325 1129 3379 1183 in
3406 1138 3613 1189 natura:
3636 1128 3948 1185 nominibus

2384 1217 2680 1273 nullatenus
2704 1218 3002 1300 recipis.'ln
3036 1218 3138 1274 hoc
3171 1220 3315 1274 enim
3357 1219 3659 1274 ostenditur
3686 1233 3949 1300 personas

2383 1325 2489 1363 non
2518 1325 2677 1379 posse
2707 1309 2868 1364 dividi
2911 1294 2964 1364 in
2995 1318 3182 1364 sancta
3215 1309 3500 1375 Trinitate,
3530 1324 3650 1380 quae
3688 1324 3831 1365 unus
3856 1294 3955 1364 ve-

2387 1414 2477 1456 rus
2499 1400 2639 1454 Deus
2663 1414 2742 1465 es,
2776 1399 2902 1469 quia
2931 1398 3214 1469 cujuslibet
3240 1416 3484 1471 personae
3519 1416 3713 1458 nomen
3736 1416 3954 1473 semper

2386 1494 2451 1549 ad
2487 1494 2708 1551 alteram
2747 1494 2967 1565 respicit
3006 1509 3310 1565 personam.
3349 1495 3407 1551 Si
3438 1494 3653 1552 Patrem
3683 1496 3823 1561 dico,
3860 1496 3955 1552 Fi-

2386 1586 2513 1660 lium
2534 1586 2787 1653 ostendo;
2825 1570 2871 1642 si
2893 1586 3082 1642 Filium
3104 1588 3337 1652 nomino,
3365 1588 3581 1645 Patrem
3602 1587 3872 1660 przedico;
3902 1587 3953 1643 si

730 1663 881 1733 cujus
912 1661 1126 1747 pietatis
1156 1675 1314 1714 aures
1340 1649 1470 1729 ipsis
1502 1673 1791 1731 pauperum
1834 1667 2043 1714 tuorum
2079 1658 2288 1715 deside-
2327 1745 2355 1748 _
2388 1649 2646 1746 έρῖι-ίωω
2668 1688 2705 1729 ει

2339 1746 2355 1748 _
2388 1649 2646 1746 Spiritum
2668 1649 2908 1731 sanctum
2934 1674 3157 1745 appello,
3192 1649 3418 1747 alicujus
3441 1691 3561 1733 esse
3583 1649 3829 1748 spiritum
3858 1649 3957 1731 ne-

732 1755 828 1808 riis
858 1745 1060 1821 patent,
1098 1750 1329 1842 intellige
1355 1751 1642 1842 clamorem
1687 1749 1863 1805 cordis
1889 1749 2041 1825 iservi
2086 1750 2189 1842 tui,
2237 1758 2291 1804 et
2325 1745 2365 1803 Β
2389 1782 2538 1824 cesse
2566 1778 2650 1824 est
2673 1768 2912 1842 inmnigi,
2945 1768 2997 1824 id
3029 1778 3131 1835 est.
3161 1745 3342 1825 ρηινίέ
3358 1777 3412 1824 ει
3433 1768 3573 1825 βείω,

733 1844 852 1898 fave
880 1842 1017 1896 votis
1048 1841 1200 1896 meis.
1243 1840 1459 1905 Praesta,
1490 1839 1728 1905 Domine,
1758 1850 1818 1895 ut
1839 1842 1953 1911 ipso
1976 1841 2170 1895 mentis
2202 1855 2292 1911 pa-

734 1938 841 1991 lato
882 1934 1131 1997 sentiam,
1174 1941 1381 2004 gustem
1410 1940 1465 1987 et
1508 1932 1706 2001 sapiam
1734 1931 1847 1987 haec
1878 1931 2164 1987 inell‘abilia
2205 1947 2293 1987 sa-

731 2033 1023 2081 cramenta.
1069 2021 1257 2094 Magna
1284 2022 1426 2078 enim
1469 2029 1593 2077 sunt
1623 2032 1676 2075 et
1704 2022 1839 2075 mira
1877 2021 2070 2076 valde:
2118 2031 2174 2075 et
2195 2036 2293 2091 ego

730 2116 983 2188 parvulus
1021 2116 1075 2169 in
1105 2129 1290 2169 eorum
1321 2112 1749 2168 consideratione
1788 2111 2004 2176 delicio,
2049 2111 2304 2180 quotiens

726 2209 804 2265 ad
833 2209 1081 2264 intuenda
1129 2222 1190 2263 ea
1226 2206 1347 2261 ﬁdei
1397 2204 1578 2261 oculos
1614 2203 1815 2259 attollo.
1871 2202 1973 2281 Sed
2019 2202 2144 2271 quia
2190 2218 2295 2256 uno

735 2298 893 2355 modo
936 2307 1158 2367 utraque
1209 2295 1361 2351 nobis
1414 2294 1715 2350 necessaria
1762 2300 1886 2347 sunt
1934 2294 1999 2346 ad
2047 2293 2291 2357 salutem,

733 2388 875 2442 Deus
907 2394 1093 2441 auctor
1119 2386 1375 2448 omnium,
1425 2384 1707 2438 invisibilis
1750 2382 1990 2447 Creator,
2024 2382 2114 2452 qui
2148 2398 2208 2437 es
2242 2383 2297 2437 in

737 2474 1031 2533 substantia
1059 2491 1265 2530 summa
1306 2485 1359 2529 et
1389 2490 1493 2529 una
1529 2474 1794 2538 divinitas,
1834 2482 1993 2542 atque
2027 2473 2080 2526 in
2113 2488 2297 2544 perso-

732 2572 816 2625 nis
843 2584 967 2625 vera
992 2578 1043 2623 et
1066 2565 1301 2639 perfecta
1324 2566 1575 2631 Trinitas,
1611 2575 1660 2621 te
1684 2567 1848 2621 Deum
1874 2565 2086 2621 Patrem
2112 2582 2292 2633 exoro,

733 2674 798 2713 ex
823 2672 927 2728 quo
947 2655 1148 2721 omnia,
1179 2663 1232 2708 et
1264 2654 1453 2710 Filium
1490 2663 1656 2719 tuum,
1688 2668 1785 2724 per
1816 2669 1972 2722 quem
1997 2654 2195 2720 omnia,
2223 2655 2296 2709 si-

733 2748 945 2817 mulque
969 2747 1223 2817 Spiritqu
1250 2754 1512 2808 sanetum,
1547 2744 1599 2799 in
1633 2760 1739 2814 quo
1769 2744 1966 2798 omnia.
2007 2743 2082 2798 Te
2116 2744 2295 2800 Domi—-

733 2854 860 2893 num
886 2822 1081 2901 meum,
1122 2852 1279 2906 quem
1306 2852 1468 2891 unum
1495 2844 1550 2889 et
1572 2851 1758 2890 verum
1791 2836 1842 2889 in
1876 2835 2135 2889 Trinitate
2163 2850 2291 2891 con-

735 2927 893 2982 ﬁteor
923 2928 1106 2989 Deum,
1152 2942 1256 2996 quo
1300 2926 1488 2989 creati,
1528 2924 1741 2979 liberati
1788 2934 1842 2979 et
1875 2924 2155 2979 illuminati
2204 2920 2294 2979 su-

736 3036 874 3087 mus,
900 3020 1118 3090 supplex
1164 3034 1310 3089 rogo,
1362 3027 1628 3073 tantorum
1672 3018 1857 3073 avidus
1897 3018 2287 3088 mysteriorum,

735 3110 873 3166 laeta
919 3124 1025 3173 me,
1068 3109 1208 3162 nutri
1252 3123 1353 3172 me,
1386 3117 1441 3162 et
1480 3108 1533 3161 in
1578 3122 1883 3161 mensuram
1913 3108 2086 3160 :etatis
2124 3120 2300 3175 usque

736 3198 955 3269 perfecti
990 3198 1088 3250 viri
1121 3180 1293 3249 meam
1326 3195 1552 3250 extende
1580 3194 1944 3264 exiguitatem,
1980 3201 2042 3246 ut
2072 3193 2293 3247 solidum

735 3291 879 3345 hunc
911 3296 964 3343 et
990 3287 1344 3357 perfectorum
1387 3285 1564 3339 cibum
1594 3298 1783 3354 capere
1825 3283 2046 3338 valeam.
2095 3282 2294 3352 Imper-

734 3380 923 3448 fectum
964 3377 1099 3430 enim
1126 3389 1291 3428 meum
1317 3372 1486 3427 vident
1522 3371 1656 3426 oculi
1683 3372 1783 3428 mei
1828 3369 1999 3441 (Paul.
2036 3386 2292 3435 cxxxvin,

737 3466 849 3536 ιθ).
1448 3524 1451 3525 ν
2288 3540 2291 3541 ί

803 3577 982 3634 XVIII.
1020 3578 1184 3632 Dator
1227 3574 1461 3634 omnium
1502 3574 1759 3629 bonorum
1794 3571 1934 3627 Deus
1974 3570 2162 3637 Pater,
2210 3572 2292 3625 cui

736 3684 1006 3740 nunquam
1043 3669 1158 3723 sine
1200 3681 1295 3735 spe
1341 3664 1716 3720 misericordia:
1771 3662 2127 3732 supplicatur,
2171 3677 2292 3716 cum

736 3760 873 3813 Filio
899 3767 1009 3821 tuo,
1038 3768 1092 3812 et
1133 3755 1334 3825 Spiritu
1358 3762 1564 3818 sancto,
1598 3753 1662 3807 da
1691 3752 1831 3825 quod
1882 3751 2143 3805 desiderat
2184 3759 2237 3804 et
2263 3767 2290 3803 a

739 3859 791 3903 te
817 3848 1047 3919 postulat
1085 3848 1257 3898 anima
1290 3858 1425 3897 mea.
1481 3843 1717 3909 Quorum
1745 3839 1884 3894 enim
1924 3856 2026 3892 una
2057 3849 2141 3893 est
2170 3841 2293 3893 sub-

738 3932 957 4001 stantia,
996 3949 1155 3988 unum
1200 3941 1282 3987 est
1313 3941 1365 3986 et
1394 3932 1608 3994 datum,
1646 3940 1701 3984 et
1740 3930 1872 3984 adeo
1903 3944 2003 3981 una
2035 3930 2290 3997 operatio,

738 4042 903 4081 unum
941 4026 1155 4087 donum,
1206 4035 1416 4091 unaque
1444 4029 1704 4090 potestas,
1749 4019 1890 4072 utin
1933 4019 2045 4087 ipsa
2085 4033 2293 4087 quoque

740 4132 1085 4187 personarum
1120 4111 1443 4184 proprietate
1480 4112 1634 4181 juxta
1674 4108 2065 4179 profundiorem
2092 4110 2295 4164 intelle-

740 4218 883 4263 enim
912 4206 1152 4277 quaedam
1190 4204 1368 4257 unitas
1416 4203 1692 4256 sentiatur.
1737 4200 2104 4270 Inseparabilis
2136 4201 2293 4254 nimi-

742 4304 861 4353 rum
882 4305 1081 4352 naturae
1105 4305 1207 4349 ture
1229 4282 1405 4365 unitas
1425 4306 1529 4345 non
1554 4299 1728 4360 potest
1755 4291 2075 4359 separabiles
2097 4291 2293 4344 habere

740 4376 1013 4459 personas,
1047 4386 1173 4455 quia
1204 4385 1342 4438 sicut
1371 4380 1606 4436 Trinitas
1626 4382 1684 4435 es
1718 4382 1769 4435 in
1795 4382 2014 4445 unitate,
2042 4390 2094 4435 et
2120 4382 2291 4435 unitas

742 4478 795 4531 in
819 4474 1097 4538 Trinitate,
1129 4473 1208 4527 sic
1234 4470 1618 4540 separationem
1642 4486 1747 4523 non
1775 4478 1923 4538 potes
1950 4470 2153 4535 habere
2174 4485 2293 4540 per-

741 4578 1009 4619 sonarum.
1075 4561 1424 4615 Nominantur
1481 4560 1692 4629 quidem
1752 4561 1853 4616 ilice
1900 4577 2139 4630 persona:
2191 4562 2289 4614 ali-

741 4653 954 4723 quando
994 4651 1250 4722 singulze;
1300 4650 1391 4705 sed
1425 4650 1494 4704 ita
1526 4650 1736 4704 voluisti
1761 4660 1831 4714 te,
1875 4650 2106 4704 Trinitas
2130 4650 2287 4713 Deus,

742 4740 1147 4808 inseparabilem
1188 4741 1466 4793 ostendere
1506 4740 1558 4791 in
1593 4738 1854 4807 personis,
1893 4746 1949 4790 ut
1981 4739 2177 4791 nullum
2220 4740 2289 4792 ibi

745 4845 932 4891 nomen
959 4831 1027 4884 sit
1064 4830 1114 4883 in
1146 4828 1378 4897 qualibet
1404 4842 1627 4895 persona
1653 4867 1666 4890 ,
1714 4827 1853 4894 quod
1891 4828 1954 4880 ad
1996 4827 2149 4881 aliam
2174 4843 2293 4896 per-

745 4930 931 4967 sonam
964 4918 1249 4970 secundum
1294 4914 1565 4969 relationis
1600 4914 1830 4983 regulam
1877 4931 1981 4969 non
2011 4915 2291 4980 referatur,

746 5005 885 5058 sicut
911 5002 1068 5056 Pater
1089 5005 1154 5057 ad
1184 5004 1391 5069 Filium,
1430 5013 1482 5057 et
1506 5002 1671 5057 Filius
1692 5004 1757 5057 ad
1782 5003 2009 5067 Patrem,
2056 5004 2137 5057 vel
2174 5003 2294 5071 Spi-

746 5092 880 5147 ritus
914 5094 1128 5146 sadetus
1161 5093 1225 5145 ad
1257 5094 1469 5148 Patrem
1504 5100 1558 5147 et
1603 5092 1794 5146 Filium
1830 5096 2102 5149 verissime
2134 5094 2300 5149 refer-

747 5188 851 5233 tur.
901 5179 975 5234 Ea
1002 5194 1125 5233 vero
1168 5181 1400 5244 nomina,
1452 5198 1569 5250 quae
1599 5183 1949 5236 substantiam
1992 5184 2071 5236 vel
2113 5193 2298 5253 poten—

747 5268 898 5331 tiam,
943 5266 1025 5320 vel
1060 5267 1344 5321 essentiam
1380 5277 1520 5321 tuam
1559 5271 1879 5338 signiﬁcant,
1931 5271 2010 5324 vel
2044 5274 2296 5340 quidquid

746 5356 957 5424 proprie
1000 5356 1193 5410 dicitur
1236 5356 1407 5418 Deus,
1462 5356 1707 5412 omnibus
1750 5361 1991 5426 personis
2024 5363 2299 5427 :equaliter

747 5444 1100 5509 conveniunt;
1143 5453 1203 5499 ut
1229 5446 1369 5499 Deus
1396 5461 1639 5515 magnus,
1672 5448 1861 5512 bonus,
1893 5456 2139 5512 aeternus,
2186 5466 2297 5503 om-

746 5535 1011 5602 nipotens,
1048 5545 1103 5590 et
1132 5536 1308 5589 omnia
1331 5550 1449 5606 quae
1476 5536 1786 5606 naturaliter
1810 5539 1873 5592 de
1912 5548 1963 5592 te
1987 5538 2095 5593 Deo
2116 5540 2300 5593 dicun—

748 5631 853 5677 tur.
889 5622 1000 5677 Non
1025 5636 1104 5678 est
1134 5624 1535 5695 igituraliquod
1572 5637 1773 5682 naturze
1802 5643 2014 5693 nomen,
2052 5629 2193 5696 quod
2224 5630 2301 5683 sic

2457 1858 2596 1914 XIX.
2630 1858 2708 1915 Tu
2734 1876 2861 1916 vero
2894 1862 3073 1916 unitas
3107 1860 3334 1916 Deitatis
3362 1873 3711 1930 personarum
3741 1856 3961 1927 plurali-

2391 1958 2497 2004 tate
2540 1949 2835 2021 multiplex,
2880 1950 3281 2014 numerabiliter
3312 1965 3373 2006 es
3418 1947 3838 2012 innumerabilis,
3886 1961 3958 2001 ac

2392 2040 2590 2096 idcirco
2615 2041 3046 2096 mensurabiliter
3076 2030 3545 2106 immensumbilis,
3561 2047 3618 2096 et
3640 2037 3962 2110 ponderabi-

2394 2130 2514 2185 liter
2532 2130 2980 2201 imponderabilis.
3000 2129 3113 2187 Non
3135 2131 3521 2186 enim’summte
3541 2129 3813 2193 bonitatis,
3835 2142 3961 2197 quae

2394 2231 2449 2276 tu
2476 2224 2586 2293 ipse
2607 2237 2687 2287 es,
2718 2221 3029 2293 proﬁtemur
3060 2222 3340 2293 originem,
3383 2236 3453 2277 ex
3484 2235 3589 2290 qua
3618 2220 3818 2284 omnia,
3856 2233 3956 2288 per

2390 2328 2553 2385 quam
2576 2313 2775 2378 omnia,
2815 2313 2999 2384 inqua
3031 2313 3233 2379 omnia,
3270 2314 3365 2370 sed
3385 2312 3500 2385 ejus
3539 2311 3958 2385 participatione

2392 2401 2618 2456 dicimus
2644 2401 2783 2455 bona
2804 2402 3002 2456 omnia.
3028 2399 3163 2455 Nam
3187 2409 3277 2455 tua
3300 2401 3476 2457 divina
3500 2398 3796 2455 substantia
3818 2388 3963 2452 seni-

2392 2504 2489 2559 per
2511 2490 2686 2545 caruit
2723 2506 2787 2544 ac
2812 2500 2960 2545 caret
2983 2489 3227 2555 materia,
3258 2490 3383 2545 licet
3416 2505 3521 2544 non
3551 2497 3730 2544 careat
3758 2487 3954 2553 forma,

2392 2598 2550 2653 quam
2596 2582 2722 2637 dum
2754 2582 3017 2653 imprimis
3045 2583 3198 2652 quasi
3240 2581 3468 2653 sigillum
3511 2566 3674 2635 rebus
3714 2576 3957 2648 singulis,

2390 2674 2634 2733 eassine
2676 2674 2751 2728 tui
2794 2674 3062 2745 augmenti
3110 2682 3203 2727 aut
3246 2671 3551 2729 detrimenti
3598 2669 3959 2725 mutabilitate

2389 2763 2575 2835 procul
2609 2764 2769 2817 dubio
2792 2778 2823 2816 a
2867 2771 2920 2816 te
2954 2762 3086 2818 facis
3110 2761 3328 2817 diderri.
3368 2760 3632 2830 Quidquid
3675 2761 3725 2815 in
3759 2768 3955 2813 natura

2391 2840 2755 2937 creaturarum
2788 2861 2889 2915 est,
2926 2847 3171 2908 creatura
3216 2861 3307 2906 tua
3350 2858 3463 2916 ‘eSt,
3494 2865 3528 2905 ο
3559 2850 3699 2904 trina
3742 2848 3956 2913 Unitas,

2304 2992 2317 2998 -
2389 2951 2443 2998 et
2464 2960 2568 2998 una
2594 2936 2829 2997 Trinitas
2863 2942 3027 3006 Deus,
3070 2941 3223 3011 cujus
3244 2938 3627 3009 omnipotentia
3658 2936 3833 2991 omnia
3859 2953 3960 3007 gu—

2391 3031 2597 3096 bernat,
2639 3030 2775 3101 regit
2796 3037 2850 3085 et
2871 3028 3053 3099 implet
3078 3043 3196 3099 quae
3218 3028 3438 3083 ereavit.
3478 3025 3587 3081 Nec
3614 3025 3733 3080 ideo
3758 3034 3808 3080 te
3841 3040 3958 3078 om-

2395 3121 2481 3175 nia
2512 3120 2729 3190 implere
2751 3120 2997 3185 dicimus,
3029 3128 3089 3174 ut
3125 3129 3174 3173 le
3209 3127 3261 3173 te
3283 3118 3608 3177 contineant.
3649 3116 3741 3171 sed
3764 3122 3820 3169 ut
3842 3115 3959 3184 ipsa

2393 3209 2570 3278 potius
2614 3224 2643 3263 a
2690 3218 2740 3263 te
2767 3210 3156 3279 contineantur.
3214 3207 3323 3261 Nec
3364 3206 3719 3277 particulatim
3766 3203 3959 3273 imples

2394 3298 2571 3352 omnia
2596 3316 2607 3351 :
2637 3314 2735 3353 nec
2764 3298 3025 3352 ullatenus
3061 3284 3130 3351 ita
3162 3297 3452 3366 putandum
3476 3305 3585 3359 est,
3611 3303 3670 3348 ut
3700 3309 3951 3363 unaquae—

2391 3402 2495 3457 que
2519 3402 2607 3441 res
2630 3402 2726 3456 pro
2759 3385 3119 3457 magnitudine
3150 3384 3407 3455 portionis
3434 3399 3543 3439 sua:
3564 3383 3736 3452 capiat
3773 3392 3823 3435 te
3850 3397 3866 3444 ς
3904 3382 3958 3436 i.l

2392 3483 2495 3540 est,
2532 3473 2764 3528 maxima
2794 3474 2992 3542 majus,
3041 3462 3096 3528 et
3121 3471 3337 3537 minima
3366 3474 3580 3537 minus;
3612 3474 3734 3526 dum
3756 3472 3831 3525 sis
3860 3487 3958 3540 po-

2395 3565 2499 3619 tius
2527 3565 2635 3634 ipse
2673 3565 2724 3618 in
2753 3564 3016 3627 omnibus,
3053 3566 3163 3619 sive
3188 3566 3364 3618 omnia
3412 3566 3477 3639 iu
3498 3575 3569 3619 te.
3600 3561 3766 3631 Cujus
3787 3564 3961 3618 omni-

2392 3653 2627 3721 potentia
2664 3654 2841 3708 omnia
2888 3654 3172 3716 concludit,
3222 3669 3323 3709 nec
3366 3654 3619 3707 evadendi
3666 3655 3957 3741 potentiam

2352 3800 2358 3806 λ
2398 3752 2537 3795 tuam
2568 3743 2686 3809 quis
2711 3744 2916 3795 aditum
2940 3744 3178 3795 invenire
3210 3740 3422 3810 poterit.
3473 3742 3572 3809 Qui
3602 3740 3744 3796 enim
3772 3751 3822 3796 te
3849 3759 3957 3797 non

2394 3831 2552 3884 habet
2573 3830 2854 3897 placatum,
2885 3840 3218 3898 nequaquam
3244 3831 3436 3903 evadet
3472 3833 3680 3884 iratum.
3729 3828 3960 3883 Immen-

2395 3921 2523 3975 sitas
2549 3922 2741 3991 quippe
2762 3921 2951 3975 divinas
2977 3913 3353 3990 magnitudinis
3389 3927 3490 3993 tua:
3517 3921 3618 3974 ista
3659 3927 3759 3983 est,
3793 3928 3850 3973 ut
3878 3920 3958 3973 in-

2396 4010 2693 4080 telligamus
2718 4018 2769 4065 te
2796 4011 2933 4065 intra
2960 4012 3159 4074 omnia,
3194 4005 3284 4064 sed
3319 4027 3423 4065 non
3463 4006 3723 4065 inclusum
3750 4029 3775 4085 ί
3806 4022 3960 4065 extra

2393 4102 2591 4167 omnia,
2627 4102 2719 4156 sed
2761 4117 2866 4156 non
2901 4100 3194 4178 exclusum.
3246 4102 3312 4154 Et
3356 4103 3474 4156 ideo
3517 4102 3738 4155 interior
3773 4116 3850 4165 es,
3898 4112 3959 4157 nt

2392 4190 2571 4263 omnia
2604 4178 2913 4254 contineas;
2954 4189 3073 4243 ideo
3106 4190 3339 4243 exterior
3367 4204 3446 4255 es,
3474 4196 3533 4251 ιιι
3568 4189 3962 4244 incircumscri-

2392 4284 2497 4344 pta:
2520 4276 2895 4345 magnitudinis
2916 4287 3020 4331 tum
3044 4270 3403 4333 immensitate
3432 4280 3610 4332 omnia
3649 4278 3956 4331 concludas.

2394 4362 2497 4417 Per
2520 4365 2571 4418 id
2597 4377 2723 4433 ergo
2748 4366 2889 4433 quod
2930 4366 3279 4430 exteriores,
3316 4365 3615 4419 ostenderis
3646 4372 3764 4419 esse
3798 4364 3961 4419 Crea-

2324 4436 2364 4491 θ
2393 4460 2511 4508 tor;
2545 4452 2649 4506 Per
2681 4453 2735 4506 id
2775 4468 2902 4507 vero
2944 4456 3084 4521 quod
3129 4456 3350 4509 interior
3383 4469 3475 4519 es,
3533 4455 3713 4509 omnia
3760 4456 3955 4524 guber—

2395 4557 2524 4597 nare
2547 4552 2601 4597 et
2635 4556 2819 4612 regere
2847 4544 3247 4599 demonstraris.
3296 4544 3373 4601 Ae
3417 4561 3483 4600 ne
3522 4561 3585 4599 ea
3612 4550 3731 4615 qua:
3772 4557 3953 4601 creata

2394 4642 2520 4690 sunt
2553 4635 2668 4689 sine
2710 4642 2761 4688 te
2789 4644 2985 4699 essent,
3035 4646 3089 4689 tu
3126 4638 3262 4690 intra
3296 4638 3474 4691 omnia
3516 4653 3593 4691 es.
3645 4638 3840 4692 Verum
3887 4646 3953 4691 ne

2395 4734 2547 4779 extra
2572 4733 2620 4777 te
2639 4734 2845 4803 essent.
2886 4736 2938 4780 tu
2973 4729 3208 4782 exterior
3230 4744 3321 4792 es;
3356 4737 3415 4781 ut
3438 4726 3615 4781 omnia
3641 4726 3955 4781 concludan-

2398 4822 2485 4867 tur
2511 4828 2541 4865 a
2587 4822 2655 4878 te,
2703 4830 2802 4867 non
2835 4815 2985 4870 locali
3017 4817 3395 4885 magnitudine,
3429 4817 3522 4869 sed
3556 4816 3833 4884 polentiali
3858 4832 3957 4885 p0-

2395 4901 2580 4964 tentia,
2620 4902 2741 4970 quia
2787 4904 2995 4971 ubique
3022 4919 3080 4957 es
3110 4917 3361 4972 prtesens,
3399 4911 3453 4957 et
3476 4905 3653 4958 omnia
3698 4904 3792 4961 tibi
3822 4920 3958 4974 pra:-

2396 4990 2594 5053 sentia;
2627 4991 2867 5059 quamvis
2890 4992 3101 5060 quidam
3128 4993 3225 5046 hoc
3248 4991 3563 5062 intelligant,
3589 4993 3804 5063 quidam
3828 5003 3955 5047 vero

2397 5096 2500 5133 non
2531 5080 2824 5149 intelligant

2465 5186 2618 5257 391
2651 5187 2764 5239 XX.
2809 5187 2927 5240 Haec
2964 5196 3018 5267 et
3054 5189 3156 5241 alia
3204 5191 3366 5244 multa
3420 5192 3601 5245 docuit
3652 5177 3755 5245 me.
3782 5201 3958 5247 mater

2402 5278 2659 5341 Ecclesia,
2702 5286 2873 5330 mater
2917 5287 3124 5344 sancta,
3176 5282 3492 5335 universalis
3540 5290 3596 5334 et
3635 5281 3954 5348 orthodoxa,

2403 5368 2551 5435 cujus
2600 5381 2685 5420 me
2753 5366 2867 5419 ﬁeri
2936 5369 3231 5428 membrum
3290 5371 3504 5424 voluisti
3571 5384 3669 5438 per
3726 5372 3954 5439 gratiam

2403 5464 2569 5521 tuam,
2617 5465 2669 5509 et
2708 5459 2773 5511 de
2815 5456 2964 5525 cujus
3010 5460 3211 5514 cmlcsti
3261 5461 3503 5514 doctrina
3532 5476 3617 5514 me
3644 5461 3718 5515 ita
3746 5471 3960 5531 certum

2404 5553 2561 5612 atque
2604 5561 2852 5601 securum
2888 5548 2939 5601 in
2966 5549 3214 5603 omnibus
3242 5565 3339 5619 pro
3376 5558 3465 5604 tua
3496 5551 3717 5605 reddere
3756 5534 3960 5619 pietate

2404 5633 2649 5711 dignatus
2675 5649 2749 5699 es,
2780 5635 3021 5702 Domine,
3053 5652 3147 5705 per
3172 5640 3437 5694 assiduam
3464 5648 3573 5696 tace
3591 5628 3961 5707 inspirationis
