4254 6252
1987 48 2002 49 γ
2144 47 2155 52 ,
2183 49 2938 60 *Ἣ

385 241 517 304 ΙΩΗ

1083 236 1230 291 OPP.
1271 208 1496 290 DUBlii.
1537 210 1603 274 -έ-
1642 226 1865 288 ᾹιΒιΝι
1903 230 2278 287 ΟΟᾸΙἘδδΙΟ
2314 230 2509 285 FIDEI.
2550 259 2618 269 -—
2656 213 2833 285 PARS
2867 229 2907 282 Ι.

3469 225 3604 282 1042

385 352 852 415 illuminationein,
893 344 956 404 ac
985 349 1246 411 simillia.
1292 362 1410 415 quae
1445 346 1625 402 clausa
1665 344 1937 416 mysteriis
1969 345 2010 400 Α
2038 341 2157 396 dein
2182 353 2440 412 personce,
2481 341 2574 396 sed
2611 357 2715 395 una
2755 338 3087 404 substantia;
3125 338 3261 393 sicut
3287 337 3442 408 ignis,
3475 353 3602 394 can-

385 443 570 503 latent,
592 455 696 494 non
733 455 829 510 per
855 437 1145 510 speculum,
1174 439 1266 493 sed
1293 437 1428 491 fae’e
1458 437 1524 490 ad
1550 435 1740 490 faciem
1772 435 1944 488 intue-

383 547 491 589 rer.
520 531 714 588 Docuit
740 531 918 600 igitur,
951 535 1004 583 te
1030 528 1198 606 solum
1223 528 1427 590 vivum,
1457 534 1511 580 et
1539 541 1724 581 verum
1756 524 1940 587 Deum,

380 637 490 692 non
513 637 634 678 esse
654 635 993 690 corporeum,
1019 617 1102 672 vel
1124 615 1455 688 passibilem,
1479 622 1574 668 aut
1591 611 1940 684 palpabilem:

379 715 580 771 nullam
617 714 689 768 tui
716 698 922 781 partem
945 709 1262 781 corporeis
1289 707 1473 786 oculis
1502 720 1662 776 posse
1709 703 1939 758 sentiri:

382 804 518 858 nihil
548 803 614 858 de
643 786 947 856 'substantia
977 805 1065 852 tua
1089 807 1249 866 atque
1274 805 1463 850 natura
1498 795 1604 849 ullo
1639 792 1797 847 modo
1823 805 1942 847 esse

380 889 650 957 violabile,
691 896 782 942 aut
809 885 1247 955 eomposititium,
1276 894 1368 959 aut
1398 883 1600 937 ﬁctum.
1641 879 1780 935 Nihil
1812 881 1863 934 in
1890 887 1940 934 te

378 979 554 1051 majus
593 970 692 1033 aut:
729 976 951 1032 inferius
984 975 1299 1038 habentem;
1335 973 1426 1028 sed
1455 983 1550 1042 per
1575 985 1786 1026 omnem
1816 984 1939 1038 mo-

379 1069 507 1123 dum
536 1083 604 1122 ex
625 1065 770 1121 omni
793 1073 948 1134 parte
972 1065 1086 1118 sine
1107 1061 1446 1128 deformitate
1473 1059 1788 1131 perfectum,
1823 1061 1938 1114 sine

378 1139 680 1227 quantitate
728 1168 1001 1226 magnum,
1057 1153 1170 1206 sine
1217 1151 1471 1221 qualitate
1525 1151 1763 1215 bonum,
1823 1149 1938 1204 sine

380 1257 618 1319 tempore
674 1243 1075 1317 sempiternum,
1108 1245 1242 1316 sine
1289 1252 1460 1299 morte
1494 1243 1682 1308 vitam,
1713 1243 1828 1296 sine
1857 1243 1938 1296 in-

378 1337 633 1403 ﬁrmitate
659 1336 877 1401 fortem,
903 1336 1020 1391 sine
1047 1334 1326 1389 mendacio
1354 1333 1654 1396 veritatem,
1685 1332 1801 1386 sine
1819 1331 1938 1385 loco

377 1429 578 1499 ubique
609 1436 799 1494 totum,
831 1429 947 1484 sine
977 1428 1081 1482 situ
1113 1426 1308 1495 ubique
1342 1429 1677 1495 praesentem,
1707 1424 1820 1478 sine
1845 1437 1938 1476 ex-

377 1521 621 1577 tensione
641 1521 820 1575 omnia
848 1519 1178 1588 implentem,
1207 1517 1324 1572 sine
1349 1517 1718 1571 contractione
1741 1515 1937 1584 ubique

375 1617 780 1672 occurrentem,
835 1609 954 1661 sine
1008 1615 1154 1660 motu
1205 1606 1386 1660 omnia
1437 1607 1934 1668 transcendentem,

2042 432 2158 494 dor,
2191 429 2360 494 calor,
2396 429 2497 483 tria
2532 432 2766 496 nomina,
2807 431 2902 486 sed
2941 444 3031 486 res
3070 446 3173 484 una
3202 448 3214 481 ε
3243 430 3378 484 sicut
3403 444 3602 485 mento-

2041 520 2141 585 ria,
2185 519 2513 584 intellectus,
2550 520 2815 586 voluntas,
2847 535 2968 589 quas
2994 518 3362 591 separabiliter
3387 520 3603 582 demon-

2043 619 2308 675 strantur,
2359 619 2415 666 et
2467 610 2891 681 inseparabiliter
2945 618 3252 681 operantur.
3304 609 3360 663 Si
3405 609 3506 664 hoc
3549 610 3602 665 in

2039 696 2303 753 creaturis
2349 697 2640 763 invenitur,
2675 697 2804 767 quid
2830 699 2896 754 de
2922 707 2972 753 te
3013 681 3268 772 Greatore
3303 697 3600 769 intelligen-

2039 787 2163 843 dum
2184 787 2301 841 est?
2350 779 2564 842 Natura~
2613 790 2810 859 quippe
2863 803 3084 843 summae
3151 787 3442 854 divinitatis
3497 797 3600 842 tua:

2038 877 2325 934 immobilis
2385 887 2467 933 est
2517 879 2664 933 omni
2721 879 2879 932 modo
2938 885 3010 936 et-
3052 873 3417 932 immutabilis.
3473 875 3602 930 Per—

2038 982 2184 1020 sonae
2221 981 2351 1021 vero
2390 967 2613 1021 mobiles
2641 975 2766 1021 sunt
2797 965 3086 1020 secundum
3126 964 3454 1029 relationem,
3497 980 3600 1018 non

2027 1052 2183 1120 juxta
2207 1056 2620 1132 proprietatem;
2649 1063 2703 1108 et
2732 1053 2861 1132 ideo
2879 1055 2930 1108 in
2969 1054 3226 1109 relatione
3252 1069 3600 1114 personarum

2035 1143 2293 1210 Trinitas,
2326 1146 2378 1198 in
2409 1129 2612 1200 naturae
2652 1160 2780 1199 vero
2825 1129 3128 1217 substantia
3172 1145 3369 1200 unitas.
3418 1143 3604 1198 Unitas

2035 1233 2296 1304 siquidem
2330 1243 2548 1304 propter
2579 1233 2994 1304 inseparabilem
3033 1233 3259 1287 Deitatis
3291 1233 3599 1296 essentiam,

2037 1316 2272 1384 Trinitas
2309 1337 2497 1383 autem
2517 1337 2736 1399 propter
2765 1329 3127 1383 diversitatem
3158 1327 3451 1382 nominum.
3486 1324 3601 1379 Non
3653 1397 3658 1402 ‘

2035 1419 2176 1496 enim
2202 1421 2413 1475 nomina
2439 1428 2666 1485 tantum,
2695 1420 2786 1474 sed
2813 1421 2976 1474 etiam
2999 1421 3271 1474 nominum
3299 1422 3599 1491 proprieta-

2035 1500 2134 1572 tes,
2160 1508 2262 1564 hoc
2310 1517 2428 1576 est,
2478 1524 2736 1578 personas
2777 1508 2898 1573 vel,
2943 1516 3001 1562 ut
3040 1508 3211 1564 Grteci
3254 1510 3590 1581 exprimunt,

2035 1599 2359 1662 ὑποστάσεις,
2388 1599 2438 1653 id
2469 1609 2570 1664 est,
2605 1599 2975 1654 subsistentias
3004 1598 3340 1665 conﬁtemur,
3371 1600 3485 1654 hinc
3513 1607 3597 1654 ta-

375 1697 492 1756 sine
516 1708 656 1754 statu
694 1697 834 1753 intra
874 1697 1053 1753 omnia
1099 1685 1422 1758 manentem,
1474 1695 1591 1750 sine
1646 1694 1937 1764 indigentia
1974 1678 2013 1736 Β
2041 1704 2161 1742 men
2189 1689 2415 1744 dicimus
2450 1689 2514 1743 de
2556 1699 2630 1754 te,
2665 1678 2805 1744 Deus
2847 1698 3046 1755 noster,
3096 1697 3153 1744 ut
3193 1693 3381 1760 pote‘St
3408 1689 3598 1744 intelli-

379 1787 559 1844 oninia
586 1785 881 1851 creantem,
923 1787 1036 1841 sine
1066 1785 1245 1840 labere
1282 1784 1459 1840 omnia
1489 1791 1786 1854 regentem,
1825 1783 1942 1837 sine

376 1880 454 1933 tui
500 1878 653 1934 initio
699 1860 948 1944 omnibus
994 1876 1202 1929 initium
1247 1874 1484 1939 dantem,
1520 1875 1633 1937 sine
1661 1875 1737 1928 tui
1769 1881 1960 1927 mutas.

374 1970 518 2023 tione
556 1967 732 2022 omnia
776 1965 1050 2020 mutabilia
1089 1961 1395 2029 facientem,
1441 1952 1617 2032 atque.
1649 1976 1860 2033 semper
1887 1969 1941 2014 et

373 2055 569 2124 ubique
591 2054 709 2110 sine
731 2053 834 2107 ﬁne
860 2060 1190 2121 regnantem.

447 2144 584 2199 XXI.
625 2143 846 2198 Domine
894 2142 1034 2198 Deus
1078 2156 1199 2201 une,
1246 2140 1387 2195 Deus
1431 2141 1688 2204 Trinitas,
1720 2155 1840 2210 qua:
1866 2141 1941 2194 in-

375 2233 930 2304 comprehensibiliter
976 2231 1134 2286 rebus
1173 2231 1419 2284 omnibus
1460 2231 1764 2295 antecellis,
1808 2231 1941 2285 adeo

379 2338 439 2376 es
464 2321 772 2385 ineﬂ'abilis,
804 2321 1028 2384 inﬁnita,
1057 2328 1110 2372 et
1135 2319 1706 2387 incomprehensibilis,
1733 2326 1792 2372 ut
1817 2333 1939 2388 par~

380 2413 658 2467 vissimum
702 2413 772 2466 sit
813 2410 965 2465 valde
1009 2419 1186 2474 omne;
1231 2410 1373 2478 quod
1415 2410 1480 2464 de
1523 2417 1574 2463 te
1607 2409 1711 2464 dici
1740 2415 1936 2480 potest.

375 2503 537 2559 Multa
565 2503 708 2558 enim
737 2502 985 2567 dicimus,
1028 2501 1122 2556 sed
1167 2500 1322 2570 plene
1365 2499 1626 2570 id,,quod
1651 2514 1728 2565 es,
1760 2498 1939 2554 dicere
1973 2547 1976 2550 .

375 2611 482 2651 non
527 2609 840 2665 possumus,
885 2600 940 2648 et
977 2593 1099 2662 quia
1141 2592 1508 2647 universorum
1552 2591 1937 2646 consummatio

373 2692 685 2738 scn'nonum
732 2683 846 2753 ipse
890 2698 968 2737 es.
1013 2681 1143 2736 Cum
1173 2697 1300 2751 ergo
1341 2681 1741 2750 pervenerimus
1767 2678 1834 2732 ad
1863 2686 1934 2743 te,

372 2773 658 2827 cessabunt
699 2771 884 2842 procul
925 2770 1089 2824 dubio
1129 2770 1294 2825 multa
1333 2769 1436 2824 ista
1466 2784 1583 2837 qua:
1607 2768 1850 2832 dicimus,
1882 2777 1936 2822 et

372 2864 614 2919 manebis
653 2879 790 2917 unus
825 2863 1003 2916 omnia
1032 2862 1086 2916 in
1112 2861 1375 2926 omnibus,
1415 2867 1468 2915 et
1505 2861 1622 2914 sine
1654 2859 1758 2914 ﬁne
1785 2859 1934 2914 dice-

374 2967 492 3006 mus
525 2949 722 3018 unuin,
765 2952 1044 3006 laudantes
1075 2960 1126 3006 te
1154 2965 1338 3015 unum,
1370 2959 1423 3004 et
1452 2951 1503 3004 in
1538 2959 1588 3004 te
1615 2947 1742 3004 facti
1768 2948 1932 3015 etiam

373 3053 472 3093 nos
501 3008 978 3102 unum;'videntes
1007 3049 1058 3094 te
1081 3037 1280 3108 iugiter
1318 3038 1436 3091 sine
1477 3038 1580 3091 ﬁne
1617 3036 1933 3104 incorrupti—
1961 3008 2008 3071 ο

372 3128 552 3191 bilem,
582 3142 788 3184 summe
811 3127 1236 3197 inseparabilem,
1278 3141 1510 3194 vereque
1552 3125 1934 3204 immutabilem

372 3218 718 3282 Trinitatem;
751 3226 806 3272 et
835 3219 886 3271 in
920 3225 970 3272 te
1011 3218 1187 3272 omnia
1231 3218 1479 3281 scientes,
1525 3226 1582 3273 et
1619 3233 1777 3272 omne
1807 3233 1937 3288 gau-

370 3308 518 3362 dium
570 3307 622 3361 in
671 3315 722 3361 te
777 3305 1161 3385 perpetuaiiter,
1200 3321 1510 3361 mansurum
1560 3305 1817 3360 habentes
1867 3308 1935 3361 ab

368 3402 513 3456 omni
545 3401 719 3456 sanati
748 3401 1003 3470 languore
1032 3407 1085 3453 et
1115 3400 1167 3454 in
1191 3400 1335 3453 illam
1378 3400 1795 3458 immortalitatis
1825 3402 1934 3472 εισ-

372 3491 508 3546 riam
552 3491 966 3554 .transformali,
1019 3507 1138 3546 cum
1192 3492 1395 3546 venerit
1451 3491 1585 3547 visio
1637 3493 1768 3558 haec,
1815 3508 1933 3562 qua:

372 3583 546 3638 danda
589 3581 726 3637 facie
760 3581 826 3634 ad
863 3580 1054 3633 faciem
1099 3576 1455 3648 promittitur,
1493 3580 1708 3648 quando
1753 3580 1930 3650 palam

370 3668 525 3728 nobis
572 3671 641 3725 de
688 3669 897 3724 cunctis
939 3667 1340 3722 annuntiabitur
1377 3667 1678 3746 .mysteriis,
1714 3676 1771 3728 et
1807 3668 1929 3723 ﬁdei

366 3760 602 3833 species,
629 3767 789 3830 atque
813 3759 930 3831 spei
957 3773 1045 3813 res
1073 3758 1377 3824 succedent,
1423 3767 1550 3817 tunc
1586 3759 1784 3814 clarius
1813 3774 1931 3814 cer-

367 3853 582 3921 tiusque
612 3852 844 3906 scientes
871 3850 1195 3904 intuebimur
1233 3849 1366 3903 nihil
1406 3859 1645 3906 creatum
1687 3859 1780 3905 aut
1818 3866 1930 3906 ser-

365 3939 518 3994 viens
542 3939 595 3992 in
623 3948 693 4004 te,
725 3938 963 3992 Trinitas
993 3954 1120 3991 una.
1157 3937 1298 3992 Nihil
1339 3938 1617 4009 inaequale,
1655 3940 1786 3994 nihil
1811 3955 1930 4009 gra-

364 4028 435 4082 tia
466 4029 688 4098 aequale,
722 4027 854 4082 nihil
881 4028 1143 4090 anterius,
1175 4029 1527 4097 posteriusve,
1565 4036 1658 4085 aut
1709 4032 1924 4098 minus;

365 4118 495 4174 nihil
517 4126 836 4192 extraneum
869 4124 963 4171 aut
995 4115 1219 4172 olliciale
1244 4115 1418 4182 alteri,
1452 4119 1581 4174 nihil
1612 4121 1929 4192 pervasiane

364 4209 824 4280 autsubreptione
869 4208 1152 4273 insertum,
1194 4207 1325 4263 nihil
1345 4209 1598 4281 moribus
1626 4211 1710 4264 vel
1739 4212 1927 4265 volun-

366 4310 476 4359 tate
521 4302 821 4366 diversum,
876 4298 1009 4356 nihil
1056 4298 1231 4354 ofﬁcio
1276 4297 1565 4369 singulare,
1619 4313 1718 4354 nec
1773 4300 1924 4359 alteri

363 4392 1001 4470 communicabllehniliil
1046 4390 1360 4447 confusum:
1405 4390 1499 4445 sed
1543 4399 1714 4446 totum
1753 4391 1930 4462 perfer“

363 4486 530 4540 ctum.
573 4479 699 4548 quia
733 4487 898 4533 totum
922 4494 991 4534 ex
1025 4495 1155 4543 uno,
1179 4487 1235 4534 et
1259 4495 1464 4544 unum,
1485 4494 1591 4534 non
1628 4479 1804 4535 tamen
1837 4494 1929 4536 so-

366 4561 638 4630 litarium,
683 4554 940 4636 quoniam
981 4583 1247 4648 summum
1293 4569 1510 4633 bonum,
1569 4579 1625 4624 et
1668 4585 1928 4625 summam

366 4655 724 4727 sapientiam,
778 4662 833 4708 et
876 4655 1138 4726 summam
1189 4657 1574 4729 benignitatem
1618 4667 1668 4713 te
1715 4658 1930 4730 (sancte

368 4745 548 4818 Pater)
593 4746 828 4802 omnium
861 4741 1201 4816 principium,
1235 4755 1292 4799 et
1313 4737 1596 4802 veritatem
1627 4758 1796 4815 tuam,
1831 4765 1928 4820 per

365 4855 530 4912 quam
568 4849 621 4895 te
666 4841 1029 4912 intelligimus,
1078 4830 1220 4895 iiuna
1272 4852 1339 4895 ex
1373 4850 1528 4910 parte
1560 4842 1654 4896 tibi
1685 4826 1920 4899 dissimi-

357 4929 493 4992 lem,
517 4942 636 4996 quae
683 4926 852 4983 forma
879 4938 963 4984 est
1008 4930 1244 4984 omnium
1289 4938 1346 4985 et
1390 4945 1518 5000 qute
1557 4930 1668 4985 sola
1718 4932 1922 5003 implet,

365 5017 506 5087 quod
531 5024 792 5087 appetunt
810 5019 1008 5084 omnia,
1034 5020 1299 5089 simulque
1323 5021 1492 5090 ipsum
1525 5007 1800 5090 utriusque
1823 5023 1922 5078 do-

367 5119 516 5168 num,
545 5117 656 5172 quo
698 5103 854 5157 beata
884 5113 1028 5170 sunt,
1059 5121 1392 5176 quaecunque
1424 5109 1577 5162 beata
1613 5115 1735 5162 sunt
1762 5109 1814 5163 in
1845 5119 1919 5176 te,

365 5200 561 5262 etcum
586 5200 636 5246 te
656 5190 881 5247 colimus
912 5199 966 5244 et
988 5193 1308 5260 adoramus;
1335 5211 1492 5250 unam
1524 5196 1726 5252 scilicet
1750 5206 1806 5252 et
1840 5198 1924 5253 in-

363 5276 795 5339 comnmtabilCm
821 5281 1154 5336 Trinitatem.
1505 5336 1510 5342 ,
1549 5275 1552 5280 ’

437 5369 595 5424 XXII.
635 5368 768 5426 Cum
798 5369 938 5424 enim
964 5369 1121 5423 tertio
1146 5374 1426 5441 repetitur,
1455 5374 1593 5444 quod
1626 5390 1786 5428 unum
1805 5367 1923 5444 est,

368 5474 471 5515 non
515 5471 772 5514 numerus
808 5465 1315 5525 coacervatum-sed
1344 5474 1513 5519 unum
1550 5465 1676 5519 illud
1700 5481 1818 5521 esse
1841 5482 1922 5522 as-

368 5548 872 5621 seritur.'6ignens,
905 5550 1134 5622 genitus,
1185 5560 1240 5606 et
1267 5558 1593 5624 procedens,
1645 5566 1754 5614 tres
1807 5559 1924 5627 qui-

2040 1778 2217 1848 gentia
2256 1779 2485 1833 humana
2535 1793 2746 1850 capere.
2793 1778 3057 1834 Cmterum
3099 1778 3219 1849 quis
3266 1779 3320 1833 in
3360 1778 3460 1834 hac
3491 1780 3616 1834 vita

2039 1870 2242 1943 positus
2264 1869 2346 1923 vel
2377 1869 2670 1923 cristallino
2698 1876 2912 1939 pectore
2939 1868 3163 1924 sulllciat
3198 1876 3480 1938 penetrare
3520 1871 3595 1923 tui

2041 1959 2207 2030 ipsius
2248 1958 2525 2012 Trinitatis
2557 1959 2763 2030 interna
2794 1957 3082 2029 mysteria?
3111 1956 3388 2026 Quomodo
3416 1957 3593 2023 Pater,

2039 2048 2210 2104 Filius
2235 2057 2290 2104 et
2316 2048 2546 2117 Spiritus
2586 2055 2801 2104 sanctus
2831 2058 2941 2105 tres
2966 2064 3209 2120 personae
3240 2051 3389 2116 estis,
3417 2059 3469 2104 et
3494 2066 3596 2104 una

2040 2148 2260 2203 natura;
2300 2139 2564 2206 quomodo
2603 2149 2657 2192 tu
2693 2139 2855 2192 Pater
2881 2139 3076 2203 diceris
3105 2140 3390 2210 ingenitus,
3432 2140 3597 2195 Filius

2038 2228 2274 2298 genitus,
2315 2226 2544 2298 Spiritus
2577 2243 2704 2283 vero
2730 2236 2968 2307 sanctus,
3000 2244 3098 2284 nec
3123 2229 3351 2299 genitus,
3390 2246 3489 2284 nec
3517 2223 3614 2285 inl'

2037 2315 2270 2384 genitus,
2317 2316 2412 2370 sed
2453 2317 2745 2386 procedens
2778 2318 3017 2384 dicatur;
3050 2318 3312 2388 quomodo
3343 2320 3508 2376 Filius
3532 2322 3598 2377 de

2039 2415 2110 2471 te,
2134 2405 2312 2472 Pater,
2356 2414 2512 2462 natus
2547 2417 2648 2472 est,
2675 2407 2908 2478 Spiritus
2931 2419 3147 2465 sanctus
3174 2412 3238 2466 de
3267 2419 3320 2466 te
3353 2415 3594 2482 procedit

2036 2506 2090 2549 et
2129 2495 2293 2558 Filio;
2343 2496 2609 2563 quomodo
2652 2496 2818 2550 Filius
2867 2485 3133 2552 nascendo
3178 2514 3282 2554 non
3331 2502 3600 2570 proeediti'

2037 2582 2271 2652 Spiritus
2317 2590 2538 2638 sanctus
2583 2585 2916 2653 procedendo
2968 2600 3071 2639 non
3119 2587 3395 2652 nascitur;
3457 2604 3590 2657 quo—

2034 2675 2194 2730 modo
2226 2674 2394 2731 Filius
2419 2690 2523 2730 non
2558 2676 2626 2731 de
2654 2691 2740 2742 se,
2763 2677 2856 2731 sed
2884 2676 2949 2731 de
2977 2685 3029 2732 te
3049 2685 3150 2742 est,
3187 2693 3287 2734 nec
3312 2688 3490 2734 tamen
3515 2680 3591 2733 tui

2033 2773 2116 2819 est
2139 2765 2422 2835 posterior,
2443 2754 2513 2821 de
2542 2781 2657 2836 quo.
2677 2774 2790 2832 est;
2823 2768 3088 2838 quomodo
3115 2767 3346 2839 Spiritus
3374 2778 3603 2832 sanctus,

2033 2853 2100 2908 de
2117 2861 2167 2910 te
2181 2854 2421 2926 procedit
2442 2866 2496 2910 et
2509 2856 2662 2923 Filio,
2680 2873 2776 2914 nec
2802 2866 2978 2915 tamen
2999 2867 3027 2914 a
3044 2860 3193 2917 vobis
3207 2863 3544 2932 pricceditur,
3563 2879 3591 2916 a

2034 2947 2230 3014 quibus
2253 2948 2522 3015 procedit;
2554 2950 2819 3017 quomodo
2847 2952 2946 3004 tria
2983 2968 3144 3006 unum
3169 2953 3317 3014 estis,
3349 2962 3403 3007 et
3431 2969 3593 3008 unum

2040 3034 2159 3099 tria;
2189 3035 2454 3103 quomodo
2476 3035 2699 3090 invicem
2717 3037 2936 3092 relative
2958 3037 3058 3091 tria
3073 3038 3223 3104 estis,
3239 3038 3595 3096 essentialiter

2035 3139 2228 3188 unum;
2281 3124 2546 3193 quomodo
2590 3127 2763 3181 trinus
2807 3135 2860 3181 et
2907 3142 3045 3182 unus
3092 3127 3251 3192 Deus,
3307 3143 3410 3183 non
3451 3128 3593 3185 loca-

2036 3215 2157 3269 liter
2194 3215 2287 3270 sed
2324 3215 2519 3284 ubique
2555 3230 2648 3278 es,
2701 3225 2756 3271 et
2801 3233 2905 3271 non
2949 3217 3308 3287 particulatim
3357 3220 3589 3290 ubique,

2036 3307 2128 3362 sed
2155 3307 2349 3377 ubique
2374 3311 2532 3371 totus,
2570 3307 2764 3378 ubique
2793 3323 3046 3378 prtesens.
3085 3309 3200 3364 sine
3221 3311 3343 3374 situ,
3375 3310 3493 3366 loco
3535 3322 3590 3367 ct

2036 3408 2201 3453 motu.
2423 3385 2430 3398 ’
3196 3395 3197 3398 “
3311 3471 3318 3479 ἢ

2104 3489 2287 3545 XXIII.
2325 3488 2453 3556 Quis
2474 3492 2598 3554 ista,
2630 3505 2775 3560 rogo,
2800 3485 3275 3557 consideret?quis
3307 3491 3418 3544 luce
3441 3506 3587 3544 com-

2031 3577 2322 3644 prehendat
2358 3573 2690 3645 quantalibet
2733 3575 2998 3647 probitate
3029 3577 3111 3631 vel
3139 3577 3357 3631 scientia
3385 3580 3589 3648 priedi~

2033 3668 2154 3722 tus?
2187 3667 2298 3722 Hoc
2327 3679 2502 3722 tamen
2534 3668 2586 3721 in
2615 3682 2707 3738 spe
2747 3669 3119 3737 promissionis
3156 3670 3444 3740 repositum
3483 3671 3604 3734 est,‘

2029 3757 2154 3826 quia
2185 3758 2484 3839 videbimus
2530 3767 2599 3824 te,
2645 3759 2895 3826 Domine;
2940 3768 2993 3814 ct
3036 3769 3183 3818 tanto
3226 3751 3590 3832 unusquisque

2028 3852 2406 3922 perspicacius,
2443 3861 2642 3922 quanto
2677 3853 2766 3907 hic
2809 3853 2999 3907 vixerit
3034 3853 3244 3925 purius;
3284 3853 3407 3922 quia
3434 3869 3586 3906 mun-

2029 3934 2293 4011 dlcorrles,
2326 3955 2461 4003 teste
2491 3946 2788 4018 Scriptura,
2816 3947 3069 4002 videbunt
3098 3947 3257 4001 Deum
3288 3944 3497 4015 (Matth.
3530 3961 3580 4009 v,

2029 4035 2105 4104 8).
2148 4035 2346 4105 Aperte
2389 4051 2620 4105 namque
2663 4034 2951 4096 videbitur,
3001 4043 3189 4087 cuncta
3239 4034 3432 4094 mentis
3473 4031 3584 4102 jam

2029 4125 2238 4179 detersa
2267 4126 2508 4194 caligine,
2538 4122 2805 4202 quomodo
2848 4122 3036 4185 Filius,
3082 4122 3172 4192 qui
3214 4121 3434 4176 oriende
3480 4131 3582 4188 est,

2031 4214 2144 4278 tibi,
2169 4213 2348 4276 Pater,
2395 4213 2461 4268 de
2503 4228 2610 4282 quo
2635 4212 2827 4276 oritur,
2863 4213 3192 4282 subsequens
3237 4227 3341 4267 non
3383 4219 3504 4277 est;
3531 4221 3586 4268 et

1961 4288 2298 4398 unomodo
2329 4300 2569 4398 Spiritus
2599 4302 3025 4398 amborum-qui
3062 4318 3158 4372 per
3191 4288 3583 4398 processionem

2029 4389 2359 4461 producitur,
2391 4405 2420 4443 a
2449 4390 2604 4446 vobis
2631 4387 3024 4460 profcrentibus
3057 4405 3160 4444 non
3185 4389 3428 4461 prmitur;
3453 4404 3582 4460 quo-
3608 4459 3611 4461 _

2031 4477 2188 4534 modo
2209 4488 2266 4533 et
2286 4495 2450 4533 unum
2477 4478 2814 4534 divisibiliter
2836 4479 2959 4543 tria,
2983 4486 3037 4534 et
3066 4480 3166 4533 tria
3195 4478 3584 4534 indivisibiliter

2029 4585 2199 4624 unum
2237 4571 2384 4625 estis.
2437 4569 2561 4624 Visa
2603 4569 2746 4622 enim
2781 4561 3018 4631 claritas,
3070 4584 3133 4622 ae
3173 4569 3224 4622 in
3263 4567 3578 4638 patefactam

2030 4661 2188 4726 nobis
2215 4673 2317 4716 tute
2346 4659 2640 4730 maiestatis
2667 4659 2896 4728 speciem
2925 4650 3114 4728 purum
3137 4647 3364 4713 amantis
3388 4660 3582 4716 mentis

2030 4739 2280 4804 intuitum
2304 4750 2518 4819 rapiens
2535 4747 2848 4802 sublevabit.
2887 4746 2992 4803 Sed
3018 4751 3129 4820 ipsa
3151 4749 3366 4804 ciaritas
3389 4757 3579 4808 natura

2031 4849 2132 4905 est,
2147 4841 2326 4910 etipsa
2336 4846 2521 4893 natura
2535 4833 2751 4891 claritas
2765 4845 2867 4892 est.
2885 4837 3012 4906 Qum
3025 4838 3274 4894 nimirum
3285 4835 3421 4896 v'iSio
3440 4857 3580 4896 nunc

2031 4933 2134 4988 ﬁde
2161 4933 2460 4993 inchoatur,
2481 4930 2578 4984 sed
2606 4939 2733 4985 tunc
2747 4931 2800 4984 in
2819 4931 2998 5001 specie
3018 4931 3345 5000 perﬁcietur,
3367 4931 3579 5000 quando

2030 5030 2346 5079 comemam
2365 5020 2457 5074 tibi
2475 5019 2816 5091 sapientiam,
2828 5036 2986 5091 quam
3004 5022 3158 5076 modo
3179 5036 3275 5090 per
3285 5034 3381 5075 ora
3395 5022 3575 5076 docto-

2029 5128 2148 5167 rum
2170 5109 2430 5165 sumimus
2455 5109 2508 5162 in
2532 5109 2647 5180 ipso
2677 5109 2822 5164 fonte
2841 5108 3150 5182 biberimus.
3180 5107 3367 5164 Omnia
3399 5118 3576 5163 autem

2030 5204 2361 5257 sacramenta
2383 5237 2397 5261 ,
2426 5206 2480 5252 et
2503 5209 2691 5254 cuncta
2723 5199 2876 5254 nobis
2908 5211 3032 5256 tunc
3062 5200 3318 5267 patebunt
3360 5215 3571 5253 arcana.

2028 5293 2140 5348 Non
2169 5285 2445 5344 doetorum
2470 5290 2666 5354 verbis,
2701 5304 2805 5343 non
2834 5289 2903 5343 ibi
2931 5288 3052 5343 ullis
3083 5291 3432 5361 indigebimus
3463 5306 3579 5362 my-

2027 5381 2222 5437 steriis.
2260 5379 2420 5436 Facie
2446 5379 2516 5436 ad
2543 5381 2731 5436 faciem
2767 5379 3063 5434 videbimus
3089 5390 3159 5444 te,
3186 5382 3276 5435 scd
3306 5381 3444 5442 inde,
3475 5382 3576 5437 nisi

2025 5469 2194 5534 fallor,
2227 5469 2366 5525 unde
2397 5471 2562 5542 angeli
2594 5480 2646 5524 te
2675 5469 2876 5524 vident.
2923 5469 3060 5536 Quid
3103 5485 3198 5523 nos
3244 5479 3366 5523 tunc
3411 5470 3578 5525 latere

2023 5561 2241 5631 poterit,
2258 5561 2468 5632 quando
2488 5572 2543 5616 tu
2568 5560 2704 5615 Deus
2729 5567 2923 5624 noster,
2951 5560 3055 5612 vita
3083 5559 3391 5623 viventium,
3418 5578 3574 5616 causa
