4254 6224
603 177 742 243 ίολδ

1416 192 1475 246 Β.
1515 192 1577 247 F.
1608 191 1830 246 ALBlNl
1867 188 1999 246 SEL‘
2035 187 2309 246 ALCUINI
2347 193 2630 254 OPERUM
2655 198 2848 256 PARS
2892 201 3016 256 \‘lll.

605 320 912 369 causarum,
962 304 1133 361 forma
1175 305 1492 369 formarum,
1539 305 1712 360 forma
1759 288 2166 370 formosissima,
2204 312 2239 378 ,ς
2275 308 2526 366 lm'nores
2553 313 3089 378 tumidant,‘dolores
3123 329 3439 386 extenuant,
3485 325 3710 382 ardores
3749 343 3856 385 ex-

603 396 767 472 392
793 393 966 452 forma
992 395 1304 459 informata,
1340 405 1394 450 te
1437 396 1594 451 nobis
1631 395 1776 451 clara
1807 395 2014 455 visione
2045 395 2172 450 insi-

605 490 834 546 nuabis?
874 488 990 545 Non
1033 490 1178 546 enim
1229 487 1504 558 indignum
1553 489 1649 543 tibi
1687 488 1922 554 videtur,
1971 502 2093 541 cum
2125 498 2174 540 te

607 579 833 636 formam
876 595 1145 637 vocamus.
1195 579 1328 635 Nam
1369 590 1458 635 tua
1487 581 1720 634 essentia
1750 586 1804 634 et
1831 580 2038 650 species
2068 578 2171 633 diei

603 683 782 746 potest
815 683 870 731 et
905 673 1097 734 forma.
1155 673 1269 730 Non
1312 674 1508 729 frustra
1557 685 1665 729 tam
1713 675 2170 747 speciosissimum

603 779 768 835 quam
812 761 1258 820 formosissimum
1311 766 1365 819 in
1423 765 1578 826 laude
1634 775 1723 821 tua
1774 767 2009 841 ponitur.
2067 765 2171 820 Sed

605 854 776 918 forma
817 872 939 930 qua:
979 859 1204 913 materia
1232 866 1383 913 caret
1409 866 1464 914 et
1493 868 1662 923 motu,
1695 867 1932 928 tempore
1955 867 2010 911 et
2034 857 2168 923 loco,

605 954 762 1024 atque
802 947 922 1002 ideo
949 963 1113 1002 unum
1138 957 1242 1011 est,
1287 957 1342 1002 et
1387 957 1472 1004 est
1516 950 1590 1013 id,
1633 950 1777 1019 quod
1806 959 1908 1004 est.
1947 949 2170 1020 Reliqua

603 1050 732 1092 vero
776 1053 880 1098 non
919 1046 1068 1104 sunt,
1110 1038 1161 1093 id
1210 1040 1353 1108 quod
1393 1049 1538 1099 sunt.
1572 1040 1696 1095 Haec
1729 1041 1843 1096 Sola
1892 1040 2196 1103 verissime,

603 1129 783 1184 dicere
824 1136 1048 1198 potest:
1087 1129 1200 1200 Ego
1232 1147 1349 1185 sum
1393 1132 1482 1202 qui
1524 1147 1639 1192 sum
1686 1129 1882 1204 (Exod.
1927 1147 2010 1197 Ill,
2060 1132 2168 1202 ll).

603 1221 726 1279 ll:ec
767 1232 916 1285 tanta
961 1231 1017 1278 et
1057 1222 1179 1284 talis
1219 1232 1334 1286 est,
1382 1230 1440 1276 ut
1481 1224 1548 1282 de
1595 1221 1712 1292 ejus
1756 1224 2173 1294 pulchritudinis

598 1315 806 1370 visione
844 1315 919 1369 nil
961 1315 1014 1375 in
1056 1314 1157 1372 bac
1192 1316 1299 1375 vita
1332 1331 1593 1386 usurpare
1617 1318 1720 1372 sibi
1757 1333 1910 1373 mens
1935 1319 2170 1374 bumaua

595 1407 813 1473 audeat,
839 1406 982 1478 quod
1011 1408 1184 1470 solum
1211 1408 1400 1464 electis
1425 1410 1532 1465 tuis
1565 1412 1843 1480 prtemium
1888 1412 1942 1466 in
1985 1412 2172 1466 subse-

594 1499 778 1569 quenti
809 1499 1241 1558 remuneratione
1264 1514 1529 1556 reservas.

667 1589 856 1646 XXIV.
909 1590 1043 1650 Cum
1093 1606 1225 1662 ergo
1272 1593 1338 1650 ad
1383 1602 1436 1649 te
1480 1594 1928 1665 pervenerimus,
1968 1594 2170 1650 fontem

2273 401 2502 467 sire-ant,
2531 420 2659 460 aera
2686 408 3013 478 morbidant,
3040 424 3180 466 esca:
3207 411 3414 478 inflant,
3434 415 3642 486 jejunia
3669 435 3850 478 maeo-

2273 501 2329 542 ra
2357 499 2410 551 .t,
2453 491 2562 562 joci
2601 495 2836 562 solvunt,
2887 499 3120 557 tristitia:
3157 513 3502 569 consumunt,
3546 507 3851 568 sollicitudo

2270 590 2534 651 eo-zretat,
2573 585 2837 640 securitas
2871 587 3111 654 hebetat,
3137 574 3348 654 divitia:
3364 592 3591 660 iactant,
3625 612 3853 668 pauper-

2274 680 2355 722 tas
2397 671 2598 742 dejicit,
2632 673 2888 741 juventus
2913 679 3140 744 extollit,
3173 691 3425 745 senectus
3456 684 3727 756 incurvat,
3767 689 3852 745 in-

2273 759 2499 816 firmitas
2519 762 2739 834 frangit,
2770 782 2972 829 maror
2991 768 3265 837 deprimit,
3296 781 3350 827 et
3373 786 3495 844 post
3523 776 3639 831 btec
3664 781 3846 835 omnia

2272 867 2418 904 mors
2470 853 2755 920 interimit,
2791 856 3060 919 universis
3091 861 3304 930 gaudiis
3339 864 3498 918 finem
3547 862 3847 937 imponens,

2272 942 2344 996 ita
2381 955 2439 997 ut
2467 960 2591 1000 cum
2624 962 2745 1002 esse
2777 948 3052 1012 desierint,
3084 967 3186 1007 nec
3209 952 3376 1010 fuisse
3409 965 3687 1026 putentur.
3726 958 3846 1015 lam

2264 1032 2486 1106 jamque
2532 1039 2804 1106 adveniat,
2837 1041 3112 1120 lDomine,
3143 1047 3413 1112 adveniat,
3463 1051 3714 1119 obsecro,
3763 1069 3848 1120 re,—

2270 1141 2434 1194 gnum
2481 1127 2607 1182 illud
2657 1101 2851 1195 επεῃᾶ
2909 1143 3112 1199 morte,
3169 1153 3367 1196 vacans
3394 1140 3520 1204 fine,
3571 1144 3655 1203 cui
3699 1101 3847 1204 nulla

2272 1222 2508 1294 tempora
2543 1219 2832 1282 succedant
2871 1236 2970 1292 per
3002 1239 3198 1288 mvum,
3250 1227 3342 1289 ubi
3389 1229 3677 1295 continuus
3725 1232 3846 1287 sine

2272 1312 2426 1357 nocte
2462 1306 2578 1360 dies
2607 1306 2776 1362 nescit
2815 1309 3016 1365 habere
3043 1320 3277 1383 tempus,
3303 1316 3390 1369 ubi
3423 1327 3549 1377 sunt
3575 1319 3649 1389 illi
3690 1322 3847 1392 hym-

2270 1394 2436 1451 nidiei
2486 1396 2797 1464 angelorum
2839 1401 3014 1466 chori,
3043 1409 3099 1455 et
3127 1404 3358 1466 societas
3391 1422 3745 1488 supernorum
3772 1410 3851 1468 ci-

2269 1486 2453 1550 vium;
2482 1487 2570 1545 ul.i
2596 1486 2768 1546 dulcis
2805 1489 3122 1551 solemnitas
3146 1508 3175 1555 a
3216 1486 3664 1568 peregrinationis
3694 1499 3850 1573 hujus

2271 1579 2457 1639 labore
2497 1581 2857 1647 redeuntium,
2904 1585 2995 1638 ubi
3023 1586 3232 1657 providi
3262 1590 3648 1660 prophetarum
3673 1593 3846 1658 chori,

593 1679 742 1760 vine,
787 1690 843 1735 et
877 1690 1137 1737 aeternum
1165 1661 1375 1748 lumen,
1415 1661 1872 1739 et‘duleissimam
1911 1685 2168 1754 speciem,
2206 1661 2248 1720 Β
2273 1678 2329 1732 οι
2357 1667 2824 1738 Ῐιιάεῐηυωθπύε
2869 1683 3016 1744 ³Ροε¹

2273 1678 2329 1732 et
2357 1667 2521 1738 iudex
2540 1707 2547 1713 .
2566 1685 2824 1727 numerus
2869 1675 3259 1744 apostolorum,
3300 1686 3461 1747 atque
3485 1679 3850 1746 innumerabi-

597 1783 664 1824 ex
686 1769 893 1824 visione
917 1777 1004 1825 tua
1029 1773 1136 1826 erit
1157 1772 1315 1830 nobis
1338 1772 1728 1829 delectabiliter
1753 1773 2010 1843 impressa
2034 1775 2170 1839 sitis,

596 1857 863 1928 simulque
888 1861 1131 1916 satietas.
1165 1859 1272 1917 Sed
1304 1861 1460 1934 longe
1498 1863 1672 1918 aberit
1693 1863 1827 1918 asiti
1858 1865 2171 1928 necessitas,

597 1949 753 2020 longe
776 1963 809 2011 a
829 1950 1078 2012 satietate
1110 1950 1383 2016 fastidium
1401 1993 1417 2017 ,
1452 1954 1577 2022 quia
1607 1963 1664 2008 et
1692 1954 1936 2010 sitientes
1961 1955 2176 2010 satiabi-

595 2057 740 2106 mur,
753 2048 807 2094 et
820 2040 1000 2100 satiati
1019 2041 1281 2104 sitiemus.
1306 2043 1388 2104 Tn
1400 2043 1627 2116 denique
1647 2051 1848 2099 aeterna
1867 2044 2022 2100 nobis
2040 2044 2170 2105 vita,

583 2131 852 2201 gaudium
891 2139 948 2186 et
989 2147 1188 2191 corona
1225 2134 1360 2199 eris,
1398 2143 1488 2190 tua
1512 2134 1671 2189 beata
1705 2135 1844 2190 visio
1873 2135 1977 2190 erit
2001 2137 2170 2193 nostri

596 2221 796 2278 laboris
823 2224 1124 2292 praemium,
1152 2232 1212 2281 ut
1230 2233 1350 2295 post
1373 2225 1715 2287 mortalitatis
1735 2223 1895 2294 hujus
1920 2225 2171 2281 tenebras

595 2327 813 2374 accessa
842 2323 948 2370 tuae
983 2314 1168 2385 gloria:
1199 2315 1318 2379 luce
1347 2316 1696 2387 gaudeamus.
1729 2316 2039 2371 Videbimus
2071 2317 2172 2370 ita-

593 2418 701 2478 que
746 2413 849 2460 tu:e
887 2403 1481 2462 incommutabilitatem
1513 2407 1784 2470 essentiaz,
1821 2414 1880 2459 ut
1906 2420 2003 2476 per
2029 2406 2172 2462 hanc

594 2509 653 2556 et
675 2514 774 2556 nos
814 2497 1113 2558 efficiamur
1165 2499 1675 2566 incommutabiles;
1739 2501 1834 2555 sed
1878 2515 1983 2556 non
2031 2499 2171 2555 sicut

591 2594 747 2650 vides
773 2602 846 2650 te.
879 2593 938 2650 lu
969 2592 1126 2648 nobis
1154 2593 1299 2649 enim
1323 2593 1580 2663 quidquid
1605 2595 1828 2658 erimus,
1870 2593 2171 2663 poterimus

591 2698 795 2742 nosse:
822 2686 879 2741 in
925 2692 978 2739 te
1023 2693 1226 2750 autem,
1275 2685 1366 2754 qui
1414 2685 1796 2754 comprehendi
1843 2699 1949 2738 non
1992 2690 2164 2753 potes,

591 2769 737 2846 quod
757 2792 840 2841 es,
862 2774 1121 2846 quidquid
1143 2775 1275 2830 illud
1296 2783 1398 2838 est,
1424 2775 1640 2843 quando
1660 2787 1949 2843 possumus
1974 2772 2168 2830 nosse?

588 2867 732 2924 Etsi
763 2867 1078 2937 poterimus,
1124 2866 1360 2921 nondum
1396 2879 1682 2936 possumus
1706 2881 1718 2916 :
1742 2870 1796 2918 et
1834 2872 2014 2918 tamen
2042 2876 2164 2917 cum

590 2959 914 3031 poterimus,
965 2955 1206 3028 nunquid
1251 2957 1330 3012 sic
1370 2964 1424 3010 te
1460 2971 1618 3012 nosse
1659 2954 1982 3019 valebimus,
2025 2954 2166 3008 sicut

590 3060 646 3106 te
685 3048 828 3106 nosti
875 3047 1053 3103 Deus?
1094 3045 1210 3116 Ipsa
1251 3059 1467 3115 quoque
1510 3043 1850 3098 rationabilis
1897 3051 1953 3097 et
1993 3041 2164 3096 electa

587 3147 859 3200 creatura,
887 3153 998 3194 non
1026 3135 1306 3205 aequaliter
1333 3135 1538 3188 visione
1575 3134 1651 3187 tui
1689 3133 1945 3201 potietur.
1991 3130 2165 3186 Unus-

588 3228 818 3300 quisque
861 3226 1004 3282 enim
1045 3241 1145 3295 pro
1185 3225 1432 3279 mercede
1476 3223 1676 3278 laboris
1722 3223 1826 3278 sui.
1860 3221 1966 3276 Sed
2007 3221 2164 3292 plene

587 3318 819 3376 sufficiet
857 3317 998 3388 quod
1023 3315 1247 3384 singulis
1270 3315 1485 3370 dabitur
1510 3315 1703 3369 intueri
1732 3332 1744 3367 :
1773 3313 1945 3379 Quam
1972 3330 2162 3382 magna

587 3408 871 3469 multitudo
897 3405 1192 3462 dulcedinis
1213 3415 1335 3468 tute,
1360 3404 1614 3458 Domine!
1646 3403 1793 3457 Beati
1814 3403 1902 3473 qui
1924 3402 2162 3455 habitant

588 3503 646 3559 in
665 3501 824 3556 domu
843 3509 936 3554 tua
963 3495 1135 3572 (Paul.
1154 3498 1382 3564 xxx,20;
1403 3513 1592 3560 χχχιιι,
1611 3495 1663 3567 5)
1683 3497 1695 3550 l
1714 3495 1920 3550 Felices
1942 3494 2031 3564 qui
2047 3492 2159 3562 jam

586 3586 808 3663 pelagus
833 3589 993 3661 hujus
1026 3590 1369 3647 mortalitatis
1397 3591 1747 3652 transierunt,
1777 3597 1832 3641 et
1861 3586 1926 3640 ad
1950 3594 2159 3656 portum

588 3687 862 3751 perpetua:
890 3680 1200 3734 securitatis
1234 3677 1514 3748 pervenire
1553 3685 1886 3730 meruerunt.
1915 3675 2162 3739 Infelices

591 3782 713 3832 nos.
751 3765 844 3836 qui
882 3765 1058 3821 adhuc
1089 3767 1143 3822 in
1180 3765 1297 3820 salo
1336 3763 1493 3833 hujus
1538 3765 1662 3824 vita:
1703 3763 2162 3824 circumflantibus

589 3856 861 3929 agitamur
887 3855 1156 3928 procellis,
1184 3863 1239 3910 et
1261 3856 1402 3911 inter
1427 3854 1662 3925 pericula
1688 3853 1856 3912 multa
1878 3854 2163 3921 variosque

588 3963 750 4010 casus
785 3947 976 4012 incerti
1022 3962 1215 4008 navem
1256 3945 1568 4003 laborantes
1597 3944 1875 4000 trahimus.
1915 3944 2158 4009 Domine,

589 4037 657 4099 da
679 4037 836 4098 nobis
863 4047 914 4094 te
944 4046 1169 4102 rectore,
1204 4045 1256 4092 te
1284 4038 1440 4100 duce,
1473 4036 1614 4090 inter
1645 4033 1878 4105 Scyllam
1926 4041 1980 4086 et
2022 4032 2162 4088 Cha-

590 4130 799 4200 tybdim
825 4131 906 4192 sic
933 4133 1037 4187 iter
1065 4141 1248 4188 tenere
1272 4148 1368 4203 per
1399 4132 1656 4196 medium,
1689 4139 1748 4186 ut
1789 4131 1994 4198 integra
2027 4144 2161 4182 nave

587 4228 644 4279 ct
681 4215 844 4276 salvis
883 4223 1155 4278 mercibus
1189 4223 1470 4293 pervenire
1506 4223 1772 4293 possimus
1795 4219 1862 4276 a'd
1885 4228 1936 4275 te
1957 4221 2162 4274 tutissi-

589 4323 735 4374 mum
765 4321 1000 4379 portum.

660 4399 827 4462 XXV.
880 4401 1030 4457 Felix
1068 4402 1279 4464 anima,
1326 4415 1445 4470 qua:
1493 4407 1708 4455 terreno
1747 4399 1984 4453 resoluta
2029 4415 2155 4454 car-

587 4503 712 4551 cere
732 4489 900 4556 libera
928 4489 1120 4554 omium
1149 4490 1302 4559 petit,
1335 4503 1454 4559 quae
1483 4487 1655 4544 beatis
1684 4487 1914 4546 admista
1956 4488 2158 4556 SpiTili-r

586 4582 690 4639 bus
712 4579 981 4650 mjestali
1013 4589 1119 4642 tua:
1142 4580 1370 4645 assistit,
1406 4595 1526 4650 qum
1552 4588 1604 4636 te
1632 4577 2156 4647 incircumscriptum

590 4666 768 4726 lumen
793 4669 989 4731 cernit.
1021 4684 1140 4740 quae
1164 4669 1307 4726 nullo
1342 4678 1487 4725 motu
1531 4669 1613 4723 vel
1653 4667 1846 4724 mortis
1874 4667 1956 4722 vel
1975 4669 2159 4723 'hostis

591 4753 840 4820 afﬁcitur,
878 4770 997 4824 qua:
1025 4757 1441 4829 incorruptionis
1468 4769 1738 4829 perpetuae
1762 4772 1984 4818 munere
2012 4757 2159 4819 Reta-

592 4855 696 4909 tur.
745 4845 790 4907 Ο
833 4845 940 4899 vita
972 4845 1171 4910 vitalis,
1207 4845 1378 4904 dulcis
1406 4855 1460 4904 et
1487 4849 1756 4913 amabilis,
1802 4847 1894 4903 ubi
1932 4863 2036 4902 non
2074 4855 2158 4902 est

589 4938 763 5002 hostis
804 4939 1142 5009 impugnans,
1188 4935 1277 4996 ubi
1315 4936 1457 4992 nulla
1498 4941 1704 5007 peccati
1748 4941 2022 5006 illecebra,
2063 4939 2153 4994 sed

589 5044 797 5094 summa
829 5036 886 5084 et
911 5037 1060 5094 certa
1087 5027 1368 5091 securitas,
1397 5034 1451 5089 et
1477 5043 1666 5087 secura
1695 5032 2072 5101 tranquillitas,
2101 5037 2156 5085 et

589 5120 874 5191 tranquilla
912 5119 1243 5188 iucunditas,
1285 5128 1339 5173 et
1377 5118 1610 5184 jucunda
1657 5120 1904 5186 felicitas,
1939 5130 2000 5177 et
2027 5121 2150 5178 felix

586 5210 879 5273 mternitas,
927 5217 983 5265 et
1020 5219 1223 5268 aeterna
1273 5209 1563 5270 beatitudo,
1613 5218 1668 5263 et
1711 5210 1868 5266 beata
1918 5213 1996 5266 tui
2037 5212 2154 5266 sine

588 5299 695 5354 ﬁne
743 5300 876 5355 visio
899 5308 1059 5368 atque
1088 5299 1322 5355 laudatio
1351 5301 1510 5356 Deus.
1548 5298 1618 5354 Ut
1649 5301 1762 5356 hinc
1787 5305 2064 5368 succedat,
2099 5315 2155 5360 et

585 5391 815 5449 mortale
839 5391 939 5448 hoc
970 5391 1223 5446 induatur
1254 5391 1678 5453 immortalitate,
1705 5392 1912 5448 utinam
1946 5395 2126 5448 desina

585 5489 822 5551 ctqnam
865 5479 974 5536 cito
1013 5479 1229 5534 finiatur
1274 5480 1380 5532 vita
1411 5481 1536 5544 ista,
1583 5495 1702 5550 qua:
1747 5495 1893 5534 mors
1927 5482 2154 5545 dicenda

587 5579 687 5635 est,
720 5586 820 5629 non
846 5569 982 5633 vita;
1023 5570 1124 5623 vita
1159 5569 1332 5632 dubia,
1366 5585 1504 5625 unca
1538 5579 1590 5625 ct
1631 5585 1958 5634 aerumnosa;
1989 5586 2150 5639 quam

2190 2999 2239 3062 C

2273 1760 2406 1816 lium
2446 1771 2746 1834 martyrum
2777 1766 2951 1820 victor
2988 1769 3282 1834 exercitus,
3327 1758 3596 1842 simulque
3639 1773 3849 1832 aniles—

2273 1871 2456 1911 sorum
2497 1859 2798 1912 constantia
2831 1860 3035 1929 prmmii
3061 1863 3144 1916 sui
3171 1866 3514 1935 perceptione
3532 1865 3843 1925 consolata:

2272 1948 2362 2003 ubi
2410 1946 2595 2002 ﬁdeles
2639 1949 2764 2014 viri,
2812 1966 2949 2022 quos
2993 1966 3024 2004 a
3065 1953 3336 2008 virilitatis
3378 1970 3488 2010 suae
3531 1957 3722 2011 robore
3758 1972 3848 2014 vo-

2271 2037 2450 2107 luptas
2498 2037 2658 2114 hujus
2699 2037 2878 2093 saeculi
2925 2040 3167 2095 emollire
3193 2058 3296 2097 non
3325 2045 3516 2112 potuit,
3558 2055 3616 2100 et
3650 2057 3848 2111 sanius

2268 2129 2476 2214 pariter
2525 2129 2808 2192 mulieres,
2866 2145 2986 2200 quae
3036 2147 3160 2187 cum
3220 2135 3415 2189 sacculo
3469 2130 3671 2191 sexum
3705 2139 3837 2202 vice-

2271 2230 2432 2286 runt:
2461 2222 2552 2277 ubi
2599 2223 2771 2293 pueri.
2826 2227 2918 2294 qui
2965 2225 3091 2279 dum
3141 2233 3326 2279 essent
3362 2227 3414 2280 in
3456 2242 3642 2292 carne,
3681 2243 3847 2285 annos

2271 2327 2399 2367 suos
2429 2313 2672 2368 moribus
2705 2314 3196 2381 transcenderunt;
3257 2324 3420 2384 atque
3473 2331 3668 2382 senes,
3710 2328 3847 2387 istos

2269 2410 2403 2463 aetas
2458 2403 2662 2460 debiles
2713 2406 2987 2471 reddidit,
3041 2415 3097 2461 et
3145 2407 3317 2462 virtus
3353 2409 3536 2478 operis
3573 2422 3680 2462 non
3717 2405 3844 2469 reli-

2271 2494 2407 2564 quit.
2489 2565 2493 2568 Ι
3020 2495 3025 2503 ’

2340 2583 2529 2639 XXVI.
2567 2583 2647 2647 Ad
2685 2585 3151 2652 horumomnium
3184 2596 3426 2651 sanctam
3463 2587 3844 2659 frequentiam,

2268 2682 2323 2730 et
2343 2683 2447 2731 tum
2467 2675 2813 2747 inspicienda:
2831 2676 3244 2746 pulchritudinis
3267 2694 3575 2734 mansuram
3599 2681 3717 2734 sine
3739 2679 3844 2733 fine

2267 2766 2508 2826 latitiam
2533 2766 2618 2822 fac
2665 2782 2771 2830 me,
2822 2769 2962 2823 υνυς
3002 2785 3177 2833 mens,
3219 2778 3333 2824 toto
3378 2771 3542 2825 corde
3587 2771 3837 2836 tendere,

2268 2855 2499 2910 viriliter
2531 2870 2772 2921 currere,
2815 2855 3046 2911 feliciter
3096 2859 3400 2926 pervenire.
3450 2858 3669 2924 Interim
3714 2862 3838 2917 dum

2269 2946 2322 3000 in
2348 2946 2452 3001 isto
2477 2962 2669 3002 maneo
2693 2962 2938 3018 corpore,
2970 2950 3023 3003 in
3051 2950 3137 3008 bis
3164 2966 3376 3022 semper
3404 2953 3841 3011 meditationibus

2271 3049 2504 3097 mentem
2547 3056 2723 3099 meam
2747 3042 3007 3098 bonorum
3034 3043 3337 3098 insinuatur
3358 3059 3571 3100 exerce.
3610 3045 3804 3099 litanda
3823 3086 3838 3108 ,

2267 3149 2417 3203 rogo,
2456 3133 2635 3193 cordis
2673 3133 2949 3198 intuitum,
2982 3150 3117 3190 acue
3140 3136 3338 3192 mentis
3365 3137 3719 3201 intellectum,
3750 3153 3840 3193 ao-

2265 3224 2433 3278 ccnde
2457 3224 2663 3278 cmlesti
2702 3224 2824 3293 igne
2861 3226 3123 3288 animum,
3171 3235 3230 3279 ut
3269 3236 3322 3280 te
3365 3227 3540 3283 solum
3586 3229 3836 3298 cogitem,

2266 3321 2318 3367 te
2356 3313 2526 3368 solum
2571 3327 2766 3376 amem,
2812 3321 2866 3367 te
2903 3314 3072 3370 solum
3114 3315 3344 3371 hab-eam
3387 3317 3441 3370 in
3493 3318 3657 3372 corde
3694 3327 3749 3373 et
3780 3319 3834 3373 in

2263 3419 2379 3468 ore,
2424 3403 2516 3473 qui
2543 3418 2604 3458 es
2632 3401 2869 3456 futurum
2895 3404 3048 3458 nobis
3073 3405 3188 3459 sine
3220 3403 3325 3460 fine
3355 3408 3654 3476 pnemium.
3687 3407 3755 3464 Et
3779 3419 3837 3463 nt

2262 3495 2473 3563 pondus
2502 3493 2848 3550 mortalitatis
2886 3510 3018 3550 mea:
3048 3496 3232 3550 laevius
3257 3495 3447 3561 feram,
3479 3498 3544 3552 da
3574 3497 3753 3554 lumen
3783 3499 3836 3553 in

2261 3586 2445 3648 corde,
2477 3585 2542 3638 da
2573 3585 2794 3648 verbum
2827 3585 2880 3638 in
2907 3600 3020 3640 ore.
3054 3585 3215 3655 Aperi
3246 3595 3559 3641 sanctarum
3593 3587 3836 3655 Scimu-

2264 3689 2448 3728 rarum
2487 3681 2696 3727 secreta
2729 3682 2785 3726 et
2811 3672 3074 3742 profunda
3125 3683 3505 3743 mysteriorum
3532 3678 3680 3743 regni
3715 3677 3790 3728 tni
3821 3694 3831 3728 :

2263 3768 2329 3822 da
2385 3781 2449 3819 ex
2510 3780 2696 3819 amore
2745 3765 2820 3817 tui
2871 3763 3176 3834 lacrymas,
3237 3766 3302 3819 da
3373 3765 3496 3820 fidei
3555 3767 3836 3821 virtutum-

2262 3869 2365 3924 que
2410 3869 2652 3924 pennas,
2700 3853 2896 3924 quibus
2935 3853 3152 3908 indutus
3205 3870 3420 3910 sursum
3473 3856 3541 3915 ad
3600 3865 3653 3912 te
3708 3857 3836 3911 voli-

2264 3954 2391 4007 tem,
2424 3955 2481 3998 et
2521 3959 2746 4014 perosus
2787 3954 3008 4008 terram,
3043 3945 3238 4001 coelum
3266 3955 3465 4017 petam.
3496 3947 3649 4003 Hanc
3677 3947 3834 4002 tidem

2261 4039 2328 4091 de
2360 4045 2432 4100 te,
2471 4051 2567 4106 per
2592 4044 2665 4102 te,
2697 4036 2750 4090 in
2777 4045 2830 4091 te
2858 4037 3138 4103 confiteor,
3182 4054 3216 4092 o
3260 4039 3417 4094 beata
3457 4049 3513 4094 et
3553 4041 3834 4096 benedicta

2260 4138 2316 4184 et
2340 4127 2568 4198 gloriosa
2600 4126 2864 4187 Trinitas!
2897 4145 2930 4183 ο
2953 4145 3078 4183 vera
3109 4138 3161 4183 et
3191 4146 3402 4184 summa
3428 4141 3483 4185 et
3508 4133 3834 4200 sempi'erna

2258 4219 2457 4282 unitas,
2493 4217 2653 4276 Pater
2691 4229 2747 4272 et
2786 4218 2954 4271 Filius
2997 4227 3054 4270 et
3098 4217 3334 4285 Spiritus
3375 4227 3594 4272 sanctus
3617 4215 3835 4281 l‘Deus,

2260 4308 2544 4374 Dominus,
2598 4308 2922 4378 paraclctus,
2965 4308 3236 4370 Charitas,
3285 4307 3492 4376 gratia,
3536 4311 3835 4365 communi.

2265 4398 2424 4455 eatio.
2458 4397 2658 4459 Verum
2682 4396 2884 4458 lumen,
2929 4410 3116 4451 verum
3163 4395 3340 4449 lumen
3371 4412 3436 4452 ex
3462 4398 3681 4468 lumine,
3706 4417 3833 4458 vera

2263 4486 2604 4544 illuminatio.
2637 4482 2836 4543 Vivens
2876 4485 3009 4549 vita,
3053 4486 3160 4543 vita
3206 4503 3235 4540 a
3277 4489 3510 4554 vivente,
3540 4491 3834 4549 vivificator

2263 4569 2580 4638 viventium.
2611 4575 2775 4641 Fons,
2808 4574 3023 4641 ﬂumen,
3053 4579 3315 4649 irrigatto.
3351 4581 3498 4637 Unus
3526 4599 3556 4636 a
3589 4598 3668 4646 se,
3695 4600 3835 4640 unus

2264 4671 2332 4723 ab
2366 4669 2646 4724 ambobus.
2686 4669 2767 4730 Ab
2795 4687 2901 4725 uno
2937 4673 3139 4736 omnia,
3191 4688 3287 4740 per
3327 4688 3494 4727 unum
3533 4675 3732 4738 omnia,
3775 4676 3830 4731 in

2263 4774 2370 4812 uno
2390 4750 2606 4826 omnia;
2637 4760 2690 4816 id
2713 4769 2819 4824 est,
2858 4775 2889 4815 a
2929 4776 2989 4816 se
3030 4760 3208 4822 Pater.
3245 4761 3314 4814 ab
3339 4759 3511 4815 altero
3535 4760 3720 4826 Filius.
3761 4767 3832 4820 ab
3892 4772 3911 4786 ⁴

2260 4859 2488 4919 utroque
2518 4849 2751 4920 Spiritus
2791 4858 3031 4912 sanctus,
3064 4865 3092 4902 a
3124 4848 3283 4907 Patre
3322 4857 3376 4901 et
3394 4847 3550 4904 Filio.
3577 4849 3669 4907 Ὠιι
3689 4868 3720 4905 a
3745 4867 3830 4918 se,

2257 4939 2326 4997 ὧν
2361 4940 2428 4995 ab
2468 4940 2658 5005 altero,
2703 4941 2767 4996 ὧν
2799 4940 2866 4991 ab
2899 4945 3165 5006 utroque:
3195 4953 3354 4994 omne
3383 4949 3563 4995 autem
3591 4940 3658 4998 ὢν
3683 4957 3829 4999 seu»

2258 5045 2354 5099 per
2382 5031 2434 5082 in
2460 5032 2650 5093 tribus,
2681 5039 2734 5082 et
2759 5041 2918 5079 omne
2946 5026 3012 5080 ὢν
3039 5027 3318 5096 azqualiter
3355 5029 3407 5083 in
3445 5032 3689 5106 singulis.
3721 5035 3826 5091 “8‘.

2259 5136 2354 5175 rax
2395 5120 2625 5190 genitor,
2657 5117 2854 5174 veritas
2889 5118 3117 5186 genitus,
3163 5122 3366 5176 veritas
3411 5132 3466 5176 et
3507 5127 3823 5194 prnoedms.

2261 5209 2373 5264 Una
2397 5211 2587 5273 virtus,
2611 5206 2831 5276 aequalis
2857 5207 3129 5276 maiestas,
3154 5225 3252 5279 par
3274 5212 3463 5280 gloria,
3489 5230 3596 5269 uua
3615 5217 3824 5272 eadem-

2255 5317 2358 5370 que
2380 5301 2636 5356 essentia.

2327 5391 2534 5446 XXVII.
2579 5391 2720 5445 Deus
2744 5388 2885 5444 trine
2906 5400 2960 5464 et
2985 5409 3111 5458 une,
3137 5393 3279 5448 Deus
3298 5395 3656 5465 omnipotens,
3681 5397 3828 5467 apud

2251 5498 2404 5549 quem
2440 5497 2542 5542 non
2566 5490 2641 5542 est
2665 5485 3055 5547 trammutatio,
3090 5501 3181 5538 nec
3218 5486 3588 5547 vicissitudinis
3637 5487 3826 5541 obum-

2255 5569 2422 5624 bratio
2463 5568 2600 5638 (Jac.
2633 5586 2670 5635 t.
2707 5569 2810 5642 l7),
2846 5579 2902 5626 et
2931 5573 3046 5629 idco
3075 5574 3213 5653 apud
3255 5583 3307 5629 te
3335 5590 3524 5632 cursus
3560 5575 3825 5653 temporis

3711 208 3857 266 l6“
3917 264 3924 269 .
