4254 6220
398 193 543 253 1045

1088 188 1234 247 ore.
1277 188 1501 246 DUBIA.
1527 194 1611 228 ·-
1647 185 1872 242 ALBINI
1910 183 2283 242 conressro
2320 174 2516 244 FIDEI.
2554 220 2627 232 -
2662 190 2839 245 mus
2870 193 2914 247 ι.

3498 190 3635 246 4046

399 311 754 366 alteruatioue
812 309 915 363 diei
972 307 1249 375 noctisque
1303 317 1641 373 nequaquam
1694 301 1954 355 variatur.
1990 303 2029 358 Α
2061 312 2213 353 meus
2236 298 2376 369 pius,
2405 297 2519 354 Rex
2550 315 2702 355 meus
2725 316 2969 370 magnus.
3005 301 3078 354 'l‘e
3105 317 3268 353 ttnum
3296 303 3460 354 Deum
3491 308 3631 365 t'lliO,

402 401 543 457 Deus
571 400 660 455 lux
689 415 835 464 vera,
878 415 995 468 quae
1037 398 1151 452 sine
1193 412 1415 452 accessu
1438 411 1522 458 ea,
1547 408 1668 466 quze
1689 393 1863 463 eligis,
1904 393 1969 447 il-

346 471 357 479 ’
398 491 619 554 lustras,
659 497 718 543 et
747 489 865 543 sine
890 501 1104 543 recessu
1128 502 1210 549 ea,
1248 501 1366 553 quae
1392 484 1622 555 respuis,
1662 484 1886 552 deseris,
1914 490 1969 538 et

400 580 520 633 ideo
545 579 596 632 in
632 587 683 634 te
714 578 891 632 nullus
924 576 1162 632 defectus
1194 576 1580 631 .mutabilitatis
1618 575 1783 629 venit.
1824 572 1967 627 Deus

399 668 492 736 qui
538 668 590 720 in
639 667 917 735 temetipso
968 665 1232 719 manendo
1278 663 1646 726 immutabilis,
1692 662 1769 716 sic
1816 662 1872 718 in
1909 676 1966 715 se

400 757 731 809 transeuntia
758 755 1064 817 condidiSti,
1099 761 1156 805 ut
1182 753 1320 821 apud
1348 762 1398 805 te
1430 767 1765 820 nequaquam
1794 759 1966 804 trans-

399 844 476 899 ire
501 845 712 913 possint
735 861 747 897 :
770 855 823 896 et
846 844 961 896 ideo
986 843 1038 895 in
1062 852 1352 911 conspectu
1386 850 1474 894 tuo
1502 850 1712 909 tempus
1742 856 1845 893 non
1874 840 1964 893 de-

398 935 690 1005 I‘.u’.t,quod
712 935 849 1004 apud
872 952 968 988 nos
992 933 1120 987 foris
1138 932 1549 1002 dccurrit.Deus
1570 932 1622 984 in
1643 930 1793 998 cujus
1810 938 1964 983 mtcr-
2018 1003 2029 1008 θ

394 1028 566 1080 nitate
585 1026 688 1080 lixa
711 1035 929 1080 manent
947 1040 1008 1079 ea
1033 1041 1152 1094 quze
1173 1039 1276 1078 non
1304 1023 1408 1076 lixa
1429 1021 1665 1076 exterius
1682 1018 1842 1090 393
1866 1033 1964 1072 sa:-

393 1115 634 1170 cu‘lorum
670 1115 940 1167 volumine
978 1120 1351 1179 emanantzet
1397 1110 1515 1164 ideo
1560 1107 1833 1162 aeternitas
1874 1116 1959 1161 tua

393 1208 510 1261 dies
529 1214 618 1259 est
634 1219 763 1268 una,
780 1218 898 1273 qua:
922 1218 1019 1257 nec
1038 1201 1141 1255 line
1167 1199 1458 1261 clauditur,
1480 1214 1580 1252 nec
1604 1198 1759 1251 initio
1781 1196 1960 1267 aperi-

394 1304 500 1349 tur.
520 1294 677 1357 Deus,
699 1293 790 1363 qui
811 1293 928 1346 sine
954 1275 1307 1346 mutabilitate
1325 1282 1481 1343 simul
1503 1290 1694 1343 cuncta
1712 1288 1957 1357 reSpicis,

393 1384 512 1438 sine
553 1383 875 1437 distentione
905 1381 1347 1452 comprehendis;
1377 1390 1432 1435 et
1462 1382 1619 1443 bona,
1647 1393 1957 1449 quaijuvas,

390 1485 446 1530 ct
470 1475 629 1538 mala,
657 1460 775 1545 qua:
799 1474 1035 1542 iudicas,
1063 1484 1117 1527 et
1142 1490 1261 1542 qua:
1298 1474 1490 1541 iuvans
1535 1488 1869 1533 remuneras,
1906 1479 1960 1524 et

388 1564 509 1633 quin
522 1549 771 1633 judicans
814 1566 1071 1629 damnas;
1108 1565 1161 1619 in
1199 1564 1303 1631 his,
1334 1578 1453 1632 qua:
1480 1563 1692 1617 diverso
1716 1562 1957 1632 disponis

2067 402 2230 440 mium
2259 386 2500 442 omnium
2531 396 2844 442 naturarum
2869 388 3206 459 principium,
3234 406 3260 441 a
3290 407 3395 458 quo
3423 393 3631 451 imiter-

2065 473 2195 529 sitas
2221 482 2276 530 ct
2296 475 2600 541 inchoatur,
2627 486 2682 531 et
2708 476 3003 547 perﬁcitur,
3027 482 3436 533 et'continetnr:
3467 492 3629 536 unam

2071 565 2267 631 Demn,
2310 580 2341 620 a
2378 583 2483 637 quo
2511 583 2722 635 sumus,
2767 586 2863 640 per
2887 586 3045 639 quem
3073 587 3286 633 sumus,
3325 573 3376 626 in
3407 578 3511 641 quo
3541 592 3627 631 su-

2066 670 2199 717 nms,
2236 671 2265 708 a
2294 673 2401 726 quo
2429 658 2790 724 discessimus,
2817 661 2898 713 cui
2930 661 3213 716 dissimiles
3243 660 3370 716 facti
3402 681 3586 719 sumus
3614 683 3627 717 :

2065 743 2380 814 principium
2420 747 2486 801 ad
2527 749 2669 817 quod
2711 749 3055 812 recurrimns,
3102 762 3155 805 et
3199 751 3425 806 formam
3468 771 3629 823 quam

2065 836 2360 904 sequimur,
2385 845 2441 891 et
2465 841 2693 908 gratiam
2723 858 2824 910 qua
2858 843 3298 898 reconciliamur:
3331 861 3491 899 unum
3523 862 3630 914 quo

2064 936 2286 983 auctore
2323 929 2523 983 conditi
2566 946 2781 997 sumus;
2823 940 2878 987 et
2917 935 3315 990 similitudinem
3346 952 3441 1006 per
3467 952 3627 1006 quam
3700 928 3710 935 ’

2062 1017 2128 1071 ad
2157 1018 2412 1074 unitatem
2443 1021 2820 1088 reformamur,
2861 1034 2917 1079 et
2949 1041 3134 1094 pacem
3172 1044 3275 1098 qua
3313 1030 3502 1083 unitati
3536 1031 3630 1083 ad-

2060 1107 2327 1164 lneremus
2352 1130 2364 1164 :
2402 1128 2564 1166 unum
2594 1114 2789 1180 Deum,
2820 1131 2925 1185 quo
2953 1117 3204 1173 Creatore
3230 1121 3456 1175 vivimus
3476 1164 3488 1182 ,
3533 1138 3629 1190 per

2060 1214 2217 1268 quem
2248 1200 2524 1256 reformati
2554 1205 2827 1273 sapienter
2854 1208 3104 1271 vivimus,
3148 1226 3304 1278 quem
3348 1211 3582 1281 diligenti
3604 1228 3629 1265 s

2059 1299 2114 1343 et
2137 1306 2245 1360 quo
2274 1290 2513 1347 fruentes
2556 1294 2712 1350 beate
2751 1296 2998 1351 vivimus.
3052 1298 3125 1351 Te
3164 1298 3339 1360 laudo,
3372 1300 3627 1354 benedicti

2060 1386 2220 1446 atque
2248 1379 2438 1447 adoro,
2470 1391 2679 1451 tuaeque
2713 1382 3010 1439 clementia:
3054 1395 3110 1440 et
3156 1386 3377 1442 bonitati
3425 1392 3628 1458 gratias

2060 1468 2233 1525 refero
2275 1487 2373 1542 pro
2419 1474 2685 1528 universis
2737 1476 2841 1529 tuis
2891 1476 3045 1530 donis
3092 1492 3154 1531 ac
3201 1478 3378 1541 datis,
3428 1489 3481 1533 et
3528 1496 3626 1549 pro

2057 1562 2307 1618 onmibus
2351 1565 3054 1623 beneﬁciis‘misericordite
3096 1578 3230 1633 tuae,
3272 1586 3390 1638 quae
3435 1572 3625 1625 anima:

384 1655 595 1718 ordine,
636 1654 881 1709 diversus
918 1670 1022 1709 non
1066 1655 1341 1719 cs.VDeus,
1368 1654 1459 1723 qui
1490 1668 1653 1722 opera
1682 1663 1772 1706 tua
1800 1662 1957 1705 extra
1990 1640 2034 1698 Β
2065 1653 2385 1722 corporique
2433 1671 2551 1710 meo
2596 1655 2823 1727 largiris,
2873 1665 2929 1711 et
2974 1672 3183 1727 semper
3222 1658 3443 1728 largitus
3489 1674 3548 1715 es
3595 1676 3625 1715 a

382 1748 705 1810 circumdas,
729 1754 783 1802 et
807 1747 946 1800 intra
971 1746 1163 1816 reples,
1189 1762 1349 1815 supra
1383 1745 1535 1816 tegis,
1559 1752 1612 1798 et
1640 1743 1777 1799 infra
1802 1743 1910 1799 fers
1935 1765 1947 1798 :

382 1849 437 1894 et
464 1841 589 1895 licet
614 1841 689 1895 sis
710 1841 956 1909 superior
989 1854 1088 1908 per
1106 1838 1419 1906 potentiam,
1468 1837 1693 1891 inferior
1718 1852 1814 1907 per
1838 1852 1957 1891 sus-

387 1930 762 1993 tentationem,
817 1928 1057 1983 exterior
1102 1942 1199 1996 per
1239 1926 1681 1997 magnitudinem,
1732 1925 1956 1979 interior

381 2039 482 2095 per
505 2023 893 2082 subtilitatem;
930 2030 1107 2075 tamen
1157 2018 1403 2087 superior
1430 2026 1485 2071 et
1506 2016 1728 2071 inferior
1755 2031 1815 2071 es
1838 2016 1956 2070 sine

381 2114 521 2176 loco,
565 2112 777 2181 amplus
815 2111 933 2164 sine
979 2108 1279 2171 latitudine,
1314 2107 1525 2161 subtilis
1551 2107 1669 2161 sine
1698 2114 1957 2160 extenua-

381 2205 533 2259 tione
555 2221 568 2234 ν
594 2212 649 2259 et
688 2204 808 2258 ideo
838 2217 933 2272 per
956 2201 1150 2255 molem
1185 2198 1429 2268 corporis
1452 2214 1717 2267 nusquam
1740 2212 1819 2262 es,
1836 2192 1842 2199 ’
1859 2199 1954 2253 sed

378 2307 477 2366 per
508 2292 1031 2361 iucircumseriptam
1060 2289 1418 2345 substantiam
1446 2297 1501 2343 et
1529 2288 1951 2343 immensitatem

379 2381 833 2437 incommutabilis
885 2388 1090 2435 natura:
1140 2394 1405 2449 nusquam
1456 2379 1605 2433 deos.
1659 2377 1765 2433 Sed
1824 2379 1951 2448 quia

377 2473 533 2544 longe
556 2473 742 2536 distas,
761 2471 1005 2536 Creator,
1028 2487 1065 2526 a
1084 2460 1353 2536 creatura,
1376 2472 1618 2543 cogitare
1643 2472 1764 2540 quis
1786 2471 1947 2537 valet,

375 2564 611 2631 qualiter
646 2562 721 2617 sis
752 2562 803 2616 in
843 2562 985 2627 loco,
1010 2562 1105 2632 qui
1126 2577 1233 2617 non
1276 2560 1486 2631 caperis
1531 2562 1685 2616 loco?
1719 2561 1951 2617 Omnino

374 2658 519 2711 enim
546 2656 599 2709 in
626 2656 742 2709 loco
769 2669 1022 2709 essenon
1044 2662 1217 2723 potes,
1239 2653 1491 2722 quoniam
1528 2653 1726 2721 ubique
1747 2664 1829 2717 es,
1854 2652 1950 2707 sed

376 2764 484 2803 non
536 2748 588 2801 in
634 2746 772 2801 loco.
800 2745 919 2816 Ipse
965 2745 1061 2799 tibi
1099 2744 1247 2798 locus
1277 2743 1500 2799 illocalis
1537 2745 1777 2799 crederis
1804 2758 1944 2807 esse,

375 2838 610 2907 Spiritus
678 2836 1119 2904 circumscriptus
1184 2831 1324 2905 [F.,
1383 2831 1940 2905 incircumscriptus].

375 2932 529 2988 Unde
562 2930 776 2986 dillicile
819 2930 1087 2984 invenitur
1128 2928 1221 2984 ubi
1262 2930 1374 2992 sis,
1435 2931 1528 2983 sed
1582 2927 1752 2984 multo
1803 2927 1941 2982 ditii-

2067 1760 2251 1814 puero,
2299 1757 2352 1799 et
2396 1761 2423 1799 a
2469 1748 2937 1813 cunabulismeis,
2981 1761 3198 1818 propter
3238 1759 3287 1803 te
3333 1761 3387 1804 ct
3432 1767 3623 1807 nomen

2061 1842 2210 1888 tuum
2241 1843 2505 1890 sanctum.
2556 1836 2706 1893 L‘nde
2744 1847 2995 1908 expertus
3026 1840 3207 1904 didici,
3242 1841 3366 1909 quia
3396 1840 3623 1897 tuDeus

2059 1921 2259 1988 noster,
2310 1925 2448 1980 Deus
2493 1941 2553 1979 es
2601 1926 2819 1981 inlinit-.2
2859 1928 3261 1995 misericordiae,
3309 1939 3362 1984 et
3406 1931 3623 2000 pietatis

2058 2014 2349 2079 immensae,
2384 2018 2475 2086 qui
2516 2014 2699 2072 servos
2727 2028 2844 2074 tuos
2875 2021 3013 2074 inter
3037 2021 3257 2074 adversa
3288 2030 3342 2075 et
3365 2037 3620 2093 prospera

2058 2103 2373 2175 mirabiliter
2401 2106 2587 2176 dirigis
2616 2115 2776 2175 atque
2801 2109 3057 2163 custodis.
3094 2107 3288 2179 Sicque
3320 2111 3618 2166 moderaris

2057 2193 2221 2246 vitam
2248 2209 2432 2248 eorum
2462 2195 2511 2250 in
2540 2205 2765 2264 utraque
2794 2189 2965 2266 parte,
2992 2207 3050 2253 ut
3076 2200 3299 2255 adversa
3327 2202 3620 2270 prosperis,

2055 2291 2109 2336 et
2155 2285 2747 2353 prospera'sucecdaut
2794 2286 3054 2342 adversis.
3105 2286 3464 2357 Confiteanlur
3497 2308 3617 2361 ergo

2051 2373 2165 2436 tibi,
2184 2373 2423 2440 Domine,
2443 2376 2616 2429 oumia
2642 2392 2797 2446 Opera
2822 2390 2936 2443 tua,
2961 2388 3006 2431 et
3030 2380 3196 2439 sancti
3220 2381 3296 2433 tui
3320 2381 3619 2435 benedicent

2051 2467 2144 2520 tibi
2171 2466 2341 2538 (Prol.
2370 2486 2549 2533 eam,
2582 2469 2665 2540 10)
2695 2489 2707 2523 :
2754 2478 2808 2525 ct
2848 2480 2906 2525 ιιι
2949 2472 3249 2529 confitendo
3279 2474 3617 2543 resipiscam,

2053 2572 2157 2611 non
2188 2566 2399 2613 cessent
2440 2574 2470 2611 a
2510 2559 2754 2614 laudibus
2794 2560 2899 2615 tuis
2940 2562 3036 2631 ipsi
3078 2563 3240 2617 etiam
3282 2572 3613 2632 peceatores.

2052 2646 2288 2714 Quorum
2318 2665 2453 2704 unus
2480 2664 2599 2720 ego,
2648 2651 2772 2705 licet
2812 2651 2868 2704 in
2911 2652 3146 2721 peccatis
3174 2653 3413 2722 pronior,
3454 2654 3619 2709 corde

2054 2750 2229 2797 tamen
2270 2743 2593 2799 desideranti
2639 2752 2758 2798 tuas
2800 2745 3035 2799 decanto
3061 2745 3282 2801 laudes:
3318 2748 3364 2801 si
3394 2762 3499 2803 non
3526 2765 3616 2813 ea,

2049 2847 2155 2900 qua
2201 2833 2379 2889 debeo
2413 2833 2712 2903 dignitate,
2768 2832 2941 2900 facio,
2993 2849 3097 2904 qua
3143 2834 3291 2891 valeo
3337 2834 3612 2892 facultate.

2050 2922 2296 2993 Respice,
2319 2941 2520 2995 quaeso,
2543 2940 2731 2980 sereno
2754 2926 2904 2979 vultu
2933 2926 3002 2981 ad
3022 2927 3125 2981 boc
3149 2942 3283 2980 meae
3306 2927 3617 2998 exiguitatis

383 2977 529 2988 νη--ν
565 2977 776 2986 ww---
1131 2977 1219 2984 ---
1262 2977 1374 2992 ---ι
1435 2977 1528 2983 η-
1582 2977 1746 2984 mm-
1809 2977 1913 2982 -----
2113 2977 2118 2978 κ
2159 2977 2174 2993 .
2769 2977 2902 2979 ν-η-
2936 2977 2997 2981 η
3103 2977 3120 2981 -
3312 2977 3611 2998 ηοω-π---

372 3022 529 3079 cilius
584 3022 673 3075 ubi
729 3037 835 3075 non
888 3022 984 3076 sis.
1040 3020 1172 3087 Quis
1223 3022 1343 3074 sine
1400 3028 1452 3073 te
1508 3019 1803 3074 subsistere
1854 3019 1941 3074 vel
1970 2977 2393 3083 C‘ebseqnium,
2433 3026 2487 3069 et
2516 3016 2839 3085 propitiabili
2869 3015 3177 3085 dignatione
3206 3016 3389 3085 accipe
3427 3017 3611 3071 tantil-

371 3130 494 3170 esse
545 3112 767 3183 potest?
824 3111 889 3165 Et
939 3120 1117 3165 tamen
1174 3120 1349 3165 tecum
1409 3125 1515 3164 non
1574 3124 1764 3163 omnes
1812 3125 1939 3178 pes-

371 3212 501 3261 sunt
515 3218 652 3259 esse.
692 3201 883 3258 Omnia
902 3202 1043 3257 enim
1069 3217 1099 3255 a
1123 3210 1175 3254 te
1191 3208 1338 3263 sunt,
1360 3206 1413 3253 et
1432 3214 1526 3267 per
1547 3206 1599 3252 te
1619 3199 1936 3253 subsistunt.

444 3294 674 3351 XXVIII.
716 3293 859 3348 Deus
884 3308 1009 3347 vera
1037 3300 1091 3347 et
1118 3291 1324 3345 inlinita
1348 3291 1649 3353 beatitudo,
1675 3306 1707 3343 a
1731 3304 1856 3358 quo,
1887 3297 1941 3342 et

352 3401 468 3455 per
490 3401 650 3455 quem
664 3374 686 3448 ’,
723 3394 779 3439 et
805 3385 857 3437 in
882 3398 990 3453 quo
1016 3383 1175 3437 beata
1204 3390 1329 3436 sunt
1360 3382 1539 3436 omnia
1559 3421 1574 3444 ,
1609 3394 1941 3450 quaacunque

368 3489 498 3528 vere
520 3474 678 3528 beata
708 3481 853 3528 sunt.
886 3474 1030 3527 Deus
1052 3486 1180 3525 vera
1205 3479 1260 3525 et
1284 3486 1492 3524 summa
1519 3471 1648 3533 vita,
1675 3485 1705 3522 a
1732 3483 1858 3537 quo,
1887 3476 1941 3521 et

368 3577 678 3632 perquam,
706 3571 764 3617 et
793 3563 847 3614 in
876 3577 983 3631 quo
1008 3562 1194 3614 vivunt
1222 3548 1424 3623 omnia,
1455 3574 1787 3628 quacunque
1814 3574 1939 3612 vere

371 3666 689 3723 summeque
716 3652 902 3705 vivunt
928 3651 1129 3705 omnia.
1162 3651 1304 3705 Deus
1331 3650 1527 3704 bonum
1553 3660 1607 3705 et
1632 3650 1935 3718 pulchrum,

369 3761 399 3798 a
426 3758 555 3815 quo,
596 3758 693 3814 per
721 3755 912 3811 quem,
956 3750 1011 3795 et
1048 3740 1102 3794 in
1139 3755 1249 3809 quo
1288 3742 1428 3796 bona
1471 3748 1526 3794 et
1562 3740 1783 3809 pulchra
1813 3748 1938 3794 sunt

367 3830 569 3896 Omnia,
600 3847 932 3902 qumcunque
958 3847 1083 3887 vere
1107 3833 1245 3888 bona
1274 3843 1327 3887 et
1355 3832 1577 3901 pulchra
1602 3842 1746 3887 sunt.
1799 3832 1940 3887 Deus

367 3938 529 3992 supra
556 3938 715 3991 quem
748 3923 914 3986 nihil,
942 3930 1095 3976 extra
1125 3936 1284 3992 quem
1314 3922 1477 3986 nihil,
1507 3922 1622 3976 sine
1646 3936 1753 3991 quo
1782 3921 1934 3976 nihil.

366 4007 507 4067 Deus
533 4013 634 4066 sub
662 4027 773 4081 quo
801 4020 995 4074 totum,
1024 4026 1147 4065 cum
1174 4028 1281 4081 quo
1312 4022 1505 4078 totum,
1530 4012 1584 4067 in
1611 4028 1717 4081 quo
1743 4022 1934 4067 totum.

370 4103 511 4157 Deus
537 4118 566 4155 a
596 4116 704 4171 quo
730 4100 942 4163 omnia,
973 4114 1069 4169 per
1094 4113 1253 4168 quem
1283 4102 1488 4165 omnia,
1521 4102 1572 4156 in
1601 4118 1708 4171 quo
1731 4091 1956 4157 omnia.“

371 4192 509 4246 Deus
548 4189 701 4259 cujus
744 4189 873 4245 fides
912 4205 1009 4244 nos
1048 4188 1281 4252 excitat,
1322 4205 1446 4258 spes
1474 4192 1665 4261 erigit,
1700 4192 1936 4246 cbaritas

359 4284 560 4353 iungit.
598 4283 739 4337 Deus
763 4282 855 4353 qui
889 4289 1071 4352 petere
1099 4279 1288 4350 jubes,
1327 4288 1383 4333 et
1413 4280 1655 4334 invenire
1684 4280 1818 4334 facis
1837 4320 1851 4340 .
1881 4288 1937 4335 et

366 4373 704 4442 pulsantibus
730 4373 927 4442 aperis.
966 4373 1109 4426 Deus
1135 4387 1166 4425 a
1191 4386 1302 4441 quo
1324 4370 1492 4424 averti
1522 4371 1716 4425 cadere
1746 4378 1850 4434 est,
1879 4371 1935 4425 in

367 4479 527 4533 quem
563 4463 803 4516 converti
855 4476 1137 4533 resurgere
1171 4471 1275 4524 est,
1310 4461 1362 4516 in
1407 4476 1514 4531 quo
1554 4474 1774 4514 manere
1800 4476 1932 4515 con-

366 4557 559 4611 sistere
588 4562 692 4607 est.
742 4553 883 4605 Deus
907 4567 1066 4621 quem
1095 4554 1305 4608 nescire
1336 4554 1470 4608 mori
1506 4562 1587 4608 est
1605 4593 1621 4616 ,
1662 4569 1819 4608 nosse
1849 4554 1931 4607 ἤ-

366 4662 493 4701 vere
513 4654 616 4709 est,
640 4658 893 4715 spernere
915 4644 1092 4715 perire
1116 4651 1220 4705 est,
1241 4644 1327 4697 cui
1352 4644 1556 4698 servire
1580 4658 1803 4713 regnare
1826 4652 1929 4697 est.

363 4731 508 4787 Deus
552 4734 708 4802 cujus
751 4732 964 4803 pietatis
992 4726 1094 4801 ope
1138 4738 1196 4785 et
1237 4731 1376 4784 bene
1416 4731 1585 4785 servit
1624 4732 1928 4801 subjectus,

362 4832 421 4880 ct
451 4822 589 4877 bene
616 4824 921 4878 dominatur
949 4822 1229 4894 puniatus,
1270 4829 1326 4875 et
1354 4819 1473 4877 ideo
1502 4820 1619 4875 sine
1651 4830 1702 4877 te
1738 4831 1933 4877 neuter

361 4930 551 4971 eorum
581 4923 728 4968 recto
763 4916 961 4971 incedit
992 4916 1201 4971 ordine.
1254 4916 1394 4970 Deus
1428 4913 1711 4967 invisibilis
1741 4922 1798 4968 et
1830 4916 1932 4968 im-

363 5026 580 5075 mense,
612 5007 896 5063 ineﬂ‘abilis
926 5020 981 5064 et
1008 5018 1235 5073 aeterne,
1281 5007 1836 5077 incomprehensibilis
1875 5019 1933 5063 et

298 5116 304 5122 '
342 5104 706 5175 .inoorporee,
736 5101 1056 5156 immortalis
1084 5110 1140 5157 et
1164 5110 1448 5172 perpetuo,
1480 5100 1931 5155 incommutabilis

359 5200 416 5245 et
449 5192 912 5259 inrircumscripte
934 5230 949 5253 ,
974 5191 1234 5253 mirabilis
1272 5200 1329 5245 et
1364 5190 1661 5252 benedicta,
1699 5189 1783 5243 cui
1808 5204 1928 5245 esse

360 5293 416 5336 et
461 5282 665 5348 vivere,
695 5290 884 5351 sapere
923 5288 979 5335 et
1008 5280 1325 5350 intelligere,
1354 5283 1494 5337 scire
1522 5290 1577 5335 et
1603 5295 1781 5350 posse,
1808 5280 1925 5350 pul—

360 5374 647 5427 ehrcscerc
674 5382 729 5428 et
754 5374 963 5428 clarere
990 5386 1155 5426 unum
1189 5379 1244 5425 et
1272 5372 1411 5426 idem
1439 5380 1521 5427 est
1539 5412 1553 5431 ,
1584 5371 1673 5441 qui
1699 5371 1925 5439 simplex

361 5480 421 5520 cs
466 5473 520 5518 et
543 5465 703 5519 dividi
730 5480 837 5520 non
865 5474 1040 5535 potes.

435 5552 620 5609 XXIX.
662 5553 739 5608 Tu
772 5570 829 5609 cs
857 5554 998 5611 Deus
1027 5567 1178 5609 meus
1206 5553 1360 5610 vivus
1386 5562 1442 5611 et
1464 5570 1642 5621 verus,
1673 5553 1929 5612 Dominus

2047 3107 2156 3161 lum
2186 3106 2510 3162 sacrificium
2541 3106 2893 3162 confessionis
2925 3107 3046 3161 fidei
3079 3123 3241 3171 mere,
3271 3116 3329 3160 ut
3351 3107 3419 3161 ad
3448 3115 3499 3163 te
3527 3124 3614 3162 re-

2043 3197 2172 3250 dcat‘
2195 3197 2334 3265 quod
2374 3213 2402 3250 a
2442 3206 2492 3250 te
2519 3197 2683 3250 venit.
2730 3194 2844 3250 Non
2882 3195 3175 3266 respiciens
3205 3204 3412 3251 tantum
3451 3197 3518 3250 ad
3560 3197 3612 3249 id

2043 3286 2186 3355 quod
2214 3287 2438 3341 devotus
2468 3285 2656 3349 olfero,
2677 3293 2932 3353 quantum
2956 3284 3022 3339 ad
3041 3299 3105 3338 ea
3127 3300 3245 3354 qua:
3268 3284 3609 3339 devotissime

2042 3374 2220 3428 dicere
2248 3374 2388 3427 volui
2426 3382 2481 3427 et
2510 3373 2645 3427 volo.
2692 3372 2960 3442 Quidquid
2989 3374 3131 3428 enim
3163 3374 3411 3434 dedecet,
3442 3373 3523 3427 vel
3557 3383 3608 3427 te

2040 3466 2280 3530 oll‘endit,
2310 3467 2567 3520 abhorret
2595 3465 2775 3518 anima
2802 3480 2941 3518 mea.
2976 3463 3188 3518 Utinam
3215 3470 3426 3531 pessem
3457 3464 3607 3527 talia,

2039 3555 2215 3625 qualia
2269 3555 2343 3607 illi
2394 3553 2687 3623 hymnidici
2738 3551 3049 3623 angelorum
3101 3553 3297 3607 chori!
3357 3550 3401 3608 Ο
3441 3568 3607 3623 quam

2040 3649 2266 3705 libenter
2299 3665 2386 3704 me
2424 3649 2478 3702 in
2511 3647 2758 3703 laudibus
2792 3647 2898 3701 tuis
2932 3654 3103 3702 totum
3139 3646 3469 3702 effunderem
3493 3687 3509 3713 ,
3554 3656 3611 3704 et

2039 3739 2338 3795 luculenter
2362 3739 2417 3794 in
2448 3739 2625 3794 medio
2650 3738 2904 3793 Ecclesiae
2930 3753 3148 3794 carmen
3164 3739 3285 3795 ‘tuae
3315 3739 3499 3811 gloria:
3528 3740 3613 3795 in-

2039 3831 2328 3903 fatigabilis
2351 3846 2662 3902 perorarent
2689 3831 2705 3885 l‘
2733 3828 2839 3887 Sed
2866 3831 2992 3900 quia
3007 3838 3078 3885 ut
3105 3830 3177 3887 illi
3208 3847 3437 3901 nequeo,
3472 3847 3610 3887 nun-

2037 3925 2164 3994 quid
2192 3939 2415 3993 prorsus
2446 3923 2635 3978 tacebo
2662 3942 2675 3976 :
2708 3938 2807 3986 vae,
2836 3922 3078 3985 Domine,
3109 3922 3408 3977 tacentibus
3436 3923 3501 3977 de
3530 3930 3603 3987 te,

2037 4016 2129 4084 qui
2159 4030 2253 4069 ora
2284 4023 2556 4067 mutorum
2585 4012 2826 4076 resolvis,
2857 4023 2904 4066 et
2933 4012 3135 4081 linguas
3162 4012 3441 4079 infantium
3471 4012 3605 4082 facis

2035 4104 2257 4157 diserta:
2284 4102 2434 4172 (δίῳ.
2466 4118 2521 4166 s,
2543 4102 2657 4172 2|)!
2694 4102 2893 4156 Verum
2919 4103 3043 4172 quia
3074 4104 3308 4173 parvulis
3336 4103 3461 4159 licet
3486 4106 3607 4161 lau-

2035 4192 2129 4246 des
2151 4199 2269 4246 tuas
2292 4192 2371 4245 vel
2395 4190 2683 4256 balbutire,
2706 4192 2919 4262 suscipe
2941 4193 3279 4256 sacrificium,
3303 4209 3515 4265 precor,
3537 4199 3605 4253 de

2039 4298 2198 4337 manu
2226 4283 2418 4349 lingua:
2444 4299 2596 4348 mem,
2621 4282 2689 4337 de
2713 4282 2893 4337 cordis
2918 4298 3119 4338 amore.
3467 4289 3472 4294 ’

2109 4374 2277 4429 XXX.
2320 4374 2427 4430 Sed
2458 4376 2708 4447 ignosce,
2746 4390 2908 4445 rogo,
2944 4376 3197 4440 Domine,
3234 4377 3604 4448 indignissimo

2038 4466 2101 4518 et
2133 4464 2369 4528 infelici,
2415 4472 2591 4519 tecum
2625 4464 2693 4518 de
2730 4472 2783 4519 te
2820 4465 3019 4519 diutius
3055 4466 3377 4538 colloquenti
3421 4483 3595 4523 servo.

2036 4554 2257 4624 Ignosce
2280 4555 2384 4624 pie,
2410 4553 2537 4623 quia
2569 4569 2682 4608 non
2710 4556 3013 4609 temeritate
3035 4558 3482 4624 pnesumptionis.
3507 4562 3600 4613 sed

2036 4646 2291 4700 aviditate
2330 4644 2402 4698 tui
2442 4643 2695 4697 desiderii
2737 4643 2863 4697 huic
2904 4636 3354 4698 deﬂomtiunculte
3380 4661 3599 4716 operam

2036 4735 2192 4791 dedi.
2241 4745 2298 4789 ut
2340 4736 2501 4788 breve
2546 4732 2890 4791 et.manuale
2916 4735 3137 4788 verbum
3182 4750 3389 4789 inerunt
3436 4739 3501 4794 de
3548 4748 3601 4795 te

2033 4830 2253 4894 semper
2274 4826 2359 4879 bal
2380 4838 2560 4886 erem,
2595 4836 2659 4876 ex
2696 4823 2848 4892 cujus
2881 4823 3110 4879 lectione
3133 4827 3345 4894 quoties
3381 4832 3597 4897 tepelio,

2034 4916 2090 4970 in
2120 4928 2266 4971 tuum
2300 4916 2627 4969 reaccendar
2652 4929 2910 4970 amorem.
2946 4915 3143 4972 Sumus
3171 4920 3310 4973 enim
3343 4920 3395 4975 in
3422 4923 3599 4975 medio

2032 5007 2345 5076 laqueorum
2368 5005 2549 5074 positi,
2574 5014 2629 5059 et
2653 5005 2773 5061 ideo
2798 5005 2952 5061 facile
2978 5022 3007 5061 a
3033 5008 3236 5065 celesti
3262 5009 3599 5082 frigescimus

2033 5096 2320 5153 desiderio.
2354 5095 2505 5152 Unde
2533 5096 2831 5168 indigemus
2859 5099 3075 5155 assiduo
3102 5111 3461 5165 monumento,
3491 5116 3597 5171 quo

2031 5184 2435 5256 expcrgefacti,
2484 5174 2551 5243 ad
2603 5197 2655 5243 te
2702 5200 2944 5246 nostrum
2989 5208 3171 5247 verum
3224 5209 3595 5261 summumque

2030 5279 2251 5340 bonum,
2281 5291 2405 5331 cum
2433 5278 2734 5343 deﬁnimus,
2764 5296 3124 5336 recurramus.
3170 5284 3341 5336 Multa:
3368 5282 3595 5351 denique

2030 5377 2156 5424 sunt
2182 5371 2690 5440 contemplationes,
2726 5374 2921 5442 quibus
2948 5377 3124 5429 anima
3154 5376 3343 5429 devota
3374 5376 3465 5428 tibi
3497 5392 3575 5430 ex

2030 5459 2304 5514 cruciatur
2324 5471 2378 5515 et
2398 5463 2628 5532 proficit.
2653 5463 2747 5518 sed
2768 5464 2909 5517 nulla
2927 5480 3109 5517 carum
3137 5464 3209 5517 ita
3235 5479 3319 5519 mc
3337 5466 3587 5521 oblectat.

2029 5562 2084 5607 et
2118 5566 2268 5607 mens
2306 5564 2423 5608 mea
2459 5552 2716 5621 intendit,
2764 5554 2901 5609 sicut
2932 5553 3017 5609 illa
3050 5570 3177 5624 qtae
3200 5555 3272 5611 de
3296 5566 3383 5612 tua
3416 5558 3589 5628 agitur
