4254 6198
1602 149 1622 180 1

669 217 801 271 ΜΠ

1461 223 1517 274 ll.
1565 224 1619 274 It'.
1667 223 1886 278 .\I.I‘.I.\!
1930 227 2058 280 Slili
2098 227 2366 282 ALtIIfINI
2407 230 2687 288 OI’EIIIJM
2729 237 2904 294 PARS
2945 240 3070 295 VIII.

3759 250 3902 310 1048

661 327 1004 396 proprietate.
1064 328 1266 381 Idcirco
1316 332 1679 384 ttcressat‘itlttt
1727 333 1852 384 duxi
1907 334 2047 390 lmuc
2095 334 2223 388 mihi
2258 349 2297 400 Α
2331 353 2391 391 ac
2412 341 3898 431 sempiternum,immortalematqueinconunuLabilem,

660 415 832 472 ωιιιιιι
858 419 1147 471 decernere
1175 419 1291 491 μ’..
1320 411 1631 493 decerpere]
1666 426 2064 478 sertttuuculutn
2088 467 2101 489 ,
2138 429 2226 480 ubi

663 509 729 561 de
758 511 1140 580 ontnilmtentia
1173 512 1467 578 ittajt‘stzttis
1511 523 1643 576 ture,
1687 517 1825 568 sient
1867 516 2028 568 corde
2069 519 2228 569 credo

660 600 723 653 ad
746 598 1032 665 justitiam,
1077 602 1147 654 ita
1179 618 1272 655 ore
1299 607 1556 657 conlitent'
1586 607 1649 656 ad
1680 605 1939 669 salutem,
1986 616 2034 658 te
2063 607 2227 659 Deum

660 685 869 741 Patrem
911 691 1239 757 ingenitum,
1285 703 1335 745 te
1377 692 1568 747 Filium
1601 695 1966 764 unigenitum,
2016 707 2065 749 te
2109 699 2228 765 Siti-

659 777 819 829 ritum
854 789 1097 832 sanetum
1131 783 1454 849 paraeletunt
1477 824 1488 841 .
1522 794 1763 838 sanetam
1805 795 1858 837 et
1902 785 2225 839 individuam

589 933 597 940 _
658 866 994 940 Trbtitategn,
1036 887 1196 923 unum
1230 873 1414 932 licunt,
1457 878 1506 925 in
1540 875 1904 942 magnitudine
1935 875 2224 939 inlinitum,

655 961 707 1013 in
742 962 936 1016 virtute
966 967 1423 1032 oumipotenlent,
1471 970 1521 1020 in
1554 969 1790 1021 bonitate
1823 985 2123 1032 summum,
2172 971 2225 1024 in

652 1054 912 1120 sapientia
946 1056 1370 1110 itnestimabiletn
1395 1101 1407 1120 ,
1454 1062 1503 1110 in
1535 1060 1772 1126 consiliis
1801 1061 2094 1114 terribilem
2116 1105 2128 1126 ,
2173 1063 2224 1116 in

643 1141 858 1208 judiciis
881 1143 1112 1211 justum,
1151 1147 1200 1199 in
1230 1149 1647 1214 cogitationibus
1673 1151 2092 1203 secretissitntmt
2115 1192 2126 1214 ,
2173 1152 2223 1204 in

653 1231 823 1286 verbis
855 1250 1094 1288 \‘Cl‘tlct.‘ttt
1117 1278 1129 1297 ,
1163 1239 1212 1289 itt
1243 1239 1495 1305 operibus
1526 1249 1801 1303 sanctum,
1839 1242 1889 1291 in
1919 1241 2223 1295 misericor—

647 1321 748 1372 diis
785 1325 1092 1390 copiosum,
1143 1338 1268 1396 erga
1317 1329 1688 1397 delinquentes
1737 1331 2217 1398 patientissimum,

644 1427 768 1481 erga
796 1418 1114 1482 [uenite-tiles
1137 1421 1299 1487 piunt.
1342 1423 1565 1485 Semper
1590 1424 1728 1475 idem
1761 1425 1929 1488 ipsum
1960 1432 2216 1478 :eternum

1793 1569 2056 1583 m-

648 1555 1370 1585 m...
1381 1566 1774 1586 m-nn
1783 1573 1792 1578 ι

2335 442 2492 493 quem
2519 446 2614 483 nec
2637 434 2807 500 spatia
2830 435 3076 510 dilatant,
3094 439 3255 514 394
3285 459 3381 498 nec
3406 445 3636 502 brevitas
3659 450 3900 508 locorum

2335 530 2602 586 angustat,
2631 537 2728 577 nee
2758 529 3094 594 receptacula
3125 532 3228 584 uHa
3260 523 3559 601 coarctant,‘
3585 555 3683 594 nec
3710 543 3898 598 voluno

2337 619 2419 664 tas
2447 613 2650 676 variat,
2696 631 2794 670 nec
2830 620 3167 675 necessitudo
3195 629 3516 696 corrumpit,
3562 646 3660 684 nec
3701 644 3895 689 maesta

2335 695 2683 767 perturbant,
2733 719 2831 759 nec
2881 707 2996 760 beta
3046 711 3372 778 detnttlcent;
3419 695 3508 770 cui
3557 716 3653 774 nec
3696 721 3896 777 oltlit‘ic

2339 789 2500 852 tollit,
2531 807 2627 845 nec
2654 796 2910 848 memoria
2944 797 3134 864 reddit,
3169 815 3263 855 nec
3293 807 3562 872 prieterita
3595 817 3892 875 transeunt.

2330 893 2428 932 nec
2458 878 2630 934 futura
2667 887 2992 939 succedunt:
3040 891 3123 942 cui
3170 907 3266 945 nee
3307 896 3456 965 origo
3500 898 3744 963 initium,
3794 916 3896 956 nec

2328 977 2569 1037 tempora
2602 970 3017 1039 incrementum,
3064 994 3162 1032 nec
3189 997 3346 1035 casus
3384 983 3540 1038 linem
3571 987 3751 1052 dabit,
3777 989 3893 1048 ,sed

2327 1070 2448 1114 ante
2475 1062 2687 1124 Stecula,
2719 1073 2770 1117 et
2803 1066 2853 1118 in
2885 1068 3115 1132 saeculis,
3144 1079 3196 1123 et
3222 1087 3316 1140 per
3339 1075 3528 1129 secula
3558 1077 3610 1130 in
3634 1088 3892 1135 aeternum

2326 1150 2484 1216 vivis,
2532 1161 2584 1205 et
2628 1163 2710 1207 est
2753 1155 2846 1234 tibi
2896 1160 3145 1225 perennis
3176 1161 3314 1226 laus,
3361 1174 3415 1217 ct
3456 1174 3656 1219 :eterna
3698 1169 3890 1235 gloria,

2309 1256 2530 1295 summa
2563 1255 2821 1313 potestas,
2848 1255 2900 1299 cl
2927 1249 3212 1321 singularis
3239 1253 3432 1317 honor,
3468 1267 3776 1330 perpetuum
3809 1255 3892 1313 re;

2323 1347 2505 1400 guum,
2529 1342 2580 1385 et
2601 1335 2716 1386 sine
2745 1335 2845 1388 fine
2872 1337 3154 1406 imperium
3177 1357 3270 1410 per
3294 1343 3522 1408 inﬁnita,
3549 1359 3600 1399 et
3624 1347 3892 1404 indefessa

2322 1430 2372 1475 et
2403 1423 2718 1477 immortalia
2749 1426 2939 1481 saecula
2969 1431 3301 1486 saeculorum.
3336 1434 3521 1489 Amen.

3759 1581 3850 1611 σιει-

2050 1697 2294 1772 PARS
2375 1697 2480 1771 II.

1712 1849 1715 1853 ’
1784 1850 1878 1903 DF.
1942 1849 2205 1902 VERBO
2261 1848 2755 1905 INCARNATO.

703 2045 741 2100 Ι.
787 2044 1059 2115 Superiori
1081 2047 1292 2113 quidem
1323 2048 1666 2100 scrttttnteulo
1690 2047 2056 2103 Confessionis
2084 2048 2206 2102 ﬁdei
2243 2053 2282 2110 Β
2312 2057 2620 2117 comperta;
2655 2065 2773 2119 qua?
2800 2061 3077 2120 c-Tperunt
3105 2055 3355 2122 primitus
3385 2062 3626 2115 enarrari
3653 2079 3749 2132 per
3777 2064 3884 2121 Do-

634 2151 786 2198 "1011‘,
831 2135 1172 2206 omnipotens
1199 2136 1456 2195 Trinitas,
1510 2137 1648 2191 Deus
1694 2154 1851 2200 unus,
1895 2139 2074 2192 cordis
2106 2140 2209 2193 mei

633 2226 900 2294 inspector
920 2234 974 2278 et
999 2235 1288 2288 scrutator,
1312 2226 1594 2280 roofessus
1618 2244 1734 2281 sunt
1759 2230 2208 2297 omnipotentiam

631 2317 927 2384 maiestatis
965 2328 1087 2379 tum,
1134 2327 1185 2370 et
1233 2317 1568 2385 majestatem
1613 2321 2019 2389 oznitipotentim
2062 2330 2204 2374 ture:

628 2424 766 2459 nunc
804 2417 979 2461 autem
1010 2409 1241 2476 qualiter
1270 2410 1502 2463 ltumano
1539 2413 1722 2479 generi
1769 2412 1819 2464 itt
1853 2411 2210 2466 ﬁnctsmculo-

630 2512 745 2549 rum
773 2497 1055 2551 subvenire
1085 2498 1333 2566 dignatus
1364 2515 1441 2561 es,
1481 2516 1615 2568 paro
1645 2503 1804 2555 corde
1849 2509 1902 2556 et
1945 2503 2209 2557 catholico

627 2601 721 2643 ore
762 2586 1041 2641 conﬁtear.
1079 2587 1156 2640 Tu
1204 2589 1371 2651 enim,
1418 2590 1759 2660 omnipotens
1809 2592 1967 2646 Pater
2017 2593 2202 2657 solus,

623 2692 886 2746 nusquam
914 2678 1109 2748 legeris
1136 2668 1352 2732 missus.
1389 2679 1462 2732 De
1492 2679 1780 2749 Unigenito
1807 2691 1986 2736 autem
2015 2691 2106 2737 tuo
2130 2684 2203 2736 ita

587 2755 807 2823 ~scribit
851 2769 1172 2838 Apostolus:
1217 2769 1348 2824 Cum
1389 2773 1522 2824 venit
1570 2771 1836 2841 plenitudo
1879 2782 2201 2842 temporum,

627 2859 765 2911 misit
795 2858 932 2911 Deus
964 2857 1161 2912 Filium
1201 2877 1354 2912 suum
1383 2860 1578 2926 factum
1616 2877 1680 2914 ex
1712 2861 1959 2927 muliere,
1999 2863 2198 2931 factum

620 2948 713 3000 sub
757 2947 864 3017 lege
894 2945 1034 3018 [ϐαι.
1069 2964 1140 3013 tv,
1173 2949 1250 3019 4).
1301 2947 1438 3002 Cum
1481 2960 1660 3004 autem
1709 2953 1824 3006 ait:
1871 2955 2019 3009 misit
2059 2955 2200 3011 Deus

619 3038 812 3093 Filium
841 3057 995 3094 suum
1027 3041 1227 3096 factum
1259 3059 1322 3098 ex
1358 3045 1599 3110 muliere,
1632 3048 1765 3101 satis
1795 3049 2199 3118 ostendit'quod

621 3132 670 3183 in
718 3132 858 3186 hunc
903 3135 1160 3188 mundum
1206 3137 1404 3192 missus
1447 3139 1703 3203 advenit,
1757 3155 1879 3194 cum
1922 3139 1990 3195 de
2031 3139 2197 3194 Maria

615 3235 828 3289 semper
857 3223 1066 3292 virgine
1105 3234 1286 3290 natus,
1331 3242 1488 3282 verus
1531 3239 1582 3283 et
1624 3230 1897 3299 perfectus
1941 3231 2101 3286 homo
2141 3232 2195 3287 in

618 3309 773 3362 terris
801 3313 1065 3378 apparuit.
1104 3314 1239 3379 Quid
1272 3316 1434 3386 igitur
1461 3327 1541 3371 est
1569 3319 1711 3386 quod
1739 3321 1804 3373 de
1832 3320 1921 3374 illo
1948 3321 2195 3390 Evange-

614 3399 733 3452 Iista
765 3401 839 3454 ait
864 3422 874 3454 ε
909 3402 973 3457 In
1007 3405 1200 3458 mundo
1227 3417 1358 3477 erat,
1387 3418 1434 3461 et
1463 3410 1686 3463 mundus
1711 3428 1803 3479 per
1825 3412 1994 3481 ipsum
2021 3412 2192 3480 factus

611 3501 684 3544 est
716 3490 896 3560 (Jouu.
929 3510 961 3554 I,
1005 3495 1086 3565 l0)
1111 3495 1134 3547 ‘?
1161 3495 1289 3552 Illuc
1318 3515 1447 3565 ergo
1478 3501 1676 3555 missus
1705 3510 1788 3556 est
1817 3518 1913 3572 per
1939 3503 2190 3557 humani-

614 3591 794 3646 tatem,
820 3585 905 3638 ubi
931 3601 1145 3656 semper
1167 3586 1263 3643 fuit
1284 3605 1380 3658 per
1400 3591 1758 3648 divinitatem.
1792 3593 1962 3660 Quam
1987 3595 2192 3650 scilicet

610 3674 917 3730 missionem
961 3694 1096 3747 Opus
1135 3697 1255 3736 esse
1296 3694 1495 3737 sanctze
1527 3685 1806 3741 Trinitatis
1836 3689 1997 3749 corde
2027 3691 2190 3744 credo

611 3762 675 3816 ad
705 3761 995 3829 justitiam,
1028 3780 1081 3820 et
1115 3785 1208 3823 ore
1244 3772 1505 3825 conﬁteor
1532 3774 1595 3827 ad
1627 3769 1876 3828 salutem.
1925 3777 2187 3832 Caeterum

609 3855 730 3922 quia
762 3855 924 3908 voluit
955 3857 1118 3912 Filius
1147 3860 1378 3915 hominis
1400 3861 1544 3942 'ﬁeri,
1581 3873 1827 3931 neutram
1861 3875 2039 3920 tamen
2069 3883 2189 3923 cre~

607 3945 781 3998 dimus
813 3945 862 3998 in
895 3945 1117 4000 alteram
1149 3949 1507 4005 substantiam
1535 3955 1874 4018 commutari,
1894 3955 2187 4012 'Trinitatis

606 4036 864 4102 mysterio
901 4047 1148 4095 quartam
1183 4055 1284 4092 non
1328 4040 1447 4093 addi
1497 4055 1816 4110 personam,
1854 4045 2029 4108 uniri,
2077 4061 2184 4100 non

605 4121 855 4177 confundi
885 4127 1044 4181 Verbi
1074 4128 1238 4182 divini
1269 4130 1610 4200 hominisque
1637 4133 2013 4198 substantiam,
2046 4143 2102 4188 ut
2130 4135 2182 4190 in

609 4210 790 4274 Deum,
825 4214 966 4283 quod
995 4231 1059 4270 ex
1092 4218 1244 4272 nobis
1270 4228 1580 4289 susceptum
1611 4221 1814 4287 fuerat,
1843 4223 2178 4292 perveniret,

602 4308 654 4354 ct
686 4300 840 4365 illttd,
885 4307 1026 4372 quod
1061 4323 1336 4377 nunquam
1375 4325 1482 4363 non
1518 4309 1721 4374 fuerat,
1765 4313 1908 4366 idem
1943 4327 2176 4383 semper,

601 4393 742 4460 quod
773 4392 964 4460 fuerat,
998 4409 1355 4466 permaneret.
1405 4400 1523 4468 Ipse
1548 4402 1715 4476 enim,
1745 4403 1834 4472 qui
1867 4402 2041 4460 factus
2071 4422 2176 4461 non
2205 4473 2213 4476 _

600 4492 718 4547 est,
766 4486 980 4539 domum
1015 4487 1113 4540 sibi
1149 4489 1376 4550 mirabili
1413 4491 1589 4558 modo,
1627 4507 1732 4545 non
1767 4493 2069 4562 explicabili
2100 4495 2176 4551 fe-

598 4576 697 4639 cit;
744 4585 1000 4646 tempore,
1045 4593 1149 4634 non
1179 4581 1405 4634 consilio
1438 4597 1665 4652 novam,
1702 4583 1754 4636 in
1797 4583 1886 4637 illo
1920 4583 2173 4654 deinceps

596 4679 1020 4735 permanentem,
1049 4687 1149 4725 nec
1180 4671 1284 4727 ullo
1316 4683 1554 4743 tempore
1584 4674 1892 4730 finiendam.
1925 4675 2031 4729 Iste
2058 4691 2171 4730 me-

596 4757 769 4812 diator
796 4761 888 4815 Dei
930 4770 984 4815 et
1026 4755 1331 4830 hominum,
1377 4766 1540 4835 homo
1566 4767 1812 4821 Christus
1839 4766 2029 4830 .‘esus.
2075 4768 2169 4822 sed

599 4850 755 4902 homo
784 4850 900 4906 sine
930 4864 1151 4921 peccato
1193 4856 1338 4926 solus
1378 4839 1744 4912 manifestavit
1787 4871 1982 4912 nomen
2022 4867 2169 4910 tuum

596 4941 935 4995 hominibus:
975 4945 1059 4999 his
1090 4948 1448 5014 potissimum,
1493 4966 1627 5018 quos
1676 4961 1728 5003 tu
1777 4950 1824 5004 ei
1869 4948 2064 5003 dedisti
2103 4949 2168 5002 de

596 5028 810 5092 mando,
850 5017 911 5084 et
953 5035 1287 5090 annuntiavit
1321 5039 1399 5092 eis
1428 5040 1639 5104 omnia,
1688 5049 1742 5095 et
1784 5048 1936 5094 tanto
1956 5031 1964 5046 ³
1983 5039 2166 5092 verius

591 5129 792 5187 quanto
815 5121 1024 5175 caeteris
1043 5122 1313 5180 efficacius
1335 5129 1499 5181 novit.
1531 5128 1594 5182 IIi
1615 5130 1754 5183 enim
1775 5138 1901 5182 sunt
1923 5129 2010 5198 qui
2038 5143 2162 5182 con-

591 5209 759 5263 stituti
789 5221 912 5263 sunt
946 5211 1213 5282 principes
1243 5230 1402 5284 super
1439 5232 1652 5272 onmem
1687 5229 1900 5282 terram,
1935 5236 2159 5288 quorum

591 5301 712 5353 tuba
745 5303 1138 5370 praedicationis
1179 5307 1244 5358 ad
1283 5307 1446 5360 totius
1479 5309 1660 5361 mundi
1695 5324 1853 5363 aures
1892 5313 2156 5378 pervenit.

589 5390 677 5446 Isti
710 5410 936 5464 namque
967 5395 1104 5451 sicut
1131 5397 1197 5450 ab
1228 5398 1380 5451 initio
1409 5398 1673 5461 viderunt,
1708 5409 1761 5452 et
1788 5402 2018 5455 ministri
2045 5401 2157 5456 fue-

587 5496 712 5540 runt
754 5490 1044 5554 sermonis.
1093 5491 1426 5548 tradiderunt
1472 5491 1624 5544 nobis
1667 5507 1761 5560 per
1788 5494 2160 5548 successiones

592 5577 836 5641 Patrum,
889 5581 1036 5634 multi
1080 5582 1227 5651 regni
1277 5583 1348 5636 tui
1395 5582 1676 5651 mysteria,
1724 5599 1994 5653 nunquam
2038 5590 2160 5636 ante

2218 3376 2266 3440 ο

2318 2139 2538 2205 minum,
2573 2151 2623 2193 te
2648 2141 2900 2196 nimirum
2931 2145 3088 2198 verba
3118 2146 3325 2201 illorum
3354 2153 3620 2208 credibilia
3655 2155 3884 2217 faciente

2312 2229 2499 2298 signis,
2546 2239 2600 2282 et
2639 2233 2933 2302 portentis,
2973 2244 3027 2288 et
3071 2237 3232 2292 variis
3272 2241 3582 2307 virtutibus,
3609 2247 3883 2318 mirisque

2311 2321 2479 2372 sancti
2516 2320 2748 2389 Spiritus
2785 2323 3249 2382 distributionibus
3284 2331 3756 2388 secundum‘tuam
3789 2354 3880 2392 νοτ

2312 2409 2589 2463 luntatcm.
2710 2412 2712 2414 ⁷

2378 2507 2440 2562 ll‘.
2483 2509 2606 2564 [Lee
2635 2527 2765 2565 sane
2793 2528 2950 2572 causa
2982 2523 3086 2578 est,
3117 2532 3220 2584 qua
3253 2517 3394 2583 freti,
3427 2522 3540 2576 sine
3567 2522 3671 2580 ulla
3702 2527 3877 2582 susci-

2306 2600 2482 2670 pimus
2509 2601 2874 2672 ambiguitate,
2906 2606 3160 2673 quidquid
3193 2617 3364 2662 mater
3389 2611 3624 2667 Ecclesia
3655 2616 3871 2670 univer-

2306 2688 2432 2742 salis
2475 2697 2528 2742 ct
2569 2692 2856 2759 apostolica
2885 2692 3074 2758 docet;
3126 2713 3294 2766 usque
3338 2701 3490 2767 adeo,
3531 2713 3588 2756 ut
3623 2719 3720 2772 pro
3751 2715 3872 2760 tan-

2304 2790 2479 2836 torum
2515 2785 2951 2841 documentorum
2983 2789 3098 2857 ejus
3128 2792 3451 2855 assertione,
3498 2802 3643 2847 certa
3676 2794 3871 2853 ﬁrmati

2305 2871 2407 2926 ﬁde
2449 2889 2544 2942 per
2573 2876 2803 2942 gratiam
2832 2885 3007 2940 tuam,
3055 2864 3199 2937 omni
3245 2888 3628 2937 tormentorum
3674 2901 3888 2955 genere.

2303 2961 2438 3014 ntori
2473 2977 2575 3014 non
2607 2963 2907 3028 timeamus,
2954 2965 3182 3019 scientes
3229 2983 3324 3036 pro
3366 2980 3516 3024 certo
3551 2973 3713 3033 vitam
3752 2973 3870 3042 glo—

2300 3051 2497 3104 riosam
2549 3052 2699 3105 nobis
2745 3064 2944 3108 restare
2991 3064 3110 3126 post
3156 3067 3400 3112 mortem.
3453 3061 3562 3116 liae
3604 3063 3868 3131 siquidem

2300 3139 2634 3194 corroborati
2667 3142 2957 3197 securitate
2985 3146 3245 3211 canimus,
3275 3149 3551 3216 psallimus
3599 3163 3652 3206 et
3679 3151 3872 3207 scribi-

2300 3247 2417 3285 mus
2457 3232 2661 3286 alacres
2704 3234 2982 3304 avidique,
3031 3254 3170 3296 nunc
3200 3239 3363 3294 verbo
3391 3256 3454 3293 ex
3485 3242 3678 3306 verbo,
3725 3258 3872 3301 nunc

2299 3335 2456 3373 sensu
2495 3337 2559 3374 ex
2596 3337 2785 3386 sensu,
2827 3326 3116 3377 secundum
3149 3328 3493 3394 apostolicam
3527 3331 3866 3387 traditionem

2300 3410 2540 3463 mirabile
2566 3411 2755 3465 salutis
2783 3423 2978 3466 nostrm
3003 3429 3156 3483 opus,
3183 3416 3232 3469 id
3262 3427 3361 3480 ost,
3385 3418 3509 3479 illud
3536 3421 3755 3493 pietatis
3777 3437 3866 3476 sa-

2296 3510 2652 3566 cramentum,
2674 3504 3219 3574 quod‘manifestatum
3241 3518 3314 3561 est
3334 3510 3387 3562 in
3410 3527 3585 3576 carne,
3598 3508 3864 3583 justified-

2293 3601 2400 3644 tum
2433 3605 2505 3646 est
2539 3593 2590 3646 in
2622 3596 2805 3664 spiritu
2825 3589 3111 3667 ,‘apparuit
3144 3599 3368 3668 angelis,
3408 3603 3750 3669 pra’dicatum
3784 3614 3860 3658 est

2290 3682 2551 3751 gentibus,
2599 3684 2849 3736 creditum
2885 3696 2956 3738 est
2991 3687 3044 3738 in
3074 3689 3290 3751 "tundo,
3333 3700 3652 3757 assumptum
3690 3701 3764 3743 est
3803 3691 3859 3744 in

2289 3771 2456 3839 gloria
2489 3771 2538 3840 (Ι
2570 3771 2702 3825 Tim.
2734 3789 2812 3836 ιιι,
2842 3773 2916 3841 6).
2959 3775 3074 3828 Sed
3114 3777 3227 3828 hzec
3262 3777 3385 3829 dum
3415 3778 3622 3847 cogito,
3673 3779 3857 3837 mirari

2290 3876 2500 3915 mecum
2531 3877 2635 3917 non
2665 3876 2816 3916 cesso
2851 3863 2991 3916 illam
3021 3861 3322 3918 .Iudaeorum
3357 3867 3681 3936 impietatem
3702 3910 3715 3934 .
3760 3871 3854 3938 qui

2288 3965 2506 4005 manum
2540 3952 2752 4007 mittere
2784 3954 2835 4009 in
2862 3951 3132 4008 Christum
3170 3955 3453 4011 Dominum
3473 3999 3488 4024 ,
3529 3975 3633 4014 non
3663 3959 3855 4016 tiniae-.-

2287 4050 2412 4095 runt
2440 4043 2615 4097 verbis
2647 4044 2953 4098 coelestibus
2988 4045 3317 4102 intonantem
3337 4091 3349 4114 ,
3396 4051 3662 4120 tantisque
3691 4053 3853 4106 mira-

2284 4133 2418 4188 culis
2444 4143 2832 4189 coruscantem.
2879 4137 2922 4191 Ο
2951 4139 3110 4193 corda
3142 4141 3286 4194 saxis
3316 4142 3528 4196 duriora
3547 4183 3562 4207 ,
3594 4151 3649 4198 et
3677 4143 3850 4200 brutis

2282 4220 2412 4277 feris
2439 4223 2680 4278 stultiora
2707 4227 2718 4279 !
2766 4226 2872 4289 ubi,
2906 4243 3051 4298 rogo,
3084 4239 3202 4284 erat
3229 4246 3416 4284 sensus
3445 4240 3499 4284 et
3524 4232 3662 4285 ratio
3686 4232 3848 4286 mise-

2279 4327 2497 4377 rorum,
2538 4315 2752 4382 quando
2791 4317 3063 4372 caelestem
3104 4319 3351 4372 videbant
3381 4320 3675 4386 medicum,
3727 4321 3847 4374 inliq-

2276 4401 2444 4455 nitam
2488 4401 2850 4472 languentium
2898 4405 3106 4459 turbam
3151 4406 3315 4473 gratis
3353 4420 3578 4473 sanare,
3629 4410 3678 4464 id
3723 4419 3841 4476 est,

2275 4491 2545 4545 dmmones
2591 4503 2862 4556 excutere,
2893 4507 3065 4547 crocos
3096 4494 3438 4562 reluminare,
3473 4499 3710 4569 leprosos
3747 4517 3844 4556 cu-

2273 4596 2424 4646 rare,
2472 4581 2792 4652 paralyticos
2827 4584 3183 4655 restringere,
3225 4587 3485 4644 cadavera
3523 4592 3645 4645 vita:
3686 4585 3842 4648 resti-

2278 4677 2446 4731 tuere,
2486 4677 2540 4725 et
2581 4671 2696 4727 haec
2738 4672 3010 4744 multaque
3050 4677 3150 4734 alia
3192 4679 3356 4732 solius
3392 4672 3536 4733 verbi
3578 4689 3842 4748 potestate

2274 4759 2390 4815 sine
2416 4776 2563 4815 mora
2596 4765 2796 4831 agere?
2835 4765 2968 4831 Quid
2996 4767 3301 4836 cogitabant
3327 4767 3379 4819 in
3409 4769 3656 4824 cordibus
3683 4773 3843 4841 caici,

2272 4864 2391 4902 cum
2437 4851 2549 4920 ipsa
2590 4869 2800 4924 quoque
2840 4855 3102 4910 elementa
3145 4855 3384 4909 famulari
3426 4858 3472 4911 ei
3517 4872 3832 4928 cernerent,

2269 4942 2401 4996 adeo
2442 4952 2500 4998 ut
2541 4946 2810 5015 ingressus
2825 4961 2984 5003 mare
3009 4946 3185 5002 ventis
3213 4946 3526 5016 imperaret,
3572 4953 3834 5020 procellas
3899 4985 3907 4991 -

2267 5047 2660 5105 compesceret,
2700 5039 2988 5094 ostendens
3016 5053 3074 5093 se
3102 5039 3438 5098 evidentibus
3475 5044 3640 5112 signis
3677 5053 3830 5100 tuum

2267 5141 2384 5179 esse
2413 5128 2627 5191 Filium,
2659 5129 2798 5183 Deus
2826 5128 3000 5190 Pater,
3032 5139 3084 5182 et
3113 5129 3286 5194 illum,
3319 5133 3407 5201 qui
3438 5149 3466 5185 a
3500 5144 3551 5186 te
3577 5133 3702 5186 olim
3729 5147 3830 5203 per

2261 5229 2410 5273 vates
2437 5221 2592 5276 saluti
2622 5229 2817 5276 nostrze
2847 5220 3024 5275 multis
3046 5223 3216 5277 modis
3242 5225 3531 5293 promissus
3553 5232 3652 5279 est.
3681 5225 3827 5281 Tan-

2260 5310 2377 5363 dem
2419 5313 2590 5380 gentis
2634 5310 2848 5381 perﬁdae
2888 5310 3120 5377 invidia,
3166 5313 3298 5367 diris
3340 5313 3576 5370 consiliis
3617 5313 3825 5371 diutius

2255 5401 2473 5468 agitata,
2501 5401 2771 5455 Christum
2798 5399 2910 5453 dari
2940 5401 3038 5455 sibi
3067 5403 3117 5456 in
3145 5417 3361 5480 crucem
3390 5401 3568 5457 multis
3593 5404 3823 5459 extorsit

2255 5488 2596 5542 clamoribus.
2630 5487 2952 5540 Prmdixerat
2978 5498 3032 5542 et
3055 5491 3167 5558 ipse
3191 5489 3310 5544 illos
3332 5489 3445 5551 haec
3469 5490 3542 5543 ita
3565 5498 3815 5546 acturos:

2253 5595 2441 5654 parum
2474 5581 2518 5634 si
2552 5595 2654 5633 non
2693 5586 2745 5634 et
2778 5581 3050 5649 prophetae
3089 5589 3252 5650 retro,
3300 5589 3370 5646 ct
3400 5591 3576 5642 tamen
3619 5581 3817 5640 afﬁxus
