4254 6222
470 271 608 330 1049
1121 269 1268 327 ΟΡΡ.
1306 271 1531 328 DUBIA.
1577 265 1645 314 —-¥
1683 271 1905 328 ALBlNl
1939 269 2314 329 CONFESSIO
2351 273 2549 328 FIDEI.
2590 304 2656 313 --
2694 273 2871 345 PARS
2910 275 2969 330 Il.
3549 274 3684 331 {050

464 389 633 453 cruci,
665 388 921 460 Spiritum
952 404 1072 444 cum
1101 389 1263 446 verbo
1290 399 1479 461 sponte
1504 390 1723 453 dimisit,
1755 397 2025 459 praevento
2057 390 2096 443 Α
2130 384 2254 437 tiam
2301 393 2466 449 tuam,
2499 386 2657 441 talem
2679 427 2693 452 ,
2734 394 2789 441 tu
2818 387 2902 441 cui
2928 386 3106 441 omnia
3134 394 3258 442 sunt
3285 368 3584 458 possibilia,
3631 397 3686 443 et

465 477 735 534 carnificis
758 472 956 533 officio.

534 571 617 628 ιιι.
658 570 858 625 Eodem
884 586 1011 626 vero
1043 580 1314 626 momento
1337 573 1452 628 dies
1477 574 1649 628 media
1679 573 2025 628 delitescant:

464 662 576 719 sole
604 662 659 716 in
685 671 896 716 noctem
927 669 1129 715 mutata
1157 670 1258 715 est.
1302 662 1451 717 Tunc
1472 662 1634 718 Judtei
1665 679 1823 718 cruce
1848 664 2024 718 detra-

464 760 620 807 ctum'
646 736 995 831 sepulcroque
1031 752 1294 820 positum,
1339 767 1527 821 magna
1570 753 1733 808 etiam
1776 754 2021 810 militaris

463 840 718 897 custodite
762 839 1033 909 diligentia
1079 840 1564 905 circmnsederunt,
1606 857 1696 908 ne,
1726 843 1848 911 quia
1883 858 2019 913 pra:—

461 933 670 996 dixerat
706 946 776 986 se'
801 932 956 985 tertia
995 939 1420 987 resurrecturum
1451 930 1565 994 die,
1606 930 1847 1001 discipuli
1884 931 2018 985 clam

460 1024 662 1081 amoliti
686 1039 879 1093 corpus
904 1030 1180 1092 suspectos
1215 1020 1477 1076 fallerent.
1497 1023 1690 1081 Verum
1717 1022 1783 1076 ad
1809 1024 2017 1078 tertiam

459 1112 631 1169 lucem
661 1128 921 1169 concussa
953 1121 1169 1180 repente
1195 1119 1358 1175 terra,
1383 1118 1435 1166 et
1461 1111 1595 1165 mole
1622 1112 1877 1176 revoluta,
1900 1127 2019 1180 qua:

456 1207 798 1261 obstruxerat
830 1210 1262 1264 monumentum,
1313 1212 1366 1255 et
1410 1199 1651 1256 custodia
1698 1217 1895 1271 pavore
1938 1200 2018 1255 fu-

455 1303 596 1365 gata,
622 1293 780 1347 nullis
802 1291 1497 1362 apparentibusdiscipulis,
1528 1291 1659 1346 nihil
1686 1292 1737 1345 in
1767 1291 1901 1355 loco,
1928 1292 2016 1346 ubi

455 1374 658 1452 positus
684 1389 788 1447 est,
818 1388 1083 1459 repertum
1112 1388 1217 1445 est,
1242 1390 1434 1449 praeter
1460 1382 1679 1435 exuvias
1708 1381 2011 1449 sepultum,

454 1470 809 1525 Nihilominus
846 1477 1026 1524 tamen
1064 1470 1323 1540 primores
1358 1468 1660 1524 Jndmorum
1687 1470 1754 1524 ab
1784 1472 2012 1541 incmpta

452 1575 555 1614 non
587 1566 859 1615 cessantes
886 1558 1128 1628 perﬁdia,
1160 1559 1438 1629 loquentes
1466 1576 1589 1615 vera
1619 1560 1861 1629 pecuniis
1889 1574 2013 1613 cor-

451 1658 741 1720 ruperunt,
785 1658 845 1705 ut
875 1666 997 1713 eum
1034 1666 1063 1704 a
1102 1650 1373 1719 discipulis
1412 1653 1718 1719 subreptum
1769 1652 2012 1707 securius

2125 475 2257 528 nihil
2300 472 2549 541 diliicile;
2584 485 2643 531 ut
2679 477 2890 547 placere
2924 476 3129 533 valeam
3173 492 3352 532 coram
3381 478 3549 533 oculis
3579 478 3685 534 tuis

2123 568 2174 618 ἰ..
2202 566 2445 622 veritate.
2474 567 2639 621 Tuam
2666 568 2752 637 pie
2772 582 2878 623 non
2906 568 3169 622 abhorreo
3191 568 3540 634 medicinam;
3564 584 3681 623 sum

2121 656 2265 708 cnim
2313 656 2462 711 valde
2505 656 2769 712 infirmus.
2820 656 3018 713 Ordine
3064 673 3170 727 quo
3215 658 3422 727 placet,
3472 660 3684 714 medere

2123 746 2299 800 multis
2329 747 2670 821 languoribus
2704 749 2863 814 meis,
2892 757 2947 803 et
2981 765 3217 819 circoque
3241 751 3468 804 scoriam
3495 764 3682 819 pecca-

2082 833 2103 841 “
2122 844 2293 889 torum
2328 853 2563 890 meorum
2591 839 2655 891 ad
2689 854 2902 907 purum,
2929 839 3240 908 priusquam
3275 837 3482 902 abeam,
3510 838 3682 905 modis

2119 928 2312 996 quibus
2339 928 2431 981 tibi
2461 927 2684 982 videtur.
2716 925 2820 982 Sed
2844 928 3022 997 rogavi
3055 935 3223 990 tuam,
3253 927 3497 992 Domine,
3523 912 3681 981 mise-
3762 962 3767 966 ο

2120 1020 2424 1085 rico‘rdiam,
2454 1030 2507 1075 et
2541 1036 2729 1092 rogare
2757 1036 2862 1076 non
2896 1035 3048 1075 cesso
3067 1060 3082 1085 ,
3117 1021 3241 1089 quia
3269 1021 3369 1074 hoc
3395 1020 3557 1075 nimis
3584 1021 3679 1074 de-

2118 1110 2311 1163 sidero.
2344 1110 2586 1163 illollilica
2623 1125 2717 1164 cor
2746 1125 2922 1164 meum
2951 1109 3143 1163 durum
3183 1117 3237 1163 et
3280 1110 3547 1179 lapideum
3586 1115 3677 1162 tua
3758 1108 3761 1111 ’

2118 1202 2345 1257 mirabili
2374 1212 2427 1257 et
2454 1204 2655 1272 potenti
2684 1204 2953 1256 unctione.
2986 1201 3255 1265 Mollifica,
3282 1216 3495 1279 precor,
3523 1209 3578 1254 et
3598 1198 3680 1253 fac

2116 1310 2201 1349 me
2228 1308 2322 1363 per
2344 1294 2516 1365 ignem
2548 1294 3003 1364 compunctionis,
3040 1294 3270 1348 bestiam
3302 1308 3475 1346 Vivam
3501 1286 3678 1361 quoti-

2115 1384 2407 1438 diecoram
2439 1393 2491 1438 te
2518 1382 2653 1438 fieri.
2686 1384 2915 1452 Respice
2940 1399 3045 1447 me,
3079 1380 3321 1445 Domine,
3349 1390 3404 1437 et
3423 1383 3680 1435 miserere

2116 1472 2259 1526 mei:
2300 1473 2363 1527 da
2395 1473 2525 1527 mihi
2572 1472 2818 1537 effectum
2863 1474 3136 1543 petitionis
3174 1483 3227 1527 et
3254 1471 3502 1530 desiderii
3533 1473 3674 1525 mei:

2113 1565 2179 1621 da
2213 1564 2378 1634 capiti
2404 1580 2524 1620 meo
2563 1579 2758 1635 aquam
2795 1566 3131 1625 immensam,
3160 1573 3216 1618 et
3240 1564 3410 1617 oculis
3441 1562 3575 1617 meis
3600 1562 3682 1616 in-

2114 1651 2273 1707 funde
2296 1669 2477 1708 verum
2503 1653 2703 1709 fontem
2727 1653 3086 1724 lacrymarnm
3102 1652 3299 1722 iugiter
3318 1659 3677 1717 cmauantem,

448 1745 777 1815 iactitarent.
830 1742 981 1799 Iusto
1023 1742 1223 1815 judicio
1266 1753 1375 1807 tuo,
1423 1744 1663 1806 Domine,
1714 1754 1773 1798 ut
1800 1759 2009 1799 sacrum
2030 1728 2086 1785 Ἣ
2116 1754 2174 1800 ut
2215 1762 2311 1815 pro
2352 1746 2657 1801 vulneribus
2689 1746 2879 1800 animae
2922 1759 3054 1799 mea:
3101 1744 3464 1798 indesinenter
3492 1742 3680 1797 diebus

450 1841 679 1889 testatur
701 1833 1048 1888 vaticinium:
1100 1842 1153 1887 et
1195 1834 1344 1903 prius
1392 1833 1594 1887 multati
1643 1843 1768 1887 sunt
1816 1835 2010 1890 intelli—

449 1926 625 1995 gentia
650 1923 952 1988 oculorum,
996 1924 1307 1993 auriumque
1335 1924 1505 1994 fruge,
1538 1931 1591 1979 ct
1620 1934 1803 1993 postea
1822 1966 1835 1989 ,
1875 1926 2013 1981 sicut

449 2014 731 2081 videmus,
776 2013 998 2085 projecti
1038 2023 1163 2068 sunt
1210 2030 1239 2068 a
1288 2015 1502 2084 propria
1545 2000 1706 2079 sede",
1765 2024 1819 2070 et
1866 2032 2010 2071 nunc

447 2109 708 2179 dispersi,
762 2108 1078 2180 palabundi,
1120 2116 1175 2163 et
1222 2106 1343 2162 cmli
1392 2107 1598 2177 solique
1644 2106 1725 2161 sui
1771 2116 2011 2162 extorres

451 2206 710 2270 vagantur
732 2214 828 2269 per
851 2199 1033 2253 orbem
1060 2199 1176 2252 sine
1204 2198 1338 2268 lege,
1371 2197 1486 2253 sine
1514 2184 1659 2267 rege,
1692 2197 1808 2252 sine
1833 2211 2011 2251 sacer-

448 2285 592 2353 dote,
615 2296 669 2343 et
690 2287 804 2342 sine
828 2286 1113 2342 oblatione.
1147 2286 1349 2353 Quibus
1372 2287 1533 2340 etiam
1562 2301 1661 2340 nec
1683 2286 2010 2340 advenarum

441 2374 562 2445 iure
591 2384 786 2431 terram
818 2377 1048 2446 patriam
1078 2376 1264 2430 saltem
1299 2375 1524 2446 vestigio
1556 2376 1788 2429 salutare
1814 2390 2008 2430 conce-

453 2467 848 2522 ‘litur..Merito
880 2466 1005 2521 talia
1047 2466 1341 2536 patiuntur,
1377 2468 1466 2535 qui
1498 2465 1779 2519 Dominum
1826 2464 2007 2534 gloria:

445 2557 612 2614 livore
640 2559 817 2628 potius
846 2555 1245 2613 crucifixerunt.
1295 2555 1461 2626 Igitur
1488 2555 1733 2613 Christus
1764 2571 1886 2611 vere
1924 2571 2008 2611 rc-

445 2664 691 2720 snrgens,
736 2651 831 2705 sed
880 2665 985 2704 non
1033 2649 1197 2715 solus,
1246 2649 1415 2705 noluit
1456 2648 1614 2719 395
1644 2662 1702 2704 se
1740 2649 1790 2703 in
1819 2647 2007 2719 vulgus

444 2739 691 2804 educere,
724 2737 952 2794 fortasse
990 2753 1058 2794 ne
1094 2739 1240 2807 impii
1270 2753 1454 2793 errore
1482 2738 1854 2800 liberarentur,
1889 2738 2002 2803 sed,

441 2830 583 2899 quod
609 2826 916 2884 credibilius
942 2837 1056 2892 est,
1101 2838 1161 2889 ut
1204 2826 1335 2882 ﬁdes
1366 2841 1467 2881 non
1498 2824 1761 2901 mediocri
1785 2824 2004 2893 praemio

443 2919 706 2974 destinata
736 2916 1050 2974 difficultate
1077 2924 1377 2983 constaret,
1422 2932 1542 2972 cum
1570 2914 1841 2984 discipulis
1867 2930 2001 2985 qua-

440 3005 685 3077 draginta
728 3006 844 3061 dies
888 3007 1030 3078 egit,
1080 3006 1305 3062 testibus
1348 3006 1553 3062 scilicet
1596 3005 1997 3076 przeordinatis,

2112 1850 2176 1889 ac
2201 1835 2443 1889 noctibus
2469 1833 2715 1898 defleam,
2760 1835 2930 1889 donec
2966 1842 3176 1903 tempus
3204 1841 3287 1888 est
3329 1820 3679 1902 acceptabile,

2112 1924 2282 2005 donec
2316 1923 2430 1978 dies
2457 1933 2581 1978 sunt
2610 1924 2817 1989 salutis,
2849 1924 3018 1977 donec
3043 1930 3199 1976 vacat
3227 1921 3352 1975 ﬂere
3382 1908 3519 1976 mala
3559 1935 3677 1988 qua:

2111 2012 2235 2080 feci,
2282 2024 2335 2086 et
2381 2015 2621 2084 quotidie
2666 2015 2841 2083 facio;
2883 2022 2940 2067 ut
2973 2028 3068 2083 per
3093 2012 3421 2081 poenitentia:
3469 2011 3679 2065 labores

2062 2116 2065 2117 '
2110 2106 2218 2158 vita
2240 2117 2437 2185 {eterna
2467 2097 2715 2173 perfruar
2742 2118 2862 2157 cum
2902 2103 3075 2166 bonis,
3103 2111 3157 2157 et
3185 2101 3369 2154 ultima
3400 2098 3676 2169 portione,

2109 2196 2294 2251 saltem
2335 2212 2453 2250 cum
2494 2196 2585 2250 illo
2614 2195 2900 2250 venerabili
2946 2195 3185 2257 latrone,
3232 2194 3324 2261 qui
3369 2207 3465 2260 per
3512 2206 3682 2245 unum

2109 2288 2329 2341 verbum
2361 2284 2580 2339 effectus
2626 2293 2709 2339 est
2736 2285 2906 2338 hmres
2951 2279 3184 2353 paradisi
3216 2283 3291 2358 in
3338 2282 3452 2351 ipso
3492 2281 3681 2335 mortis

2108 2377 2362 2441 articulo,
2409 2384 2625 2447 propter
2669 2385 2813 2429 tuam
2864 2374 3103 2429 multam
3134 2368 3558 2427 misericordiam
3624 2379 3680 2426 et

2108 2466 2423 2521 bonitatem.
2987 2495 2991 2500 ι
3627 2524 3631 2528 _

2178 2556 2241 2610 V.
2270 2556 2429 2620 Audi,
2460 2571 2578 2625 ple,
2623 2555 2742 2609 audi
2770 2569 2957 2624 preces
2999 2554 3138 2609 servi
3172 2551 3282 2617 tui,
3331 2551 3676 2606 reminiscere

2108 2644 2507 2722 miserationum
2536 2653 2770 2707 tuarum,
2802 2644 2995 2713 quibus
3017 2641 3334 2696 mirabiliter
3355 2640 3673 2696 subventmn

2105 2729 2189 2791 est
2233 2736 2466 2793 humano
2510 2734 2691 2804 generi
2739 2748 2834 2804 per
2869 2732 3162 2788 bonitatem
3194 2741 3362 2785 tuam.
3399 2729 3680 2798 Quomodo

2106 2841 2212 2880 non
2258 2826 2473 2889 amasti,
2499 2825 2691 2879 Pastor
2715 2824 2876 2889 bone,
2909 2823 3001 2892 qui
3042 2822 3256 2892 proprio
3282 2820 3419 2875 Filio
3447 2828 3539 2875 tuo
3568 2837 3676 2877 non

2102 2915 2409 2986 pepercisti,
2438 2916 2531 2970 sed
2556 2930 2654 2985 pro
2678 2915 2835 2970 nobis
2858 2913 3037 2983 impiis
3061 2927 3183 2968 eum
3206 2912 3509 2968 tradidisti?
3537 2911 3679 2970 Sub-

2105 3004 2248 3059 ditus
2270 3004 2356 3059 ille
2380 3004 2476 3058 tibi
2500 3020 2668 3073 usque
2696 3005 2763 3058 ad
2790 3012 3020 3058 mortem
3042 3003 3239 3067 crucis,
3264 3019 3405 3058 unus
3428 3003 3517 3059 ille
3540 3005 3678 3060 inter

440 3067 636 3155 docens
665 3100 759 3150 eos
795 3067 1230 3165 qumvdocerent.
1282 3093 1484 3149 Dehinc
1512 3067 1717 3149 cunctis
1744 3067 1997 3163 expletis,
2029 3067 2076 3129 (δ
2106 3104 2345 3150 mortuos
2368 3095 2539 3159 liber,
2579 3067 2899 3165 potestatem
2936 3093 3139 3148 habens
3164 3091 3395 3163 ponendi
3439 3094 3675 3148 animam

438 3201 621 3244 coram
667 3185 778 3241 suis
826 3184 878 3239 in
930 3192 1111 3240 monte
1153 3184 1476 3239 circumfusa
1523 3184 1662 3238 nube
1706 3184 1760 3237 in
1806 3183 2003 3238 caelum

438 3275 695 3335 ascendit.
728 3273 895 3341 Quem
920 3274 1061 3328 sicut
1080 3274 1479 3341 ascendentem,
1507 3273 1579 3326 ita
1603 3270 1883 3327 venturum
1909 3287 2003 3326 an-

437 3365 607 3436 gelica
636 3364 977 3419 attestatione
1010 3356 1400 3433 pnestolamur.
1450 3362 1565 3419 Duo
1592 3363 1734 3418 enim
1761 3362 2001 3432 praedicti

439 3464 566 3509 sunt
593 3456 890 3509 adventus:
928 3455 1135 3523 primus
1160 3450 1406 3523 quidem,
1445 3455 1535 3523 qni
1567 3453 1679 3522 jam
1705 3463 2001 3524 expunctus

436 3552 541 3609 est,
566 3544 620 3599 in
646 3544 946 3599 humilitate
968 3543 1292 3600 conditionis
1318 3545 1590 3609 bumanre;
1618 3547 1882 3601 secundus
1907 3562 1996 3600 au-

437 3643 565 3697 tem,
590 3634 678 3702 qni
702 3632 1067 3688 concludendo
1090 3632 1283 3685 sacculo
1311 3632 1573 3695 imminet,
1595 3632 1648 3685 in
1674 3632 1999 3689 sublimitate

437 3723 629 3780 divinae
653 3722 948 3792 potestatis,
977 3721 1190 3792 quando
1219 3720 1444 3776 decurso
1472 3718 1627 3789 hujus
1660 3721 1833 3775 astatis
1860 3729 1996 3776 tem-

435 3830 586 3885 pore,
611 3814 854 3884 judicare
880 3813 1087 3870 venerit
1117 3813 1292 3884 justus
1321 3812 1374 3872 in
1403 3813 1565 3869 vitam
1592 3820 1867 3888 aeternam,
1900 3811 1998 3866 im-

434 3906 552 3975 pios
575 3914 629 3959 et
649 3914 977 3974 peccatores,
1005 3905 1096 3974 qui
1125 3904 1624 3959 thesaurizaverunt
1650 3903 1751 3957 sibi
1781 3902 1913 3957 iram
1942 3904 1995 3958 in

435 3995 521 4049 die
549 3994 661 4061 irte,
693 3994 744 4047 in
774 3994 1089 4062 supplicium
1121 4000 1412 4056 aeternum;
1455 3984 1727 4047 suscitatis
1750 3993 1999 4048 omnibus

433 4082 503 4142 ab
526 4082 677 4136 initio
698 4080 980 4143 defunctis,
1006 4089 1066 4155 et
1082 4078 1409 4144 reformatis,
1434 4089 1597 4152 atque
1624 4082 1905 4138 recensitis
1928 4084 1998 4137 ad

433 4171 710 4240 utriusque
739 4168 917 4223 meriti
942 4168 1372 4237 expunctionem.
1674 4168 1683 4175 ’
1853 4170 1860 4177 ’

500 4261 589 4318 IV.
617 4262 717 4318 Ubi
744 4278 811 4317 ne
845 4252 1061 4331 peccata
1089 4276 1208 4315 mea
1237 4260 1401 4315 multa
1419 4301 1434 4326 ,
1479 4276 1600 4330 quae
1627 4277 1769 4318 nunc
1802 4262 1990 4328 latent,

433 4362 727 4423 appareant
771 4368 950 4409 coram
996 4351 1226 4423 angelis,
1271 4358 1326 4407 et
1365 4352 1613 4408 omnibus
1655 4354 1881 4419 sanctis,
1926 4355 1991 4409 da

430 4443 584 4508 mihi,
615 4431 856 4506 Domine,
886 4458 1033 4513 rogo,
1076 4442 1272 4514 locum,
1311 4441 1563 4511 spatium,
1595 4449 1650 4497 et
1678 4440 1883 4499 fructus
1915 4444 1996 4499 di-

436 4541 553 4605 gna:
586 4533 930 4605 pmniteutize.
962 4533 1038 4586 Da
1068 4549 1163 4588 cor
1186 4533 1476 4592 contritum
1519 4542 1573 4587 et
1614 4532 1990 4599 humiliatum;

435 4626 500 4681 da
525 4626 747 4697 gratiam
780 4625 1157 4694 lacrymarum.
1183 4625 1251 4678 da
1268 4624 1446 4678 lumen
1469 4623 1523 4677 in
1546 4626 1730 4691 corde,
1761 4627 1827 4681 da
1850 4626 1994 4682 vires

436 4717 490 4771 in
518 4729 761 4785 corpore,
800 4722 860 4769 ut
898 4728 1017 4781 quae
1061 4711 1262 4781 agenda
1295 4719 1452 4776 sunt,
1490 4712 1723 4778 videam,
1752 4722 1809 4769 et
1833 4715 1901 4769 ad
1928 4726 1991 4770 ea

433 4804 720 4873 implenda,
747 4817 866 4873 quae
890 4800 1098 4859 dederis
1134 4800 1337 4863 videre,
1363 4796 1574 4854 fortiter
1598 4803 1987 4858 convalescam.

432 4894 684 4949 Miserere
730 4895 856 4958 mei,
899 4893 1149 4957 Domine,
1182 4892 1466 4955 miserere,
1514 4905 1581 4945 ne
1630 4894 1822 4961 perdas
1865 4908 1987 4961 me,

432 4997 632 5053 qnzeso,
662 4996 783 5038 cum
812 4982 1085 5050 peccatis,
1131 4981 1307 5045 vitiis,
1347 4978 1516 5049 culpis
1554 4987 1608 5033 et
1654 4979 1988 5048 negligentiis

432 5075 585 5129 meis.
617 5072 693 5128 Da
719 5071 847 5126 mihi
872 5081 1091 5140 propter
1112 5086 1304 5126 nomen
1331 5081 1503 5135 tuum,
1532 5079 1587 5122 tu
1610 5068 1703 5138 qui
1725 5068 1990 5137 justifieas

433 5164 659 5236 impios,
701 5170 756 5216 et
792 5159 1033 5220 vivificas
1057 5171 1315 5226 mortuos,
1346 5171 1401 5216 et
1441 5159 1633 5215 multos
1658 5168 1986 5229 peccatores.

429 5263 485 5308 et
512 5254 618 5308 non
643 5260 805 5317 sunt;
849 5264 999 5321 rogo,
1021 5249 1086 5304 da
1112 5251 1339 5317 gratiam
1367 5260 1536 5315 tuam,
1567 5260 1623 5305 et
1653 5251 1874 5305 emenda
1906 5253 1987 5306 vi-

433 5350 542 5399 tam
578 5334 787 5398 meam:
828 5340 1047 5403 meliora
1089 5347 1239 5394 actus
1279 5355 1457 5410 meos,
1487 5353 1743 5409 compone
1770 5354 1986 5396 mores:

432 5432 557 5488 tolle
590 5432 659 5492 de
708 5448 795 5488 me
837 5432 980 5502 quod
1007 5429 1103 5487 tibi
1132 5429 1398 5499 displicet,
1444 5440 1502 5487 et
1536 5415 1673 5485 mihi
1716 5437 1893 5493 nocet,
1935 5440 1989 5487 et

434 5520 606 5577 tribue
628 5538 725 5591 pro
750 5522 989 5578 bonitate
1014 5521 1123 5587 tua,
1151 5519 1294 5593 quod
1316 5520 1458 5575 nosti
1481 5520 1574 5576 tibi
1599 5518 1808 5589 placere
1830 5518 1998 5589 posse

432 5621 486 5674 et
510 5613 635 5670 mihi
665 5612 938 5690 prodesse.
965 5608 1071 5671 Fac
1100 5624 1202 5678 me,
1234 5625 1443 5684 precor,
1468 5609 1714 5674 clemens,
1746 5622 1843 5681 per
1865 5626 1986 5684 gra-

2021 4402 2070 4461 υ

2102 3199 2279 3249 suam,
2305 3192 2361 3239 et
2387 3185 2577 3239 iterum
2606 3183 2848 3238 sumendi
2875 3197 3014 3238 eam.
3052 3181 3157 3237 Pro
3191 3183 3347 3240 nobis
3371 3183 3470 3238 tibi
3499 3183 3674 3238 victor

2101 3283 2155 3330 et
2182 3275 2429 3338 victima,
2472 3283 2528 3329 et
2571 3274 2691 3329 ideo
2718 3266 2893 3328 victor
2928 3273 3051 3342 quia
3084 3273 3320 3329 victima.
3372 3272 3487 3328 Pro‘
3521 3273 3676 3330 nobis

2104 3364 2199 3418 tbi
2226 3365 2477 3419 sacerdos
2507 3371 2558 3418 et
2589 3362 2932 3428 sacrificium,
2962 3372 3020 3419 et
3054 3363 3192 3418 ideo
3235 3363 3506 3428 sacerdos,
3543 3364 3670 3433 quia

2101 3455 2440 3510 sacrificium.
2470 3440 2658 3510 Merito
2687 3456 2817 3511 mihi
2844 3470 2968 3533 spes
2999 3455 3174 3511 valida
3196 3456 3249 3509 in
3276 3456 3367 3510 illo
3393 3464 3495 3520 est,
3528 3457 3671 3525 quod

2100 3546 2314 3601 sanabis
2357 3561 2543 3601 omnes
2572 3546 2857 3617 languores
2887 3560 3034 3613 meos
3071 3562 3168 3616 per
3194 3561 3351 3607 eum,
3398 3547 3489 3613 qui
3520 3546 3673 3601 sedet

2097 3636 2164 3687 ad
2195 3635 2473 3688 dexteram
2513 3642 2656 3687 tuam
2683 3674 2697 3697 ,
2748 3643 2804 3687 et
2844 3634 3143 3702 interpellat
3198 3650 3293 3704 pro
3334 3635 3509 3689 nobis.
3571 3635 3672 3691 De-

2097 3738 2316 3791 Sperarc
2362 3723 2543 3791 utique
2572 3723 2896 3791 potuissem,
2930 3724 3033 3778 nisi
3075 3724 3307 3779 Verbum
3355 3732 3502 3778 tuum
3542 3740 3673 3781 caro

2099 3812 2270 3876 fieret,
2295 3822 2360 3867 et
2388 3812 2657 3869 habitaret
2686 3813 2736 3866 in
2770 3812 2942 3867 nobis.
2992 3812 3047 3869 Si
3092 3813 3260 3877 enim,
3299 3828 3439 3880 cum,
3467 3813 3669 3870 inimici

2096 3918 2371 3967 essemus,
2418 3901 2746 3974 reconciliati
2774 3917 2961 3958 sumus
2987 3903 3085 3957 tibi
3133 3917 3229 3972 per
3275 3913 3502 3959 mortem
3550 3904 3669 3959 Filii

2098 3994 2195 4059 tui,
2222 4000 2425 4063 quanto
2457 3993 2628 4062 magis
2660 4009 2802 4049 nunc
2822 3994 2955 4048 salvi
2987 3993 3115 4049 facti
3142 3994 3213 4049 ab
3241 3994 3316 4048 ira
3348 4010 3442 4063 per
3461 3996 3670 4063 ipsum?

2096 4084 2296 4155 gratias
2326 4083 2420 4138 tibi
2448 4099 2547 4151 ago
2568 4125 2582 4149 ,
2624 4084 3080 4154 indulgentissime
3122 4084 3311 4149 Pater,
3346 4090 3457 4153 ’pro
3484 4097 3667 4141 sancta
3728 4152 3729 4159 γ

2095 4172 2480 4233 incarnatione,
2524 4173 2789 4240 passione,
2820 4182 3024 4235 morte,
3071 4175 3495 4238 resurrectione,
3522 4185 3576 4230 et
3612 4178 3668 4233 in

2093 4261 2287 4316 cmlum
2312 4260 2623 4315 ascensione
2646 4260 2854 4315 Domini
2880 4263 3043 4316 nostri
3060 4260 3184 4317 Jesu
3200 4262 3396 4318 Christi
3421 4263 3536 4319 Filii
3565 4269 3662 4321 tui.

2092 4347 2359 4403 Bcnedico
2389 4363 2580 4402 nomen
2612 4356 2758 4403 tuum
2790 4349 2917 4404 totis
2943 4352 3276 4419 praecordiis,
3322 4367 3421 4422 pro
3454 4353 3553 4407 illa
3574 4371 3664 4410 sa-

2096 4437 2397 4493 cratissima
2426 4438 2700 4508 sanguinis
2727 4437 3005 4505 effusione,
3032 4455 3138 4510 qua
3166 4452 3351 4496 sumus
3373 4443 3662 4513 redempti;

2097 4529 2387 4603 implorans
2414 4529 2732 4585 ineffabilem
2755 4532 3051 4586 bonitatem
3094 4516 3263 4597 tuam,
3294 4548 3362 4588 ne
3384 4536 3667 4605 permittas

2096 4637 2195 4675 nos
2226 4620 2460 4690 ingratos
2496 4619 2668 4693 [esse]
2701 4623 2861 4677 tantis
2886 4623 3162 4679 beneficiis
3196 4634 3250 4680 et
3270 4626 3519 4696 indignos
3554 4636 3663 4683 tam

2095 4710 2277 4765 multis
2323 4710 2772 4765 miserationibus.
2811 4713 3007 4766 Sumus
3034 4715 3177 4767 enim
3209 4715 3282 4768 tui
3325 4718 3504 4784 operis
3526 4733 3666 4789 pars

2082 4789 2200 4873 non
2242 4802 2391 4865 vilis,
2433 4816 2565 4870 quos
2597 4810 2743 4855 tanto
2786 4802 2880 4873 tibi
2924 4802 3124 4870 placuit
3167 4805 3429 4861 redimere
3466 4808 3659 4876 pretio.

2092 4881 2223 4961 Quis
2250 4896 2405 4965 digna
2450 4894 2802 4949 admiratione
2834 4903 3117 4963 penetrare
3152 4905 3314 4966 queat
3340 4898 3669 4959 immensum

2091 4986 2309 5056 pelagus
2337 4984 2477 5037 illius
2514 4983 2707 5036 summi
2750 4984 2995 5047 consilii,
3035 4999 3144 5054 quo
3183 4996 3461 5057 susceptus
3500 4988 3662 5043 homo

2092 5077 2181 5131 ille
2206 5074 2502 5129 dominicus
2530 5073 2708 5126 unitus
2733 5079 2816 5127 est
2840 5088 2961 5128 cum
2993 5074 3101 5130 Deo
3125 5116 3139 5140 ,
3179 5085 3235 5130 et
3270 5087 3576 5146 assumptus
3605 5076 3659 5131 in

2092 5168 2280 5227 Deum,
2307 5180 2410 5218 non
2454 5162 2766 5219 confusione.
2794 5164 3123 5228 substantiai,
3171 5167 3265 5220 sed
3309 5166 3511 5218 unitate
3537 5180 3658 5234 per-

2092 5272 2255 5311 sonae.
2283 5254 2542 5309 Mediator
2566 5254 2761 5325 quippe
2786 5254 2881 5309 Dei
2918 5265 2972 5309 et
2995 5255 3269 5310 hominum
3297 5254 3544 5310 Christus
3565 5253 3656 5310 Je-

2092 5361 2203 5410 sus,
2234 5343 2489 5398 Dominus
2510 5353 2719 5408 noster,
2748 5343 2891 5399 Deus
2917 5344 3252 5412 omnipotens
3273 5383 3288 5407 ,
3317 5359 3657 5413 nequaquam

2093 5437 2229 5491 alter
2266 5440 2347 5488 est
2391 5434 2443 5488 in
2486 5434 2838 5497 humanitate.
2875 5434 3009 5488 alter
3038 5434 3090 5487 in
3136 5433 3433 5499 divinitate,
3462 5437 3556 5490 sed
3602 5438 3658 5493 in

2094 5537 2319 5597 utraque
2362 5534 2549 5580 natura
2598 5543 2735 5581 unus
2778 5526 3023 5595 idemque
3070 5527 3210 5581 Dens
3260 5528 3447 5592 homo,
3496 5530 3659 5585 homo

2082 5618 2250 5679 .Dcus.
2278 5614 2383 5672 Nec
2422 5615 2582 5687 igitur
2618 5633 2783 5687 purus
2824 5618 2983 5673 homo
3038 5626 3326 5688 conceptus
3382 5628 3496 5688 est,
3554 5636 3656 5678 nec
