4254 6214
511 229 641 287 1051

1252 279 1260 287 ,
1316 222 1378 275 Β.
1419 220 1481 275 F.
1524 217 1749 299 ALBINI
1788 215 1923 271 SISU
1962 211 2237 268 AI.C[I.\I
2274 208 2561 265 OI‘ERUM
2602 205 2780 260 PARS
2824 205 2951 260 VIII.

3631 206 3770 261 I051

506 328 722 411 postea,
748 344 805 390 ut
832 335 975 390 Deus
997 341 1161 396 esset,
1203 331 1429 411 accepit,
1470 330 1562 384 sed
1588 328 1702 398 ipse
1728 325 1900 380 Filius
1929 333 2076 385 tuus,
2107 324 2152 380 A
2186 329 2420 383 teneam,
2447 318 2591 387 quod
2625 314 2866 370 deforme
2908 328 3262 384 componam,
3310 314 3452 385 quod
3480 314 3766 386 pulchrum

509 438 760 485 manente
791 423 1215 481 incommutabili
1259 423 1515 486 essentia,
1546 436 1668 490 qua:
1706 419 1781 475 illi
1823 427 2001 474 tecum
2031 427 2086 471 et

510 537 632 579 cum
662 520 864 592 Spiritu
894 526 1081 574 sancto
1109 526 1193 571 est
1218 524 1507 579 coaeterna,
1535 512 1826 582 assumpsit
1864 514 2081 565 carnem

510 627 608 682 pro
630 621 811 665 nostra
836 608 1028 671 salute,
1059 608 1111 661 in
1137 622 1240 674 qua
1268 614 1503 659 :nternus
1537 611 1661 656 ante
1689 602 1886 656 sas-cuia
1918 600 2086 670 possit

508 700 739 755 ostendi.
767 698 918 754 Unde
937 696 1184 766 quamvis
1222 694 1365 748 aliud
1391 695 1463 747 sit
1490 709 1553 747 ex
1584 702 1668 757 te,
1707 691 1851 745 aliud
1876 706 1940 743 ex
1973 706 2084 743 ma-

511 800 614 858 tre,
645 807 752 847 non
782 799 960 844 tamen
990 789 1127 842 alius
1166 795 1221 841 et
1249 787 1417 851 alius,
1463 795 1523 839 ut
1566 786 1704 849 duo,
1742 784 1883 853 quod
1918 782 2082 846 absit,

510 880 637 935 Filii
659 881 946 935 dicantur:
979 879 1074 933 sed
1101 878 1213 946 ipse
1243 884 1478 930 aeternus
1514 891 1581 929 ex
1625 883 1677 929 te
1721 873 1865 927 Deus
1903 870 2081 933 Pater,

511 971 625 1040 ipse
651 968 957 1038 temporalis
977 983 1041 1023 ex
1074 976 1246 1021 matre
1273 966 1515 1037 virgine:
1552 965 1663 1034 ipse
1685 964 1777 1034 qui
1802 961 1946 1025 fecit,
1972 961 2085 1032 ipse

509 1060 601 1130 qui
623 1059 795 1114 factus
823 1066 927 1121 est,
955 1072 1180 1113 manens
1206 1073 1269 1110 ex
1298 1066 1531 1125 utroque
1560 1056 1861 1128 ianuaque
1892 1062 2084 1108 natura

508 1164 669 1214 unus,
700 1163 801 1204 nec
832 1158 1145 1203 naturarum
1169 1146 1510 1216 copulatione
1536 1143 1825 1209 confusus,
1850 1158 1952 1199 nec
1988 1158 2109 1198 na--

510 1247 751 1294 turarum
776 1239 1077 1309 geminatus
1104 1236 1467 1292 distinctione.

580 1327 667 1382 Vl.
684 1327 816 1395 Quis
834 1324 1064 1380 sutliciat
1086 1324 1328 1379 mirabile
1352 1339 1488 1393 opus
1516 1331 1679 1378 tante
1700 1321 2085 1378 misericordia:

509 1419 626 1488 ipso
655 1417 850 1472 mentis
874 1414 1065 1472 intuitu
1097 1414 1482 1469 considerare?
1519 1414 1652 1479 Quis
1680 1429 1786 1467 non
1817 1414 2086 1468 miretur?

508 1509 641 1576 Quis
681 1523 787 1564 non
834 1509 1186 1563 revereatur?
1232 1506 1363 1573 Qua:
1408 1522 1510 1560 vox
1562 1506 1641 1560 vel
1688 1506 1868 1576 lingua
1910 1495 2087 1559 valeat

507 1599 717 1655 debitas
744 1600 1033 1667 rependere
1062 1596 1288 1653 laudes?
1325 1594 1370 1651 Ο
1404 1594 1577 1650 facilis
1606 1604 1661 1650 et
1685 1596 1943 1650 immensa
1969 1596 2083 1664 pie-

509 1694 630 1746 tas!
659 1692 705 1748 0
726 1693 864 1747 mira
896 1694 1213 1763 semperque
1240 1691 1484 1745 miranda
1527 1690 1720 1745 divina:
1749 1688 2087 1759 propitiatio-

508 1785 593 1840 nis
618 1784 956 1862 benignitas!
992 1784 1176 1848 Miror,
1205 1792 1394 1854 stupeo
1419 1800 1433 1847 ;
1464 1784 1557 1837 sed
1586 1782 1768 1847 lzetor,
1804 1792 1859 1836 et
1887 1783 2088 1837 multas

509 1877 713 1947 gratias
739 1890 857 1946 ago.
884 1876 981 1930 Im:
1001 1884 1056 1929 et
1081 1874 1399 1945 perditionis
1429 1872 1523 1928 ﬁlii
1554 1872 1775 1937 fuimus,
1799 1882 1854 1926 et
1874 1887 2000 1927 ecce
2032 1872 2086 1926 in

507 1966 647 2021 filios
665 1967 759 2021 Dei
779 1967 1017 2034 adoptati
1035 1980 1245 2020 sumus.
1274 1963 1522 2019 "credes
1545 1964 1755 2035 quidem
1779 1963 1894 2026 Dei,
1920 1962 2089 2016 colue-

507 2058 655 2112 redes
680 2067 853 2110 autem
892 2053 1090 2110 Christi
1117 2054 1305 2125 (Rom.
1356 2070 1473 2119 vin,
1519 2053 1614 2125 7),
1666 2053 1741 2107 ait
1766 2052 2082 2121 Apostolus:

506 2147 681 2215 Caput
705 2146 961 2201 Ecclesia:
1004 2144 1273 2205 Christus.
1320 2143 1520 2200 Christi
1563 2159 1762 2213 corpus
1806 2142 2085 2206 Ecclesia;

507 2233 707 2291 Christi
733 2251 864 2307 ergo
886 2235 1125 2291 membra
1152 2250 1367 2299 sumus;
1395 2220 1543 2289 unde
1561 2236 1664 2289 hoc
1690 2235 1862 2299 nobis,
1886 2242 1938 2287 et
1960 2232 2087 2301 quil

508 2338 610 2381 nos
641 2326 708 2380 ad
738 2326 893 2379 lucc?
928 2324 1049 2379 felix
1075 2325 1273 2385 anima,
1304 2340 1424 2393 qua:
1453 2332 1613 2378 tantae
1638 2324 1954 2393 dignitatem
1980 2321 2091 2392 glo-

508 2418 604 2472 ria:
630 2418 910 2472 honestate
940 2417 1061 2469 vitae
1082 2424 1137 2470 et
1162 2432 1369 2470 morum
1395 2415 1639 2469 obtinere
1668 2415 1885 2477 meruit,
1908 2414 2091 2471 divino

510 2508 711 2564 auxilio
732 2508 929 2561 vallata
971 2507 1023 2561 in
1052 2506 1321 2562 omnibus.
1370 2506 1511 2559 Deus
1539 2502 1820 2557 ineliabilis
1844 2512 1901 2557 et
1927 2503 2088 2557 incir-

508 2601 851 2671 cumscriptus
899 2610 1136 2661 natura),
1184 2598 1460 2653 institutor
1500 2598 1739 2651 omnium
1782 2611 1994 2659 rerum,
2036 2602 2091 2647 et

450 2756 453 2757 ν
508 2692 720 2748 Domini
751 2692 920 2745 nostri
955 2688 1081 2744 Jcsu
1110 2689 1309 2743 Christi
1337 2689 1519 2751 Pater,
1549 2690 1638 2757 qui
1675 2686 1924 2741 eumdem
1955 2685 2088 2739 dile-

506 2794 654 2839 ctum
677 2783 872 2837 Filium
896 2781 961 2835 de
983 2782 1102 2835 sinu
1126 2789 1217 2835 tuo
1238 2780 1429 2835 misisti
1446 2780 1512 2833 ad
1530 2779 1800 2848 publicum
1823 2785 2089 2841 nostrum,

509 2874 786 2943 suscipere
808 2882 1049 2927 nostram
1075 2872 1261 2933 vitam,
1286 2878 1344 2923 ut
1374 2871 1528 2923 nobis
1553 2870 1706 2923 daret
1723 2885 1896 2933 suam,
1924 2879 2091 2923 esset—

2184 410 2446 475 excolam,
2474 408 2617 478 quod
2646 423 2837 462 sanum
2859 422 3091 472 servem,
3120 406 3262 476 quod
3284 406 3557 461 inﬁmum
3582 422 3771 462 corro-

2183 499 2387 564 borem,
2424 507 2480 554 et
2507 512 2687 562 omne,
2719 496 2861 567 quod
2896 497 2990 551 tibi
3028 496 3222 567 placet,
3254 496 3555 550 custodiam
3584 511 3769 566 perse-

2183 600 2453 645 veranter.
2483 590 2590 644 Des
2625 590 2847 659 insuper
2883 589 3012 643 mihi
3035 586 3315 658 despicere
3343 588 3685 658 temporalia,
3711 596 3771 645 et

2186 681 2315 735 totis
2338 680 2542 735 viribus
2561 690 2764 734 eterna
2795 678 3037 749 diligere,
3065 687 3125 733 ut
3151 687 3423 733 mortuum
3444 680 3575 734 mihi
3600 680 3768 751 depu-

2184 779 2292 824 tem
2324 761 2603 833 mundum,
2638 784 2738 823 nec
2763 768 3020 837 gaudens,
3053 783 3153 822 nec
3176 768 3369 839 lugens
3391 769 3459 824 de
3489 777 3760 841 tempora-

2183 858 2343 922 libus,
2363 867 2545 911 utnec
2567 864 2805 911 metuam
2833 855 3033 925 aliquid
3059 857 3374 928 temporale,
3402 873 3503 912 nec
3525 858 3761 928 diligam.

2184 948 2295 1003 Nec
2314 948 2524 1004 blandis
2550 962 2884 1015 eorrumpar,
2910 961 3011 1000 nec
3031 946 3274 999 adversis
3292 946 3591 1000 concutiar.
3615 947 3768 1017 Rogo

2185 1047 2365 1101 tuam,
2396 1046 2583 1092 sancte
2617 1036 2811 1099 Pater,
2850 1036 3223 1101 clementiam,
3270 1036 3325 1090 in
3355 1037 3571 1092 nomine
3597 1038 3767 1108 ipsius

2183 1130 2304 1187 Filii
2336 1130 2432 1195 tui,
2458 1129 2784 1195 circumcide
2812 1129 2864 1183 in
2893 1144 2980 1183 me
3006 1129 3186 1182 omnia
3207 1128 3336 1184 vitia
3362 1129 3542 1184 cordis
3564 1138 3619 1183 et
3642 1145 3760 1184 cor—

2184 1225 2353 1296 poris,
2382 1231 2437 1279 et
2464 1224 2531 1278 da
2560 1216 2691 1277 uiihi
2713 1216 3061 1292 augmentum
3084 1221 3577 1292 perfectionemque
3598 1220 3768 1276 virtu-

2185 1326 2317 1371 tum.
2350 1314 2594 1368 Illumina
2621 1327 2839 1368 sensum
2866 1319 2923 1365 et
2948 1310 3184 1365 animam
3212 1324 3388 1364 meam
3410 1351 3426 1373 ,
3468 1318 3528 1363 ut
3568 1308 3694 1365 illud
3734 1326 3766 1365 a

2185 1416 2239 1463 te
2283 1416 2495 1476 petam,
2542 1402 2683 1472 quod
2720 1412 2774 1459 te
2813 1402 3043 1458 delectet
3070 1404 3279 1457 audire.
3308 1402 3451 1458 Doce
3490 1418 3596 1466 me,
3639 1402 3770 1472 quid

2183 1498 2448 1567 cogitare,
2465 1495 2593 1565 quid
2620 1509 2805 1563 agerc,
2824 1494 2955 1564 quid
2975 1493 3138 1563 loqui,
3159 1493 3288 1563 quid
3315 1500 3494 1548 tacere
3522 1493 3765 1547 debeam.

2188 1588 2262 1642 Da
2294 1588 2423 1642 mihi
2449 1586 2808 1657 prudentiam,
2842 1581 3530 1653 fortitudinem,justitiam,
3556 1593 3611 1638 et
3633 1592 3772 1639 tem-

2190 1680 2510 1750 perantiam.
2540 1679 2616 1733 Da
2650 1677 3028 1734 discretionem
3057 1677 3107 1730 in
3131 1676 3404 1739 omnibus,
3430 1675 3767 1731 discernendi

2189 1772 2330 1825 inter
2373 1773 2647 1827 dexteram
2677 1779 2733 1823 et
2765 1769 3061 1823 sinistram.
3093 1763 3169 1821 Da
3197 1766 3361 1822 etiam
3392 1782 3609 1822 sensum
3636 1765 3771 1837 vigi-

2189 1860 2316 1924 lem,
2348 1868 2404 1913 ct
2431 1859 2713 1928 providum
2756 1857 3104 1920 intellectum,
3135 1865 3195 1912 ut
3226 1855 3426 1926 possim
3464 1856 3602 1910 inter
3630 1855 3769 1909 bona

2189 1949 2439 2017 malaque
2468 1933 2993 2001 discernere.'Aufer
3021 1960 3051 1998 a
3081 1944 3243 2001 corde
3271 1960 3393 1999 meo
3420 1944 3766 1999 alienationis

2190 2054 2431 2104 sensum,
2457 2054 2590 2094 cura
2632 2040 2684 2093 in
2712 2054 2795 2093 mc
2826 2048 3097 2107 stuporem
3139 2037 3372 2101 mentis,
3418 2037 3658 2107 exstirpa
3703 2036 3771 2089 de

2188 2127 2488 2182 visceribus
2509 2128 2645 2181 meis
2672 2124 2896 2180 consilia
2930 2125 3253 2194 iniquitatis,
3276 2126 3493 2179 eralica
3522 2141 3551 2178 a
3584 2126 3766 2195 lingua

2190 2219 2489 2301 tneagdetra
2499 2218 2660 2273 bendi
2687 2217 3128 2301 consuetudinem
3148 2256 3164 2280 ,
3211 2217 3500 2271 mentiendi
3516 2273 3523 2279 ,
3539 2215 3738 2270 facilita
3752 2243 3771 2251 -
3796 2254 3801 2260 ς

2190 2318 2325 2374 tem,
2350 2309 2601 2378 loquendi
2631 2308 3043 2373 scurrilitatem,
3069 2314 3124 2361 et
3142 2321 3331 2361 omnes
3348 2314 3502 2361 actus
3521 2304 3773 2359 vanitatis

2189 2418 2323 2457 mea:
2352 2412 2468 2454 arte
2494 2399 2772 2454 medicinae
2798 2407 2901 2454 tuae
2923 2413 3074 2453 sana.

2261 2512 2392 2569 VIII.
2422 2513 2500 2566 Da
2540 2513 2671 2567 mihi
2712 2527 2925 2580 semper
2950 2509 3251 2580 pmfectum
3278 2508 3331 2562 in
3358 2505 3753 2578 purgatissimis

2192 2604 2455 2667 moribus,
2487 2614 2609 2657 tene
2644 2617 2720 2657 me
2761 2602 2957 2655 virtute
2981 2598 3379 2669 omnipotentiae
3409 2606 3534 2659 tute,
3573 2602 3629 2650 et
3662 2609 3771 2650 non

2189 2694 2339 2749 sinas
2381 2708 2467 2748 Ine
2501 2693 2785 2747 ‘voluntate
2831 2691 3031 2760 proprii
3071 2689 3281 2745 arbitrii
3327 2687 3563 2757 evagari.
3607 2684 3769 2742 Juxta

2193 2793 2341 2838 tuam
2371 2784 2764 2853 providentiam
2804 2783 3027 2851 dispone
3054 2795 3267 2835 omnem
3293 2777 3460 2831 vitam
3504 2792 3680 2832 meam
3714 2777 3772 2831 in

2190 2882 2281 2927 tua
2312 2875 2603 2928 voluntate.
2638 2872 2883 2925 Animam
2927 2872 3067 2927 hanc
3108 2868 3503 2938 peccatricem,
3537 2882 3636 2937 pro
3662 2880 3772 2937 qua
3852 2936 3857 2941 Ξ

507 2980 613 3036 que
634 2963 906 3036 perfectus
929 2964 1070 3018 Deus
1098 2976 1162 3015 ex
1187 2970 1237 3015 te
1262 2959 1445 3023 Patre,
1466 2969 1518 3012 et
1543 2958 1817 3030 perfectus
1841 2960 2001 3014 homo
2021 2975 2085 3012 ex
2114 3002 2168 3069 c
2193 2962 2440 3016 Christus
2462 2972 2706 3015 mortuus
2730 2968 2836 3023 est,
2868 2975 2972 3013 non
2997 2958 3278 3029 permittas
3307 2959 3502 3028 perire.
3538 2955 3772 3012 Frenum

509 3066 718 3113 matre:
752 3064 896 3111 totus
920 3056 1081 3120 Deus,
1110 3063 1165 3109 et
1194 3063 1335 3109 totus
1363 3055 1546 3116 homo,
1573 3051 1738 3123 396
1757 3066 1895 3105 unus
1922 3052 2089 3105 idem-

507 3162 616 3218 que
651 3145 917 3227 Christus,
948 3156 1188 3201 aeternus
1212 3154 1269 3201 et
1298 3144 1640 3214 temporalis.
1688 3141 2010 3197 immortalis
2036 3151 2091 3197 et

510 3238 820 3296 marituma.
852 3236 1081 3291 Creator
1119 3246 1176 3291 et
1221 3244 1467 3299 creatus,
1518 3233 1676 3289 fortis
1712 3240 1768 3289 et
1807 3231 2087 3296 infirmus,

509 3326 746 3381 nutritor
785 3332 844 3380 et
889 3327 1156 3387 nutritus,
1206 3335 1394 3393 pastor
1431 3336 1486 3379 et
1526 3327 1675 3389 ovis.
1721 3322 2092 3393 temporaliter

511 3425 771 3479 mortuus,
798 3426 975 3473 tecum
1006 3418 1059 3471 in
1089 3426 1350 3470 :eternum
1370 3417 1577 3477 vivens.
1607 3416 1720 3470 suis
1743 3413 2093 3469 dilectoribus

508 3505 634 3561 vita:
661 3506 1046 3577 municipatum
1077 3504 1593 3577 promittens'dcdit,
1629 3512 1682 3559 et
1726 3503 1881 3559 nobis
1916 3503 2087 3558 dixit:

511 3593 867 3664 Quodcunque
892 3597 1142 3667 petieritis
1172 3594 1389 3651 Patrem
1434 3598 1489 3650 in
1529 3597 1740 3651 nomine
1763 3613 1877 3650 meo
1897 3636 1913 3661 ,
1945 3596 2090 3650 dabit

511 3682 652 3735 vobis
684 3682 866 3753 (Joan.
899 3701 989 3749 xv,
1020 3685 1129 3755 i6).

588 3770 693 3826 VII.
732 3771 970 3827 Obsecro
1004 3775 1205 3844 itaque,
1249 3775 1495 3840 Domine,
1538 3784 1595 3829 et
1637 3784 1691 3829 te
1732 3780 1895 3834 nimis
1944 3782 2091 3848 pium

514 3877 643 3931 rogo
671 3861 723 3915 in
753 3863 969 3917 nomine
996 3862 1233 3932 ejusdem
1264 3863 1383 3917 Filii
1411 3864 1490 3917 tui
1514 3865 1868 3929 dilectissimi,
1902 3877 1962 3920 ut
2000 3869 2093 3921 des

513 3954 788 4009 mihicum
818 3955 1005 4008 eodem
1034 3955 1167 4009 Filio
1197 3964 1289 4009 tuo
1318 3964 1370 4009 te
1406 3957 1460 4010 in
1486 3958 1740 4012 omnibus
1776 3957 2093 4014 benedicere

511 4056 567 4101 et
592 4046 924 4117 glorificare:
951 4048 1074 4115 quia
1103 4062 1330 4116 quorum
1353 4063 1456 4101 una
1476 4056 1561 4101 est
1586 4049 1905 4115 substantia,
1928 4066 2091 4105 unum

511 4146 595 4212 est
624 4144 677 4190 et
701 4140 903 4190 datum.
938 4136 1041 4191 Des
1069 4138 1233 4191 etiam
1274 4137 1404 4191 mihi
1437 4154 1531 4207 per
1561 4138 1740 4203 illum,
1771 4147 1971 4195 etcum
2003 4141 2094 4196 illa

515 4235 856 4294 peccatorum
880 4229 1118 4282 omnium
1144 4229 1377 4293 veniam,
1402 4238 1459 4284 et
1479 4228 1851 4286 mandatorum
1876 4240 2089 4288 tuorum

2196 3061 2343 3105 tuum
2372 3052 2425 3105 in
2453 3051 2684 3107 maxillis
2715 3051 2849 3105 meis
2878 3065 3037 3119 pone,
3065 3058 3121 3105 et
3144 3059 3399 3121 tanquam
3431 3056 3772 3104 mansuetum

2192 3144 2392 3198 animal
2423 3145 2578 3200 trahe
2606 3158 2693 3199 me
2716 3153 2838 3215 post
2872 3153 2942 3198 te.
2975 3144 3054 3199 Tu
3091 3126 3237 3198 enim
3265 3151 3457 3198 cuncta
3484 3154 3602 3210 quae
3636 3139 3772 3195 mihi

2191 3222 2502 3308 expediunt,
2534 3238 2694 3292 nosti.
2718 3236 2834 3292 Non
2855 3237 3090 3300 diabolo,
3107 3234 3393 3298 nonmihi,
3410 3249 3517 3288 non
3545 3232 3767 3296 mundo,

2191 3344 2300 3383 ron
2324 3328 2415 3382 alii
2438 3326 2596 3381 alicui
2614 3328 2775 3382 liceat
2800 3336 2890 3382 tua
2920 3329 3058 3381 dona
3087 3327 3423 3390 subvertere,
3450 3327 3574 3394 quia
3601 3333 3773 3379 totum

2193 3419 2383 3489 fragile
2408 3429 2493 3474 est
2516 3419 2774 3488 quidquid
2805 3419 2899 3473 tibi
2931 3419 3121 3473 nititur
3138 3417 3378 3472 obviare.
3407 3416 3603 3474 Fecisti
3626 3417 3774 3473 enim

2194 3525 2405 3565 mecum
2427 3524 2458 3563 a
2482 3524 2650 3579 puero
2686 3509 3109 3566 misericordiam
3132 3507 3374 3562 multum.
3406 3506 3613 3573 Perfice
3628 3504 3773 3575 quod
3800 3520 3803 3521 '

2194 3602 2427 3673 coepisti.
2480 3602 2557 3669 Da
2601 3586 2730 3656 mihi
2776 3616 2986 3670 semper
3013 3609 3069 3654 et
3101 3601 3300 3669 ubique
3341 3608 3529 3655 contra
3560 3599 3773 3653 hostem

2196 3692 2647 3757 crudelissimum,
2683 3692 2829 3760 pium
2872 3701 2976 3744 tu.e
3016 3690 3345 3745 defensionis
3388 3689 3683 3749 auxilium,
3714 3696 3777 3740 ιιι

2193 3782 2334 3835 sicut
2375 3780 2721 3848 fragilitatem
2754 3794 2926 3833 manu
2958 3779 3048 3833 ille
3084 3779 3280 3832 invitus
3320 3794 3425 3831 non
3467 3783 3642 3831 cessat
3671 3774 3773 3829 im-

2192 3878 2397 3941 petere,
2439 3871 2513 3925 ita
2546 3871 2654 3925 tuis
2694 3879 2915 3941 cogatur
2940 3870 3145 3924 viribus
3175 3870 3432 3925 confusus
3458 3869 3769 3924 abscedere.
3832 3916 3841 3923 .

2193 3961 2397 4016 Prassta
2423 3955 2607 4016 ut'sim
2632 3950 2890 4031 parvulus
2934 3960 2988 4013 in
3025 3947 3196 4015 oculis
3224 3961 3390 4025 meis,
3420 3969 3478 4014 ut
3507 3976 3687 4015 coram
3718 3968 3773 4014 te

2195 4052 2468 4107 inveniam
2493 4053 2740 4123 gratiam.
2781 4051 2857 4105 Da
2887 4060 2943 4105 et
2974 4051 3181 4119 adauge
3212 4051 3341 4105 milii
3368 4065 3583 4120 semper
3611 4050 3773 4105 fidem

2194 4143 2427 4208 ﬁrmam,
2458 4159 2606 4214 spem
2646 4144 3050 4207 inconcussam,
3082 4142 3403 4197 charitatem
3441 4140 3769 4211 perfectam,

2194 4236 2552 4291 humilitatem
2590 4235 2934 4307 profundam,
2980 4235 3289 4305 patientiam
3339 4228 3768 4295 invictissimam,

516 4315 1208 4411 custodiam-dilectionem
1238 4326 1382 4371 tuam
1423 4328 1479 4372 et
1500 4319 1797 4374 fratemnm
1828 4337 2085 4409 amorem.
2120 4315 2441 4411 D‘corporis
2469 4329 2768 4395 animaeque
2795 4327 3463 4397 castitatem'perpetuam.
3492 4324 3566 4378 Da
3593 4323 3773 4379 cordis

514 4403 716 4458 Contra
756 4404 1026 4459 diabolum
1076 4406 1233 4459 fortia
1277 4408 1592 4463 humilitatis
1635 4425 1820 4474 arma,
1867 4420 1922 4465 et
1964 4403 2090 4482 erga

516 4490 710 4547 fratres
753 4494 1074 4549 charitatem
1116 4494 1429 4565 perfectam.
1480 4498 1912 4568 Temperantiam
1960 4503 2090 4566 cibi,

515 4589 696 4652 potus,
740 4591 902 4651 atque
932 4584 1142 4649 somni,
1168 4594 1223 4640 et
1260 4588 1423 4643 totius
1454 4588 1690 4645 libidinis
1713 4600 1770 4644 et
1795 4594 1919 4647 vani
1946 4594 2092 4649 desi-

514 4675 651 4731 derii
685 4677 1103 4743 continentiam,
1148 4681 1387 4736 auditum
1436 4692 1674 4747 castum,
1714 4695 1770 4740 et
1795 4687 2091 4758 simplicem

516 4769 711 4824 visum.
745 4768 1039 4825 Puritatem
1069 4772 1248 4829 cordis
1281 4782 1337 4827 et
1362 4776 1677 4831 munditiam
1700 4781 1962 4849 corporis.
1992 4779 2096 4835 Co-

510 4858 826 4926 gitationem
863 4864 1150 4928 mundam,
1188 4874 1245 4919 et
1272 4867 1383 4920 oris
1424 4868 1709 4939 cordisque
1748 4872 2090 4937 custodiam;

517 4957 577 5003 ut
602 4962 701 5003 nec
726 4965 821 5004 cor
844 4952 989 5009 intus
1012 4956 1352 5023 iniquitatem
1371 4960 1660 5029 concipiat,
1689 4966 1788 5017 nec
1812 4962 1992 5035 lingua
2015 4963 2095 5018 fo—

518 5056 609 5096 ras
626 5043 894 5111 parturiat
919 5061 932 5096 :
974 5055 1033 5098 ut
1060 5063 1161 5102 nec
1189 5047 1323 5104 falsa
1346 5050 1556 5120 loquar,
1581 5070 1683 5109 nec
1712 5071 1837 5111 vera
1865 5064 2091 5120 taceam,

516 5147 618 5189 nec
645 5134 921 5189 salutifera
959 5138 1309 5204 abscondam,
1358 5158 1457 5196 nec
1486 5145 1761 5201 mortifera
1800 5146 2089 5219 proferam.

518 5226 719 5285 Precor
742 5230 909 5284 etiam
931 5238 991 5284 ut
1017 5232 1111 5285 des
1136 5233 1264 5285 mihi
1295 5236 1667 5291 assiduitatem
1696 5241 1909 5305 orandi,
1952 5242 2096 5295 vires

513 5317 807 5388 jejunandi,
840 5319 1196 5390 frequentiam
1233 5321 1466 5393 legendi,
1494 5333 1553 5378 ut
1593 5338 1858 5401 praecepta
1888 5338 1979 5385 tua
2007 5332 2093 5385 in-

518 5406 862 5478 fatigabiliter
899 5412 1093 5481 legam,
1123 5420 1179 5467 et
1212 5412 1603 5485 inexplebiliter
1626 5418 1844 5491 diligam
1865 5463 1877 5485 ,
1907 5431 1960 5477 et
1984 5420 2095 5477 efﬁ-

520 5498 721 5552 caciter
751 5502 1071 5571 cumpleam,
1100 5510 1156 5558 ct
1174 5503 1433 5575 quidquid
1460 5505 1513 5559 in
1538 5522 1624 5564 me
1656 5526 1880 5580 pravum
1908 5513 2096 5582 depre-

522 5585 779 5653 hendero,
810 5605 904 5659 per
931 5594 1159 5665 gratiam
1184 5602 1330 5651 tuam
1366 5597 1631 5668 corrigam
1658 5618 1671 5667 ;
1708 5603 1849 5671 quod
1886 5612 2095 5659 rectum

2194 4415 2597 4476 contritionem,
2624 4422 2680 4467 et
2708 4413 2911 4468 fontem
2940 4413 3320 4481 laerymarnm,
3357 4413 3424 4467 da
3454 4408 3767 4483 simplicita—

2194 4513 2324 4569 tem,
2355 4504 2714 4559 innocentiam
2742 4513 2801 4559 et
2828 4504 3117 4573 puritatem
3148 4505 3359 4571 cordis,
3387 4504 3769 4568 stabilitatem,

2192 4595 2549 4651 constantiam
2572 4602 2627 4649 et
2647 4595 3009 4665 integritatem
3035 4595 3246 4651 mentis.
3266 4595 3498 4650 Davices
3519 4595 3769 4659 invictas,

2195 4693 2255 4740 ut
2296 4686 2469 4739 victor
2508 4685 2613 4741 mei
2644 4685 2701 4739 in
2727 4687 2935 4741 cunctis
2972 4688 3218 4742 cristam.
3266 4686 3580 4740 Dominetur
3616 4686 3769 4742 carni

2194 4770 2356 4839 ratio,
2381 4784 2439 4831 et
2471 4777 2669 4832 rationi
2696 4779 2868 4848 gratia
2895 4786 3006 4841 tua,
3034 4785 3223 4831 utnon
3250 4776 3423 4829 vivam
3451 4776 3768 4844 bestialiter,

2194 4874 2378 4937 raptus
2406 4867 2608 4937 impetu
2637 4869 2838 4932 carnis,
2876 4867 2971 4923 sed
3001 4866 3071 4920 sit
3100 4865 3436 4920 conversatio
3461 4882 3579 4922 mea
3603 4868 3773 4925 bone-

2192 4968 2276 5015 sta
2305 4968 2363 5013 et
2386 4960 2688 5015 rationalis.
2716 4958 2825 5015 Fac
2854 4974 2940 5011 me
2969 4956 3248 5027 providum
3277 4960 3344 5012 ad
3364 4961 3543 5016 omnia
3582 4971 3639 5016 et
3661 4962 3771 5018 dis-

2192 5058 2399 5105 cretum
2420 5050 2476 5104 in
2501 5050 2729 5104 cunctis.
2744 5048 2942 5101 Tribue
2962 5046 3093 5101 mihi
3113 5047 3238 5102 nulli
3260 5052 3595 5107 occasionem
3616 5067 3769 5108 scan-

2192 5140 2302 5194 dali
2331 5140 2590 5208 pmbere,
2616 5136 3015 5205 simplicitatem
3042 5145 3101 5193 et
3122 5140 3402 5196 veritatem
3432 5143 3678 5215 diligere,
3711 5153 3771 5200 et.

2192 5226 2457 5281 instanter
2484 5241 2568 5289 ea,
2617 5238 2735 5293 qua:
2774 5224 2926 5293 pacis
2970 5234 3026 5279 et
3066 5227 3349 5285 charitatis
3392 5241 3545 5295 sunt,
3589 5232 3765 5302 sequi.

2192 5316 2374 5387 Longe
2399 5316 2483 5370 fac
2524 5331 2555 5369 a
2596 5329 2685 5368 me
2716 5329 2931 5369 omnem
2959 5316 3308 5387 bypocrisim,
3339 5316 3661 5391 omneritque
3694 5323 3770 5377 si-

2195 5408 2567 5471 mulationem,
2594 5415 2651 5461 et
2672 5404 2759 5461 fac
2786 5422 2872 5462 me
2902 5407 2997 5463 tibi
3025 5410 3081 5464 in
3101 5411 3329 5466 veritate
3359 5414 3589 5471 servin.

2264 5514 2356 5570 IX.
2382 5516 2627 5571 Concede
2659 5517 2815 5581 mihi,
2842 5535 3025 5588 qumso
3045 5525 3064 5584 ζ
3084 5520 3226 5574 bono
3257 5523 3436 5577 animo
3470 5534 3689 5595 propter
3714 5533 3769 5579 ιε

2195 5602 2459 5673 majorum
2496 5605 2648 5663 subdi
2674 5606 2943 5678 imperiis,
2968 5618 3022 5667 et
3044 5611 3207 5668 alacri
3230 5615 3390 5671 corde
3415 5616 3484 5671 ad
3508 5615 3765 5672 obedien-
