4254 6204
428 224 563 282 i053

1081 224 1231 282 OPP.
1274 225 1499 283 DUBIA.
1542 254 1611 266 --
1644 222 1867 278 ALBlNI
1905 222 2283 280 CONFESSIO
2317 223 2517 279 FIDE].
2560 222 2639 264 -——'
2664 226 2839 283 PARS
2876 227 2964 282 ill.

3492 230 3627 291 1054

423 336 571 398 tiam,
604 331 671 387 ad
696 332 1151 406 compassionem,
1192 332 1261 388 ad
1288 316 1627 389 concordiam
1664 332 1781 387 sine
1819 347 1968 387 mora
2001 337 2044 393 Α
2139 329 2206 383 Χ.
2244 330 2445 387 Precor
2473 340 2524 387 te
2558 348 2653 403 per
2679 333 2871 389 Filium
2900 343 3069 401 tuum,
3096 339 3299 409 respice
3328 357 3417 397 me
3437 351 3491 398 et
3523 346 3625 398 mi-

419 438 759 488 concurrere.
787 423 976 480 Excita
996 432 1268 495 torporem
1294 424 1728 482 meum'stimulis
1758 426 1894 489 tuis“,
1923 434 1979 480 ct
2014 483 2031 505 Ι

422 512 505 569 fac
523 528 609 568 me
629 521 845 570 strenue
868 527 1212 585 perseverare
1254 515 1307 569 in
1341 516 1623 586 pmeptis
1649 524 1705 570 et
1730 514 1975 569 laudibus

424 604 529 659 tuis
566 611 724 660 nocte
751 620 815 659 ac
841 604 947 660 die.
973 604 1051 659 Da
1086 605 1219 662 mihi
1252 606 1531 661 scientiam
1560 605 1816 666 humilem
1857 620 1975 674 quae

419 693 665 758 mdilicat,
694 702 751 749 et
780 693 1012 765 linguam
1040 697 1307 751 eruditam
1344 705 1399 751 et
1427 696 1764 767 eloquentem
1782 737 1797 761 ,
1840 704 1899 750 ut
1921 702 1978 756 et

420 782 589 842 lienes
615 783 822 838 valeam
848 784 915 837 ad
945 783 1165 839 meliora
1194 786 1490 850 exhortari,
1520 791 1575 840 et
1598 784 1767 839 malos
1785 784 1853 839 ad
1873 792 1977 839 tum

419 870 753 936 rectitudinis
791 872 987 927 lineam
1024 886 1296 928 revocare.
1340 872 1597 939 infunde,
1627 887 1791 940 rogo,
1824 873 1974 929 cordi

418 975 538 1016 meo
562 976 659 1031 per
686 960 878 1016 Filium
910 962 1090 1025 tuum,
1135 969 1189 1016 et
1222 962 1289 1017 da
1315 961 1444 1016 mihi
1482 963 1604 1017 cum
1632 976 1698 1016 eo
1728 962 1973 1031 spiritum

418 1053 694 1123 sapientia:
712 1062 768 1108 et
787 1053 1108 1119 intellectus,
1124 1051 1330 1109 consilii
1354 1053 1777 1116 etfortitudinis,
1801 1054 1975 1112 scien-

420 1146 507 1201 tiae
530 1153 589 1201 et
610 1146 842 1216 pietatis,
873 1153 931 1201 et
971 1145 1116 1216 reple
1154 1160 1245 1201 me
1280 1152 1467 1201 sancto
1491 1145 1683 1201 timore
1709 1155 1765 1200 et
1788 1160 1974 1202 amore

420 1245 533 1292 tuo.
562 1237 638 1292 Da
662 1238 925 1309 irriguum
948 1229 1193 1313 superius
1208 1229 1537 1309 etirriguum
1561 1234 1803 1291 inferius.
1824 1236 1972 1292 Dona

418 1327 549 1393 mihi
598 1318 1044 1385 benedictionem
1074 1327 1141 1383 de
1190 1342 1312 1383 rore
1356 1326 1511 1394 cmii,
1553 1334 1610 1382 et
1651 1326 1972 1397 pinguedine

419 1424 594 1480 terrae,
632 1417 708 1482 Da
737 1425 799 1473 ut
822 1418 997 1486 anima
1032 1431 1151 1473 mea
1172 1418 1362 1472 ardeat
1379 1416 1500 1487 igne
1520 1417 1721 1471 amoris
1742 1416 1838 1470 tui.
1862 1416 1973 1472 Fac

416 1523 504 1571 me
532 1508 730 1569 mundo
756 1506 970 1584 penitus
988 1506 1277 1577 exstingui.
1306 1505 1550 1562 Concede
1575 1506 1707 1565 mibi
1736 1522 1832 1563 cor
1844 1522 1973 1564 con-

418 1598 602 1651 tritum
644 1604 701 1651 et
736 1591 1070 1655 humiliatum
1102 1596 1302 1653 habere
1321 1610 1502 1652 curam
1529 1604 1600 1655 te.
1636 1595 1745 1652 Fac
1768 1612 1853 1652 me
1873 1612 1972 1669 per

2073 436 2254 476 serere
2289 422 2395 478 mei
2427 441 2441 477 :
2480 424 2672 479 exaudi
2716 427 3014 483 orationem
3054 445 3258 495 meam,
3299 440 3354 487 et
3390 433 3455 487 da
3494 435 3627 490 mihi

2072 510 2299 579 gratiam
2332 520 2475 566 tuam
2510 523 2728 584 propter
2752 516 3159 587 multitudinem
3202 521 3456 578 bonitatis
3502 532 3626 589 tum,

2072 608 2197 670 qum‘
2236 617 2445 658 mecum
2484 603 2687 676 jugiter
2722 622 3092 676 perseverans,
3130 609 3319 666 doceat
3357 629 3443 668 me
3482 616 3628 671 ince—

2072 693 2198 746 dere
2221 708 2404 749 coram
2439 703 2493 749 te
2530 694 2818 751 secundum
2844 698 3171 755 voluntatem
3205 711 3353 757 tuam
3380 707 3629 761 omnibus

2073 783 2263 872 diebus
2307 783 2432 837 vitae
2466 798 2618 839 mese.
2666 785 2816 840 Hanc
2845 795 3002 856 peto,
3048 790 3115 843 da
3154 791 3286 845 mihi
3318 806 3470 856 eam,
3508 810 3629 865 qua:

2074 888 2160 927 me
2192 890 2314 929 cum
2363 876 2550 931 amicis
2583 877 2888 946 paciﬁcum,
2931 889 2983 935 et
3026 896 3148 936 cum
3178 880 3410 939 inimicis
3439 886 3629 941 reddat

2074 966 2442 1049 tranquillum,
2471 983 2591 1037 quae
2618 984 2705 1023 me
2738 984 2769 1023 a
2793 972 2957 1026 verbo
2982 986 3172 1041 aspero
3200 974 3409 1044 mitiget
3426 1014 3442 1040 ,
3475 984 3533 1030 et
3561 976 3631 1030 ab

2071 1055 2245 1111 otioso
2273 1071 2519 1111 sermone
2555 1066 2890 1129 compescat,
2934 1073 3055 1127 quae
3086 1075 3173 1115 me
3210 1076 3420 1130 semper
3460 1063 3627 1117 Deum

2070 1143 2153 1198 vel
2183 1158 2303 1212 qua:
2340 1144 2435 1198 Dei
2465 1152 2610 1211 sunt,
2652 1145 2887 1217 cogitare
2925 1133 3228 1217 compellat,
3257 1159 3313 1204 et
3345 1150 3528 1205 oculos
3560 1153 3628 1206 ab
3686 1162 3687 1165 ‘

2072 1233 2177 1289 isto
2198 1248 2335 1288 vano
2362 1235 2557 1290 saeculo
2585 1224 2795 1291 avertat
2821 1254 2835 1290 :
2872 1252 2991 1308 qum
3018 1239 3149 1294 mihi
3176 1241 3319 1295 omni
3348 1240 3476 1296 hora
3505 1251 3629 1297 aute

2070 1330 2413 1392 conspectum
2459 1334 2684 1380 mortem
2740 1327 2975 1398 ingerat.
3019 1336 3075 1385 et
3112 1330 3201 1387 hic
3240 1332 3471 1401 gaudere
3506 1347 3631 1401 pro—

2070 1412 2285 1479 hibeat;
2315 1429 2435 1482 quae
2461 1416 2669 1471 trabem
2698 1430 2762 1471 ac
2786 1417 2979 1471 molem
3016 1426 3356 1489 peccatorum
3385 1433 3624 1475 meorum

2071 1503 2415 1560 considerare
2451 1519 2539 1560 me
2574 1515 2630 1561 et
2671 1505 2923 1581 plangere
2960 1506 3142 1573 faciat,
3173 1518 3230 1563 et
3257 1525 3365 1567 non
3400 1504 3625 1567 alierum

2069 1594 2265 1650 delicta
2294 1594 2438 1650 velut
2464 1594 2727 1651 festucam
2753 1596 3076 1653 levissimam
3100 1601 3422 1675 perscrutari
3450 1598 3630 1656 dimit-

414 1687 643 1761 gratiam
673 1694 816 1745 tuam
844 1694 1060 1756 peccata
1102 1700 1223 1740 mea
1243 1687 1443 1741 omnia
1476 1684 1635 1751 ﬂere,
1682 1660 1969 1757 antequam
2002 1660 2047 1721 Β
2073 1693 2153 1740 tat
2182 1702 2195 1738 :
2224 1692 2496 1755 postremo
2515 1700 2635 1754 quae
2661 1686 2842 1740 omnia
2881 1687 3062 1743 mundi
3090 1660 3191 1757 pro
3213 1688 3380 1744 nihilo
3400 1689 3620 1753 habere,

414 1778 633 1835 moriar.
662 1776 739 1832 Da
762 1776 895 1832 mihi
928 1778 1040 1831 tcta
1060 1775 1241 1830 anima
1263 1782 1322 1832 et
1340 1776 1466 1831 totis
1486 1775 1692 1843 viribus
1719 1777 1854 1832 meis
1875 1792 1971 1834 ex-

414 1868 631 1938 quirere
677 1866 869 1929 faciem
910 1874 1055 1929 uiam
1091 1881 1321 1935 semper.
1362 1865 1587 1922 infunde
1625 1866 1968 1925 dilectionem

416 1967 562 2017 tuam
585 1956 791 2037 ρεπιιπί
824 1971 962 2022 meo,
992 1965 1048 2010 et
1082 1956 1257 2011 scribe
1293 1952 1500 2010 dulcem
1534 1954 1848 2013 memoriam
1888 1956 1967 2009 tui

415 2049 470 2104 in
496 2048 692 2103 tabulis
719 2048 896 2103 cordis
915 2047 1041 2101 mei.
1075 2046 1284 2100 Illustra
1317 2058 1405 2099 me
1431 2043 1551 2099 luce
1582 2044 1815 2100 celestis
1843 2061 1972 2116 pru-

415 2139 627 2195 dentiae.
654 2136 941 2208 Imaginem
967 2143 1113 2190 tuam
1145 2135 1199 2189 in
1237 2149 1321 2189 me
1354 2149 1461 2191 non
1501 2134 1647 2190 sinas
1669 2134 1967 2199 obscurari,

413 2242 535 2298 qua:
555 2228 602 2283 si
630 2235 683 2282 te
702 2234 989 2298 prmstante
1011 2224 1355 2289 defendatur,
1387 2238 1596 2293 semper
1618 2224 1833 2295 egregia
1865 2232 1967 2279 est.

414 2316 568 2371 Adsit
594 2316 744 2379 mihi,
786 2330 989 2385 quaeso,
1020 2316 1296 2370 beatorum
1332 2312 1641 2383 angelorum
1668 2313 1757 2384 pia
1782 2320 1838 2368 et
1865 2312 1969 2367 lida

415 2405 656 2461 custodia
682 2406 881 2475 ubique
899 2412 954 2459 et
982 2418 1218 2473 semper,
1246 2412 1301 2458 et
1326 2410 1541 2473 prmsta,
1569 2412 1629 2458 ut
1645 2404 1784 2473 apud
1804 2412 1855 2457 te
1874 2418 1972 2473 pro

415 2510 503 2557 me
530 2495 749 2569 misero,
771 2496 1010 2559 omnium
1046 2502 1350 2549 sanctorum
1379 2494 1590 2563 agmina
1616 2493 1969 2558 intercedant,

415 2595 476 2645 ut
496 2602 682 2642 eorum
703 2587 950 2657 precibus
969 2596 1025 2640 et
1043 2586 1273 2651 meritis,
1303 2600 1399 2655 pro
1434 2594 1523 2639 tua
1542 2584 1749 2655 pietate
1780 2583 1973 2653 dignus

414 2669 619 2731 ciliciar
644 2674 1083 2744 promissioulbus
1102 2674 1221 2728 Filii
1254 2675 1348 2738 tui.
1373 2673 1615 2729 Concede
1633 2672 1765 2727 mihi
1790 2669 1971 2741 fragil-

414 2765 570 2831 limo,
606 2766 886 2828 beatorum
931 2766 1310 2839 monachorum
1336 2774 1546 2836 patrum
1580 2778 1821 2820 meorum
1849 2764 1971 2820 imi-

416 2854 516 2910 tari
542 2854 785 2925 vestigia.
812 2853 889 2909 Da
922 2853 1055 2909 mihi
1073 2870 1258 2910 eorum
1276 2854 1757 2919 mansuetudinem,
1784 2853 1975 2909 mode-

415 2945 594 3011 etiam,
624 2952 682 3000 et
724 2945 1081 3011 tolerantiam,
1126 2947 1537 3017 benignitatem,
1576 2952 1965 3016 paupertatem,

416 3123 791 3196 lacrymarum,
820 3122 925 3180 cibi
947 3131 1210 3203 potusque
1243 3126 1649 3193 abstinentiam,
1685 3125 1863 3179 cordis
1896 3124 1971 3178 la-

416 3215 733 3284 biorumque
767 3214 1101 3279 munditiam,
1125 3215 1398 3295 spirituale
1433 3215 1700 3285 gaudium,
1724 3223 1779 3268 et
1798 3212 1973 3283 perfe-

416 3314 563 3363 ctum
604 3305 786 3360 mundi
823 3312 1201 3375 contemptum.
1236 3305 1397 3377 397
1428 3306 1686 3371 Maxime,
1726 3304 1970 3370 Domine,

416 3394 732 3453 cbaritatem
771 3409 803 3448 a
844 3401 897 3449 te
935 3393 1183 3468 eillagito,
1220 3381 1568 3451 humilitatem
1597 3395 1831 3465 inquiro,
1878 3410 1971 3465 pa-

418 3478 664 3538 tientiam
682 3484 914 3553 postulo,
951 3485 1251 3551 individuas
1279 3488 1502 3549 comites
1529 3486 1651 3541 fidei
1687 3498 1819 3540 meae
1844 3502 1859 3551 ;
1899 3486 1973 3539 si-

342 3612 359 3650 ;
418 3573 530 3627 mul
562 3581 618 3631 et
642 3588 825 3629 veram
855 3573 1046 3629 anima:
1072 3575 1413 3654 corporisque
1451 3574 1781 3655 pudicitiam,
1832 3574 1974 3629 sicut

419 3661 525 3718 illis
546 3663 759 3719 dedisti.

1296 3766 1427 3810 ᾧ

1994 2994 2044 3058 C

417 3040 473 3089 et
508 3032 983 3105 longanimitatem,
1020 3035 1196 3090 cordis
1223 3038 1624 3101 contritionem,
1669 3043 1724 3089 et
1765 3033 1971 3099 fontem
1994 3032 2044 3058 “
2074 3036 2291 3092 dextera
2318 3041 2407 3087 tua
2436 3034 2646 3098 sedens,
2671 3034 2761 3089 ubi
2784 3042 2868 3089 est
2898 3034 3224 3103 sempiterna
3254 3032 3390 3097 vita,
3414 3040 3470 3087 et
3491 3046 3631 3085 sem-
3744 3086 3751 3095 ,

2065 1781 2122 1829 et
2147 1782 2201 1830 te
2238 1774 2411 1829 solum
2450 1774 2578 1829 totis
2619 1773 2773 1829 sitire
2810 1775 3104 1831 visceribus
3144 1776 3312 1831 Deum
3357 1784 3621 1842 nostrum,

2064 1856 2238 1932 usque
2263 1863 2317 1918 in
2366 1864 2527 1919 tinem
2566 1865 2758 1919 doceat
2812 1880 2919 1931 me,
2962 1874 3122 1937 atque
3162 1878 3355 1937 potens
3397 1867 3624 1929 efﬁciat;

2067 1962 2123 2008 et
2145 1954 2285 2010 sicut
2307 1954 2545 2024 piissima
2574 1950 2937 2014 misericordia
2952 1964 3050 2010 tua
3065 1957 3256 2012 dedisti
3284 1957 3411 2012 mihi
3438 1957 3620 2013 volun-

2068 2053 2235 2101 tatem
2264 2044 2521 2101 veniendo
2550 2046 2617 2100 ad
2639 2057 2694 2101 te
2726 2061 2823 2117 per
2850 2047 3016 2114 illam,
3044 2048 3121 2103 sic
3159 2049 3359 2105 donare
3387 2050 3626 2122 digneris

2069 2133 2385 2205 sapientiam
2404 2146 2460 2191 et
2482 2136 2839 2198 intellectum,
2855 2138 3107 2193 virtutem
3135 2146 3193 2194 et
3216 2140 3623 2209 possibilitatem

2068 2224 2308 2294 corporis
2328 2232 2385 2279 et
2411 2234 2601 2280 animm
2627 2226 2694 2280 ad
2716 2226 2810 2281 tibi
2839 2242 3051 2296 semper
3067 2228 3407 2283 devotissime
3428 2230 3482 2282 in
3507 2245 3623 2283 om-

2068 2315 2226 2370 nibus
2244 2315 2712 2386 serviendum,per
2723 2317 2966 2372 eamdem
2995 2319 3277 2388 benignam
3298 2319 3628 2390 magistram.

2070 2418 2174 2474 que
2193 2404 2417 2473 gratiam
2444 2414 2611 2470 tuam,
2641 2406 2758 2463 sine
2782 2422 2885 2476 qua
2923 2422 3023 2463 nec
3045 2409 3303 2478 cogitare,
3327 2424 3428 2464 nec
3460 2408 3625 2479 loqui,

2070 2507 2171 2548 nec
2208 2506 2368 2564 agere
2408 2494 2609 2564 aliquid
2647 2496 2771 2552 boni
2800 2495 3060 2551 valemus.
3101 2498 3170 2551 Et
3207 2498 3333 2568 quia
3363 2505 3486 2553 tuus
3515 2499 3626 2568 ipse

2070 2582 2387 2654 Unigenitus
2413 2586 2586 2640 dixit:
2626 2586 2795 2640 Nemo
2832 2588 2967 2641 τοκῆι
2990 2587 3060 2641 ad
3086 2603 3186 2653 me,
3208 2588 3309 2642 nisi
3334 2585 3515 2648 Pater.
3539 2590 3633 2657 qui

2068 2674 2208 2727 misit
2233 2690 2334 2739 me,
2349 2675 2566 2729 traxerit
2590 2691 2708 2731 cum
2726 2674 2907 2747 (Joan.
2937 2691 3013 2741 vi,
3039 2674 3152 2746 M).
3176 2675 3275 2731 Et:
3304 2674 3471 2729 Nemo
3494 2677 3626 2729 venit

2069 2766 2138 2819 ad
2168 2760 2381 2820 Patrem
2404 2766 2503 2819 nisi
2520 2781 2705 2836 perure
2725 2764 2906 2837 (Joan.
2932 2781 3043 2831 xw,
3057 2765 3133 2836 6).
3160 2764 3415 2829 Obsecro,
3443 2776 3629 2821 sancte

2068 2853 2247 2919 Pater,
2273 2861 2328 2910 et
2345 2854 2655 2924 suppliciter
2677 2869 2824 2925 rogo,
2848 2855 2991 2911 Deus
3012 2870 3180 2920 meus,
3197 2856 3349 2909 trabe
3370 2870 3456 2909 me
3478 2862 3534 2908 tu
3561 2854 3627 2908 ad

2075 2945 2268 3014 ipsum,
2298 2953 2353 2999 et
2375 2944 2490 3014 ipse
2515 2958 2600 2999 me
2622 2945 2879 3014 perducat
2898 2945 2965 3001 ad
2993 2954 3067 3010 te,
3093 2944 3221 3000 illuc
3247 2944 3339 2999 ubi
3366 2943 3454 2998 ille
3470 2940 3558 2999 est
3575 2946 3626 2997 in

2073 3126 2282 3195 pilerne
2305 3124 2463 3178 beata
2490 3131 2689 3178 ωιτη-πο
2716 3122 2998 3188 securitas,
3035 3129 3091 3176 et
3114 3137 3301 3178 secura
3336 3121 3632 3191 tranquilli-

2075 3226 2178 3280 tas,
2205 3213 2331 3269 felix
2364 3212 2669 3279 aeternitas,
2700 3220 2901 3268 eterna
2945 3211 3216 3268 felicitas:
3247 3210 3336 3266 ubi
3371 3217 3454 3265 est
3478 3224 3632 3263 amor

2075 3305 2366 3377 perfectus,
2402 3312 2459 3358 et
2484 3303 2659 3359 nullus
2686 3302 2869 3370 timor,
2906 3302 2998 3359 ubi
3036 3312 3122 3360 est
3160 3304 3275 3359 dies
3297 3310 3549 3366 aeternus,
3579 3310 3634 3355 et

2076 3412 2216 3453 unus
2238 3395 2477 3451 omnium
2503 3394 2777 3464 Spiritus:
2796 3393 2893 3467 ~ubi
2913 3400 2971 3448 tu
2992 3408 3112 3449 cum
3139 3393 3250 3458 illo,
3269 3400 3321 3465 et
3348 3392 3436 3446 ille
3456 3399 3629 3445 tecum

2070 3487 2123 3540 in
2151 3487 2525 3541 communione
2565 3486 2736 3539 sancti
2766 3485 3000 3553 Spiritus
3035 3481 3363 3538 atterna'liter
3386 3497 3452 3535 ac
3478 3496 3625 3535 sein-

2070 3575 2407 3644 piternaliter
2441 3574 2576 3628 vivis
2602 3582 2657 3627 et
2698 3558 2891 3644 regnas
2926 3571 3070 3627 Deus
3096 3586 3193 3643 per
3225 3570 3407 3627 omnia
3436 3569 3629 3625 secula
3699 3571 3703 3577 ‘

2071 3664 2408 3720 surculorum.
2432 3664 2622 3720 Amen.

1449 3780 3625 3810 Μ

1777 3866 2025 3947 PARS
2101 3865 2254 3942 ΙΙΙ.

472 4001 735 4067 UERUM
773 4002 861 4057 DE
897 4001 1031 4057 DEO
1068 4000 1277 4057 ΤΗΙΝο
1314 4000 1402 4060 ΕΤ
1443 3999 1606 4066 υΝο,
1645 3998 1735 4053 DE
2135 3998 2222 4055 AC
2261 3999 2349 4065 DE
2386 4000 2561 4059 Δυιὸ
2598 3999 2983 4069 Ριεειιδρυε
3020 3993 3563 4055 ECCLESIASTICIS

614 4118 621 4123 ι
1918 4110 1919 4113 η
1979 4088 2023 4140 Α
2097 4088 2249 4147 308.
2434 4098 2435 4101 “
3386 4120 3389 4123 ι

614 4118 621 4123 τ
1791 4088 1991 4143 000M.-

2070 4088 2249 4149 ‘IBUS.
2434 4098 2435 4101 “
3386 4120 3389 4123 λ

1915 4202 2163 4218 —

484 4274 530 4333 ι.
567 4227 649 4331 Ad
686 4233 959 4345 justitiam.
992 4268 1153 4325 corde
1188 4264 1368 4330 credo,
1411 4272 1467 4321 et
1505 4262 1571 4319 ad
1606 4264 1835 4319 salutem
1870 4276 1970 4319 ore
1999 4264 2046 4327 D
2070 4240 2353 4326 elfabiliter
2378 4269 2596 4327 natum,
2628 4278 2648 4312 ι
2686 4272 2713 4302 ι
2742 4259 2942 4316 Verum
2971 4260 3138 4317 Deum
3174 4260 3549 4331 unigenitum.
3578 4271 3633 4316 et

418 4369 676 4427 confiteor
711 4372 951 4422 sanctam
991 4368 1047 4418 et
1091 4359 1414 4416 individuam
1460 4356 1814 4419 Trinitatem,
1864 4355 1972 4408 vii:-

418 4465 585 4512 tutem
616 4469 798 4516 unam,
818 4460 875 4507 et
901 4450 1242 4507 indiscretum
1275 4444 1627 4514 maiestatem.
1652 4443 1888 4505 Patrem,
1916 4448 1973 4496 et

420 4545 646 4606 Filium,
678 4550 732 4595 et
765 4539 1028 4609 Spiritum
1070 4544 1345 4601 sanctum,
1383 4550 1546 4591 unum
1592 4535 1758 4593 Deum
1798 4532 1971 4589 omni-

420 4643 726 4708 potentem,
770 4630 891 4685 caeli
943 4634 1207 4694 terraique
1245 4624 1529 4686 factorem,
1576 4624 1865 4687 visibilitun
1917 4630 1973 4678 et

420 4724 766 4784 invisibilium
807 4719 1135 4787 conditorem
1162 4755 1177 4777 ,
1227 4714 1281 4770 in
1330 4713 1576 4793 personis
1619 4714 1817 4770 trinum
1846 4753 1861 4777 ,
1915 4714 1966 4766 in

420 4815 718 4872 substantia
766 4827 952 4868 unum.
996 4807 1193 4863 Verum
1235 4804 1447 4873 quidem
1486 4801 1700 4862 Patrem
1747 4818 1970 4863 summa:

420 4905 676 4973 bonitatis
712 4912 771 4960 et
811 4902 974 4957 tutius
1024 4898 1246 4954 Deitatis
1284 4893 1635 4964 principium,
1674 4892 1966 4946 incircum-

420 4994 632 5061 scriptae
672 4998 728 5045 et
760 4990 1007 5059 ingenitae
1043 4986 1336 5055 maiestatis
1363 4984 1547 5045 Deum,
1588 4994 1656 5035 ex
1698 4979 1842 5034 nullo
1868 4981 1967 5036 du—

420 5093 627 5143 centem
657 5081 883 5143 initium,
914 5078 1008 5133 sed
1045 5078 1289 5133 omnibus
1322 5075 1531 5135 initium
1560 5072 1798 5132 dantem,
1827 5084 1967 5127 sum-

320 5208 323 5211 ν
423 5180 572 5234 munt
596 5176 815 5237 bonum,
860 5178 916 5225 et
960 5169 1139 5224 omnia
1182 5168 1337 5222 valde
1374 5168 1511 5221 bona
1539 5170 1831 5225 creantem,
1864 5176 1970 5215 non

422 5264 684 5338 corporali
723 5261 977 5334 progenie
1017 5273 1192 5328 neque
1227 5258 1579 5331 extrinsecus,
1607 5267 1716 5311 non
1742 5253 1973 5313 necessi-

423 5368 534 5417 tate
567 5370 738 5423 neque
761 5354 1055 5415 voluntate,
1100 5350 1195 5407 sed
1238 5359 1429 5405 natura
1477 5347 1669 5402 Filium
1711 5358 1972 5414 generan-

424 5458 551 5511 tciu.
587 5444 780 5499 Verum
820 5455 997 5498 autem
1033 5440 1225 5495 Filium
1255 5454 1321 5494 ex
1362 5439 1519 5493 Patre
1548 5436 1661 5491 sine
1701 5433 1855 5487 initio
1887 5434 1969 5489 iu-

494 5574 516 5601 ο
556 5558 817 5625 Pelagius.
848 5555 975 5611 Vide
997 5554 1232 5624 Appeud.
1260 5554 1328 5610 ad
1351 5552 1484 5623 Opp.
1515 5550 1572 5605 S.
1605 5547 1900 5619 Augustini.

2070 4362 2255 4404 verum
2322 4344 2420 4411 Dei
2465 4345 2735 4423 Verbum,
2778 4362 2886 4402 non
2943 4345 3141 4403 factum
3161 4386 3177 4413 ,
3220 4361 3326 4401 non
3368 4354 3631 4415 creatum,

2070 4454 2176 4501 non
2216 4437 2545 4513 adoptivum,
2594 4439 2690 4496 sed
2731 4438 2969 4511 genitum
3020 4447 3076 4497 et
3114 4438 3272 4494 unius
3313 4454 3433 4494 cum
3474 4438 3633 4493 Patre

2069 4529 2398 4586 substantia.
2450 4528 2626 4597 Atque
2683 4528 2759 4606 ita
2810 4542 2909 4598 per
2974 4528 3155 4585 omnia
3215 4527 3470 4598 aqualem
3523 4526 3635 4581 Deo

2068 4617 2251 4685 Patri,
2280 4626 2343 4675 ut
2386 4633 2488 4677 nec
2534 4626 2803 4686 tempore,
2846 4629 2947 4671 nec
2987 4614 3187 4693 gradu,
3233 4629 3333 4669 nec
3371 4622 3637 4685 potestate

2070 4696 2243 4781 possit
2296 4722 2419 4785 esse
2471 4706 2711 4768 inferior.
2765 4704 3104 4776 Tantumque
3148 4719 3272 4759 esse
3316 4703 3637 4759 conﬁtemur

2072 4798 2253 4865 illum,
2279 4800 2371 4871 qui
2397 4806 2483 4854 est
2503 4797 2745 4868 genitus,
2783 4804 3015 4865 quantus
3042 4802 3127 4849 est
3153 4794 3271 4858 ille,
3308 4795 3399 4864 qui
3425 4796 3631 4866 genuit.
3712 4841 3718 4847 .

2072 4887 2189 4943 Non
2229 4897 2408 4947 autem
2443 4886 2565 4956 quia
2597 4885 2824 4940 dicimus
2852 4884 3089 4957 genitum
3130 4898 3161 4938 a
3210 4884 3371 4941 Patre
3404 4883 3623 4945 Filium,

2072 4980 2265 5043 divinas
2293 4978 2369 5033 illi
2404 4984 2461 5031 et
2493 4974 2757 5033 ineﬂ'abiii-
2785 4974 3117 5047 generationi
3160 4973 3377 5044 aliquod
3421 4982 3635 5041 tempus

2074 5068 2426 5124 adscribimus
2452 5106 2467 5130 ,
2511 5067 2621 5133 sed,
2653 5082 2755 5123 nec
2801 5066 3017 5129 Patrem
3074 5063 3303 5121 dicimus
3348 5062 3638 5135 aliquando

2076 5162 2323 5235 coepisse,
2358 5174 2457 5216 nec
2490 5159 2707 5217 Filium.
2746 5161 2864 5217 Non
2892 5161 3035 5217 enim
3057 5160 3215 5218 aliter
3237 5158 3480 5216 conﬁteri
3506 5173 3635 5240 pos-

2075 5267 2260 5307 sumus
2298 5260 2557 5307 mternum
2600 5252 2877 5316 Patrem,‘
2906 5251 3009 5311 nisi
3067 5251 3424 5307 coniltearnur
3470 5249 3633 5303 etiam

2077 5355 2399 5408 comternum
2436 5344 2650 5404 Filium.
2677 5345 2756 5400 Ex
2798 5343 2931 5403 Filio
2968 5358 3112 5401 enim
3149 5341 3308 5398 Pater
3329 5340 3542 5402 dicitur,
3572 5348 3631 5399 et

2077 5438 2169 5507 qui
2205 5450 2418 5509 semper
2441 5436 2617 5501 Pater,
2668 5448 2877 5508 semper
2914 5435 3099 5491 habuit
3125 5432 3337 5488 Filium.
3375 5450 3392 5482 ι
3433 5428 3636 5487 Verum
