4254 6208
588 198 728 258 1055
1384 207 1441 261 Β.
1484 208 1544 262 F’.
1586 209 1811 266 ALBINI
1850 210 1980 267 SEU
2021 209 2290 267 ALCUINI
2329 209 2609 268 OPERUM
2652 214 2825 269 PARS
2868 217 2993 271 \‘lll.
3680 221 3820 277 i056

587 328 800 384 quoque
819 312 1077 385 Spiritum
1097 326 1363 382 sanctum,
1381 335 1563 375 verum
1584 321 1770 385 Deum,
1798 336 1902 383 non
1928 322 2147 386 factum,
2177 326 2223 382 Α
2251 321 2406 374 simul
2437 311 2647 394 utrique
2683 327 2889 393 inesse,
2932 329 3031 384 nisi
3066 346 3229 406 unum
3253 340 3437 386 essent
3460 330 3620 389 Pater
3647 343 3701 388 et
3723 333 3814 390 Fi-

587 412 984 471 noncreatum,
1008 419 1107 461 nec
1131 407 1395 476 genitum,
1418 424 1591 477 neque
1620 405 1936 480 lngenitur’n,
1960 412 2052 466 sed
2086 426 2151 465 ex
2248 411 2371 475 lius,
2399 428 2428 466 a
2452 414 2643 483 quibus
2667 418 2942 485 atqualiter
2972 405 3219 488 procedit
3237 418 3471 490 Spiritus
3498 433 3734 480 sanctus.

588 490 750 547 Patre
796 493 951 549 simul
1007 504 1058 549 et
1105 493 1240 550 Filio
1278 497 1710 554 inenarrabiliter
1753 502 2148 571 procedentem,
2317 499 2400 553 ill.
2441 502 2590 571 Enim
2627 518 2754 557 vero
2784 502 3012 577 Spiritus
3038 516 3255 561 sanctus
3290 507 3579 568 estfPatris
3610 520 3666 564 et
3687 510 3806 591 Filii

586 589 641 633 ct
693 580 743 633 in
780 579 939 636 Patre
985 581 1226 654 Filioque
1262 586 1687 643 substantialiter
1721 600 2145 658 permanentem.
2250 602 2375 642 vere
2398 590 2593 655 unitas,
2627 602 2681 644 et
2714 595 2989 658 sanctitas,
3025 605 3078 648 et
3103 596 3362 663 Charitas,
3388 597 3521 668 quia
3544 600 3687 669 quod
3717 589 3806 656 ille

585 670 760 740 Atque
805 672 877 727 ita
917 688 1013 741 per
1063 678 1243 735 omnia
1290 678 1396 732 Deo
1426 679 1572 735 Patri
1610 688 1665 735 et
1701 681 1837 737 Filio
1866 683 2147 752 inqualcm,

587 769 910 816 cowternum
954 772 1009 817 et
1051 768 1559 825 consubstantialem
1584 811 1597 831 ,
1646 780 1703 825 ut
1746 787 1919 841 neque
1964 772 2149 827 volun-

583 858 720 914 tate,
763 869 862 908 nec
896 864 1185 924 potestate,
1228 876 1331 913 non
1373 863 1674 919 substantia
1721 878 1893 938 neque
1934 868 2149 921 aeterni-

584 951 692 998 tate
742 945 954 1001 dill‘erre
1000 949 1169 1016 possit
1196 951 1271 1005 ab
1310 952 1419 1015 eis,
1472 954 1557 1007 vel
1587 956 1845 1023 przecedi,
1886 974 1912 1010 a
1952 958 2145 1027 quibus

580 1032 838 1101 procedit.
883 1033 1166 1090 diter-num
1219 1038 1381 1109 igitur
1418 1040 1633 1096 Patrem
1682 1040 1797 1106 Sine
1841 1046 2142 1114 uativitate,

580 1131 839 1178 internum
897 1143 1024 1181 vero
1085 1128 1275 1183 Filium
1327 1148 1447 1186 cum
1504 1135 1820 1201 nativitate,
1884 1146 2143 1194 :eternum
2188 1152 2196 1158 ‘

516 1284 519 1288 _
578 1224 755 1267 autem
785 1215 1041 1285 Spiritum
1074 1229 1316 1274 sanctum
1349 1238 1469 1276 cum
1500 1227 1843 1292 processione
1868 1229 1983 1282 sine
2010 1231 2145 1283 nati-

578 1305 761 1375 vitate.
809 1307 1001 1363 Totum
1055 1312 1269 1368 Patrem
1311 1315 1362 1369 in
1408 1317 1542 1372 Filio
1589 1328 1643 1374 et
1686 1320 1889 1393 Spiritu
1934 1334 2139 1389 sancto,

575 1402 747 1451 totum
779 1396 968 1453 Filium
1001 1401 1053 1455 in
1083 1401 1243 1458 Patre
1268 1414 1325 1460 et
1354 1404 1553 1475 Spiritu
1584 1420 1792 1477 sancto,
1824 1422 1994 1469 totum
2025 1416 2143 1486 Spia

576 1486 738 1541 ritum
767 1500 1008 1544 sanctum
1035 1494 1085 1546 in
1120 1494 1280 1551 Patre
1302 1507 1353 1551 et
1386 1498 1519 1551 Filio
1541 1512 1865 1569 manentem,
1896 1519 2138 1562 sanctam

573 1578 815 1634 videlicet
870 1592 924 1637 et
968 1586 1291 1642 iulividuam
1343 1591 1701 1660 Trinitatem,
1750 1615 1912 1654 unum
1970 1602 2137 1657 Deum

2210 675 2392 730 vsolus
2420 676 2637 733 relative
2656 681 2865 747 dicitur,
2898 684 2998 739 hoc
3026 685 3110 738 isti
3134 688 3451 755 naturaliter
3477 689 3636 747 ambo
3658 701 3806 747 sunt.

2246 762 2632 835 Legiturenim
2664 768 2887 839 Spiritus
2910 782 2985 826 est
3008 772 3144 828 Deus
3177 773 3357 847 (Joan.
3383 792 3493 841 xlv,
3518 777 3629 849 24).
3670 778 3804 835 Hinc

2245 851 2446 923 liquido
2486 865 2629 927 patet
2660 856 2898 915 sanctam
2932 862 3266 930 Trinitatem,
3303 881 3422 935 qua:
3467 882 3605 921 unus
3646 884 3805 925 verus

2246 944 2387 1000 Deus
2420 956 2520 1013 est,
2558 951 2873 1008 naturaliter
2901 962 2955 1005 et
2986 953 3273 1009 secundum
3306 946 3597 1011 essentiam
3635 957 3805 1028 Spiri-

2247 1041 2356 1086 tum
2385 1050 2521 1089 esse.
2549 1037 2687 1106 Ergo
2708 1037 2865 1093 Pater
2888 1040 3025 1095 Deus
3047 1049 3099 1094 et
3124 1040 3352 1112 Spiritus
3374 1052 3428 1097 et
3449 1055 3665 1099 sanctus
3685 1058 3802 1113 est;

2246 1124 2385 1178 Deus
2419 1125 2513 1181 Dei
2545 1126 2708 1182 Filius
2730 1136 2783 1182 et
2816 1128 3043 1213 Spiritus
3065 1142 3178 1193 est,
3211 1142 3263 1187 et
3290 1144 3511 1190 sanctus
3538 1148 3645 1201 est;
3680 1136 3800 1208 Spi-
3852 1134 3857 1139 ’

2245 1216 2379 1271 ritus
2417 1232 2541 1272 vero
2593 1228 2809 1275 sanctus
2857 1238 2960 1276 non
3017 1223 3186 1293 magis
3218 1222 3453 1293 Spiritus
3490 1236 3593 1289 est,
3634 1243 3801 1297 quam

2242 1306 2389 1361 Putet
2429 1316 2481 1362 et
2516 1307 2699 1363 Filius.
2734 1309 2980 1381 Singulus
3016 1312 3197 1383 itaque
3227 1314 3419 1377 horum
3449 1314 3716 1385 Spiritus,
3744 1327 3801 1372 et

2242 1396 2398 1450 simul
2440 1413 2631 1453 omnes,
2665 1416 2800 1457 unus
2843 1401 3090 1470 Spiritus,
3146 1404 3285 1458 sicut
3334 1421 3471 1461 unus
3512 1407 3667 1490 Deus.
3723 1407 3799 1463 Dc

2242 1488 2401 1542 Patre
2427 1490 2661 1558 quidem,
2696 1492 2820 1560 quia
2851 1493 2989 1548 Deus
3016 1503 3125 1556 est,
3162 1494 3451 1565 Apostolus
3480 1488 3670 1568 probat
3716 1499 3797 1552 di-

2241 1594 2367 1639 cens
2411 1592 2424 1631 :
2461 1576 2605 1633 Unus
2637 1579 2775 1634 Deus
2810 1591 2857 1635 et
2898 1579 3054 1636 Pater
3092 1586 3339 1650 omnium,
3381 1602 3445 1639 ea:
3481 1604 3582 1659 quo
3620 1589 3795 1641 omnia

571 1670 1011 1741 omnipotentem,
1059 1691 1163 1731 Una
1209 1691 1483 1746 potestate,
1541 1704 1752 1756 unoque
1798 1706 1983 1761 regno,
2035 1711 2135 1747 una
2173 1670 2182 1731 1

2202 1671 2213 1723 ι
2246 1665 2456 1738 (Ep/tes.
2494 1684 2566 1733 IV,
2609 1668 2672 1734 6-;
2719 1669 2747 1723 I
2780 1669 2899 1724 Cor.
2928 1687 3045 1737 vni,
3075 1672 3147 1744 6).
3192 1673 3267 1728 De
3294 1674 3429 1730 Filio
3465 1684 3642 1731 autem
3669 1680 3795 1748 quia

574 1760 850 1829 majestat-
881 1781 1089 1836 unaque
1117 1775 1415 1827 aeternitate
1445 1791 1509 1830 ex
1538 1785 1682 1841 tunc,
1709 1788 1763 1834 et
1789 1798 2002 1852 semper
2028 1786 2140 1839 ubi-

571 1864 676 1918 quc
713 1865 1042 1920 regnantem.

644 1947 703 2001 ll.
743 1968 761 1999 ι
802 1963 825 1989 ε
857 1951 1041 2007 Nullus
1078 1954 1241 2024 igitur
1270 1967 1352 2013 est
1389 1959 1441 2014 in
1477 1961 1577 2016 hac
1616 1964 1880 2020 Trinitate
1916 1969 2132 2036 gradus,

571 2038 702 2091 nihil
726 2040 867 2107 quod
896 2042 1150 2107 inferius,
1184 2050 1432 2117 superius
1454 2052 1559 2107 dici
1592 2056 1789 2121 possit,
1829 2058 1921 2112 sed
1965 2068 2132 2114 totam

572 2126 838 2184 Deitatem
882 2131 1111 2190 dicimus
1156 2137 1235 2190 sui
1280 2138 1609 2208 perfectione
1634 2146 1922 2216 aequalem,
1952 2158 2008 2203 ut
2043 2166 2135 2204 ex-

570 2219 737 2286 ceptis
768 2222 1041 2302 vocabulis
1070 2241 1191 2294 que
1217 2230 1602 2299 proprietatem
1650 2232 2003 2303 pirsnnarum
2047 2239 2130 2295 in—

569 2306 781 2373 dicant,
822 2313 1076 2381 quidquid
1117 2316 1181 2370 de
1228 2335 1331 2372 una
1386 2336 1615 2388 persona
1662 2326 1878 2391 dicitur,
1923 2319 1987 2385 de
2040 2333 2134 2386 tri-

567 2397 668 2453 bus
720 2402 1033 2472 dignissime
1081 2412 1537 2487 possitintelligi.
1583 2418 1734 2475 Unde
1770 2426 2132 2482 condemnan-

567 2496 648 2542 tes
673 2490 887 2557 Arium,
922 2512 1081 2550 unam
1129 2501 1477 2572 eamdemque
1525 2507 1754 2565 dicimus
1799 2527 1920 2569 esse
1956 2516 2133 2571 Trini-

548 2582 695 2635 tatis
739 2585 1123 2655 substantiam,
1165 2603 1220 2647 ct
1253 2611 1416 2650 unum
1448 2598 1501 2652 in
1544 2602 1715 2657 tribus
1756 2608 2001 2673 personis
2047 2608 2129 2664 fa-

565 2678 742 2761 temur
802 2676 987 2732 Deum.
1057 2680 1167 2739 Nec
1225 2701 1333 2742 non
1394 2696 1450 2743 et
1519 2690 1847 2761 imp'etatem
1910 2696 2129 2755 Sabellii

565 2760 913 2858 declinantes,
942 2778 1051 2825 tres
1075 2788 1332 2840 personas
1358 2760 1646 2847 expressas
1678 2787 1777 2841 sub
1803 2790 2131 2858 proprietate

562 2850 969 2926 distinguimus,
1019 2878 1125 2919 non
1171 2866 1343 2935 ipsum
1384 2873 1485 2927 sibi
1524 2874 1759 2943 Patrem,
1803 2850 1918 2935 noti
1956 2882 2127 2952 ipsum

561 2943 665 3035 sibi
694 2944 907 3015 Filium,
940 2968 1045 3008 non
1080 2955 1255 3025 ipsum
1292 2962 1392 3017 sibi
1426 2962 1684 3035 Spiritum
1721 2943 2127 3032 sanctum-esse

562 3033 822 3105 dicentes,
853 3043 945 3097 sed
984 3045 1143 3101 aliam
1181 3048 1382 3118 Patris,
1409 3033 1567 3111 aliam
1599 3058 1740 3125 run,
1770 3062 1935 3118 aliam
1958 3065 2128 3136 Spiri-

561 3131 648 3180 tus
677 3134 845 3185 sancti
873 3150 1174 3203 personam.
1206 3141 1320 3197 Non
1351 3147 1494 3200 enim
1529 3150 1744 3205 nomina
1777 3131 2015 3222 tantum,
2034 3158 2129 3212 sed

561 3217 728 3311 etiam
766 3224 1038 3279 nominum
1068 3232 1452 3300 proprietates,
1488 3224 1590 3293 hoc
1616 3249 1729 3305 est,
1761 3217 2043 3311 personas,
2069 3255 2131 3300 ut

563 3304 735 3362 Grarci
752 3314 1076 3380 exprimunt,
1099 3320 1439 3385 ὑποστάσεις,
1466 3326 1515 3377 id
1531 3337 1615 3381 est
1629 3304 1960 3387 substantias
1985 3332 2129 3404 [sub-

563 3399 858 3474 sistentias]
886 3404 1221 3464 conﬁtemur.
1252 3411 1361 3467 Nec
1380 3412 1541 3472 Pater
1560 3432 1846 3486 personam
1868 3399 2011 3486 Filii,
2039 3414 2130 3478 aut

563 3486 795 3557 Spiritus
816 3495 983 3549 sancti
1021 3496 1307 3567 aliquando
1332 3504 1585 3559 excludit.
1615 3498 1723 3562 Nec
1755 3526 1938 3565 rursus
1964 3512 2128 3568 Filius

560 3586 657 3631 aut
697 3578 924 3648 Spiritus
970 3597 1186 3643 sanctus
1227 3590 1404 3649 Patris
1447 3610 1642 3652 nomen
1669 3640 1683 3663 ,
1735 3616 2126 3673 personamque
2191 3630 2194 3641 ι

562 3672 763 3739 recepit
796 3692 806 3725 :
832 3678 924 3729 sed
954 3678 1114 3733 Pater
1138 3696 1350 3753 semper
1376 3686 1539 3741 Pater
1568 3700 1673 3754 est,
1713 3700 1767 3745 et
1792 3694 1957 3748 Filius
1987 3672 2132 3754 sema

560 3776 657 3831 per
700 3762 862 3818 Filius
889 3776 989 3831 est,
1030 3777 1086 3822 et
1132 3770 1363 3842 Spiritus
1392 3789 1610 3833 sanctus
1638 3797 1851 3851 semper
1896 3786 2126 3854 Spiritus

561 3863 781 3908 sanctus
830 3863 929 3909 est.
968 3877 983 3907 ι
1022 3857 1085 3912 Et
1130 3860 1249 3915 ideo
1286 3864 1449 3919 Filius
1490 3870 1791 3923 certissime
1834 3889 1938 3927 non
1984 3874 2126 3929 idem
2174 3896 2179 3899 ν

559 3951 643 3997 est
678 3943 729 3996 in
758 3959 983 4015 persona
1019 3951 1105 4017 qui
1142 3947 1319 4017 Pater,
1351 3956 1443 4009 sed
1466 3958 1761 4012 secundum
1790 3961 2124 4018 divinitatem

562 4032 701 4087 idem
755 4046 835 4090 est
879 4039 1018 4107 quod
1061 4039 1238 4095 Pater.
1294 4043 1408 4097 Non
1448 4046 1590 4100 enim
1643 4049 1866 4104 dicimus
1911 4051 2124 4108 Patrem

561 4122 724 4193 398
759 4140 878 4181 esse
916 4130 980 4183 de
1016 4130 1180 4197 Filio,
1214 4134 1349 4189 sicut
1399 4135 1588 4203 F.1ium
1637 4138 1703 4193 tle
1741 4139 1919 4197 Patre.
1966 4143 2127 4200 Pater

562 4215 775 4288 quidem
804 4234 835 4271 a
865 4221 1030 4285 nullo,
1065 4223 1227 4279 Filius
1252 4242 1378 4282 vero
1423 4244 1454 4281 τι
1492 4210 1674 4295 Patre,
1708 4242 1761 4287 et
1803 4236 1921 4290 ideo
1960 4236 2125 4293 Filius

561 4306 754 4373 dicitur
784 4308 922 4364 Deus
960 4312 1185 4391 debeo,
1230 4314 1408 4391 lumen
1436 4320 1500 4373 de
1528 4320 1753 4389 lumine;
1794 4342 1897 4383 non
1945 4335 2121 4383 tamen
2148 4336 2198 4406 ι)

561 4395 668 4449 duo
716 4395 935 4463 lumina,
986 4388 1067 4455 vel
1115 4404 1221 4458 duo
1262 4388 1364 4468 Dii,
1402 4408 1509 4467 sed
1558 4414 1697 4466 unus
1745 4413 1911 4482 Deus,
1956 4434 2121 4472 unum

562 4487 758 4541 lumoa.
788 4490 993 4546 ltursus
1018 4493 1154 4549 idem
1178 4506 1257 4550 est
1299 4496 1474 4564 Pater,
1503 4502 1643 4569 quod
1681 4502 1863 4570 Filius,
1894 4511 1986 4562 sed
2017 4526 2123 4564 non

562 4580 702 4634 idem
736 4580 826 4655 ll".
852 4582 991 4639 deest
1016 4587 1105 4658 qui
1139 4572 1485 4665 Pilius],quia
1518 4609 1761 4665 personae
1786 4595 1963 4653 Patris
1992 4613 2123 4655 con-

561 4669 706 4723 venit
736 4673 1013 4743 aptissime
1043 4676 1231 4734 referri
1258 4680 1325 4735 ad
1346 4682 1557 4740 Filium.
1586 4683 1818 4754 Spiritus
1848 4702 1974 4742 vero
2002 4704 2127 4743 san-

560 4767 679 4813 ctus
714 4763 914 4835 absque
933 4767 1095 4841 dubio
1114 4769 1254 4827 idem
1278 4781 1360 4827 est
1384 4776 1524 4844 quoi
1554 4775 1715 4829 Pater
1743 4787 1795 4831 et
1819 4777 2005 4843 Filius,
2032 4781 2125 4835 sed

562 4862 671 4901 non
709 4851 849 4913 idem
896 4853 987 4925 [Γ.
1028 4858 1167 4912 deest
1192 4864 1280 4931 qui
1319 4864 1478 4920 Pater
1506 4877 1560 4922 et
1596 4865 1802 4942 Filius],
1833 4870 1959 4939 quia
1988 4866 2127 4925 sicut

562 4939 724 4997 Pater
738 4942 855 4999 Filii
873 4944 1036 5001 Pater
1050 4959 1153 5015 est,
1168 4964 1221 5007 et
1236 4953 1397 5010 Filius
1412 4956 1586 5014 Patris
1603 4939 1884 5018 Filiusest,
1904 4962 1937 5013 i:
1949 4976 1976 5013 a
1994 4976 2125 5030 quo-

560 5047 666 5103 que
691 5034 922 5108 Spiritus
942 5044 1183 5105 sanctus,
1201 5043 1291 5113 qui
1306 5056 1387 5102 est
1410 5046 1565 5102 tertia
1588 5052 1638 5105 in
1663 5062 1846 5107 sancta
1863 5053 2125 5118 Trinitate

562 5138 814 5195 persona,
832 5143 933 5183 non
953 5130 1053 5185 nisi
1071 5130 1246 5186 Patris
1258 5142 1311 5187 et
1327 5133 1441 5191 Filii
1460 5137 1690 5209 Spiritus
1704 5152 1787 5196 est
1806 5162 1817 5197 :
1838 5160 1901 5197 ac
1914 5160 2010 5217 per
2026 5146 2126 5200 hoc

560 5213 722 5272 Pater
733 5218 966 5276 etFilius
988 5238 1150 5276 unum
1172 5228 1313 5290 sunt,
1336 5228 1459 5296 quia
1485 5228 1740 5299 quidquid
1764 5213 1927 5291 habet
1948 5236 2124 5302 Pater,

560 5308 749 5379 procul
768 5309 927 5364 dubio
948 5312 1107 5369 habet
1136 5323 1189 5368 et
1217 5314 1401 5368 Filius.
1437 5316 1553 5371 Non
1573 5322 1718 5375 enim
1745 5339 1833 5378 res
1864 5342 1966 5379 una
1998 5327 2129 5381 duo-

565 5410 681 5453 tum
733 5398 1096 5461 substantialis
1124 5415 1303 5477 posset
1335 5408 1402 5463 ab
1437 5409 1693 5467 ambobus
1729 5414 2049 5486 procedere,
2077 5428 2131 5475 et

635 5567 660 5597 ι
701 5554 957 5626 Pelagius.

2243 1759 2379 1815 Deus
2403 1770 2504 1826 est,
2530 1764 2978 1834 ciangelistarum
2999 1767 3549 1837 prtecipuus'testatur
3574 1770 3790 1826 dicens:

2240 1851 2306 1905 Et
2340 1852 2478 1908 Deus
2504 1851 2615 1907 erat
2644 1858 2849 1910 verbum
2878 1856 3055 1927 (Joan.
3085 1874 3134 1923 ’t,
3180 1860 3250 1929 l).
3301 1860 3375 1925 De
3418 1860 3622 1932 Spiritu
3664 1879 3794 1918 vero

2238 1953 2442 2009 sancto,
2476 1948 2599 2016 quia
2642 1947 2781 2003 Deus
2817 1958 2917 2013 est,
2961 1950 3151 2005 iterum
3198 1951 3396 2009 Paulus
3440 1956 3517 2031 sic
3557 1944 3793 2025 loquitur

2237 2036 2470 2105 probans
2513 2054 2528 2092 :
2578 2036 2867 2093 Dirisioncs
2906 2042 3281 2107 operationum;
3328 2044 3464 2097 idem
3496 2062 3610 2100 vero
3650 2047 3791 2101 Deus

2239 2121 2287 2197 (I
2313 2123 2433 2181 Cor.
2459 2144 2555 2191 xtl,
2578 2129 2653 2199 6),
2693 2130 2829 2186 Ecce
2858 2132 3013 2193 Pater
3038 2132 3196 2198 Deus,
3219 2135 3384 2191 Filius
3415 2138 3574 2203 Deus,
3617 2138 3792 2210 Spiri—

2238 2226 2321 2273 tus
2343 2228 2558 2275 sanctus
2582 2221 2743 2285 Deus,
2771 2230 2825 2276 et
2858 2230 3031 2278 tamen
3059 2240 3160 2279 non
3182 2232 3273 2280 est
3310 2227 3499 2296 triplex
3533 2245 3790 2285 numerus

2237 2308 2459 2363 Deitatis
2503 2308 2557 2364 in
2596 2320 2780 2366 sancta
2810 2312 3421 2378 Triniuitecredendns,
3444 2308 3517 2369 ut
3554 2314 3789 2374 fidelium

2234 2397 2515 2465 quisquam
2566 2406 2675 2453 tres
2728 2400 2906 2457 dicere
2937 2402 3075 2455 Deos
3122 2402 3335 2467 audeat,
3389 2405 3525 2458 sicut
3576 2406 3687 2476 ipse
3732 2410 3793 2462 in

2234 2488 2463 2555 quodam
2488 2488 2551 2542 de
2578 2504 2636 2543 se
2664 2490 2804 2547 Deus
2832 2498 3055 2545 testatur
3084 2492 3222 2557 loco,
3261 2494 3441 2550 dicens
3470 2511 3485 2549 :
3526 2495 3639 2568 Ego
3672 2516 3788 2560 sum

2230 2577 2371 2633 Deus
2408 2589 2456 2633 et
2484 2595 2607 2633 non
2634 2570 2871 2634 estalius
2904 2576 3090 2651 prater
3126 2600 3204 2636 me
3233 2582 3410 2654 (Deut.
3460 2602 3631 2653 xxx",
3671 2587 3793 2659 39).

2231 2666 2364 2722 Cum
2392 2668 2535 2723 enim
2564 2670 2721 2724 tertio
2746 2670 2945 2740 aliquid
2970 2672 3245 2741 repetitur.
3278 2684 3381 2727 non
3407 2690 3663 2731 numerus
3694 2674 3795 2729 eo;

2230 2766 2534 2825 accrvatur,
2566 2762 2659 2817 sed
2705 2761 2920 2831 proprie
2963 2778 3125 2815 unum
3155 2761 3299 2816 illum
3344 2778 3465 2819 esse
3502 2765 3787 2821 asseritu‘r.

2230 2850 2295 2905 Et
2324 2852 2524 2908 idcirco
2551 2850 2733 2917 Pater,
2758 2861 2811 2906 et
2839 2852 3026 2917 Filius,
3065 2861 3118 2907 et
3145 2851 3373 2920 Spiritus
3408 2863 3622 2909 sanctus
3661 2857 3787 2911 sub—

2228 2942 2421 2995 stantia
2468 2958 2629 2997 unum
2680 2952 2824 3007 sunt,
2879 2943 3119 3012 personis
3150 2953 3325 2998 autem
3374 2961 3439 3000 ac
3483 2947 3793 3002 nominibus

2150 3018 2197 3080 (ἶ
2229 3033 2644 3103 distinguuntur.
2703 3032 2900 3087 Natura
2952 3034 3146 3103 quippe
3202 3050 3423 3092 summa:
3489 3036 3790 3091 divinitatis

2229 3120 2513 3175 immobilis
2544 3130 2627 3176 est
2664 3122 2989 3185 omnimodo,
3029 3132 3084 3177 et
3120 3124 3486 3178 immutabilis.
3540 3124 3789 3185 Perseum

2228 3226 2355 3265 vero
2381 3196 2600 3267 mobiles
2624 3214 2915 3267 secundum
2942 3214 3270 3278 relationem,
3297 3231 3402 3269 non
3432 3225 3609 3271 autem
3628 3217 3782 3286 juxta

2227 3301 2624 3369 proprietatem.
2665 3300 2723 3355 In
2766 3303 3020 3357 relatione
3059 3304 3238 3370 itaque
3278 3318 3635 3387 personarum
3666 3307 3786 3362 Tri-

2228 3388 2400 3451 nitas,
2433 3388 2487 3441 in
2518 3396 2719 3443 natura:
2749 3404 2874 3442 vero
2905 3390 3200 3444 substantia
3230 3393 3438 3458 unitas;
3477 3395 3570 3465 sed
3605 3397 3784 3472 unitas

2226 3484 2444 3547 propter
2484 3477 2890 3547 inseparabilem
2928 3476 3156 3535 Deitatis
3184 3486 3505 3550 essentiam,
3550 3487 3784 3551 Trinitas

2226 3578 2403 3625 autem
2440 3582 2654 3641 propter
2682 3587 3029 3642 personarum
3074 3574 3458 3643 diversitatem,
3505 3578 3555 3631 iu
3590 3579 3787 3653 quibus

2226 3661 2445 3732 singulis
2495 3663 2734 3731 quaedam
2778 3672 2858 3716 est
2903 3666 3228 3733 proprietas,
3284 3684 3401 3735 qua:
3448 3669 3515 3723 ab
3564 3685 3666 3723 uno
3715 3670 3784 3723 ad

2226 3750 2387 3803 alium
2438 3751 2711 3804 transferri
2747 3770 2849 3806 non
2886 3763 3079 3821 potest.
3125 3756 3216 3807 Est
3255 3757 3402 3810 enim
3445 3759 3695 3831 gignens.
3728 3768 3784 3814 et

2224 3844 2455 3912 genitus,
2485 3853 2537 3897 et
2559 3846 2868 3912 procedens,
2903 3856 3009 3899 tres
3034 3848 3244 3915 quiJem
3269 3864 3529 3918 personze,
3555 3850 3646 3905 sed
3677 3867 3783 3907 una

2225 3931 2541 3999 Substantia,
2574 3951 2674 3987 una
2714 3934 2879 3989 virtus
2910 3946 2963 3991 et
2990 3954 3091 3991 una
3120 3940 3527 4009 omnipotentis.

2293 4024 2380 4079 IV.
2419 4025 2700 4094 [lucusque
2746 4027 3019 4083 confessus
3063 4046 3177 4085 sum
3211 4033 3350 4100 quol
3396 4035 3598 4100 sentio,
3636 4036 3785 4091 locu-

2226 4126 2311 4171 tus
2345 4132 2480 4179 smn,
2514 4118 2654 4184 quoi
2689 4119 2848 4172 credo
2894 4120 2943 4172 in
2993 4136 3196 4175 summa
3246 4123 3543 4188 divinitate,
3582 4126 3635 4179 in
3675 4141 3781 4194 qua

2225 4206 2504 4261 Patremet
2524 4206 2711 4260 Filium
2736 4219 2783 4261 et
2811 4208 3065 4277 Spiritum
3089 4220 3351 4275 sanctum,
3377 4212 3574 4266 trinum
3597 4229 3787 4269 unum-

2225 4311 2329 4367 que
2361 4295 2546 4358 Deum,
2584 4312 2686 4355 non
2713 4313 2925 4366 corpus,
2958 4286 3049 4350 aut
3072 4300 3124 4365 in
3150 4301 3657 4369 corporepositum,
3689 4310 3786 4358 aut

2224 4404 2289 4442 ex
2336 4389 2560 4443 diversis
2604 4389 2883 4457 speciebus
2929 4391 3240 4456 admixtum,
3289 4391 3371 4446 vel
3419 4393 3781 4450 membrorum

2226 4476 2628 4547 compaginibus
2654 4476 2963 4547 elligiatum,
2994 4480 3086 4539 sed
3111 4482 3267 4536 unius
3292 4483 3572 4554 simplicis,
3590 4486 3781 4542 incor-

2188 4584 2191 4589 ⁴
2226 4582 2430 4637 pareat,
2466 4566 2762 4630 invisibilis,
2792 4578 2844 4622 ct
2871 4569 3339 4642 incircumscriptre
3365 4585 3587 4637 natura},
3616 4576 3781 4634 corde

2226 4660 2407 4723 credo,
2462 4674 2556 4714 ore
2600 4662 2875 4717 conﬁteor.
2934 4683 2950 4714 ι
2986 4665 3011 4705 b
3038 4666 3197 4725 ,Nihil
3224 4665 3647 4721 enlmcreatum
3688 4676 3779 4732 aut

2227 4750 2467 4804 serviens
2501 4750 2552 4803 in
2582 4751 2842 4807 Trlnitate
2871 4762 2952 4807 est
2981 4753 3322 4819 credendum,
3350 4762 3411 4807 ut
3438 4754 3546 4807 vult
3584 4754 3779 4825 Diony-

2210 4839 2337 4892 sius
2380 4838 2496 4895 fons
2540 4831 2681 4906 Arii;
2730 4841 2859 4896 nihil
2882 4840 3173 4917 .inazqualo,
3209 4852 3259 4893 ut
3292 4842 3614 4909 Eunomius;
3649 4846 3780 4919 nihil

2227 4936 2396 5004 gratia
2443 4936 2675 5007 :equale,
2713 4945 2775 4991 ut
2819 4938 3008 5008 Ethius
3044 4934 3309 5011 {At-tius];
3359 4939 3488 4993 nihil
3540 4943 3781 4999 amarius

2226 5029 2616 5098 posteriusquc.
2653 5037 2746 5081 aut
2772 5028 2964 5088 minus,
2996 5035 3053 5080 ut
3077 5025 3266 5093 Arius,
3302 5030 3430 5084 nihil
3465 5041 3780 5089 extraneum

2226 5126 2318 5171 aut
2344 5116 2567 5172 oﬂiciale
2595 5117 2747 5170 alteri
2774 5124 2831 5171 ut
2863 5116 3225 5184 Macedonius;
3269 5122 3397 5176 nihil
3433 5126 3782 5193 persuasione

2231 5204 2361 5278 [Αι,,
2398 5204 2735 5276 pervasione}
2764 5213 2856 5259 aut
2884 5209 3223 5277 sobri-ptione
3252 5212 3509 5281 insertum
3528 5254 3542 5279 ,
3579 5220 3640 5267 ut
3661 5214 3783 5268 Ma-

2228 5297 2492 5363 nichaeus;
2518 5294 2647 5350 nihil
2669 5309 3004 5364 conversum,
3032 5308 3091 5353 ut
3117 5299 3293 5353 Melite
3316 5310 3369 5355 et
3393 5302 3748 5358 'l‘ertullianus
3765 5346 3780 5368 ,

2227 5386 2358 5439 nihil
2398 5384 2743 5454 corporaliter
2780 5383 3095 5455 otﬁgiatum,
3146 5398 3206 5445 ut
3246 5392 3324 5446 ait
3360 5393 3785 5466 Authroporrtur-

2303 5580 2330 5621 δ
2369 5578 2673 5635 Gennadius
2698 5580 2761 5635 de
2786 5581 2925 5639 liecl.
2956 5584 3222 5663 Dogmat,
3251 5604 3383 5658 cap.
3413 5588 3492 5645 ιι.
