4254 6192
519 304 657 364 1057

1188 302 1340 361 OPP.
1377 300 1605 360 DUBIA.
1644 333 1714 343 —
1747 300 1973 357 ALBINI
2009 298 2385 359 CONFESSIO
2420 299 2615 359 FIDEI.
2644 332 2717 345 --
2740 301 2921 358 PARS
2952 301 3030 357 ιιι

3604 300 3741 357 1050

517 417 687 489 phus;
715 413 851 470 nihil
876 414 977 470 sibi
1003 413 1285 477 invisibile,
1303 420 1365 468 ιιι
1385 413 1672 484 Origenes;
1701 411 1835 467 nihil
1858 398 2073 466 create;
2100 418 2144 474 Α
2176 412 2433 479 Trinitas,
2456 427 2631 483 neque
2652 420 2929 491 separata,
2953 420 3046 466 aut
3068 412 3277 467 diversa
3302 408 3363 467 in
3380 421 3569 467 natura
3600 413 3743 467 divi-

516 510 595 564 ris
619 506 851 571 visibile,
880 514 941 561 ut
972 505 1325 570 Fortunatus;
1357 504 1490 559 nihil
1526 503 1765 558 moribus
1790 510 1845 558 et
1885 500 2073 559 volun-

516 604 629 651 tate
653 594 945 659 diversum,
967 602 1027 648 ut
1044 593 1305 657 Marcion;
1336 593 1470 647 nihil
1491 608 1557 647 ex
1584 592 1869 646 Trinitatis
1894 578 2079 646 essen;

516 685 591 739 tia
631 684 699 738 ad
741 693 1110 740 creaturarum
1140 691 1388 737 naturam
1414 684 1721 741 deductum.
1750 691 1809 737 ut
1836 681 1990 737 Plato
2021 690 2077 736 et

517 772 897 839 Tertullianus;
913 772 1049 830 nihil
1067 774 1240 833 cilicio
1261 773 1529 845 singulare
1549 788 1649 829 nec
1664 774 1817 829 alteri
1839 789 2077 829 commu-

514 861 762 930 nicabiie,
785 871 845 917 nt
865 862 1153 935 Origenes;
1182 865 1315 920 nihil
1348 864 1647 931 confusum,
1686 872 1747 920 ut
1768 864 2031 921 Sabellius
2057 883 2071 920 :

516 953 611 1009 sed
648 961 819 1008 totum
859 953 1185 1025 perfectum,
1214 956 1339 1035 quia
1382 962 1551 1010 totum
1575 971 1643 1011 ex
1668 971 1775 1011 uno
1800 964 1856 1011 et
1886 971 2070 1022 unum,

515 1058 623 1100 non
668 1052 846 1101 tamen
898 1045 1197 1127 solitarium
1226 1087 1242 1112 ,
1299 1056 1358 1102 ut
1409 1048 1683 1118 praesumit
1732 1047 1979 1104 Silvanus
2020 1058 2077 1105 et

513 1132 771 1201 Praxeas,
793 1135 1194 1207 Pentapolitana
1229 1137 1547 1193 damnabilis
1569 1147 1654 1194 est
1685 1133 1999 1194 doctrina.)
2056 1162 2059 1165 ·

585 1223 648 1279 V.
695 1223 964 1280 Hactenus
1003 1226 1214 1295 quidem
1239 1226 1307 1282 de
1333 1243 1439 1283 una
1474 1228 1755 1284 Trinitate.
1797 1230 1874 1285 De
1900 1232 2072 1301 gratia

513 1320 712 1376 autem,
741 1328 847 1384 qua
872 1328 1058 1371 sumus
1085 1315 1363 1386 redempti,
1393 1317 1540 1383 hinc,
1563 1319 1706 1387 quod
1733 1320 1915 1386 credo,
1944 1336 2076 1377 con—

484 1401 655 1458 'iiteri
697 1406 990 1461 secundum
1036 1407 1375 1463 traditionem
1420 1410 1609 1464 matris
1654 1409 1905 1465 Ecclesia:
1943 1412 2075 1469 inci-

510 1495 677 1566 piam.
709 1495 985 1566 Siquidem
1010 1498 1079 1555 de
1106 1499 1399 1555 mediatore
1420 1499 1515 1562 Dei
1540 1509 1597 1554 et
1622 1501 1918 1567 hominum,
1945 1518 2074 1559 vero

511 1586 854 1657 perfectoque
897 1589 1136 1654 homine,
1170 1589 1385 1645 Christo
1428 1588 1555 1646 Jesu
1602 1590 1829 1669 Domino
1868 1593 1979 1650 Deo
2018 1604 2074 1651 et

511 1673 779 1730 salvatore
808 1684 994 1732 nostro
1022 1675 1369 1732 nihilominus
1410 1686 1556 1733 recta
1584 1679 1825 1747 credere,
1855 1690 1910 1736 et
1944 1698 2068 1738 vera

2179 506 2361 561 nitas:
2400 506 2495 560 sed
2531 505 2665 561 alter
2701 507 2755 561 in
2795 519 3019 575 persona
3044 502 3226 569 Pater,
3258 502 3398 563 alter
3423 503 3476 557 in
3505 517 3737 573 persona

2176 594 2363 659 Filius,
2387 594 2524 648 alter
2542 595 2595 648 in
2620 609 2846 664 persona
2867 594 3100 663 Spiritus
3120 601 3355 656 sanctus,
3382 607 3521 646 unus
3544 602 3737 645 natura

2176 683 2228 737 in
2254 692 2437 737 sancta
2461 684 2721 738 Trinitate
2748 684 2887 739 Deus
2906 683 3088 749 Pater,
3115 691 3170 738 et
3196 682 3382 747 Filius,
3419 692 3472 737 et
3502 680 3738 752 Spiritus

2174 784 2411 845 sanctus.
2445 775 2473 814 ι’
2495 772 2627 828 Cum
2654 776 2756 829 hoc
2782 775 2855 827 ita
2886 775 2976 838 sit,
3004 789 3109 829 non
3134 782 3311 829 tamen
3338 773 3499 827 Pater
3516 788 3734 827 carnem

2174 848 2493 933 assumpsit,
2527 879 2697 933 nsque
2728 864 2959 935 Spiritus
3003 875 3218 919 sanctus
3240 905 3255 928 ,
3295 865 3387 919 sed
3418 864 3583 919 Filius
3621 872 3740 917 tana

2176 960 2316 1016 tum;
2350 964 2407 1005 ut
2449 953 2537 1021 qui
2571 960 2685 1008 erat
2717 954 2768 1006 in
2796 953 3074 1008 divinitate
3114 953 3206 1007 Dei
3234 953 3421 1018 Filius,
3447 954 3560 1023 ipse
3586 953 3739 1008 (let-ct

2173 1040 2228 1093 in
2262 1039 2477 1094 homine
2506 1039 2737 1095 hominis
2772 1040 2956 1112 Filius,
2990 1055 3059 1095 ne
3096 1040 3217 1094 Filii
3262 1055 3454 1096 nomen
3494 1040 3565 1094 ad
3604 1039 3739 1106 alte:-

2174 1144 2294 1185 rum
2319 1144 2510 1184 nomen
2541 1129 2796 1205 transiret
2816 1170 2831 1194 ,
2858 1130 2948 1199 qui
2975 1144 3080 1185 non
3114 1139 3232 1184 erat
3263 1129 3534 1185 nativitate
3572 1128 3739 1184 Filius

2173 1219 2288 1274 Dei.
2343 1218 2438 1272 Dei
2489 1233 2620 1289 ergo
2684 1219 2852 1273 Filius
2920 1220 3152 1275 hominis
3207 1218 3382 1274 factus
3433 1228 3516 1273 est
3561 1218 3736 1282 illius,

2172 1318 2329 1364 natus
2375 1312 2668 1365 secundum
2717 1310 3001 1365 veritatem
3060 1319 3271 1365 natum
3310 1326 3323 1363 :
3375 1322 3443 1363 ex
3497 1309 3606 1363 Deo
3641 1308 3733 1364 Dei

2172 1403 2359 1469 Filius,
2407 1411 2565 1458 natus
2606 1403 2895 1459 secundum
2925 1403 3208 1461 veritatem
3251 1414 3487 1469 naturae;
3527 1420 3593 1459 ex
3642 1405 3740 1459 ho-

2172 1496 2315 1551 mine
2348 1496 2582 1551 hominis
2624 1495 2812 1560 Filius,
2844 1503 2907 1551 ut
2952 1497 3153 1551 veritas
3199 1498 3385 1567 geniti,
3432 1513 3536 1551 non
3580 1498 3739 1567 adopé

2172 1587 2339 1653 tione,
2383 1601 2489 1642 non
2534 1586 2907 1657 appellatione,
2951 1586 3045 1641 sed
3094 1587 3146 1640 in
3185 1594 3408 1655 utraque
3438 1587 3735 1653 nativitate,

2173 1677 2289 1733 Filii
2320 1693 2512 1733 nomen
2544 1678 2813 1733 nascendo
2841 1677 3083 1741 haberet,
3108 1684 3165 1731 et
3197 1684 3340 1731 esset
3386 1691 3548 1732 verus
3594 1675 3738 1732 Dens

500 1758 741 1830 sentire,
771 1766 839 1821 ad
868 1770 1125 1821 aeternam
1153 1767 1337 1838 procul
1363 1767 1524 1838 dubio
1549 1762 1784 1841 pertinet
1812 1744 2065 1830 salutem.
2098 1747 2145 1807 ³
2175 1744 2229 1824 et
2252 1784 2411 1825 verus
2453 1770 2634 1835 homo,
2671 1784 2811 1823 unus
2847 1768 3034 1823 Filius.
3080 1766 3195 1845 Non
3232 1767 3374 1821 enim
3417 1754 3549 1821 duos
3576 1766 3734 1821 Chri-

512 1852 827 1925 Quanquam
862 1856 1027 1928 igitur
1068 1858 1347 1913 credentes
1376 1858 1724 1916 conﬁteamur
1750 1862 1992 1931 Patrem,
2018 1873 2074 1921 et

512 1943 816 2011 Filium,,et
854 1946 1114 2018 Spiritum
1138 1960 1383 2005 sanctum
1399 1990 1414 2016 ,
1438 1966 1602 2005 unum
1631 1952 1796 2009 Deum
1815 1996 1829 2019 ,
1855 1955 2071 2011 Patrem

494 2034 718 2091 .seiiicet
780 2034 1240 2108 omnipotentem,
1293 2040 1677 2113 sempiternum
1738 2045 2069 2116 ingenitum;

512 2124 707 2180 Filium
731 2141 859 2181 vero
884 2142 951 2182 ex
974 2128 1212 2198 ejusdem
1237 2128 1416 2186 Patris
1448 2131 1748 2187 substantia
1768 2134 1852 2190 vel
1883 2144 2073 2189 natura

514 2216 749 2287 genitum
772 2225 894 2272 ante
913 2232 1071 2272 omne
1094 2218 1310 2275 omnino
1332 2219 1417 2274 vel
1442 2222 1699 2290 temporis
1715 2221 1801 2277 vel
1819 2222 2075 2292 cujusque

514 2305 725 2362 initium
757 2308 858 2372 rei,
895 2309 1341 2379 omnipotentem,
1369 2310 1660 2380 aqualem,
1691 2316 2074 2383 consempitcr-

514 2396 665 2464 num',
683 2408 743 2454 et
762 2400 1269 2455 consubstantialem
1289 2400 1558 2467 Genitori;
1582 2401 1841 2473 Spiritum
1861 2419 2075 2475 quoque

515 2499 759 2547 sanetum
805 2492 1238 2561 omnipotentem,
1288 2493 1517 2565 utrique,
1570 2493 1717 2550 Patri
1764 2496 1969 2551 scilicet
2011 2512 2075 2553 ac

515 2578 652 2633 Filio
674 2578 961 2657 aequalem,
990 2580 1471 2650 consempiternum
1490 2621 1507 2646 ,
1536 2592 1698 2653 atque
1724 2584 2077 2639 consubstan-

517 2665 717 2731 tialem,
765 2666 870 2723 hoc
913 2675 1018 2731 est,
1070 2675 1177 2722 tres
1218 2680 1493 2737 personas,
1542 2671 1657 2724 sive
1704 2672 2077 2726 subsistentias

494 2757 674 2811 unius
701 2754 947 2811 essentia:
980 2756 1091 2810 sive
1116 2763 1338 2822 naturai,
1366 2757 1522 2811 unius
1549 2758 1787 2825 virtutis,
1812 2743 2079 2829 operatio-

420 2900 443 2924 .
514 2846 631 2910 nis,
660 2844 1030 2910 beatitudinis,
1062 2854 1219 2915 atque
1246 2848 1553 2916 potestatis,
1584 2858 1643 2903 ut
1667 2851 1808 2905 trina
1836 2838 1908 2905 sit
1948 2848 2075 2906 Uni-

516 2943 618 3001 tas,
644 2944 699 2990 et
723 2952 833 3007 una
853 2935 924 2991 sit
952 2935 1203 3003 Trinitas,
1220 2934 1373 3008 juxta
1399 2941 1544 2993 vocis
1572 2941 1856 2997 Dominica:
1880 2942 2077 2997 verita-

516 3038 645 3085 tem.
686 3028 950 3086 dicentis:
981 3028 1089 3099 Ilc,
1118 3032 1293 3089 docete
1328 3048 1500 3091 omnes
1527 3047 1730 3107 gentes,
1756 3034 2075 3105 baptizantes

516 3140 600 3179 eos
622 3126 673 3177 in
691 3126 893 3179 nomine
916 3091 1175 3191 Patris,et
1199 3126 1347 3192 Filii,
1370 3139 1416 3181 et
1434 3091 1659 3197 Spiritus
1672 3091 1837 3182 uincti
1855 3091 2071 3199 (1ιᾷέὶίῇ
2097 3091 2143 3156 c

516 3227 707 3277 nun,
733 3213 842 3283 ii).
876 3213 933 3266 in
961 3215 1193 3279 nomine,
1223 3215 1411 3285 inquit,
1444 3231 1547 3269 non
1575 3216 1626 3269 in
1660 3217 1984 3281 nominibus,
2016 3225 2075 3270 ut

516 3314 569 3359 et
612 3318 775 3358 unum
816 3303 980 3357 Deum
1021 3320 1117 3375 per
1148 3306 1510 3360 indistinctum
1540 3306 1730 3361 divina:
1763 3294 2075 3361 subStantize

517 3409 711 3449 nomen
748 3393 1072 3459 ostenderet,
1098 3404 1152 3449 et
1176 3411 1519 3465 personarum
1558 3396 1934 3473 discretionem
1964 3396 2077 3451 suis

517 3482 937 3537 demonstratam
985 3476 1397 3553 proprietatibus
1439 3487 1717 3551 edoceret;
1764 3488 1890 3555 quia
1946 3488 2077 3541 dum

520 3569 690 3624 tribus
720 3584 903 3625 unum.
926 3572 1147 3626 Deitatis
1188 3589 1379 3627 nomen
1405 3585 1513 3639 est,
1540 3577 1819 3643 aequalitas
1838 3576 2077 3632 ostendi—

520 3670 608 3714 tur
648 3670 1026 3732 personaru’m,
1066 3664 1556 3737 nihiiextranenm,
1587 3665 1719 3720 nihil
1746 3667 1993 3722 accidens
2016 3668 2072 3720 in

518 3752 598 3805 eis
624 3752 884 3821 permittit
927 3752 1166 3824 intelligi,
1202 3748 1273 3807 ita
1309 3762 1447 3807 utet
1483 3755 1848 3826 unusquisque
1886 3770 2072 3811 eorum

518 3855 677 3897 verus
701 3842 1071 3913 perfectasque
1096 3845 1166 3899 sit
1186 3844 1356 3911 Deus,
1387 3845 1629 3900 videlicet
1659 3856 1717 3899 ut
1741 3860 1804 3900 ex
1844 3846 2074 3917 plenitu-

517 3931 642 3987 dine
666 3933 963 3989 divinitatis
990 3935 1117 3989 nihil
1146 3936 1322 3991 minus
1343 3936 1394 3990 in
1424 3936 1662 4007 singulis,
1692 3933 1825 3992 nihil
1846 3935 2072 4007 amplius

519 4021 849 4091 intelligatur
874 4022 927 4075 in
944 4024 1144 4077 tribus.

590 4108 674 4161 Vl.
716 4108 848 4163 Cum
878 4111 1077 4163 veritas
1104 4110 1173 4163 ita
1203 4125 1261 4165 se
1286 4108 1512 4176 habeat,
1547 4124 1600 4168 et
1633 4118 1809 4170 mater
1828 4114 2069 4170 Ecclesia

518 4200 723 4263 credat,
756 4198 1095 4265 confiteatur,
1124 4210 1178 4252 et
1219 4200 1426 4265 doceat,-
1470 4203 1613 4253 omni
1657 4213 1861 4257 remota
1904 4206 2074 4258 ambi-

517 4290 736 4359 guitate,
782 4306 806 4339 ι-
832 4301 856 4329 α
893 4305 1054 4343 unum
1081 4290 1244 4343 Deum
1278 4304 1393 4343 esse
1422 4289 1653 4356 Patrem,
1696 4300 1743 4344 et
1774 4291 1991 4356 Filium,
2016 4300 2070 4345 et

2172 1868 2316 1926 stos,
2366 1845 2539 1930 neque
2590 1860 2724 1916 duos
2774 1859 2968 1925 Filios,
3018 1860 3110 1914 sed
3160 1859 3325 1913 Deum
3365 1866 3421 1914 et
3466 1859 3734 1914 hominem

2172 1967 2336 2007 unum
2360 1952 2553 2006 Filium
2584 1951 2917 2007 conﬁtemur.
2934 1950 3123 2017 .Quem
3158 1950 3446 2020 propterea
3466 1956 3519 2004 et
3536 1948 3736 2020 unige-

2174 2042 2344 2096 nitum
2393 2039 2619 2095 dicimus
2674 2050 2979 2094 manentem
3029 2040 3082 2094 in
3133 2040 3339 2095 duabus
3396 2041 3728 2106 substantiis,

2172 2132 2313 2187 sicut
2338 2132 2385 2187 ei
2408 2140 2617 2191 natura;
2632 2131 2833 2186 veritas
2857 2130 3097 2185 contulit.
3122 2129 3237 2185 Non
3263 2128 3500 2185 confusis
3525 2131 3734 2187 naturis

2172 2236 2347 2293 neque
2372 2222 2639 2299 immistis,
2676 2222 2813 2277 sicut
2835 2222 3052 2292 quidam
3084 2222 3321 2277 hmretici
3347 2220 3564 2298 [σιω.
3593 2222 3735 2278 sicut

2174 2311 2523 2384 Tbimotiani]
2553 2316 2758 2377 volunt,
2788 2311 2883 2367 sed
2908 2312 3165 2367 societate
3191 2312 3385 2366 unitis.‘

2243 2402 2351 2458 γιι.
2370 2401 2511 2457 Deus
2532 2416 2660 2473 ergo
2684 2401 2955 2463 hominem
2981 2403 3288 2472 assumpsit,
3307 2403 3468 2458 homo
3488 2402 3539 2458 in
3566 2402 3733 2458 Deum

2177 2494 2440 2561 transivit,
2472 2509 2577 2547 non
2627 2500 2834 2548 naturas
2868 2492 3220 2547 versibilitate
3248 2492 3437 2565 [ϐεπιι.
3472 2493 3633 2557 add.,
3663 2494 3736 2547 si-

2176 2592 2268 2639 cut
2288 2585 2680 2654 Apollinarista:
2705 2582 2934 2655 dicunt],
2965 2583 3062 2639 sed
3088 2583 3182 2638 Dei
3211 2584 3535 2653 dignatione,
3558 2592 3735 2638 utnec
3832 2576 3835 2577 ⁷

2177 2676 2319 2729 Deus
2362 2682 2659 2749 mutaretur
2701 2675 2755 2729 in
2802 2678 3089 2729 humanam
3134 2672 3487 2729 substantiam
3514 2714 3528 2738 ,
3581 2689 3735 2731 assu-

2175 2763 2369 2819 mendo
2397 2763 2688 2827 hominem,
2716 2776 2818 2817 nec
2840 2763 3000 2817 homo
3038 2762 3090 2815 in
3120 2762 3374 2826 divinam,
3406 2758 3735 2831 gloriﬁcatns

2176 2851 2230 2905 in
2261 2852 2369 2906 Deo
2395 2849 2607 2923 [Genn.,
2638 2852 2689 2904 in
2720 2848 2911 2923 Deum]
2940 2868 2953 2903 :
2985 2849 3108 2920 quia
3152 2849 3377 2903 mutatio
3395 2848 3477 2903 vel
3500 2846 3731 2904 versibi—

2175 2942 2303 2997 litas
2346 2951 2573 3005 naturae,
2603 2949 2657 2995 et
2698 2940 3088 3004 confusionem,
3134 2948 3187 2993 et
3216 2939 3649 3005 diminutionem,
3679 2950 3735 2997 ct

2176 3021 2527 3090 abolitionem.
2573 3031 2884 3089 substantia
2930 3029 3076 3086 facit.
3128 3029 3293 3086 Natus
3338 3043 3416 3085 est
3467 3046 3594 3099 ergo
3639 3031 3730 3084 Dei

2174 3123 2339 3177 Filius
2369 3138 2432 3176 ex
2470 3122 2684 3175 homine
2723 3136 2825 3175 non
2858 3136 2955 3190 per
2985 3121 3281 3185 hominem,
3318 3120 3371 3173 id
3411 3128 3494 3173 est
3533 3134 3635 3172 non
3665 3136 3729 3172 ex

2172 3213 2276 3267 viri
2310 3213 2472 3273 coitu,
2497 3213 2635 3266 sicut
2660 3211 2862 3265 Hebion
2897 3210 3044 3268 dicit.
3084 3209 3174 3264 sed
3202 3224 3264 3264 ex
3309 3210 3523 3280 Virgine
3548 3252 3562 3275 ,
3608 3226 3730 3263 rar-

2174 3318 2297 3359 nem
2324 3320 2389 3357 ex
2424 3304 2659 3373 Virginis
2698 3317 2924 3370 corpore
2973 3302 3214 3365 trahens,
3240 3311 3294 3355 et
3334 3318 3437 3355 non
3490 3300 3554 3355 de
3598 3303 3734 3356 coelo

2174 3410 2355 3450 secum
2386 3393 2636 3459 aii‘erezis,
2685 3393 2827 3447 sicut
2875 3393 3107 3447 Marcion
3151 3390 3336 3465 [Cum
3371 3394 3519 3457 add.,
3549 3392 3733 3463 Orige-

2174 3487 2292 3560 nes]
2322 3495 2375 3541 et
2419 3486 2688 3557 Eutyches
2708 3484 3011 3539 aﬂirmant:
3049 3498 3221 3552 neque
3261 3486 3313 3537 in
3344 3476 3733 3552 phantasia,“id

2173 3583 2275 3639 est,
2305 3577 2507 3643 absque
2528 3588 2709 3637 carne,
2738 3574 2877 3627 sicut
2906 3574 3222 3628 Valentinus
3240 3586 3464 3640 ,.neque
3494 3575 3731 3641 putativa

2173 3662 2427 3731 imagine,
2458 3660 2552 3715 scd
2586 3674 2779 3729 corpus
2798 3673 2985 3713 verum
3018 3674 3031 3711 :
3074 3674 3248 3728 neque
3286 3660 3363 3712 sic
3392 3673 3571 3713 verum
3614 3676 3735 3714 enr-

2172 3764 2289 3820 pus,
2313 3758 2372 3804 ut
2394 3758 2571 3804 tamen
2611 3764 2715 3803 non
2744 3748 2815 3802 sit
2842 3763 2968 3803 caro
3008 3764 3073 3802 ex
3120 3764 3311 3813 carne,
3341 3749 3477 3803 sicut
3510 3749 3735 3803 Marcia-

2172 3857 2293 3905 nus,
2320 3842 2413 3895 sed
2441 3855 2601 3895 verus
2626 3840 2767 3893 Deus
2789 3854 2852 3893 ex
2881 3839 3175 3903 divinitate,
3207 3848 3259 3893 et
3289 3855 3450 3893 verus
3480 3840 3637 3893 homo
3666 3854 3732 3895 ex

2172 3945 2334 3985 carne
2378 3944 2517 3984 unus
2561 3928 2768 3982 Filius:
2802 3926 2859 3981 In
2891 3928 3168 3983 divinitate
3195 3928 3426 3983 Verbum
3467 3930 3653 4005 .l’atris
3681 3940 3735 3983 et

2173 4016 2335 4081 Deus,
2368 4018 2423 4071 in
2458 4016 2672 4070 homine
2703 4016 2883 4068 anima
2909 4024 2965 4069 et
2986 4031 3133 4069 caro.
3162 4016 3353 4069 Anima
3384 4030 3487 4069 non
3530 4018 3733 4083 absque

2171 4121 2331 4160 sensu
2356 4114 2410 4160 et
2436 4106 2666 4166 ratione,
2690 4111 2749 4156 ut
2774 4103 3129 4171 Apoliinaris,
3170 4118 3343 4171 neque
3370 4118 3500 4157 caro
3529 4106 3733 4173 absque

2172 4196 2349 4249 anima
2374 4202 2435 4248 ut
2474 4194 2760 4251 Anommus
2786 4192 3001 4263 [Genn.,
3032 4201 3089 4245 ut
3133 4194 3481 4265 Eunomius].
3538 4198 3630 4250 sed
3678 4206 3731 4250 et

2172 4270 2349 4345 anima
2388 4298 2509 4337 cum
2538 4283 2745 4336 ratione
2775 4295 2895 4345 sua,
2934 4287 2990 4335 et
3015 4295 3142 4349 caro
3172 4297 3292 4336 cum
3322 4284 3569 4341 sensibus
3596 4285 3729 4349 suis,

517 4379 777 4448 Spiritum
803 4390 1065 4435 sanetum.
1101 4379 1314 4433 Patrem
1350 4393 1433 4444 eo,
1462 4380 1599 4448 quod
1627 4380 1822 4433 habeat
1850 4380 2065 4445 Filium,
2095 4420 2144 4479 Β
2169 4391 2264 4444 per
2289 4388 2424 4443 quos
2462 4387 2651 4427 sensus
2678 4386 2834 4426 veros
2863 4372 2915 4425 in
2960 4372 3237 4440 passione,
3267 4381 3322 4426 et
3364 4378 3486 4426 ante
3516 4376 3729 4443 passio-

516 4467 708 4524 Filium
736 4483 801 4523 eo
840 4472 981 4539 quod
1034 4469 1225 4523 habeat
1260 4468 1488 4533 Patrem,
1530 4467 1785 4538 Spiritum
1826 4473 2069 4522 sanctum

519 4569 584 4608 co
628 4555 769 4624 quod
808 4557 879 4611 sit
919 4571 983 4610 ex
1025 4557 1183 4611 Patre
1216 4566 1267 4612 et
1305 4556 1459 4611 Filio.
1500 4557 1659 4611 Pater
1695 4572 1826 4629 ergo
1862 4557 2064 4625 princi-

514 4646 661 4713 pium
710 4646 950 4711 Deitatis,
980 4648 1093 4717 qni,
1122 4646 1258 4702 sicut
1295 4661 1561 4715 nunquam
1606 4646 1706 4704 fuit
1752 4662 1855 4701 non
1905 4648 2063 4713 Deus,

516 4732 591 4787 ita
628 4728 897 4802 nuhquam
928 4736 1027 4790 fuit
1051 4736 1337 4798 nonPater
1367 4753 1378 4789 :
1411 4750 1441 4789 a
1471 4750 1575 4806 quo
1602 4736 1768 4791 Filius
1816 4746 1993 4803 natus,
2036 4753 2066 4791 a

516 4836 622 4892 quo
644 4819 874 4893 Spiritus
902 4836 1117 4878 sanctus
1144 4840 1247 4877 non
1272 4833 1448 4889 natus,
1475 4826 1599 4895 ‘quia
1628 4839 1734 4879 non
1757 4834 1841 4879 est
1864 4825 2063 4890 Filius;

515 4921 687 4977 neque
733 4910 1035 4980 ingenitus,
1081 4915 1202 4983 quia
1251 4927 1355 4967 non
1398 4920 1480 4967 est
1521 4912 1707 4978 Pater;
1758 4926 1857 4967 nec
1903 4914 2089 4984 399'

516 4996 712 5065 factus,
757 5002 883 5070 quia
931 5019 1034 5057 non
1081 5013 1162 5059 est
1202 5019 1267 5060 ea
1307 5005 1491 5069 nihilo,
1520 5005 1612 5059 sed
1647 5018 1710 5058 es
1749 5002 1907 5057 Patre
1957 5005 2066 5059 Deo

516 5089 755 5159 Filioque
802 5089 1291 5160 Deus"procedens.
1335 5094 1495 5149 Pater
1532 5104 1784 5157 aeternus,
1825 5106 1890 5146 eo
1921 5093 2065 5162 quod

513 5190 769 5237 aeternum
817 5182 1012 5236 habeat
1052 5182 1271 5247 Filium,
1298 5183 1449 5251 cuius
1488 5194 1723 5239 :eternus
1766 5184 1839 5237 sit
1882 5180 2060 5237 Pater.

515 5272 681 5343 Filius
705 5283 974 5341 :eternus,
1004 5288 1069 5332 eo
1091 5273 1330 5342 qu‘od'sit
1353 5273 1499 5327 Patri
1518 5283 1832 5328 maternus.
1866 5271 2064 5344 [Spiri-

514 5368 601 5417 tus
624 5371 844 5435 sauctus
863 5372 1123 5427 aeternus,
1166 5376 1231 5417 eo
1255 5362 1397 5431 quod
1427 5364 1495 5417 sit
1531 5363 1677 5417 Patri
1718 5369 1776 5417 et
1806 5362 1948 5417 Filio
1970 5378 2065 5417 co~

512 5450 794 5523 aeternum]
840 5451 956 5509 Non
1005 5460 1182 5508 autem
1229 5451 1449 5507 confusa
1496 5454 1548 5507 in
1586 5468 1748 5509 unam
1787 5466 2106 5524 personam.

584 5572 609 5633 ξ
648 5560 973 5633 Gennadius,
1000 5564 1065 5619 de
1092 5564 1236 5619 Eccl.
1267 5564 1420 5633 dogm

585 5572 609 5599 ι
648 5561 973 5629 Gennadius,
1000 5564 1065 5619 de
1092 5564 1236 5619 Eccl.
1267 5564 1465 5633 (ingm.,
1511 5578 1626 5632 (νέῳ.
1658 5561 1703 5616 i.

585 5628 613 5669 δ
646 5630 911 5696 Gennad.,
935 5633 1086 5696 ibid.,
1129 5649 1244 5702 cap.
1282 5635 1335 5686 ἓ.
1582 5676 1585 5679 ι

2169 4480 2313 4528 nem,
2339 4464 2521 4518 carnis
2544 4478 2654 4517 sua:
2699 4461 2910 4516 dolores
2938 4462 3211 4515 sustinuit.
3245 4472 3266 4500 ε
3312 4461 3495 4530 Neque
3539 4464 3616 4517 sic
3648 4473 3731 4517 est

2169 4564 2328 4609 natus
2353 4570 2417 4608 ex
2447 4554 2684 4623 Virgine,
2710 4560 2771 4606 ut
2802 4552 3017 4610 deitatis
3039 4552 3245 4606 initium
3270 4556 3540 4608 nascendo
3570 4555 3733 4611 homo

2169 4649 2474 4718 acciperet,
2519 4648 2675 4718 quasi
2722 4654 3006 4717 antequam
3056 4659 3367 4703 nasceretur
3392 4666 3459 4704 ex
3490 4651 3727 4720 Virgine,

2169 4742 2308 4795 Deus
2336 4755 2442 4795 non
2472 4740 2655 4804 fuerit,
2684 4739 2823 4794 sicut
2858 4740 3073 4807 quidam
3113 4742 3481 4795 [hereticorum
3511 4728 3729 4813 [στήθη

2169 4833 2305 4887 sicut
2334 4833 2588 4887 Artemon
2632 4839 2687 4886 et
2731 4830 2953 4886 Beriiius
2981 4841 3035 4885 et
3066 4832 3373 4904 Marcellus}
3408 4833 3728 4901 docuerunt,

2170 4922 2262 4977 sed
2303 4934 2534 4977 aeternus
2571 4922 2731 4986 Deus,
2759 4930 2814 4977 et
2858 4921 3021 4976 homo
3060 4936 3123 4977 ex
3162 4902 3373 4991 Virgine
3416 4931 3571 4977 natus
3625 4902 3753 4980 esst."

2169 5010 2504 5063 dOmousius
2555 5024 2715 5077 ergo,
2768 5010 2821 5063 id
2868 5018 2983 5076 est,
3034 5010 3381 5064 coessentialis
3436 5012 3488 5063 in
3532 5011 3727 5065 divini-

2168 5110 2280 5156 tate
2321 5100 2467 5153 Patri
2512 5100 2696 5163 Filius,
2732 5102 3011 5157 omousins
3060 5103 3206 5156 Patri
3250 5101 3465 5156 etAFilio
3496 5101 3747 5170 Spiritus

2170 5199 2420 5254 sanctus,
2468 5191 2745 5246 omousius
2778 5192 2887 5247 Deo
2940 5202 2994 5248 et
3039 5196 3238 5249 homini
3280 5194 3462 5249 Filius.
3510 5196 3731 5251 Maneus

2169 5282 2310 5335 Deus
2337 5282 2391 5335 in
2423 5283 2640 5337 homine
2660 5278 2832 5339 suo'in
2861 5286 3027 5356 gloria
3065 5272 3241 5343 Patris
3264 5288 3497 5360 [videtur
3536 5294 3591 5343 et
3633 5287 3727 5342 de-

2169 5367 2638 5423 sideraturviderl
2682 5370 2753 5424 ab
2790 5372 3038 5443 Angelis,
3077 5383 3131 5430 ct
3176 5377 3427 5431 adorator
3476 5375 3543 5429 ab
3579 5368 3729 5431 om‘ni

2173 5463 2419 5511 creatura
2446 5454 2731 5528 (Central.
2758 5460 2908 5516 Unus
2940 5465 3309 5520 desiderabilis
3333 5466 3497 5521 videri
3527 5467 3594 5521 ah
3636 5482 3730 5522 an-

2252 5578 2274 5642 ¢_
2303 5567 2567 5642 Qennad.,
2599 5570 2753 5638 ibid.,
2790 5588 2905 5642 cap.
2939 5574 2991 5629 3.

2252 5637 2277 5678 ά
2308 5636 2575 5705 Gennad.,
2605 5636 2757 5705 ihid.,
2788 5636 2903 5710 cap.
2934 5643 2986 5695 5.
