4254 6272
529 353 540 359 '
577 339 715 394 1059

1376 327 1436 382 Β.
1476 325 1536 380 F.
1567 321 1789 379 ALBINI
1827 317 1958 376 SEU
1997 315 2272 372 ALCUINI
2309 313 2593 380 OPEIIUM
2631 310 2810 367 PARS
2844 310 2975 367 VIII.
3021 333 3025 337 -

3648 285 3802 359 "meo

573 447 734 519 gelis;
767 443 909 497 sicut
945 438 1106 494 Pater
1151 443 1206 490 et
1247 433 1481 505 Spiritus
1510 439 1729 486 sanctus
1770 428 2027 482 adoratur
2060 425 2129 478 ab
2155 433 2199 484 Α
2230 425 2334 478 illa.
2367 425 2425 478 Si
2473 424 2636 494 igitur
2664 424 2718 476 in
2749 421 2905 519 nobis
2930 420 3255 519 "invenimus
3294 418 3394 472 tria
3429 417 3801 519 separabiliAte‘r

574 534 778 605 angelis
800 541 858 586 et
897 530 964 584 ab
1005 527 1151 582 omni
1204 522 1496 591 creatura).
1542 520 1658 574 Non
1695 521 1864 579 homo
1912 526 2130 586 propter

574 627 764 689 Deum,
800 623 884 676 vel
908 621 1154 676 Christus
1176 631 1296 671 cum
1326 617 1456 678 Deo,
1479 610 1554 668 ἰιι
1582 612 1860 675 Nestorius
1878 610 2131 679 blasphe-

576 724 706 778 mat,
738 713 831 768 sed
861 713 1020 765 homo
1054 711 1107 764 in
1143 709 1274 770 Deo,
1303 716 1356 760 et
1384 707 1440 759 in
1470 706 1686 760 homine
1712 705 1868 757 Deus.

647 804 775 860 VIII.
821 801 990 870 Hujus
1018 813 1247 868 namque
1283 795 1494 850 Domini
1545 793 1713 847 nostri
1763 790 1889 845 Iesu
1935 789 2133 844 Christi

578 902 750 948 mater
786 893 942 946 beata
999 888 1165 945 Maria
1213 884 1398 956 procul
1438 883 1598 938 dubio
1630 893 1686 937 et
1720 881 1869 950 virgo
1931 879 2134 948 genuit,

579 994 634 1037 et
663 989 784 1052 post
808 987 1021 1050 partum
1062 979 1212 1046 virgo
1253 974 1568 1044 permansit.
1621 972 1732 1027 Nec
1786 967 2132 1037 blasphemiae

581 1071 804 1126 Helvidii
830 1065 1297 1135 acquiescendum,
1319 1063 1408 1130 qui
1434 1063 1512 1115 ait
1541 1079 1555 1114 :
1589 1058 1743 1128 Virgo
1769 1068 1887 1111 ante
1908 1064 2135 1126 partum,

583 1177 688 1214 non
712 1161 856 1226 virgo
889 1165 1001 1224 post
1031 1163 1254 1221 partum.
1289 1151 1392 1205 Sed
1422 1152 1630 1220 integra
1663 1148 1766 1202 [ide
1789 1145 2138 1208 credendum,

584 1248 941 1325 integritatem
972 1251 1131 1306 tanta:
1161 1240 1479 1311 virginitatis
1518 1252 1730 1306 semper
1765 1235 2025 1289 mansisse
2055 1233 2141 1286 iu»

583 1338 857 1391 violatam.
885 1334 976 1389 Sic
999 1348 1121 1388 eum
1153 1333 1303 1401 virgo
1328 1343 1650 1401 permanens
1675 1328 1878 1398 genuit,
1909 1335 1969 1379 ut
1993 1325 2144 1392 virgo

586 1426 848 1494 concepit.
883 1425 1106 1492 Dignum
1152 1421 1343 1490 quippe
1375 1417 1500 1484 fuit,
1533 1427 1590 1474 et
1625 1418 1779 1472 valde
1807 1417 2046 1487 dignum;
2088 1422 2146 1467 ut

591 1517 704 1571 hmo
732 1515 842 1568 scla
866 1511 1081 1576 femina,
1108 1519 1162 1564 et
1190 1511 1338 1578 virgo
1382 1517 1506 1563 ante
1547 1515 1781 1577 partum,
1819 1514 1872 1559 et
1919 1505 2068 1574 virgo
2094 1504 2147 1557 in

584 1616 768 1676 partu,
795 1612 848 1657 et
872 1605 1021 1674 virgo
1057 1609 1178 1671 post
1215 1607 1430 1670 partum
1459 1606 1624 1662 esset,
1665 1613 1784 1666 qua:
1815 1598 2148 1650 incarnatum

593 1697 829 1750 Verbum
856 1694 947 1746 Dei
975 1692 1202 1762 peperit,
1231 1689 1284 1744 id
1316 1697 1419 1753 est,
1448 1703 1631 1742 verum
1670 1687 1838 1740 Deum
1867 1694 1922 1742 et
1963 1699 2150 1739 verum

2229 513 2614 577 demonstrata,
2642 509 3068 580 inseparabiliter
3092 518 3333 577 operata,
3351 516 3402 561 et
3426 521 3612 561 eorum
3636 505 3801 577 500

2235 603 2394 656 trium
2441 600 2856 670 unumquodque
2885 612 3080 652 nomen
3117 613 3148 650 a
3194 598 3365 651 tribus
3404 595 3626 662 factum,
3655 598 3801 665 quod

2232 703 2412 748 tamen
2439 707 2544 746 non
2575 692 2650 745 ad
2688 691 2814 754 tria,
2844 690 2939 744 sed
2970 690 3037 743 ad
3085 689 3248 742 trium
3274 689 3467 742 horum
3498 702 3662 741 unum
3700 686 3798 741 ali-

2233 783 2358 852 qui]
2379 781 2695 852 pertineret,
2721 782 3001 835 credamus
3046 779 3280 844 Patrem,
3325 778 3517 832 Filium
3545 786 3603 832 et
3631 776 3806 848 Spiri-

2235 881 2349 927 tum
2398 882 2644 928 sanetum
2692 886 2789 942 per
2823 873 2974 942 signa
3002 872 3251 944 quaedam
3295 871 3548 936 visibilia,
3593 878 3651 938 et
3703 885 3806 941 per
3845 863 3849 866 ’

2237 963 2444 1034 species
2485 963 2746 1032 quasdam
2789 972 3079 1030 assumpta:
3111 945 3392 1015 creatura:
3424 974 3583 1030 posse
3622 969 3677 1014 et
3711 975 3801 1015 se-

2237 1054 2550 1122 parabiliter
2594 1051 2970 1114 demonstrari,
3011 1059 3066 1104 et
3101 1051 3528 1120 inseparabiliter
3568 1051 3800 1120 operari.

2239 1145 2298 1197 la
2341 1143 2496 1198 nobis
2540 1143 2703 1206 enim,
2730 1142 2872 1210 quod
2915 1147 3021 1205 est,
3060 1155 3346 1209 possumus
3392 1155 3580 1204 nosse;
3609 1141 3663 1193 in
3693 1139 3805 1194 Deo

2242 1243 2458 1297 autem,
2509 1233 2601 1301 qui
2653 1247 2750 1287 nos
2788 1231 2954 1294 fecit,
3004 1232 3147 1299 quod
3196 1240 3314 1296 est,
3360 1227 3625 1300 quidquid
3672 1239 3803 1295 est,

2244 1327 2459 1395 quando
2508 1338 2795 1394 possumus
2840 1320 3032 1377 nesse?
3061 1321 3128 1383 Et
3181 1322 3229 1376 si
3291 1321 3624 1391 poterimus,
3671 1311 3807 1376 non-

2245 1417 2372 1470 dum
2407 1429 2726 1486 possumus,
2765 1421 2820 1468 et
2870 1422 3047 1467 tamen
3103 1427 3227 1466 cum
3278 1413 3575 1480 poterimus
3599 1451 3616 1477 ,
3670 1427 3808 1466 nun-

2245 1507 2373 1574 quid
2403 1506 2482 1560 sic
2507 1518 2666 1562 nosse
2695 1503 2860 1558 Deum
2901 1502 3214 1567 valebimus,
3239 1503 3508 1572 quomodo
3555 1517 3614 1557 se
3660 1503 3834 1569 novit,

2249 1594 2428 1650 Deus?
2457 1592 2750 1650 Credamns
2776 1594 2889 1663 jam
2939 1593 3030 1658 ibi,
3065 1593 3210 1662 quod
3258 1608 3365 1648 non
3394 1607 3677 1662 possumus
3723 1594 3807 1647 vi-

2249 1686 2396 1748 dere,
2427 1675 2529 1740 nec
2561 1684 2650 1740 hic
2675 1683 2743 1738 ad
2775 1683 2988 1754 plenum
3036 1683 3522 1753 comprehendere.
3544 1681 3633 1737 Sol
3663 1684 3809 1738 enim

595 1786 886 1840 hominem.
928 1782 1153 1852 Propter
1183 1781 1323 1849 quod
1349 1779 1592 1833 eamdem
1635 1780 1846 1832 beatam
1884 1776 2146 1846 virginem
2183 1779 2222 1838 Β
2249 1792 2370 1830 cum
2401 1791 2540 1830 unus
2568 1771 2662 1840 sit,
2695 1775 2857 1830 habet
2883 1774 3135 1839 calorem,
3177 1774 3339 1828 habet
3361 1783 3419 1829 et
3450 1774 3805 1843 splendorem,

597 1875 848 1938 Θωτόκον,
884 1873 935 1928 id
964 1881 1066 1936 est,
1113 1871 1206 1926 Dei
1255 1870 1565 1938 genitricem
1606 1867 1942 1922 confitemur.
1985 1864 2151 1919 Natus

596 1974 682 2018 est
704 1978 766 2017 ex
791 1977 852 2016 ea
875 1976 1012 2016 unus
1036 1970 1195 2029 atque
1223 1961 1363 2014 idem
1407 1957 1564 2013 .Iesus
1600 1957 1847 2012 Christus
1883 1944 2038 2010 verus
2065 1954 2174 2035 Fi-ﬂ

597 2052 702 2106 lius
741 2052 856 2115 Dei,
883 2059 937 2104 et
965 2050 1104 2103 idem
1153 2049 1264 2116 ipse
1293 2062 1450 2100 verus
1491 2045 1655 2100 Filius
1706 2045 1957 2098 hominis.
2011 2043 2150 2097 Cou-

599 2139 962 2194 substantialis
987 2137 1312 2205 aequalisque
1354 2135 1500 2188 Patri
1550 2134 1845 2191 secundum
1873 2134 2151 2194 deitatem,

598 2231 691 2285 sed
720 2228 838 2283 inde
864 2229 1038 2280 minor
1061 2226 1222 2280 Patre
1241 2267 1254 2288 ,
1300 2226 1439 2279 unde
1469 2225 1625 2280 nobis
1664 2212 2152 2299 consubstantialis,

599 2321 721 2389 quia
749 2336 844 2389 per
871 2319 1048 2373 omnia
1073 2317 1224 2372 nobis
1250 2316 1441 2370 similis
1465 2317 1666 2383 absque
1693 2323 1941 2384 peccato.
1966 2314 2156 2380 Quam-

597 2410 680 2462 vis
708 2409 865 2476 igitur
887 2407 1045 2460 Pater
1064 2421 1170 2460 non
1199 2406 1268 2459 sit
1293 2415 1450 2458 natus
1489 2405 1554 2458 de
1586 2405 1812 2474 virgine,
1838 2419 2009 2472 neque
2037 2405 2155 2472 Spi-

601 2498 735 2550 ritus
777 2505 1013 2560 sanctus,
1045 2495 1140 2549 sed
1176 2494 1321 2549 solus
1345 2493 1548 2558 Filius,
1591 2494 1928 2547 nativitatem
1981 2500 2158 2545 tamen

601 2585 722 2638 Filii
769 2586 922 2639 istam
969 2594 1024 2638 et
1063 2585 1237 2647 Pater,
1281 2591 1335 2637 ct
1364 2582 1550 2651 Filius,
1581 2591 1636 2635 et
1665 2581 1896 2650 Spiritus
1943 2590 2160 2635 sanctus

602 2676 806 2742 operati
833 2681 958 2743 sunt
995 2689 1060 2727 ex
1083 2673 1310 2742 virgine,
1340 2688 1439 2727 nec
1468 2687 1572 2726 non
1594 2681 1649 2726 et
1673 2672 1969 2741 passionem
1997 2681 2048 2725 et
2078 2685 2160 2724 re-

601 2763 982 2819 surrectionem
1021 2759 1156 2826 ejus,
1200 2769 1255 2812 et
1289 2759 1492 2828 reliqua
1541 2766 1733 2813 cuncta
1772 2774 1890 2827 qua:
1941 2758 2008 2811 ad
2045 2756 2161 2826 ejus

608 2851 878 2917 pertinent
903 2850 1314 2902 humanitatem.
1478 2850 1482 2853 “

682 2938 770 2992 IX.
790 2939 1072 2993 Videamus
1096 2952 1222 3007 ergo
1245 2938 1290 2990 si
1319 2936 1455 2991 forte
1477 2936 1530 2989 in
1553 2945 1802 3008 creatura
1831 2936 2164 2992 inveniamus

609 3029 827 3097 aliquid,
879 3027 968 3080 ubi
1023 3026 1306 3094 probemus
1354 3025 1529 3093 aliqua
1564 3026 1663 3084 tria
1695 3034 1748 3078 et
1795 3026 2164 3095 separabiliter

609 3116 989 3181 demonstrari,
1026 3125 1082 3168 et
1127 3116 1553 3186 inseparabiliter
1596 3117 1827 3184 operari.
1875 3115 2160 3171 [invisibilia

608 3210 744 3262 enim
772 3207 879 3275 ejus
915 3224 945 3258 a
973 3217 1210 3258 creatura
1238 3205 1417 3258 muudi
1447 3196 1539 3275 per
1581 3221 1664 3270 ea,
1690 3221 1807 3275 quia
1835 3206 1976 3274 facta
2017 3219 2158 3272 sunt,

609 3297 870 3351 intellectu
917 3295 1302 3363 conspiciuntur
1353 3295 1532 3363 (Rom.
1564 3311 1617 3362 ι,
1657 3295 1768 3366 20).
1817 3295 1970 3351 Licet
1999 3298 2162 3367 longe

611 3386 806 3440 distent
829 3399 860 3437 a
885 3383 1104 3436 summis
1136 3381 1259 3446 ima,
1288 3379 1355 3436 ab
1383 3383 1898 3440 incommutabilihus
1928 3401 2162 3440 commu-

612 3478 814 3541 tabilia,
851 3492 881 3529 a
908 3474 1207 3536 creantibus
1251 3486 1450 3553 creata,
1486 3490 1517 3527 a
1562 3476 1753 3553 divinis
1788 3477 2040 3542 humana,
2085 3487 2164 3531 ta-

612 3584 732 3622 men
753 3568 804 3621 in
831 3569 942 3635 ipsa
972 3573 1215 3618 creatura
1253 3552 1362 3618 ima
1415 3573 1469 3618 et
1512 3552 1776 3629 mutabili,
1823 3565 2166 3619 inveniuntur

613 3659 788 3726 aliqua
835 3671 952 3724 qua:
1020 3661 1244 3723 possunt
1288 3664 1343 3707 et
1400 3644 1765 3722 separabiliter
1810 3654 2166 3711 demonstrari

613 3756 668 3800 ct
696 3744 1120 3814 inseparabiliter
1152 3744 1382 3811 operari,
1412 3744 1550 3798 sicut
1588 3755 1712 3798 sunt
1752 3747 2007 3799 memoria
2029 3786 2043 3811 ,
2083 3747 2165 3802 in-

617 3835 856 3888 tellectus
879 3842 932 3884 et
955 3832 1218 3886 voluntas.
1249 3832 1499 3887 Memoria
1538 3835 1680 3887 enim
1709 3836 1998 3890 retinemus
2026 3837 2170 3904 quod

617 3925 878 3986 audimus,
916 3922 1182 3976 intellectu
1234 3923 1567 3991 agnoscimus
1603 3924 1744 3992 quod
1785 3932 2045 3990 tenemus,
2073 3942 2168 3980 vo—

619 4016 819 4068 luntate
840 4013 1156 4083 proferimus
1182 4014 1322 4081 quod
1348 4015 1686 4083 agnoscimus
1736 4033 1750 4068 :
1779 4017 1874 4069 sed
1927 4019 2170 4086 quamvis

620 4106 734 4157 hate
777 4105 876 4156 tria
928 4102 1294 4172 separabiliter
1337 4104 1698 4167 nominentur,
1756 4113 1928 4158 tamen
1976 4121 2169 4161 nomen

621 4191 780 4244 unius
806 4207 871 4245 ex
906 4193 990 4244 his
1022 4193 1192 4246 tribus
1219 4193 1320 4245 tria
1362 4201 1670 4262 operantur.
1715 4193 1830 4247 Non
1863 4206 2037 4263 potest
2065 4197 2166 4252 diei

622 4281 733 4334 sola
759 4281 1030 4344 memoria,
1061 4282 1164 4334 nisi
1205 4291 1459 4349 operante
1485 4285 1776 4346 voluntate,
1806 4285 2078 4340 intellectu
2115 4295 2172 4340 et

624 4369 898 4422 memoria.
940 4367 1052 4419 Non
1107 4376 1285 4435 potest
1338 4369 1628 4429 dicisolus
1684 4371 2023 4436 intellectus,
2073 4375 2171 4428 nisi

624 4467 876 4525 operante
905 4457 1179 4520 memoria,
1216 4456 1486 4511 voluntate
1511 4466 1565 4512 et
1604 4459 1886 4514 intellectu.
1929 4429 2043 4515 Non
2075 4479 2171 4531 po-
2201 4429 2248 4489 θ

626 4553 733 4600 test
756 4545 866 4598 dici
902 4545 1012 4598 sola
1039 4545 1310 4610 voluntas,
1345 4546 1446 4599 nisi
1476 4556 1729 4615 operante
1758 4551 2010 4603 memoria
2031 4591 2046 4614 ,
2088 4552 2172 4603 in-

626 4634 833 4688 tellectu
889 4640 944 4684 et
986 4632 1269 4687 voluntate.
1320 4635 1490 4689 Unum
1531 4637 1718 4689 horum
1767 4638 2038 4690 nominum
2070 4640 2171 4692 tria

627 4723 884 4786 fecerunt,
914 4721 1007 4775 sed
1048 4729 1223 4775 tamen
1251 4722 1351 4775 hoc
1395 4739 1577 4787 unum,
1607 4725 1744 4791 quod
1783 4725 1882 4777 tria
1915 4725 2170 4792 fecerunt,

628 4833 732 4872 non
762 4817 828 4870 ad
856 4818 952 4870 tria
995 4816 1253 4884 pertinet,
1287 4816 1380 4869 sed
1428 4816 1493 4868 ad
1540 4831 1718 4868 unum.
1773 4816 1895 4868 'I‘ria’
1936 4815 2176 4872 fecerunt

632 4926 821 4964 nomen
871 4911 1160 4972 memorize,
1206 4910 1297 4964 sed
1328 4910 1426 4964 hoc
1465 4925 1569 4964 non
1605 4911 1833 4978 pertinet
1863 4911 1962 4963 nisi
1993 4911 2058 4964 ad
2091 4926 2175 4964 so-

631 5003 735 5055 lam
761 5002 1085 5054 memoriam.
1113 5000 1236 5054 Tria
1263 4999 1503 5054 fecerunt
1525 5016 1716 5054 nomen
1743 5001 2058 5062 intellectus,
2084 5002 2178 5054 sed

632 5105 737 5142 non
775 5089 1002 5157 pertinet
1047 5089 1146 5144 nisi
1191 5088 1256 5142 ad
1283 5086 1455 5142 solum
1496 5087 1838 5141 intellectum.
1872 5090 1994 5142 'l‘ria
2039 5088 2178 5142 fece-

637 5186 760 5232 runt
794 5191 982 5230 nomen
1018 5178 1322 5242 voluntatis,
1349 5176 1440 5230 sed
1473 5191 1576 5229 non
1603 5178 1832 5244 pertinet
1862 5179 1959 5230 nisi
2003 5178 2069 5232 ad
2099 5193 2181 5230 so-

635 5266 738 5320 lam
791 5265 1132 5319 voluntatem.
1169 5264 1245 5317 Ita
1287 5266 1520 5318 Trinitas
1553 5264 1674 5318 fecit
1714 5279 1930 5318 carnem
1959 5264 2178 5328 Christi,

638 5356 728 5409 sed
766 5371 870 5428 non
909 5355 1138 5424 pertinet
1165 5355 1264 5408 nisi
1288 5357 1354 5422 ad
1379 5355 1548 5410 solum
1574 5353 1862 5408 Christum.
1891 5354 2016 5408 Tria
2042 5354 2183 5409 fece-

642 5455 762 5497 runt
802 5446 866 5498 de
905 5443 1040 5499 cado
1067 5443 1381 5505 columbam,
1408 5444 1502 5498 sed
1549 5460 1654 5499 nou
1701 5444 1933 5512 pertinet
1960 5445 2062 5498 nisi
2114 5442 2182 5495 ad

641 5535 805 5604 solum
840 5534 1092 5603 Spiritum
1124 5544 1382 5592 sanctum.
1413 5537 1534 5591 Tria
1562 5537 1804 5592 fecemnt
1840 5537 1903 5590 de
1928 5538 2062 5592 cmlo
2092 5552 2181 5590 vo-

600 5653 603 5656 -
641 5639 775 5686 cem,
820 5625 910 5678 sed
947 5640 1046 5677 non
1096 5627 1321 5694 pertinet
1361 5626 1458 5682 nisi
1515 5629 1580 5680 ad
1628 5627 1795 5683 solum
1823 5628 2035 5682 Patrem
2085 5642 2183 5682 νος

2250 1868 2345 1922 sed
2392 1865 2572 1923 calore
2601 1865 2788 1929 siccat,
2835 1864 3116 1934 splendore
3145 1863 3392 1918 illustrat.
3441 1861 3498 1917 Si
3550 1864 3604 1917 in
3650 1864 3814 1920 rebus

2250 1957 2447 2012 creatis
2488 1957 2604 2012 haec
2628 1964 2685 2010 et
2725 1955 2890 2010 multa
2922 1954 3026 2008 alia
3071 1954 3430 2018 inveniuntur,
3474 1967 3542 2007 ex
3593 1952 3808 2024 quibus,

2249 2048 2401 2102 verbi
2443 2051 2634 2119 gratia,
2666 2046 2848 2102 divina
2876 2045 3174 2100 consultius
3221 2044 3436 2098 valeant
3476 2045 3812 2114 aliquatenus

2251 2136 2624 2201 animadverti,
2649 2134 2873 2191 stultum
2893 2143 2974 2189 est
2997 2133 3346 2196 de_Creatore
3373 2134 3663 2203 ambigere,
3687 2134 3812 2204 quia
3838 2138 3840 2140 '

2253 2235 2528 2284 creaturas
2559 2223 2693 2280 tales
2727 2224 2902 2279 facere
2933 2223 3118 2277 valuit.

2323 2317 2389 2372 Χ.
2415 2316 2760 2370 Inveniuntur
2787 2329 3001 2383 quoque
3043 2313 3098 2367 in
3139 2313 3401 2368 creaturis
3440 2325 3642 2372 cornva,
3669 2311 3816 2365 inve-

2255 2409 2471 2461 niuntur
2492 2404 2811 2474 etmqualia,
2855 2401 2951 2458 sed
2981 2417 3089 2457 non
3132 2413 3359 2470 utraque
3400 2401 3577 2456 simul.
3604 2400 3661 2454 In
3707 2401 3818 2458 Deo

2255 2496 2399 2550 enim
2456 2501 2583 2546 sunt
2642 2492 2800 2546 simul
2849 2499 3113 2560 utraque,
3166 2506 3304 2545 unus
3351 2489 3494 2544 Deus
3539 2497 3596 2544 et
3659 2488 3820 2544 Pater

2256 2586 2513 2648 omnium,
2540 2583 2829 2653 principale
2862 2597 3055 2638 nomen
3104 2583 3398 2636 divinitatis
3438 2596 3538 2651 per
3570 2596 3630 2635 se
3672 2580 3816 2650 quod

2257 2677 2510 2741 creditur,
2546 2687 2600 2729 et
2647 2675 2788 2744 quod
2835 2671 3031 2728 dicitur
3062 2672 3239 2738 Pater,
3289 2671 3432 2726 Deus
3478 2673 3594 2726 sine
3627 2672 3819 2741 princi‘
3919 2736 3943 2744 '

2256 2766 2377 2834 pio,
2420 2765 2536 2819 sine
2563 2773 2819 2833 tempore,
2852 2766 2918 2818 de
2970 2763 3146 2830 seipse
3200 2762 3384 2831 genuit
3411 2760 3625 2825 Filium,
3667 2769 3722 2814 et
3749 2774 3819 2814 es

2258 2855 2453 2907 virtute
2489 2867 2587 2907 sua
2620 2851 2840 2920 protulit
2881 2849 3138 2919 Spiritum
3184 2859 3449 2904 sanctum.
3487 2849 3612 2904 Ideo
3655 2847 3838 2917 Filius.

2194 3005 2197 3008 Ι
2260 2955 2328 2994 ex
2365 2941 2540 3004 Patre,
2565 2955 2670 2994 non
2691 2954 2758 2992 ex
2790 2953 2868 3002 se,
2905 2938 3002 2991 sed
3025 2937 3220 2991 Patris.
3251 2936 3414 2990 Pater
3441 2935 3604 3002 Deus,
3635 2945 3692 2990 et
3725 2936 3820 2990 Fid

2263 3030 2366 3085 lius
2392 3028 2551 3094 Deus,
2580 3028 2673 3081 sel
2695 3043 2800 3081 non
2835 3027 2975 3081 idem
2998 3026 3177 3093 Pater,
3205 3027 3295 3096 qui
3326 3027 3492 3082 Filius
3536 3028 3590 3087 in
3625 3042 3825 3097 persos

2185 3105 2362 3184 C‘na,
2384 3117 2478 3174 sed
2510 3117 2667 3182 idem,
2698 3117 2839 3186 quod
2867 3116 3033 3171 Filius
3078 3117 3131 3169 in
3175 3125 3386 3170 natura.
3418 3114 3651 3184 Spiritus
3691 3116 3820 3169 san-

2260 3217 2378 3263 ctus
2412 3222 2518 3261 non
2550 3207 2696 3261 Patri
2742 3207 3027 3275 ingenitus,
3063 3206 3156 3260 sed
3187 3205 3418 3274 Spiritus
3457 3205 3678 3275 ingeniti
3723 3204 3825 3258 Pa.

2261 3299 2378 3353 tris.
2404 3296 2571 3352 Filius
2605 3297 2814 3367 genitus
2836 3312 2938 3350 non
2967 3295 3198 3365 Spiritus
3231 3296 3424 3361 Filius,
3458 3295 3551 3350 sed
3595 3311 3708 3366 ipse
3740 3307 3825 3351 est

2261 3390 2445 3456 Filius,
2483 3405 2640 3459 super
2662 3405 2819 3458 quem
2854 3406 2882 3443 a
2925 3388 3084 3444 Patre
3113 3390 3308 3444 missus
3326 3398 3410 3445 est
3441 3389 3673 3460 Spiritus
3697 3406 3826 3460 saw:

2261 3489 2399 3535 ctus.
2433 3480 2618 3548 Itaque
2638 3494 2758 3532 cum
2785 3480 3051 3548 ingenitus
3072 3477 3232 3532 Pater
3253 3480 3346 3544 sit,
3374 3481 3527 3548 cujus
3551 3488 3634 3533 est
3655 3479 3824 3548 Spiri-

2264 3578 2370 3633 tus,
2419 3569 2633 3622 incaute
2675 3566 2904 3636 Spiritus
2954 3575 3172 3620 sanctus
3205 3567 3399 3621 dicitur
3428 3583 3459 3620 a
3503 3567 3823 3636 quihusdam

2264 3657 2546 3726 ingenitus.
2594 3655 2821 3723 Spiritus
2853 3665 3070 3711 sanctus
3104 3656 3244 3710 Deus
3268 3671 3332 3710 ex
3377 3655 3536 3711 Patre
3568 3666 3623 3712 et
3663 3657 3819 3724 Filio,

2264 3763 2369 3803 non
2403 3747 2471 3800 ex
2511 3762 2591 3809 se,
2627 3761 2693 3798 ne
2715 3746 2832 3805 duo
2881 3745 3130 3814 ingeniti,
3173 3753 3264 3798 aut
3295 3746 3398 3800 duo
3423 3745 3612 3802 Patres
3641 3762 3672 3800 a
3699 3747 3828 3801 Iide‘
3862 3729 3875 3748 ’

2266 3835 2404 3888 libus
2432 3835 2778 3888 :estimentur.
2828 3833 2990 3888 Filius
3021 3833 3216 3898 Patris,
3270 3835 3385 3888 sine
3429 3835 3583 3888 initio
3614 3835 3825 3904 genitus

2266 3940 2333 3978 ex
2363 3924 2536 3988 Patre,
2572 3939 2678 3977 non
2710 3924 3066 3992 potestatium
3111 3925 3347 3994 genitum
3374 3924 3574 3979 habere
3615 3939 3827 3980 consor-

2268 4022 2394 4077 tem,
2426 4021 2484 4065 ut
2517 4013 2767 4066 credatur
2807 4014 3125 4083 unigenitus,
3161 4020 3216 4066 et
3257 4013 3361 4067 duo
3391 4015 3556 4084 geniti
3591 4029 3696 4070 non
3741 4016 3824 4069 die

2269 4111 2476 4159 cantur.
2509 4104 2665 4158 Pater
2694 4106 2835 4159 enim
2879 4121 3014 4159 unus
3055 4106 3340 4174 ingenitus,
3377 4105 3543 4160 Filius
3574 4120 3712 4160 unus
3743 4117 3826 4161 est

2269 4183 2497 4263 genitus,
2534 4180 2762 4262 Spiritus
2803 4203 3021 4247 sanctus
3063 4210 3092 4247 a
3137 4193 3298 4248 Patre
3347 4194 3584 4264 Filioque
3635 4211 3827 4266 proce-
3887 4213 3894 4219 ‘

2270 4283 2422 4346 dens,
2453 4289 2508 4334 et
2544 4282 2756 4349 utrique
2779 4291 3092 4346 comternus,
3115 4299 3251 4337 unus
3281 4294 3365 4338 est
3395 4285 3644 4354 Spiritus.
3685 4286 3828 4352 Quo-

2273 4370 2416 4422 niam
2450 4385 2610 4423 unum
2638 4385 2790 4439 Opus,
2815 4380 2868 4423 et
2899 4373 3049 4425 unita
3080 4373 3132 4425 in
3165 4373 3322 4428 Patre
3351 4384 3405 4428 et
3447 4374 3582 4428 Filio
3611 4386 3665 4429 ct
3701 4375 3831 4444 Spi-

2274 4458 2374 4511 ritu
2399 4467 2586 4513 saneto
2619 4459 2904 4513 voluntatis
2930 4462 3170 4529 operatio
3209 4471 3309 4516 est.
3347 4462 3505 4518 Pater
3539 4465 3824 4535 ingenitus,

2273 4546 2435 4601 Filius
2464 4548 2691 4616 genitus,
2730 4545 2957 4616 Spiritus
2988 4559 3202 4604 sanctus
3250 4553 3562 4620 procedens.
3592 4555 3702 4611 Sed
3741 4557 3826 4611 ille

2273 4638 2528 4700 nascitur,
2552 4636 2639 4691 hic
2673 4638 2929 4705 procedit,
2955 4639 3090 4692 sicut
3117 4641 3168 4694 in
3189 4639 3475 4712 Evangelia
3502 4643 3827 4700 beatiloan-

2274 4728 2356 4780 nis
2389 4727 2580 4796 legitur
2619 4745 2632 4780 :
2666 4718 2886 4797 Spiritus
2904 4731 2990 4798 qui
3019 4747 3048 4782 a
3073 4730 3232 4785 Patre
3269 4733 3518 4800 procedit,
3550 4735 3656 4805 ipse
3684 4737 3826 4791 vobis

2273 4819 2600 4871 ammntiabit
2634 4821 2806 4872 omnia
2861 4819 3154 4886 (Joan.xv,
3200 4820 3302 4887 26;
3345 4839 3454 4889 xw,
3484 4824 3595 4894 26).
3643 4826 3827 4895 Itaque

2275 4906 2505 4974 Spiritus
2527 4916 2741 4962 sanctus
2772 4922 2869 4961 nec
2893 4908 3069 4963 Patris
3093 4924 3210 4964 esse
3255 4911 3543 4982 ingenitus,
3580 4924 3678 4968 nec
3707 4913 3824 4968 Filii

2275 4999 2480 5067 genitus
2521 4999 2870 5051 existimetur.
2916 4999 2959 5051 Α
2989 4999 3128 5054 Filio
3178 5002 3319 5054 enim
3371 5004 3593 5070 accepit.
3643 5003 3826 5059 Nullus

2275 5103 2403 5160 ergo
2431 5107 2461 5142 a
2489 5089 2771 5157 semetipso
2793 5091 3002 5160 accipit,
3039 5077 3139 5144 nisi
3164 5090 3340 5145 Pater.
3367 5091 3468 5146 Per
3487 5094 3676 5149 Filium
3703 5096 3826 5148 mit.

2277 5180 2405 5232 titur
2444 5177 2689 5245 Spiritus,
2715 5179 2804 5245 qui
2831 5191 2862 5231 a
2894 5177 3050 5230 Patre
3082 5179 3340 5247 procedit.
3369 5180 3519 5235 Alius
3560 5189 3644 5234 est
3679 5181 3824 5234 enim

2278 5269 2366 5335 qui
2397 5267 2662 5337 procedit,
2700 5268 2791 5320 sed
2822 5281 2925 5320 non
2950 5275 3031 5319 est
3061 5268 3202 5322 aliud
3229 5271 3372 5338 quod
3400 5271 3641 5338 procedit
3665 5285 3822 5340 quam

2280 5359 2332 5412 id
2355 5359 2491 5412 unde
2513 5358 2765 5426 procedit.
2784 5355 3106 5428 Si-persona,
3123 5367 3396 5428 quaeritur,
3413 5360 3551 5415 Deus
3577 5370 3678 5430 est,
3699 5363 3825 5432 quia

2282 5454 2335 5498 et
2355 5445 2494 5499 Deus
2507 5454 2589 5499 est
2603 5445 2854 5513 quidquid
2879 5446 2928 5497 in
2943 5446 3050 5501 Deo
3066 5455 3157 5499 aut
3178 5461 3243 5500 ex
3270 5446 3378 5500 Deo
3393 5458 3473 5501 est
3489 5463 3503 5500 :
3529 5463 3593 5503 ac
3615 5446 3711 5519 per
3727 5455 3826 5504 hoc

2286 5549 2445 5587 verax
2464 5535 2578 5587 lidei
2605 5532 2888 5596 confessio,
2918 5544 2969 5588 et
2983 5536 3035 5590 in
3053 5538 3294 5606 personis
3307 5538 3539 5592 excludit
3553 5540 3823 5606 unionem,

2290 5633 2339 5677 ct
2366 5625 2415 5675 in
2441 5637 2791 5691 personarum
2821 5624 3167 5682 distinctione
3188 5629 3389 5681 obtinet
3412 5628 3690 5682 unitatem.
