4254 6280
486 295 613 351 1061

1133 296 1285 355 OPP.
1325 295 1552 353 DUBIA.
1591 325 1663 336 —
1700 295 1925 352 ALBINI
1962 293 2344 354 CONFESSIO
2378 292 2580 348 FIDEI.
2623 322 2694 333 —-
2734 292 2917 347 PARS
2954 292 3041 348 Ill.

3584 290 3723 345 1062

550 390 806 481 XLErgo
846 407 1003 463 l‘ater
1047 407 1190 464 Deus
1227 424 1294 464 ex
1330 423 1389 463 se
1415 408 1532 478 ipso
1557 405 1896 463 iueﬁ‘abiliter
1935 407 2051 462 sine
2080 415 2124 471 Α
2151 414 2445 474 assumpto,
2479 404 2531 457 in
2561 418 2670 473 quo
2720 405 3087 475 temporaliter
3130 413 3461 465 nasceretur,
3495 404 3720 464 viveret.

483 499 638 554 initio
669 500 851 569 genuit
894 498 1104 562 Filium,
1129 499 1269 553 sicut
1297 498 1410 569 jam
1426 498 1805 568 multipliciter
1847 498 2049 552 dictum

481 599 586 649 cst,
627 598 684 642 et
714 587 937 658 protulit
985 602 1053 642 ex
1080 589 1279 643 virtute
1336 604 1434 643 sua
1470 588 1733 657 Spiritum
1781 596 2043 641 sanetum.

480 676 674 731 Filium
703 678 971 742 videlicet,
996 694 1093 748 per
1116 695 1273 749 quem
1300 686 1515 734 crearet
1535 679 1733 733 omnia.
1767 676 2044 746 Spiritum,

481 783 579 839 per
615 784 773 838 quem
814 770 1109 826 viviﬁcaret
1149 771 1437 834 universa;
1490 770 1668 824 omnia
1721 779 1900 823 autem
1931 784 2050 838 qua:

483 859 622 914 facta
654 869 797 924 sunt,
826 860 1002 914 Filius
1040 875 1105 915 ex
1157 860 1319 915 Patre
1359 860 1571 932 genitus
1609 860 1867 915 conzlidit.
1926 858 2052 913 Uni-

481 964 637 1003 versa
672 965 799 1005 vero
861 964 980 1019 quae
1041 950 1255 1004 conrlita
1306 958 1451 1015 sunt,
1495 965 1563 1004 ex
1606 948 1766 1003 Patre
1811 948 2051 1017 Filioque

481 1038 777 1109 procedens
804 1039 1034 1110 Spiritus
1058 1049 1275 1094 sanctus
1302 1040 1575 1095 animavit.
1614 1039 1720 1095 Sed
1742 1048 1798 1094 et
1818 1039 2050 1093 viviﬁeat

482 1128 671 1193 Filius,
692 1138 743 1183 et
763 1137 912 1183 creat
938 1128 1168 1200 Spiritus
1190 1138 1429 1193 sanctus,
1461 1129 1585 1197 quia
1616 1130 1756 1183 sicut
1777 1128 2076 1198 credimus\

481 1219 847 1273 beatissimam
890 1218 1208 1273 Trinitatem
1256 1218 1413 1272 unius
1451 1232 1571 1272 esse
1622 1218 1867 1281 Deitatis,
1895 1217 2052 1270 unius

485 1307 827 1377 ejusdemque
848 1309 1060 1363 virtutis
1088 1317 1250 1377 atque
1279 1292 1624 1371 substantiae;
1654 1308 1726 1361 ita
1749 1307 1906 1360 unius
1927 1322 2043 1376 ope-

485 1398 727 1460 rationis,
763 1412 828 1451 ne
875 1407 1015 1451 inter
1042 1397 1285 1461 Patrem,
1308 1408 1362 1451 et
1401 1397 1632 1463 Filium,
1686 1405 1741 1451 et
1790 1395 2051 1465 Spiritum

388 1546 391 1553 _
486 1496 730 1540 sanctum
757 1488 1018 1541 sentiatur
1047 1487 1155 1540 ulla
1182 1487 1490 1551 diversitas,
1519 1488 1624 1543 nisi
1666 1486 1809 1558 quod
1839 1486 1928 1541 Ille
1957 1485 2031 1540 Pa

487 1589 568 1631 ter
595 1588 697 1642 est,
734 1586 789 1632 et
817 1579 905 1632 hic
940 1577 1107 1633 Filius
1141 1587 1253 1641 est,
1298 1588 1354 1632 et
1402 1578 1490 1633 ille
1529 1578 1763 1648 Spiritus
1810 1585 2049 1633 sanctus.

486 1668 725 1723 Trinitas
749 1669 893 1733 enim
918 1668 969 1723 in
992 1667 1406 1723 subsistentibus
1427 1669 1691 1738 personis,
1720 1669 1898 1723 unitas
1925 1682 2055 1723 vero

2149 505 2204 549 ct
2231 504 2554 559 moreretur,
2570 504 2729 563 atque
2744 506 3319 568 resurgeret,congrua
3342 496 3498 549 saluti
3525 504 3721 549 nostrm

2150 585 2376 639 dicendo
2410 596 2465 638 et
2496 585 2763 647 faciendo,
2810 587 3064 655 patiendo
3088 582 3163 641 'et
3189 570 3525 650 sustinendo,
3571 586 3726 639 ﬁeret

2150 678 2746 731 deorsum‘hmninihus
2781 678 3085 746 exemplum
3138 679 3414 739 redeundi,
3469 680 3559 748 qui
3603 694 3722 731 sur—

2150 784 2267 821 sum
2302 778 2385 821 est
2427 768 2633 838 angelis
2667 770 2972 837 (-xetnplum
3027 769 3295 823 manendi.
3348 772 3423 822 Ac
3473 784 3569 836 per
3599 769 3722 830 hor,

2150 875 2272 912 cum
2305 859 2461 911 rebus
2489 858 2705 911 aeternis
2752 858 3226 926 contemplantium
3254 860 3454 911 veritas
3484 857 3725 929 perii-uae

2152 958 2254 1004 tur.
2291 950 2450 1002 rebus
2478 957 2656 1001 autem
2706 948 2841 1001 ortis
2891 950 3021 1002 lides
3061 950 3396 1003 credentium
3445 949 3723 1010 debeatur,

2149 1048 2406 1107 purgatur
2439 1040 2600 1092 homo
2647 1053 2744 1107 per
2792 1055 2971 1091 rerum
3018 1039 3388 1108 temporalium
3426 1039 3612 1097 ﬁdem.
3667 1049 3725 1093 ut

2149 1138 2473 1183 aeternarum
2504 1131 2768 1199 percipiat
2792 1131 3097 1184 veritatem.

2221 1219 2355 1274 Xlll.
2400 1222 2479 1273 Ad
2502 1221 2616 1275 hzec
2641 1230 2821 1274 autem
2854 1221 3112 1283 docenda,
3146 1220 3265 1289 quis
3298 1220 3434 1275 alius
3464 1228 3571 1274 tam
3607 1219 3723 1273 ido-

2154 1310 2324 1364 neus?
2360 1310 2617 1364 Dominus
2649 1321 2833 1365 noster
2873 1311 3030 1365 Jesus
3057 1312 3303 1365 Christus
3356 1313 3407 1365 in
3440 1328 3505 1365 eo
3562 1311 3718 1383 ἠῢ]

2152 1398 2294 1467 quod
2318 1399 2487 1451 virtus
2509 1409 2562 1452 et
2588 1401 2850 1468 sapientia
2887 1401 2978 1455 Dei
3015 1410 3119 1464 est,
3147 1401 3217 1454 de
3239 1399 3399 1455 Patre
3433 1411 3559 1455 ante
3587 1412 3725 1456 tem-

2154 1505 2282 1559 pora
2317 1498 2475 1544 natus
2504 1498 2608 1547 est.
2652 1491 2758 1545 imo
2789 1506 3001 1559 semper
3047 1500 3223 1553 natus,
3267 1492 3391 1559 quia
3433 1507 3530 1544 nec
3560 1491 3723 1559 empit

2153 1580 2321 1642 nasci,
2376 1596 2475 1633 nec
2529 1580 2746 1634 desinit.
2788 1580 2903 1633 Non
2961 1589 3140 1634 autem
3194 1597 3478 1651 possumus
3520 1582 3722 1645 dicere,

2154 1683 2367 1738 semper
2399 1671 2660 1733 nascitur,
2716 1686 2783 1725 ne
2815 1672 3162 1739 imperfectus
3196 1687 3315 1725 esse
3343 1672 3607 1726 videatur.
3662 1673 3733 1726 Λι

486 1762 540 1815 in
567 1769 775 1813 natura.
805 1758 871 1812 Et
896 1759 1015 1812 ideo
1035 1772 1173 1811 unus
1192 1766 1276 1812 cst
1304 1758 1464 1822 Deus,
1496 1773 1657 1828 quem
1687 1759 1759 1813 ita
1783 1758 1837 1812 in
1865 1766 2051 1812 sancta
2086 1751 2128 1809 Β
2157 1773 2285 1814 vero
2318 1768 2377 1813 ut
2425 1769 2658 1814 :eternus
2690 1762 2958 1831 designari
2994 1762 3170 1815 valeat
3223 1770 3279 1815 et
3329 1761 3598 1830 perii-ctus
3620 1804 3635 1825 ,
3678 1773 3732 1815 et

487 1847 748 1904 Trinitatc
793 1848 1096 1921 dividimus,
1126 1856 1189 1901 ut
1232 1848 1287 1901 in
1311 1848 1526 1902 homine
1556 1865 1663 1903 uno
1704 1849 1931 1903 dicimus
1961 1848 2057 1901 ha-

488 1938 602 1991 beri
634 1937 929 2008 ingenium,
958 1937 1271 2007 memoriam
1313 1946 1369 1992 et
1422 1937 1771 1992 intellectum.
1810 1937 1943 1992 Nam
1971 1938 2056 1991 in-

488 2030 645 2100 genio
677 2030 978 2084 invenimus
1009 2028 1153 2099 quod
1201 2028 1506 2093 didicimus,
1553 2029 1810 2084 memoria
1859 2028 2058 2083 retine-

489 2136 609 2175 mus
640 2121 781 2189 quod
825 2121 1099 2185 docemur,
1135 2120 1403 2176 intellectu
1441 2120 1769 2175 advertimus
1802 2118 2059 2187 quidquid

418 2276 421 2277 ν
490 2212 647 2266 nobis
680 2210 763 2265 vel
816 2208 1001 2265 videre
1047 2211 1333 2281 contigerit
1370 2210 1453 2265 vel
1493 2210 1699 2265 audire.
1732 2208 2059 2275 Quid,mo.‘o

397 2321 406 2327 ·
491 2298 784 2355 faciemus?
824 2296 1075 2370 Nunquid
1122 2316 1231 2355 non
1257 2302 1360 2355 tria
1395 2301 1497 2355 ista
1542 2314 1647 2353 una
1696 2300 1956 2367 sapientia
2004 2299 2058 2351 in

491 2371 708 2451 homine
729 2390 995 2460 possidet?
1037 2389 1093 2444 Si
1116 2404 1245 2460 ergo
1266 2390 1426 2445 homo
1456 2390 1511 2443 in
1539 2405 1643 2443 una
1668 2390 1927 2459 sapientia
1958 2389 2056 2442 tri-

492 2495 617 2534 num
664 2480 898 2549 possilet
926 2494 1141 2545 nomen,
1181 2480 1451 2550 quomodo
1490 2494 1595 2532 nou
1630 2480 1771 2533 Deus
1815 2479 2060 2547 omnipo—

495 2579 612 2624 tens
630 2570 681 2622 in
704 2585 807 2623 una
831 2568 1112 2623 divinitate
1136 2585 1231 2623 sua
1275 2569 1557 2623 Trinitatis
1580 2569 1787 2623 obtinet
1813 2567 2064 2636 majesta-

493 2657 637 2710 tcm?
662 2654 719 2709 Si
748 2657 909 2727 igitur
943 2658 1313 2712 transitorium
1344 2657 1563 2712 verbum
1588 2657 1698 2711 oris
1726 2657 1911 2718 nostri,
1934 2671 2057 2709 eum

492 2744 779 2815 loquimur,
806 2746 1047 2815 pervenit
1075 2747 1143 2800 ad
1170 2761 1359 2800 omnes
1386 2754 1553 2800 totum
1574 2785 1589 2809 ,
1632 2754 1689 2799 et
1717 2745 1783 2797 ad
1822 2745 2059 2813 singulos

494 2845 685 2900 totum,
716 2849 903 2891 omnes
932 2836 1148 2902 habent,
1177 2845 1233 2890 et
1263 2851 1451 2891 omnes
1474 2844 1644 2904 totum
1673 2852 1686 2887 :
1715 2837 1953 2906 procedit
1991 2835 2059 2889 ad

494 2925 731 2997 singulos
776 2927 1127 3004 audientium,
1175 2934 1229 2981 et
1267 2942 1371 2980 non
1418 2926 1620 2980 recedit
1644 2927 1713 2980 ab
1745 2941 1810 2980 eo
1851 2926 1940 2994 qui
1985 2925 2062 2980 lo-

497 3015 718 3085 quitur;
783 3016 984 3069 habent
1038 3015 1254 3079 cmteri,
1311 3023 1367 3068 et
1423 3015 1537 3083 ipse
1590 3014 1723 3068 nihil
1782 3015 2055 3083 perdidit;

2158 1865 2361 1917 semper
2384 1849 2627 1903 dicamus
2653 1860 2706 1903 et
2742 1861 2916 1915 natus,
2949 1860 3204 1919 quatinus
3242 1859 3296 1903 (ιι
3333 1861 3486 1904 natus
3517 1852 3582 1904 al
3610 1868 3732 1920 per-

2158 1938 2443 1994 fectioncm
2486 1940 2771 2008 pertineat,
2801 1949 2855 1993 et
2881 1956 3081 2009 semper
3110 1942 3177 1994 ad
3225 1942 3579 1995 mtcrnitatem
3606 1982 3623 2006 ,
3672 1951 3732 1996 ut

2158 2045 2478 2098 quocunque
2510 2045 2596 2083 mo
2618 2031 2667 2081 io
2699 2030 2786 2082 illa
2827 2030 3058 2084 essentia
3094 2030 3208 2084 sine
3236 2038 3493 2099 tempore,
3530 2038 3730 2099 tempo-

2159 2119 2256 2172 rali
2282 2119 2456 2173 valeat
2491 2118 2758 2187 designari
2790 2132 3058 2172 sermone.
3104 2117 3359 2185 Quamvis
3402 2118 3502 2189 hoc
3533 2119 3729 2188 ipsum,

2157 2211 2300 2278 quod
2334 2207 2627 2276 perfectum
2656 2207 2907 2271 dicimus,
2938 2208 3162 2261 multum
3198 2208 3267 2261 ab
3310 2209 3451 2261 illius
3488 2210 3733 2264 veritatis

2156 2299 2507 2368 expressione
2565 2300 2944 2362 deveniamus,
2995 2299 3120 2366 quia
3177 2299 3318 2367 quod
3377 2298 3575 2353 factum
3626 2316 3731 2355 non

2157 2396 2261 2451 est,
2295 2403 2399 2441 non
2427 2396 2603 2456 potest
2632 2387 2734 2441 dici
2770 2386 3087 2455 perfectum,
3112 2395 3169 2440 et
3199 2394 3378 2440 tamen
3402 2387 3732 2442 inﬁrmitatis

2158 2486 2356 2530 nostra:
2397 2476 2572 2529 verbis
2617 2475 2875 2529 Dominus
2908 2476 3342 2529 condescendens
3391 2476 3503 2528 ait:
3545 2475 3726 2528 Estote

2158 2566 2390 2635 perfecti.
2429 2567 2561 2618 sicut
2602 2575 2649 2618 et
2705 2565 2867 2618 Pater
2902 2575 3070 2618 vester
3115 2564 3331 2619 cwlestis
3367 2565 3624 2634 perfectus
3656 2574 3731 2620 est

2160 2654 2376 2724 (.llatth.
2400 2670 2456 2718 v,
2481 2653 2594 2723 48).
2619 2653 2675 2706 1η
2705 2654 2794 2707 illa
2816 2655 2998 2723 itaque
3021 2653 3301 2706 nativitate
3326 2654 3505 2707 divina
3531 2652 3600 2706 ab
3634 2654 3734 2706 hn-

2159 2761 2319 2799 mano
2365 2760 2561 2814 genere
2601 2748 2850 2817 cognosci
2888 2763 2993 2800 non
3024 2754 3259 2816 poterat,
3290 2747 3515 2816 proinde
3544 2748 3598 2801 in
3634 2748 3733 2802 hu-

2162 2836 2443 2890 militatem
2466 2837 2633 2900 venit,
2658 2845 2717 2891 ut
2747 2838 3018 2892 videretur
3057 2857 3068 2891 :
3110 2838 3282 2893 videri
3308 2838 3495 2902 voluit,
3522 2847 3581 2892 ut
3623 2839 3737 2892 imi-

2164 2934 2389 2980 taretur.
2441 2926 2569 2993 Qua:
2627 2928 2806 2981 carnis
2863 2929 3118 2983 nativitas
3178 2930 3426 2999 despecta
3485 2930 3600 2983 visa
3653 2939 3737 2984 est

2164 3018 2493 3086 sapientibus
2521 3020 2726 3072 mundi.
2760 3019 3208 3088 Contempserunt
3260 3036 3489 3089 namque
3522 3021 3732 3075 inﬁrma

496 3082 744 3160 creatura
784 3113 867 3159 est
910 3104 999 3173 qui
1028 3104 1283 3172 loquitur,
1311 3082 1571 3159 creatura:
1598 3106 1688 3171 qui
1735 3082 1971 3167 audiunt,
2005 3112 2060 3156 et
2086 3082 2133 3145 (ἶ
2168 3082 2516 3159 limitanitatis
2551 3105 2686 3173 ejus,
2731 3108 2841 3160 Deo
2876 3082 2999 3161 hare
3028 3108 3244 3178 indigna
3284 3082 3605 3176 judicantes,
3646 3112 3733 3164 cui

500 3203 705 3248 tantum
728 3192 1043 3247 miraculum
1066 3191 1123 3245 ﬁt
1148 3192 1213 3245 de
1235 3191 1657 3267 verboxhominis
1674 3192 1727 3244 in
1750 3192 1930 3256 corde,
1945 3208 2059 3257 ore,

498 3291 553 3336 et
591 3296 739 3345 voce,
772 3281 824 3334 in
858 3280 1077 3335 auribus
1099 3288 1151 3333 ct
1181 3295 1341 3334 sensu
1440 3280 1563 3349 quis
1587 3289 1672 3333 est
1708 3288 1817 3334 tam
1845 3281 2062 3349 stultus,

468 3369 590 3436 _q-.ti
625 3368 830 3423 diﬁiteri
861 3366 1029 3433 malit,
1052 3382 1175 3422 cum
1200 3369 1368 3435 audit,
1398 3370 1523 3439 quia
1562 3368 1704 3424 Deus
1732 3370 1930 3440 ubique
1960 3380 2061 3438 est,

500 3466 554 3513 et
582 3459 776 3528 ubique
812 3457 995 3513 totus?

572 3549 684 3603 Xll.
715 3548 771 3603 ln
797 3550 895 3603 hac
922 3550 1064 3603 enim
1090 3547 1199 3603 vita
1228 3548 1296 3605 ad
1327 3548 1452 3604 talia
1473 3553 1731 3621 mysteria
1756 3553 1889 3609 ﬁdes
1910 3555 2070 3625 pluri-

504 3654 650 3691 mum
673 3638 831 3701 valet,
851 3637 999 3705 quia,
1023 3638 1167 3691 sicut
1186 3638 1443 3706 scriptum
1471 3649 1574 3705 est,
1597 3639 1783 3697 Justus
1798 3660 1861 3696 ea:
1875 3644 1978 3711 ﬁde
1992 3647 2068 3699 oi-

504 3726 595 3791 rit,
609 3737 654 3779 et
670 3726 797 3795 ﬁdes
811 3735 883 3779 est
903 3726 1281 3796 speraudarum
1295 3728 1584 3783 substantia
1603 3747 1775 3785 rerum
1791 3749 2068 3802 argumen—

506 3812 616 3869 tum
646 3833 747 3869 non
778 3815 1138 3885 apparentium
1166 3814 1349 3887 (IIebr.
1382 3834 1436 3883 ι,
1472 3818 1563 3890 28)
1597 3838 1609 3873 :
1643 3835 1706 3875 ac
1751 3822 1804 3876 in
1848 3822 1931 3877 his
1952 3837 2070 3893 qua:

506 3905 771 3968 videntur,
800 3906 933 3961 ﬁdes
953 3922 1056 3961 non
1091 3907 1314 3962 dicenda
1348 3916 1453 3974 est,
1475 3910 1570 3964 sed
1594 3911 1848 3981 cognitio.
1892 3912 2072 3979 Quan-

448 3986 453 3995 ”
511 4000 622 4049 tu'm
668 4006 843 4049 autem
873 3997 940 4049 ad
987 3994 1038 4049 id
1066 3997 1209 4065 quod
1254 4006 1431 4052 ortum
1460 4008 1562 4065 est,
1607 4002 1880 4056 attemitas
1910 4003 2069 4068 valet,

513 4094 714 4139 tantum
737 4084 801 4137 ad
830 4082 985 4138 ﬁdem
1015 4085 1231 4139 veritas.
1265 4085 1378 4139 Duo
1403 4086 1490 4140 illa
1517 4102 1727 4141 sursum
1748 4097 1891 4155 sunt,
1920 4098 2075 4146 aeter-

512 4174 652 4228 nitas
670 4182 725 4228 et
750 4173 949 4228 veritas
973 4190 986 4225 :
1014 4172 1121 4227 duo
1160 4173 1259 4228 ista
1286 4173 1564 4240 deorsum,
1591 4177 1734 4245 quod
1763 4186 1941 4231 ortum
1968 4186 2069 4244 est,

512 4273 566 4319 et
600 4264 746 4320 ﬁdes.
764 4263 832 4319 Ut
857 4278 987 4335 ergo
1011 4264 1079 4319 ab
1102 4263 1225 4319 imis
1248 4264 1314 4319 ad
1330 4279 1536 4319 summa
1563 4281 1895 4333 revocemur,
1913 4278 2075 4338 atque

515 4354 585 4417 id,
616 4354 755 4423 quod
780 4362 956 4407 ortum
987 4361 1088 4417 est,
1118 4354 1342 4424 recipiat
1375 4356 1750 4423 aeternitatem,
1791 4373 1887 4428 per
1916 4342 2072 4414 ﬁdem

2168 3200 2319 3249 tanto
2342 3195 2511 3264 magis
2548 3195 2708 3250 homo
2749 3197 2959 3250 debitor
2982 3196 3098 3261 fuit,
3127 3207 3328 3267 quanto
3354 3216 3451 3269 pro
3477 3200 3567 3254 illo
3592 3199 3733 3255 Deus

2166 3287 2330 3341 etiam
2353 3287 2563 3357 indigna
2585 3288 2838 3366 suscepit.
2868 3288 3003 3353 Quia
3028 3290 3166 3346 enim
3194 3307 3296 3343 non
3327 3294 3561 3361 cognovit
3585 3310 3733 3347 mun-

2167 3378 2266 3430 dus
2312 3394 2403 3447 per
2449 3377 2756 3446 sapientiam
2788 3376 2986 3443 Deum,
3037 3380 3231 3449 placuit
3276 3381 3381 3437 Deo
3439 3401 3530 3454 per
3564 3384 3737 3449 stulti—

2168 3469 2297 3521 tiam
2318 3468 2707 3537 prwdicationis
2747 3467 2915 3523 salvos
2940 3470 3114 3539 facere
3145 3472 3412 3527 credentes
3453 3473 3505 3545 (1
3538 3471 3659 3528 Cor.
3694 3491 3733 3540 ι,

2167 3560 2279 3633 2!).
2306 3558 2385 3614 Ac
2414 3560 2459 3613 si
2496 3560 2727 3621 diceret;
2772 3576 2894 3613 cum
2942 3561 3131 3627 Deum,
3172 3564 3264 3632 qui
3312 3572 3396 3618 est
3448 3565 3732 3634 sapientia,

2169 3662 2504 3718 nequaquam
2526 3661 2622 3716 per
2645 3648 2963 3717 sapientiam
2992 3666 3147 3704 suam
3189 3652 3421 3706 mundus
3450 3653 3734 3720 inveniret,

2169 3738 2368 3809 placuit
2402 3746 2461 3791 ut
2487 3737 2654 3792 Deum
2684 3740 2956 3793 hominem
3004 3730 3206 3794 factum
3252 3758 3345 3811 per
3391 3743 3740 3800 humanitatis

2171 3828 2333 3883 stulta
2353 3836 2719 3898 cognosceret,
2748 3837 3014 3898 quatenus
3039 3829 3155 3897 ejus
3180 3832 3440 3901 sapientia
3460 3834 3525 3888 ad
3555 3843 3736 3889 nostra

2174 3919 2335 3973 stulta
2395 3918 2760 3982 descenderet,
2818 3926 2872 3973 et
2921 3918 3095 3973 lucem
3147 3934 3392 3989 supernae
3441 3923 3738 3991 prudentim

2173 4010 2287 4064 luto
2334 4024 2443 4063 sua:
2491 4008 2669 4063 carnis
2704 4007 2997 4061 illuminata
3043 4017 3226 4063 nostra
3253 4011 3469 4066 caecitas
3513 4012 3738 4068 videret.

2173 4102 2344 4155 Natus
2372 4100 2535 4169 igitur
2559 4116 2626 4154 ex
2661 4100 2819 4153 Patre
2850 4099 2967 4152 sine
2993 4106 3250 4167 tempore,
3276 4115 3344 4154 ex
3388 4111 3560 4156 matre
3593 4105 3745 4160 nasci

2174 4176 2425 4259 dignatus
2463 4198 2546 4243 est
2590 4188 2642 4241 in
2690 4191 2945 4258 te'mpore,
2979 4197 3038 4241 ut
3073 4204 3170 4259 per
3217 4192 3337 4255 hoc,
3383 4193 3523 4259 quod
3563 4202 3741 4250 ortum

2176 4296 2331 4335 suum
2376 4281 2516 4333 inter
2560 4278 2770 4333 initium
2807 4279 3071 4348 ﬁnemque
3097 4280 3460 4347 concluderet,
3493 4282 3739 4341 humana:

2178 4372 2374 4427 mentis
2418 4368 2607 4435 oculis,
2645 4380 2842 4431 ortum,
2871 4372 2960 4439 qui
2989 4385 3088 4425 nec
3132 4370 3289 4426 initio
3338 4372 3595 4438 sumitur,
3645 4389 3745 4430 nec

512 4443 831 4499 veniendum
857 4455 942 4499 est
969 4446 1035 4498 ad
1065 4445 1363 4500 veritatem.
1396 4446 1475 4501 Ut‘
1488 4455 1665 4501 autem
1688 4464 1786 4517 per
1826 4449 1983 4504 ﬁdem
2008 4451 2075 4505 ad
2109 4418 2155 4478 υ
2183 4461 2287 4516 ﬁne
2320 4418 2656 4532 angustatur,
2687 4418 2939 4529 aperire‘t.
2990 4459 3153 4521 Ortm
3203 4461 3400 4533 Quippe
3451 4418 3747 4520 divinitatis

515 4533 750 4602 speciem
780 4534 997 4587 tendere
1027 4550 1122 4588 nos
1155 4535 1389 4601 doceret,
1423 4537 1566 4591 venit
1610 4540 1874 4593 mediator
1901 4539 1994 4593 Dei
2023 4549 2079 4596 et

518 4624 810 4688 hominum,
856 4624 1015 4678 homo
1050 4623 1295 4680 Christus
1323 4624 1497 4692 Jcsus,
1547 4629 1636 4697 qui
1691 4630 1837 4684 dedit
1883 4642 2081 4686 semet-

519 4716 692 4784 ipsum
731 4716 1145 4785 redemptionem
1196 4732 1294 4786 pro
1333 4717 1611 4782 omnibus,
1666 4734 1787 4773 cum
1834 4722 1904 4775 sit
1965 4723 2079 4791 ipse

518 4802 768 4860 Christus
789 4806 1047 4874 sapientia
1076 4806 1189 4871 Dei,
1214 4821 1310 4876 per
1334 4821 1494 4876 quem
1524 4816 1707 4861 creata
1727 4818 1852 4863 sunt
1873 4814 2073 4865 omnia.

518 4893 760 4964 Cumque
808 4895 966 4950 nullm
1012 4907 1217 4953 mentes
1242 4897 1547 4962 rationales,
1597 4899 1711 4954 sive
1764 4900 2077 4970 angelorum

522 4986 634 5041 sive
673 4986 968 5049 hominum,
1009 4988 1109 5041 nisi
1161 4990 1564 5058 participatione
1608 4990 1772 5060 ipsius
1810 4993 2081 5060 sapientes

523 5076 672 5141 ﬁant,
695 5075 780 5130 cui
803 5089 897 5143 per
912 5072 1170 5143 Spiritum
1193 5085 1457 5142 sanctum,
1472 5092 1570 5148 per
1583 5094 1739 5147 quem
1766 5080 2006 5137 charitas
2027 5077 2112 5137 in‘

522 5167 775 5223 cordibus
800 5163 999 5219 nostris
1027 5163 1357 5231 diﬂ'unditur,
1391 5167 1734 5231 inhmremus,
1758 5184 1877 5238 quae
1907 5170 2084 5225 Trini-

526 5260 610 5306 tas
632 5267 771 5308 unus
804 5250 945 5306 Deus
967 5260 1069 5313 est,
1101 5250 1411 5306 consultum
1442 5254 1723 5310 cstdiviua
1752 5257 2084 5325 providentia

528 5340 858 5405 mortalibus,
883 5355 1106 5410 quorum
1140 5340 1451 5410 temporalis
1474 5344 1583 5397 vita
1632 5345 1687 5399 in
1730 5346 1891 5401 rebus
1914 5348 2089 5402 orien-

529 5426 672 5482 tibus
704 5438 757 5484 et
780 5430 1149 5485 occidentibus
1181 5438 1439 5498 occupata
1488 5433 1787 5499 tenebatur,
1814 5442 1872 5488 ut
1900 5436 2087 5491 eadem

532 5518 645 5587 ipsa
670 5519 760 5573 Dei
788 5520 1066 5587 sapientia,
1100 5521 1166 5577 ad
1189 5520 1449 5576 unitatem
1471 5536 1713 5591 persona:
1744 5539 1852 5581 sua:
1875 5528 2089 5584 homine

607 5642 631 5669 ι
656 5614 919 5699 Pelagius.

2182 4552 2296 4619 ejus
2327 4561 2453 4606 ante
2480 4559 2533 4604 et
2559 4558 2681 4619 post
2714 4566 2819 4604 non
2866 4552 3047 4617 habet,
3097 4553 3181 4610 cui
3208 4554 3332 4610 dum
3377 4569 3591 4626 semper
3630 4570 3748 4611 esse

2182 4648 2265 4694 est
2287 4653 2384 4707 per
2424 4638 2801 4702 :eteruitatem,
2831 4638 2957 4691 dum
3004 4654 3185 4703 omne,
3216 4641 3356 4709 quod
3391 4641 3609 4709 labitur,
3650 4644 3749 4699 cir-

2183 4728 2532 4792 cumscribit;
2562 4728 2705 4782 intra
2750 4729 3095 4799 semetipsum
3126 4738 3423 4801 temporum
3476 4734 3751 4793 discursus

2182 4819 2401 4875 claudit.
2428 4818 2590 4875 Ortus
2619 4833 2744 4873 vero
2771 4819 3122 4876 humanitatis
3147 4822 3264 4892 ejus
3282 4863 3297 4888 ,
3332 4825 3456 4893 quia
3478 4835 3533 4880 et
3564 4828 3747 4896 etrapit,

2184 4916 2241 4963 et
2270 4909 2457 4974 desiit,
2484 4918 2539 4964 et
2564 4917 2689 4963 ante
2717 4917 2771 4963 et
2791 4918 2912 4977 post
2938 4910 3134 4965 habere
3157 4927 3186 4965 a
3219 4919 3457 4982 tempore
3486 4916 3707 4983 accepit.

2257 4999 2394 5055 XIV.
2449 5017 2468 5050 ι
2499 5011 2525 5041 ι
2570 5001 2626 5053 ιιι
2658 4986 2763 5055 ﬁne
2796 5002 2938 5054 enim
2973 5001 3289 5057 surculorum
3330 5003 3623 5072 perfectum
3654 5019 3748 5058 na-

2187 5098 2321 5143 turae
2343 5098 2539 5143 nostrae
2556 5090 2833 5143 hominem
2862 5105 2923 5144 ex
2958 5089 3119 5143 Maria
3152 5105 3365 5159 semper
3394 5092 3599 5160 virgine
3631 5107 3749 5147 sus-

2187 5180 2350 5249 cepit,
2376 5188 2432 5231 et
2458 5179 2692 5233 Verbum
2721 5178 2919 5234 factum
2950 5190 3035 5234 est
3059 5193 3207 5241 caro,
3238 5182 3555 5234 assumendo
3580 5181 3749 5235 homi-

2186 5282 2330 5331 nem,
2368 5283 2473 5320 non
2514 5270 2867 5335 permutando
2898 5268 3250 5331 divinitatem,
3287 5288 3306 5320 ο
3348 5269 3751 5339 superveniente

2190 5357 2242 5409 in
2272 5356 2426 5410 beata
2472 5356 2688 5424 Virgine
2718 5356 2923 5427 Spiritu
2954 5365 3165 5422 sancto,
3204 5365 3365 5425 atque
3397 5359 3754 5413 obumbrante

2189 5444 2238 5498 ei
2266 5445 2464 5498 virtute
2504 5444 2783 5501 Altissimi.
2820 5466 2838 5497 ι
2872 5445 2987 5501 Non
3019 5457 3217 5511 autem,
3246 5456 3306 5500 ut
3344 5448 3558 5515 quidam
3588 5448 3751 5502 scele-

2190 5534 2443 5591 ratissimi
2463 5536 2770 5609 opinantur,
2802 5548 3046 5594 sanctum
3071 5538 3327 5606 Spiritum
3344 5539 3569 5594 dicimus
3590 5538 3753 5595 fuisse
