4254 6218
646 292 789 349 1063

1440 284 1500 337 n.
1539 282 1601 337 ιτ.
1630 278 1853 335 ALBINI
1890 277 2019 333 seu
2050 271 2333 329 ‘ALCUINI
2370 270 2652 328 omnum
2688 270 2867 328 rans
2904 237 3043 328 rm.

3731 272 3869 329 ίοδι

646 422 749 482 pro
785 404 1006 467 semine,
1047 401 1139 455 sed
1168 398 1405 469 potentia
1443 412 1505 452 ac
1534 398 1729 451 virtute
1759 393 2030 450 Creatoris
2072 404 2198 458 ope—
2227 394 2272 450 Α
2302 401 2400 440 nec
2429 384 2697 439 hominem
2735 395 2919 439 tenere
2946 386 3254 437 credantur.
3289 382 3395 437 Nos
3425 396 3602 438 autem
3636 384 3705 437 it:.
3736 384 3872 439 dici-

649 509 843 555 ratum.
876 517 893 547 ι
927 494 1195 561 Scriptum
1226 499 1342 545 est:
1372 488 1646 560 Sapientia
1688 488 1961 555 a’diﬁcarit
1989 486 2086 539 sibi
2114 486 2208 538 do-

649 604 792 644 mum
821 582 999 656 (Prov.
1031 600 1103 645 ix,
1138 583 1211 651 l),
1243 583 1295 636 id
1317 590 1418 642 est,
1463 586 1676 634 carnem
1705 580 1758 631 in
1790 587 1941 631 utero
1971 576 2209 645 Virginis

653 674 878 737 crearit,
930 668 1406 726 animarationali
1456 668 1767 721 auimatam.
1820 664 1970 719 Unde
2015 662 2209 715 merito

653 764 926 834 qumritur,
959 776 1079 814 cum
1107 773 1267 828 opera
1299 758 1463 811 totius
1493 754 1774 809 Trinitatis
1800 754 1907 807 sint
1937 752 2210 818 insepara-

654 856 777 909 hilia
799 869 895 907 cur
925 852 1250 905 creationem
1276 848 1453 902 carnis
1474 846 1618 901 solus
1644 852 1892 914 operatus
1920 856 2039 896 esse
2062 840 2212 893 dica-

653 956 742 998 tur
783 942 1017 1011 Spiritus
1046 938 1306 992 sanctus?
1338 937 1444 991 Sed
1472 937 1595 1006 quia
1627 933 1985 990 sanctiﬁcatio
2016 930 2074 984 ﬁt
2114 945 2212 999 per

656 1032 929 1102 Spiritum.
957 1037 1009 1081 et
1039 1029 1175 1081 idem
1203 1025 1440 1095 Spiritus
1467 1025 1545 1079 sic
1566 1034 1651 1077 est
1678 1025 1837 1085 Deus,
1862 1030 1921 1075 ut
1950 1022 2021 1075 sit
2047 1020 2211 1075 etiam

656 1114 850 1175 donum
884 1120 998 1183 Dei,
1036 1117 1238 1171 idcirco
1265 1114 1498 1185 Spiritus
1535 1122 1752 1168 sanctus
1778 1113 1971 1166 dicitur
1994 1125 2211 1165 carnem

655 1190 852 1263 Christi
899 1224 952 1261 in
999 1216 1152 1261 utero
1190 1203 1424 1274 Virginis
1469 1219 1703 1259 creasse.
1754 1210 1814 1256 ut
1856 1202 2215 1271 intelligamus

654 1310 775 1353 eam
800 1298 1221 1351 sanctiﬁcatione
1250 1295 1443 1349 divina)
1475 1296 1660 1365 grati-.e
1686 1305 1781 1361 per
1809 1292 2005 1347 donum
2037 1291 2213 1359 Spiri-

656 1396 743 1443 tus
784 1388 955 1441 saucti
998 1388 1083 1440 ita
1101 1394 1358 1450 creatam,
1398 1392 1457 1438 ut
1500 1393 1555 1439 et
1601 1385 1838 1441 divinum
1872 1391 2015 1437 esset
2059 1398 2213 1454 opus,

660 1487 719 1532 ut
747 1480 798 1530 in
827 1476 1029 1529 unitate
1059 1490 1298 1543 persona:
1323 1474 1461 1528 unici
1492 1473 1608 1527 Filii
1635 1473 1726 1525 Dei
1752 1473 1950 1541 absque
1974 1470 2080 1525 ulla
2107 1471 2218 1525 ori-

659 1565 851 1635 ginalis
900 1559 1107 1634 peccati
1157 1563 1317 1617 sorde
1348 1562 1419 1615 ita
1452 1562 1522 1616 sit
1551 1570 1843 1630 assumpta,
1888 1570 1946 1614 ut
1990 1576 2055 1613 ex
2100 1560 2215 1629 ipsa

659 1656 1008 1727 conceptione
1051 1656 1403 1719 sancxiﬁcata,
1444 1664 1497 1709 et
1524 1655 1618 1708 Dei
1647 1657 1812 1708 verbo
1850 1652 2216 1707 substantiali-

661 1756 743 1801 ter
764 1748 929 1808 unita,
958 1745 1159 1799 nullum
1174 1755 1355 1814 posset
1383 1745 1633 1812 deinceps
1662 1744 1900 1812 recipere
1913 1750 2212 1810 peccatum.

662 1836 729 1890 Et
774 1837 826 1890 in
868 1844 1068 1889 tantum
1114 1834 1444 1890 sanctiﬁcata
1485 1842 1588 1897 est,
1617 1842 1672 1887 et
1696 1834 1871 1887 divina
1900 1848 2026 1887 caro
2058 1832 2215 1895 facta,

661 1938 722 1984 ut
749 1946 850 1985 non
882 1930 1050 1984 solum
1091 1930 1203 1998 ipse
1232 1936 1506 1998 peccatum
1534 1928 1735 1982 habere
1762 1942 1867 1980 non
1897 1934 2098 1996 posset,
2130 1940 2221 1979 re—

663 2034 781 2082 rum
802 2006 963 2072 etiam
988 2020 1038 2072 in
1059 2019 1176 2073 aliis
1197 2028 1415 2088 peccata
1436 2034 1665 2088 purgare
1692 2017 2060 2072 efﬁcacissime
2072 2017 2218 2071 vale-

665 2118 766 2164 ret.
796 2109 925 2163 Nam
956 2111 1132 2164 caeteri
1162 2111 1404 2164 homines
1444 2110 1510 2164 ad
1548 2110 1649 2163 hoc
1688 2108 2113 2172 sanctiﬁcantur,
2163 2116 2223 2161 ut

664 2186 897 2269 peccatis
950 2206 1185 2253 careant.
1238 2198 1408 2253 llomo
1451 2208 1630 2252 autem
1678 2197 2119 2265 illeVDominieus
2156 2196 2221 2250 ad

663 2287 765 2344 hoc
796 2289 1156 2343 sanctiﬁcatus
1184 2297 1285 2351 est,
1312 2296 1371 2341 ut
1400 2300 1677 2358 peccatum
1708 2285 1855 2341 nullo
1886 2286 2043 2341 modo
2076 2286 2128 2340 in
2163 2300 2220 2339 se

665 2380 947 2448 recipiens,
989 2387 1299 2447 peccatores
1335 2391 1401 2431 ex
1430 2377 1665 2447 potentia
1694 2375 1990 2429 divinitatis
2026 2373 2222 2441 justiﬁ-

664 2475 832 2523 earet.
878 2466 1045 2521 Natus
1091 2480 1321 2536 namque
1350 2473 1435 2520 est
1482 2467 1545 2520 de
1575 2462 1777 2535 Spiritu
1819 2473 2004 2519 saneto
2050 2471 2102 2519 et
2155 2478 2221 2517 ex

669 2556 832 2611 Maria
877 2557 1115 2625 virgine:
1145 2557 1237 2611 sed
1267 2556 1332 2610 de
1361 2555 1562 2625 Spiritu
1590 2562 1777 2609 sancto
1808 2570 1911 2607 non
1940 2554 2018 2607 sic
2064 2561 2223 2607 natus

668 2654 771 2708 est,
803 2654 1053 2712 tanquam
1080 2662 1200 2699 eum
1234 2647 1427 2700 habeat
1454 2645 1668 2699 Patrem
1694 2663 1708 2709 ;
1741 2646 1806 2699 de
1844 2645 2061 2713 Virgine
2090 2658 2220 2697 vero

670 2734 835 2788 Maria
870 2735 949 2790 sic
990 2745 1147 2789 natus
1196 2744 1296 2798 est,
1329 2744 1388 2789 ut
1429 2751 1547 2789 eam
1592 2736 1815 2789 haberet
1850 2744 2099 2787 matrem.
2150 2732 2225 2785 De

672 2824 873 2893 Spiritu
911 2834 1113 2886 saneto,
1160 2828 1470 2879 secundum
1496 2824 1763 2877 hominem
1796 2824 1874 2876 sic
1920 2831 2075 2875 natas
2120 2828 2222 2883 est,

671 2924 854 2968 utnon
893 2914 959 2968 de
994 2914 1193 2982 Spiritu
1246 2916 1823 2969 sanctosuhstantiam
1876 2913 2109 2978 habeat;
2159 2913 2224 2967 de

671 3016 841 3061 matre
870 3022 997 3060 vero
1028 3016 1204 3069 natus,
1236 3023 1301 3061 ex
1339 3006 1454 3075 ejus
1482 3008 1776 3063 substantia
1809 3010 2013 3078 accepit
2046 3008 2226 3062 carnis
2251 3035 2295 3097 ο

673 3097 1045 3162 substantiam,
1077 3098 1178 3153 hoc
1203 3108 1301 3160 est,
1336 3100 1399 3153 de
1416 3116 1639 3168 corpore
1662 3100 1894 3169 Virginis
1922 3101 2083 3153 traxit
2104 3115 2225 3169 pro-

672 3187 846 3255 prium
893 3202 1105 3255 corpus,
1148 3196 1207 3240 ut
1244 3188 1382 3241 sicut
1426 3190 1479 3241 in
1510 3190 1785 3243 divinitate
1832 3200 1947 3242 erat
1994 3192 2223 3244 consubo

675 3274 939 3327 stantialis
969 3274 1136 3337 Patri,
1174 3275 1245 3326 ita
1269 3276 1319 3327 in
1341 3275 1668 3329 humanitate
1697 3276 1846 3330 ﬁeret
1874 3264 2227 3331 consubstan-

676 3363 815 3417 tialis
851 3363 1026 3429 Matri,
1059 3375 1119 3419 ut
1147 3367 1692 3437 incomprehensibilis
1720 3376 1773 3419 et
1816 3359 2096 3421 invisibilis
2126 3367 2223 3419 ha-

675 3452 846 3516 beret,
887 3454 939 3507 in
978 3470 1083 3523 quo
1116 3457 1387 3509 videretur
1411 3465 1465 3509 et
1488 3456 2046 3524 comprehenderetur.

744 3545 859 3599 XV.
920 3564 938 3596 (
981 3559 1003 3584 α
1036 3546 1157 3600 Ideo
1204 3547 1281 3599 sic
1332 3546 1649 3599 confitemur
1704 3546 1761 3599 in
1806 3546 2017 3600 Christo
2064 3562 2225 3599 unam

674 3634 795 3689 Filii
833 3652 949 3691 esse
984 3652 1287 3705 personam,
1320 3646 1377 3689 ut
1400 3639 1639 3691 dicamus
1668 3637 1797 3691 duas
1826 3636 2108 3705 perfectas,
2141 3645 2223 3689 at-

677 3740 780 3794 que
829 3725 1058 3793 integras
1108 3742 1227 3780 esse
1273 3727 1617 3789 substantias,
1671 3726 1718 3779 id
1759 3734 1859 3789 est,
1904 3728 2123 3781 Deitatis
2173 3735 2228 3781 et

678 3815 1045 3877 humanitatis,
1089 3831 1207 3883 qua:
1248 3831 1310 3867 ex
1344 3817 1519 3869 anima
1553 3816 1857 3869 continetur
1886 3825 1937 3868 et
1983 3832 2222 3883 corpore.

678 3903 850 3973 Atque
888 3912 943 3956 ut
971 3904 1381 3956 condemnamus
1401 3903 1702 3966 Photinum,
1737 3904 1824 3971 qui
1853 3905 2020 3958 solum
2048 3914 2103 3957 et
2131 3920 2226 3956 nu-

680 3992 802 4043 dum
841 3990 1106 4043 hominem
1138 3993 1421 4043 confitetur
1468 3992 1519 4044 in
1557 3992 1791 4055 Christo,
1821 3993 1892 4045 ita
1924 3993 2229 4045 anathema-

681 4082 908 4134 tizamus
953 4081 1332 4149 Apollinarem,
1380 4090 1434 4135 et
1476 4081 1589 4149 ejus
1644 4083 1863 4146 similes,
1915 4084 2005 4151 qui
2046 4084 2228 4137 dicunt

682 4169 774 4222 Dei
805 4169 995 4221 Filium
1027 4171 1200 4222 minus
1238 4170 1437 4238 aliquid
1460 4172 1523 4223 de
1560 4172 1789 4233 humana
1816 4174 2110 4239 suscepisse
2135 4188 2227 4225 na-

683 4269 916 4315 turazet
958 4261 1040 4314 vel
1066 4263 1115 4314 in
1147 4277 1326 4325 carne,
1360 4261 1441 4316 vel
1488 4262 1539 4315 in
1584 4264 1781 4326 anima,
1834 4264 1916 4317 vel
1959 4265 2008 4317 in
2064 4280 2223 4319 sensu

2307 491 2425 529 mus
2456 485 2760 543 susceptum
2785 490 2812 527 a
2842 475 2934 527 Dei
2964 474 3102 527 Filio
3122 474 3373 542 passibile
3400 482 3662 538 nostrum,
3691 483 3749 528 ut
3777 475 3870 529 Dei

2308 576 2487 621 tamen
2539 546 2865 635 impossibile
2912 574 3269 635 permaneret.
3328 565 3527 620 Passus
3576 566 3719 620 enim
3774 566 3871 621 Dei

2310 653 2474 709 Filius
2498 669 2601 707 non
2632 656 2888 722 putative,
2924 655 3018 709 sed
3047 670 3172 708 vere
3198 655 3399 719 omnia,
3439 670 3556 723 qua:
3592 654 3872 726 Scriptura

2312 756 2560 812 testatur,
2593 748 2644 800 id
2668 755 2772 811 est,
2803 748 3058 811 esuriem,
3104 748 3267 811 sitim,
3301 746 3692 811 lassitudinem,
3724 748 3873 802 dolo-

2310 854 2448 901 rem,
2480 847 2733 901 mortem,
2761 847 2813 891 et
2842 846 3033 892 uetera
3069 836 3391 905 hujusmodi.
3423 838 3727 893 Secundum
3743 835 3873 892 illud

2311 941 2501 995 passus
2527 938 2629 991 est,
2664 929 2805 997 quod
2833 927 2943 997 pati
2973 936 3204 998 poterat,
3238 924 3288 983 id
3314 936 3418 993 est,
3446 944 3551 982 non
3580 929 3871 986 secundum

2309 1016 2456 1077 illam
2494 1018 2848 1071 substantiam
2878 1032 2997 1086 quas
3023 1019 3327 1087 assumpsit,
3357 1019 3448 1073 sed
3480 1019 3770 1073 secundum
3813 1014 3877 1073 il-

2312 1104 2418 1158 lam
2453 1120 2572 1174 quaa
2594 1116 2865 1176 assumpta
2893 1114 2993 1159 est.
3025 1105 3141 1175 Ipse
3180 1107 3322 1177 enim
3349 1104 3443 1161 Dei
3476 1105 3642 1161 Filius
3686 1122 3875 1161 secun-

2314 1196 2441 1251 dum
2475 1197 2738 1251 Deitatem
2776 1211 2927 1251 suam
2959 1197 3302 1265 impassibilis
3340 1206 3398 1251 ut
3426 1196 3604 1263 Pater,
3637 1197 3877 1252 invisibi-

2312 1286 2381 1340 lis
2421 1295 2481 1341 ut
2526 1285 2708 1351 Pater,
2736 1271 3260 1361 inconvertibilisiut
3296 1288 3476 1343 Pater.
3516 1290 3585 1343 Et
3633 1290 3879 1359 quamvis

2314 1394 2539 1449 persona
2589 1378 2709 1433 Filii
2744 1379 2983 1449 propria,
3027 1378 3078 1432 id
3104 1388 3206 1443 est,
3238 1378 3332 1433 Dei
3363 1380 3614 1443 Verbum,
3646 1380 3880 1449 suscepit

2316 1469 2620 1539 passibilem
2643 1469 2932 1533 hominem,
2958 1470 3031 1523 ita
3070 1478 3244 1523 tamen
3276 1464 3391 1537 ejus
3424 1467 3751 1525 habitatione
3794 1486 3881 1527 se-

2317 1558 2547 1621 cundum
2578 1573 2729 1613 suam
2763 1558 3117 1612 substantiam
3156 1557 3340 1612 Deitas
3377 1559 3525 1614 verbi
3554 1559 3685 1613 nihil
3721 1576 3878 1630 passa

2317 1659 2420 1714 est,
2446 1657 2504 1703 ut
2532 1658 2638 1704 tota
2667 1648 2924 1715 Trinitas,
2952 1666 3112 1720 quam
3140 1651 3519 1719 impassibilem
3552 1666 3769 1707 necesse
3794 1652 3891 1708 est'

2321 1742 2584 1797 conﬁteri.
2626 1742 2869 1799 Mortuus
2904 1752 2987 1797 est
3032 1744 3126 1798 Dei
3170 1741 3335 1798 Filius
3372 1746 3662 1799 secundum
3701 1742 3881 1818 Scrip-

2320 1840 2490 1897 turas,
2516 1833 2667 1903 juxta
2708 1834 2782 1897 id,
2813 1833 2955 1904 quod
2994 1832 3130 1889 mori
3160 1844 3387 1904 p0terat.
3416 1837 3733 1891 llesurrexit
3774 1846 3881 1892 ter-

2319 1922 2391 1976 tia
2440 1923 2542 1987 die,
2584 1925 2824 1980 ascendit
2858 1924 2924 1978 ad
2967 1924 3153 1991 malos,
3189 1927 3337 1995 sedet
3366 1928 3430 1982 ad
3460 1926 3737 1984 dexteram
3785 1928 3881 1983 Dei

2319 2014 2516 2079 Patris,
2565 2028 2817 2070 manente
2870 2030 2931 2069 ea
2991 2022 3181 2070 natura
3234 2012 3435 2083 carnis,
3492 2018 3543 2071 in
3587 2034 3692 2089 qua
3726 2026 3883 2073 natus

2318 2102 2478 2175 402
2523 2112 2577 2157 ει
2606 2119 2795 2173 passus
2830 2112 2933 2169 est,
2974 2106 3027 2159 in
3062 2119 3168 2175 qua
3214 2106 3373 2159 etiam
3405 2108 3720 2161 resurrexit.
3763 2106 3905 2165 Non.

2319 2186 2460 2245 enim
2508 2192 2781 2247 exinanita
2823 2201 2907 2249 est
2953 2195 3005 2248 in
3048 2208 3121 2250 eo
3158 2195 3510 2252 humanitatis
3558 2198 3881 2265 substantia,

2320 2281 2411 2336 sed
2438 2280 2755 2351 gloriﬁcata,
2782 2293 2837 2339 et
2862 2285 2915 2339 in
2946 2291 3203 2340 aeternum
3222 2301 3342 2341 cum
3369 2280 3574 2342 Deitate
3604 2300 3879 2344 mansura.

2392 2372 2527 2427 XVI.
2579 2373 2811 2444 Accepta
2836 2389 2965 2443 ergo
3015 2391 3043 2429 a
3091 2374 3248 2431 Patre
3304 2378 3543 2432 omnium
3594 2386 3881 2447 potestate,

2323 2476 2441 2529 quae
2468 2462 2521 2515 in
2546 2463 2685 2517 coalo
2715 2473 2860 2527 sunt,
2896 2473 2949 2517 et
2984 2480 3102 2533 qua:
3131 2465 3183 2518 in
3216 2472 3380 2530 terra,
3415 2474 3670 2520 venturus
3709 2467 3883 2523 estad

2316 2545 2577 2614 judicium
2606 2553 2849 2606 vivorum
2875 2568 2938 2607 ac
2958 2562 3308 2619 mortuorum,
3340 2563 3397 2608 ut
3425 2566 3475 2609 et
3501 2554 3674 2624 justos
3711 2570 3885 2611 remu-

2325 2645 2478 2690 neret
2522 2646 2575 2691 et
2622 2642 2806 2708 puniat
2843 2651 3173 2711 peccatores.
3207 2664 3224 2695 ι
3272 2643 3376 2698 Sed
3415 2655 3750 2700 sacramenta
3802 2648 3886 2702 in-

2325 2730 2669 2793 carnationis,
2711 2734 2905 2797 crucis,
2938 2734 3145 2798 mortis,
3186 2736 3491 2805 sepultum,
3523 2745 3577 2790 et
3614 2752 3886 2793 resurrec-

2326 2816 2506 2881 tionis,
2538 2827 2591 2871 et
2620 2819 2673 2871 in
2704 2819 2894 2874 corium
2927 2824 3257 2877 ascensionis
3293 2823 3407 2891 ejus
3447 2826 3519 2881 ita
3568 2836 3693 2879 sunt
3731 2827 3885 2880 inex-

2326 2902 2612 2972 plicabilia,
2643 2916 2704 2961 ut
2739 2910 2934 2963 nullius
2963 2908 3155 2980 lingua:
3178 2913 3441 2975 laudibus,
3471 2916 3561 2969 sed
3595 2931 3695 2970 nec
3724 2926 3901 2971 sensu

2327 2994 2640 3064 cujusquam
2678 2999 2887 3065 possint
2911 3000 3065 3069 digne
3090 3001 3364 3070 explicari.
3401 3003 3509 3057 lloc
3542 3014 3743 3058 tantum
3767 3020 3890 3061 con-

2326 3085 2471 3138 venit
2518 3087 2569 3139 in
2612 3087 2789 3141 crucis
2827 3089 3275 3158 contemplatione
3314 3108 3409 3146 nos
3454 3090 3707 3165 cogitare,
3761 3096 3885 3167 quia

2327 3176 2447 3230 ideo
2478 3177 2733 3230 Dominus
2762 3179 2902 3231 inter
2927 3189 3149 3233 ceteras
3179 3190 3395 3245 mortes,
3426 3183 3551 3253 ligni
3583 3186 3887 3254 suspensio-

2324 3280 2448 3318 nem
2488 3268 2778 3338 praeelegit,
2806 3276 2863 3320 ut
2899 3282 2993 3337 per
3040 3270 3181 3323 hunc
3220 3270 3458 3326 aboleret
3496 3274 3723 3342 primam
3759 3275 3885 3345 ligni

2326 3359 2799 3426 transgressionem
2827 3376 2839 3421 ;
2874 3368 2929 3411 ut
2958 3360 3095 3414 sicut
3119 3364 3169 3414 in
3197 3362 3365 3415 Adam
3390 3379 3487 3432 per
3529 3367 3669 3434 pomi
3712 3366 3892 3422 delec-

2326 3448 2577 3499 tationem
2622 3447 2761 3500 facta
2800 3457 2885 3501 est
2917 3448 3159 3515 dejectio,
3194 3452 3265 3503 ita
3307 3454 3360 3505 in
3394 3454 3608 3508 Christo
3638 3470 3733 3523 per
3758 3455 3886 3524 ligni

2324 3534 2669 3601 asperitatem
2698 3535 2849 3589 ﬁeret
2877 3536 2989 3603 ejus
3018 3539 3240 3592 erectio.
3274 3540 3346 3594 De
3372 3544 3755 3611 compositione
3792 3558 3887 3596 au-

2327 3634 2431 3678 tem
2476 3627 2714 3695 ejusdem
2758 3630 2954 3693 erucis,
3001 3631 3065 3685 ad
3103 3633 3512 3690 aediﬁcationem
3564 3635 3886 3705 pertinentia

2326 3720 2492 3773 multa
2520 3721 2723 3774 utiliter
2744 3722 3010 3775 dicuntur.
3038 3723 3127 3775 Illa
3154 3726 3297 3777 enim
3319 3726 3486 3780 verba
3506 3725 3765 3793 Apostoli,
3794 3726 3885 3780 ubi

2325 3808 2425 3859 ait:
2452 3807 2517 3860 In
2540 3810 2789 3863 charitate
2816 3811 3038 3865 radicati
3070 3824 3119 3867 et
3149 3812 3355 3882 fundati
3378 3832 3395 3868 .'
3421 3825 3477 3869 ut
3508 3815 3714 3885 possitis
3748 3832 3887 3867 com-

2323 3896 2634 3963 prehendere
2648 3915 2760 3951 rum
2777 3901 3011 3953 omnibus
3033 3905 3226 3955 sanctis
3254 3922 3368 3972 qua
3391 3905 3457 3957 sit
3488 3904 3706 3957 latitudo
3722 3915 3767 3957 et
3782 3905 3889 3958 Iona

2325 3984 2519 4050 giludo,
2560 3986 2850 4039 sublimitas
2878 3999 2925 4039 et
2954 3992 3271 4063 profundum
3302 3991 3515 4063 (Ephcs.
3551 4010 3630 4060 tu,
3662 3995 3744 4059 l7,
3772 3995 3885 4064 18),

2326 4075 2390 4126 ad
2441 4076 2616 4128 erucis
2662 4080 3100 4146 compositionem
3158 4084 3475 4138 mirabiliter
3521 4094 3575 4139 et
3625 4088 3825 4140 veracit
3863 4104 3888 4142 r

2326 4174 2596 4231 aptantur.
2642 4166 2889 4223 Latitudo
2923 4173 3135 4239 quidem
3162 4176 3338 4227 crucis
3365 4184 3449 4228 est
3486 4179 3535 4229 in
3581 4185 3887 4231 transverso

2324 4255 2483 4325 ligno,
2532 4258 2619 4309 ubi
2650 4259 2881 4326 ﬁguntur
2913 4276 3120 4325 manus,
3152 4272 3205 4315 et
3234 4264 3601 4332 signiﬁcantur
3628 4282 3723 4334 per
3765 4281 3885 4320 eam

682 4359 1006 4417 assumptum
1047 4350 1311 4403 hominem
1355 4353 1455 4415 his,
1489 4362 1705 4421 propter
1746 4369 1881 4420 quos
1924 4362 2224 4421 assumptus
2254 4362 2299 4417 ι)
2325 4345 2593 4412 gaudium.
2632 4354 2792 4414 ac(ille
2827 4347 3068 4402 hilaritas
3100 4353 3293 4405 mentis
3323 4370 3335 4415 ;
3362 4354 3500 4407 δὶευῐ
3538 4370 3634 4421 ρετ
3672 4368 3883 4418 "lamis.

682 4449 781 4502 est,
827 4441 989 4493 fuisse
1028 4440 1355 4494 dissimilem.
1407 4441 1575 4506 Quem
1618 4443 1815 4510 absque
1861 4444 1971 4496 sola
2026 4444 2226 4512 peccati

684 4526 910 4589 macula,
960 4543 1075 4595 qum
1124 4528 1378 4581 naturalis
1417 4545 1520 4582 non
1566 4538 1667 4593 est,
1719 4532 1871 4585 nobis
1915 4534 2227 4586 conﬁtemur

686 4617 846 4669 fuisse
876 4616 1221 4669 conformem.
1252 4616 1461 4671 Illorum
1494 4635 1709 4687 quoque,
1737 4621 1980 4674 similiter
2019 4623 2224 4676 abomi-

688 4705 858 4756 nanda
909 4713 988 4757 est
1016 4704 1362 4773 blaSphemia,
1394 4708 1481 4774 qui
1512 4723 1647 4761 novo
1691 4724 1847 4761 sensu
1875 4726 2116 4765 asserere
2144 4728 2227 4766 co-

686 4801 897 4855 nantur,
949 4808 977 4846 a
1024 4802 1257 4860 tempore
1302 4804 1560 4863 susceptae
1613 4799 1810 4861 carnis,
1855 4801 2055 4861 omnia,
2110 4818 2227 4868 quas

687 4892 839 4934 erant
871 4883 1106 4945 Deitatis,
1144 4885 1192 4936 in
1218 4885 1481 4938 hominem
1521 4886 1841 4955 demigrasse
1866 4905 1879 4950 ;
1903 4899 1955 4941 et
1994 4905 2227 4943 rursum.

686 4989 803 5040 qua:
832 4975 1178 5025 humanitatis
1206 4984 1378 5037 erant,
1420 4975 1473 5027 in
1506 4977 1664 5029 Deum
1695 4993 1812 5031 esse
1856 4980 2143 5043 transfusa,
2172 4990 2231 5033 ut

688 5064 829 5131 quod
868 5064 1006 5115 nulla
1052 5065 1268 5117 lueresis
1298 5079 1527 5133 unquam
1561 5063 1734 5119 dicere
1770 5084 1895 5121 ausa
1921 5078 2025 5131 est,
2053 5071 2231 5123 vulca-

692 5162 778 5206 tur
827 5154 926 5206 hac
975 5155 1280 5208 confusione
1336 5165 1561 5224 utraque
1600 5157 1868 5209 exinanita
1915 5159 2231 5221 substantia,

692 5242 913 5297 Deitatis
963 5242 1169 5295 scilicet
1211 5244 1654 5308 ethumanitatis,
1693 5252 1746 5297 et
1776 5260 1803 5296 a
1842 5245 2056 5311 proprio
2087 5253 2226 5297 statu

690 5334 741 5383 iu
767 5332 905 5383 aliud
928 5345 1042 5382 esse
1062 5339 1257 5381 mutata
1272 5342 1328 5382 ut
1348 5333 1434 5399 qui
1454 5342 1557 5385 tam
1584 5333 1743 5386 Deum
1769 5332 2128 5400 imperfectum
2176 5333 2227 5385 in

693 5417 843 5482 Filio,
886 5434 1043 5486 (luam
1082 5419 1351 5472 hominem
1398 5422 1732 5485 conﬁtentur,
1777 5438 1873 5476 nec
1900 5423 2064 5475 Deum
2104 5438 2231 5477 vere

766 5538 790 5564 ι
820 5525 1076 5599 Pelagius.
1112 5528 1233 5599 llaec
1280 5528 1525 5599 videntur
1567 5530 1880 5599 quibusdam
1912 5532 2051 5585 dicta
2102 5548 2225 5599 par-

699 5594 788 5645 tim
821 5594 1073 5649 adversus
1114 5596 1471 5655 Nestoriauos,
1526 5598 1715 5663 partim
1768 5602 2018 5653 adversus
2069 5594 2227 5670 Ιίῖὐις-

2333 4434 2563 4499 operari.
2612 4433 2906 4503 Longitudo
2950 4454 3078 4491 vero
3133 4439 3257 4492 illud
3296 4451 3498 4493 rectum
3540 4442 3757 4509 lignum,
3795 4442 3885 4495 ubi

2335 4531 2499 4575 totum
2548 4539 2738 4593 corpus
2774 4528 3115 4590 extenditur;
3143 4537 3195 4579 et
3238 4528 3603 4599 intelliguntur
3642 4548 3737 4599 per
3766 4547 3884 4585 eam

2331 4614 2582 4682 patientia
2619 4626 2778 4681 atque
2813 4616 3112 4681 tolerantia,
3158 4634 3251 4686 per
3283 4636 3440 4687 quam
3480 4635 3886 4688 perseveramus

2332 4706 2384 4757 in
2421 4705 2574 4756 bonis
2610 4721 2775 4772 usque
2811 4706 2861 4758 in
2894 4707 3069 4759 finem.
3113 4708 3421 4761 Sublimitas
3445 4724 3652 4777 quoque
3682 4719 3761 4773 est
3784 4709 3887 4763 hcc

2332 4796 2472 4863 quod
2514 4810 2672 4863 super
2716 4806 3074 4851 transversum
3113 4799 3312 4867 lignum
3350 4800 3563 4863 eminet,
3594 4801 3675 4853 cui
3723 4809 3887 4872 caput

2330 4886 2635 4955 adjungitur
2660 4904 2672 4949 ;
2698 4888 3093 4955 etsigniﬁcatur
3113 4903 3207 4956 pcr
3235 4905 3350 4942 eam
3380 4886 3887 4957 esspectatio‘retri-

2330 4976 2561 5029 butionis
2584 4976 2647 5029 de
2670 4976 2878 5028 sublimi
2898 4977 3105 5043 justitia
3135 4978 3247 5041 Dei,
3277 4980 3365 5045 qui
3393 4980 3575 5035 reddet
3598 4978 3886 5046 unicuique

2330 5068 2619 5121 secundum
2648 5080 2809 5135 Opera
2841 5084 2955 5121 sua.
2982 5068 3307 5124 Profundum
3332 5080 3508 5123 autem
3538 5078 3621 5123 est
3650 5067 3731 5121 illa
3757 5084 3887 5143 pars

2330 5156 2455 5226 ligni
2501 5170 2619 5224 qua:
2645 5158 2799 5210 terrai
2844 5156 3005 5211 inﬁxa
3048 5171 3170 5225 est;
3206 5168 3259 5213 et
3284 5160 3585 5228 praeﬁgurat
3616 5167 3883 5214 secretum

2334 5249 2651 5301 sacramenti
2697 5255 2748 5300 et
2789 5250 3021 5317 pertinet
3084 5251 3151 5303 ad
3204 5250 3467 5303 occultam
3518 5252 3762 5319 gratiam,
3813 5265 3884 5303 ex

2332 5354 2434 5406 qua
2466 5339 2798 5393 invisibiliter
2832 5352 3132 5408 operemur.
3165 5339 3329 5411 igitur
3356 5334 3478 5395 eum
3502 5356 3713 5395 crucem
3736 5338 3887 5396 Chri-

2332 5429 2401 5480 sti
2436 5428 2555 5495 quis
2587 5428 2741 5491 toliit,
2781 5436 2839 5481 ut
2865 5440 3118 5497 sequatur
3135 5447 3282 5495 eum,
3331 5434 3527 5484 teneat
3552 5430 3882 5487 latitudinem

2331 5537 2573 5659 cléianos,
2617 5537 2839 5605 ideoque
2885 5550 2999 5605 post
3051 5540 3317 5609 Pelagium
3362 5542 3503 5593 illius
3547 5541 3883 5597 Confessioui

2332 5622 2357 5657 τι
2402 5617 2557 5659 tecta.

2332 5617 2557 5677 adjecta.
