4254 6214
645 262 778 315 406Ἱ

1440 259 1497 310 ll.
1544 260 1598 310 ι’.
1641 255 1858 312 ,ιιμιιιδίι
1900 253 2026 307 Silli-
2070 250 2342 305 ALCl'lNl
2378 253 2660 308 UI’ERUM
2702 254 2874 312 PARS
2918 253 3041 306 Vill.

3726 248 3861 302 i068

645 382 768 448 quia
815 393 907 448 per
955 375 1208 429 satellites
1259 353 1385 428 Suos
1429 376 1542 443 ejus
1588 388 1803 428 carnem
1834 368 2196 440 perimendum
2225 369 2277 425 A
2302 375 2401 432 est,
2433 376 2488 422 et
2518 385 2546 422 a
2577 369 2722 423 nullo
2747 370 2938 437 carpit;
2975 370 3140 423 Deum
3187 370 3524 433 invisibilem,
3551 382 3709 436 quem
3738 363 3862 418 nul-

646 469 884 542 appetiit,
917 468 966 520 in
993 482 1096 534 quo
1124 464 1250 518 nihil
1279 479 1344 518 ex
1370 465 1535 533 culpa:
1564 463 1742 517 debito
1771 461 1988 514 invenit.
2021 456 2202 513 Domi-

648 575 747 616 nus
777 573 906 631 ergo
935 567 1115 611 noster
1141 571 1238 625 pro
1263 556 1416 609 nobis
1441 563 1668 608 mortem
1705 553 1862 608 solvit
1889 550 2198 613 indebitam,

646 660 704 706 ιιι
738 649 890 704 nobis
932 663 1075 702 mors
1117 647 1290 715 debita
1324 660 1429 698 non
1453 651 1688 698 noceret.
1741 641 1999 709 Quamvis
2043 639 2203 709 igitur

647 739 870 808 simplici
901 745 1102 790 natura:
1129 735 1422 789 divinitatis
1445 748 1550 787 non
1578 733 1647 785 sit
1673 731 1817 785 aliud
1844 744 1981 793 esse,
2011 737 2064 783 et
2089 729 2201 798 ipsa

648 828 927 899 sapientia,
967 841 1085 894 qua!
1116 823 1407 878 divinitatis
1434 821 1665 876 essentia
1693 829 1792 881 est,
1825 827 2003 872 tamen
2035 831 2204 886 quan-

649 934 759 978 tum
789 918 855 972 ad
883 916 1072 970 faciem
1103 920 1328 983 spectat,
1357 927 1460 965 non
1502 911 1703 963 virtute
1732 909 1824 961 sed
1853 908 2058 962 ratione
2094 905 2204 958 dia-

651 1009 826 1064 bolum
869 1005 1156 1076 superavit,
1187 1005 1311 1073 quia
1361 1004 1472 1071 ipse
1512 1001 1761 1068 antiquus
1788 999 1958 1054 hostis
1995 1013 2090 1066 per
2114 1012 2206 1050 ex-

646 1115 855 1167 cessum
905 1094 1336 1166 praesumptionis
1399 1109 1506 1146 suzc
1559 1108 1680 1144 eum
1731 1092 1892 1142 etiam
1953 1087 2201 1156 perdidit,

647 1204 802 1256 quem
833 1187 1024 1256 iniquae
1050 1183 1410 1253 persuasionis
1434 1182 1549 1249 lege
1580 1179 1814 1248 possedit
1840 1195 1851 1229 :
1881 1187 1935 1230 et
1957 1177 2080 1229 dum
2113 1190 2205 1227 au-

648 1283 828 1333 dacter
859 1295 1001 1341 eum,
1039 1279 1094 1331 in
1128 1291 1234 1345 quo
1273 1273 1403 1327 nihil
1445 1272 1545 1326 sibi
1581 1278 1932 1340 compererat,
1963 1267 2203 1337 appetiit,

643 1370 765 1437 jure
813 1368 981 1430 illum,
1008 1381 1165 1434 quem
1213 1364 1364 1433 quasi
1386 1361 1532 1430 justc
1566 1363 1796 1425 tenebat,
1825 1358 2024 1413 amisit.
2073 1357 2206 1410 Pru-

614 1457 824 1512 .dentia
862 1457 1041 1525 itaque
1085 1463 1136 1508 et
1162 1439 1403 1516 consilio,
1437 1467 1542 1506 non
1570 1457 1832 1519 potestate
1877 1456 1932 1502 et
1957 1446 2209 1500 violentia

646 1548 818 1600 victus
841 1554 942 1610 est,
978 1544 1102 1613 quia
1132 1543 1256 1596 dum
1285 1541 1352 1594 ad
1378 1539 1690 1594 tentandum
1726 1538 1970 1602 solvitur,
2011 1537 2078 1589 ab
2105 1536 2206 1589 ho-

650 1637 791 1689 mine
836 1633 1157 1702 possidcndo
1205 1629 1492 1699 relegatur,
1531 1636 1592 1682 ut
1640 1626 1762 1680 inde
1795 1640 1938 1687 eum,
1979 1625 2070 1693 qui
2110 1622 2208 1677 sub

651 1728 766 1794 ipso
793 1732 928 1787 erat,
961 1723 1225 1792 perderet,
1251 1721 1391 1775 unde
1421 1733 1542 1773 cum
1585 1717 1696 1781 illo,
1723 1715 1815 1784 qui
1845 1729 2007 1784 super
2034 1715 2209 1781 ipsum

650 1823 757 1874 est,
808 1811 1061 1882 congredi
1107 1806 1552 1878 praesnmpsisset.
1611 1804 1833 1858 Constat
1876 1815 2034 1870 ergo,
2084 1799 2209 1868 quia

652 1886 810 1958 homo
856 1911 1108 1970 peccator
1143 1912 1239 1965 per
1286 1895 1557 1949 hominem
1605 1895 1791 1957 Deum,
1827 1893 1880 1946 in
1923 1907 2028 1960 quo
2081 1889 2207 1944 nulli

651 1997 857 2066 peccati
903 1994 1110 2048 macula
1154 1998 1360 2060 poterat
1398 2004 1537 2052 esse,
1563 1988 1822 2040 liberatus
1849 1993 1952 2039 est.
1998 1983 2064 2038 Et
2094 1984 2210 2036 ideo

655 2089 989 2157 omnipotens
1010 2084 1169 2147 Deus,
1198 2082 1288 2150 qui
1321 2079 1499 2146 justus
1531 2086 1636 2139 est,
1655 2085 1718 2130 et
1744 2075 1896 2143 cujus
1918 2077 2096 2128 omnia
2120 2075 2209 2142 ju-

653 2177 792 2231 dicia
822 2174 965 2242 justa
1008 2179 1147 2233 sunt,
1181 2169 1312 2224 nihil
1353 2175 1541 2222 contra
1587 2179 1736 2219 suam
1775 2164 2036 2231 justitiam
2065 2162 2209 2226 fecit,

653 2268 781 2320 dum
810 2266 1078 2320 hominem
1107 2273 1422 2328 persuasum
1453 2272 1546 2325 per
1572 2257 1840 2310 hominem
1888 2270 1916 2308 a
1950 2263 2212 2323 potestate

653 2355 846 2410 diaboli
879 2352 1137 2407 liberavit.
1168 2351 1240 2403 Ita
1265 2350 1406 2402 enim
1431 2349 1562 2402 ordo
1593 2354 1787 2400 nostra:
1816 2345 2002 2398 salutis
2026 2345 2209 2413 exigit,

655 2457 712 2500 ut
739 2462 827 2499 ars
854 2453 1024 2496 artem
1068 2440 1293 2500 falleret,
1327 2447 1380 2490 et
1405 2437 1495 2504 qui
1527 2436 1753 2502 decepit,
1787 2434 2139 2500 deciperetur.

730 2533 844 2587 XX.
887 2532 981 2583 llis
1015 2531 1083 2583 ita
1111 2527 1397 2597 praemissis
1429 2535 1680 2592 tanquam
1715 2523 2031 2590 quibusdam
2069 2523 2214 2575 testi-

656 2626 754 2679 bus
793 2619 1182 2690 reprresentatis
1231 2618 1281 2668 in
1330 2615 1678 2668 assertionem
1727 2611 1847 2664 ﬁdei
1898 2623 2044 2668 mele.
2077 2612 2213 2663 sicut

655 2711 828 2768 clamo
883 2708 1116 2763 clamore
1164 2719 1356 2773 magno
1402 2717 1583 2756 coram
1627 2701 1737 2754 Deo
1789 2701 1840 2752 in
1891 2710 2000 2752 toto
2054 2698 2214 2750 corde

656 2813 796 2864 meo,
829 2800 903 2853 ita
929 2797 1067 2866 styli,
1097 2795 1311 2861 orisque
1335 2791 1510 2846 ollicio
1540 2791 1594 2843 in
1624 2788 1845 2842 auribus
1873 2786 2122 2839 Ecclesia:
2153 2785 2216 2837 li-

658 2892 751 2946 bet
777 2889 975 2948 Ilicere,
1016 2885 1146 2938 libet
1183 2881 1487 2936 exclamare
1516 2895 1528 2931 :
1558 2879 1636 2932 sic
1669 2892 1854 2931 coram
1887 2877 1994 2930 Deo
2043 2875 2216 2929 credin-

661 2994 799 3042 mus,
837 2977 915 3031 sic
944 2987 1124 3028 coram
1157 2969 1461 3025 hominibus
1494 2966 1812 3021 conﬁtemur
1845 2982 1856 3014 :
1888 2962 2052 3016 Corde
2077 2963 2212 3042 enim

986 3060 1264 3132 justitiam,
1306 3073 1392 3110 ore
1427 3066 1598 3108 autem
1639 3053 1700 3121 ﬁt
1728 3052 1984 3121 confessio
2024 3029 2100 3103 ad
2132 3066 2218 3102 ta-

665 3159 824 3210 lutem
868 3153 1036 3225 (Rom.
1086 3167 1138 3207 ι.
1181 3147 1291 3218 10),
1339 3148 1413 3200 ait
1458 3143 1762 3215 Apostolus.
1813 3143 1983 3197 Credo
2027 3142 2218 3206 Deum,

667 3247 828 3301 credo
867 3244 1000 3306 Deo,
1045 3239 1205 3294 credo
1252 3238 1307 3290 in
1346 3236 1535 3290 Deum.
1589 3232 1700 3286 lloc
1728 3231 1886 3285 corde
1915 3239 2087 3295 teneo,
2119 3230 2221 3284 hoc

665 3350 761 3391 ore
807 3332 1082 3395 conﬁteor,
1134 3330 1236 3384 hoc
1283 3326 1483 3394 scripto
1528 3333 1694 3378 testor
1735 3331 1893 3392 atque
1940 3321 2218 3376 conﬁrmo.

667 3425 834 3478 Deum
886 3420 1074 3482 credo,
1139 3417 1262 3487 quia
1310 3415 1463 3468 video
1508 3419 1843 3474 creaturam,
1888 3400 1944 3464 et
1988 3409 2223 3481 intelligo

669 3513 994 3568 Creatorem.
1042 3507 1158 3576 Ipse
1201 3505 1344 3560 enim
1385 3499 1513 3557 fecit
1556 3514 1672 3562 nos,
1720 3505 1774 3552 et
1814 3511 1920 3550 non
1969 3496 2068 3566 ipsi
2105 3510 2220 3550 nos.

669 3607 777 3660 Deo
820 3603 978 3658 credo
1003 3640 1017 3661 ,
1064 3591 1201 3667 quia
1248 3594 1314 3647 de
1357 3598 1526 3646 Sacra:
1570 3587 1864 3642 assertione
1912 3583 2221 3654 Scriptum,

670 3709 830 3763 quam
875 3693 987 3761 ipse
1028 3682 1399 3745 sanctiﬁcavit,
1432 3687 1486 3734 et
1518 3677 1665 3732 misit
1698 3677 1751 3730 in
1784 3674 2060 3736 mundum,
2093 3672 2225 3728 nihil

673 3783 888 3839 omnino
933 3779 1138 3838 dubito,
1187 3781 1242 3827 et
1267 3771 1334 3825 de
1377 3763 1576 3823 sanctis
1611 3763 1726 3832 ejus
1765 3763 2224 3833 promissiouibus,

670 3886 791 3940 qua:
813 3872 862 3924 in
887 3883 978 3937 spe
1001 3871 1266 3924 tenentur,
1295 3861 1346 3913 in
1369 3857 1546 3930 aliquo
1567 3871 1672 3908 non
1694 3852 1890 3918 diﬁldo,
1905 3861 2062 3940 atque
2075 3867 2226 3906 sacra

673 3939 789 4028 ejus
813 3957 1084 4027 mysteria,
1113 3966 1230 4021 qua:
1259 3964 1344 4002 me
1368 3947 1554 4009 latent,
1576 3959 1682 3998 non
1710 3951 1959 4010 tanquam
1986 3939 2226 3994 fastidio-

674 4066 766 4104 sus
789 4058 1063 4116 aspernor,
1089 4040 1180 4094 sed
1204 4039 1424 4092 devotus
1449 4047 1690 4097 veneror,
1718 4038 2036 4100 exspectans
2056 4030 2229 4083 humi-

675 4145 799 4197 liter
827 4139 908 4192 vel
937 4138 1023 4191 hic
1051 4135 1384 4201 aliquatenus
1409 4128 1490 4182 vel
1521 4128 1674 4200 plene
1711 4127 1765 4181 in
1802 4125 2069 4183 futuroea
2099 4125 2228 4179 mihi

675 4230 922 4287 revelari.
957 4229 1013 4280 ln
1040 4224 1206 4279 Deum
1236 4222 1412 4284 credo,
1440 4227 1500 4272 ιιι
1541 4227 1664 4286 pote
1691 4226 1937 4272 creatura
1975 4217 2030 4270 in
2064 4215 2228 4270 Crea-

2302 457 2383 512 lus
2414 461 2592 514 carnis
2643 459 2813 514 oculis
2849 460 3028 514 videre
3068 459 3286 525 sufﬁcit;
3347 459 3513 514 Deum
3559 460 3860 525 incompre-

2302 547 2644 616 hensibilem,
2675 551 2766 620 qui
2802 541 2980 618 omnia
3007 553 3439 622 comprehendit;
3475 553 3640 606 Deum
3669 551 3864 604 immn-

2301 640 2537 704 tabilem,
2577 641 2672 708 qui
2711 655 2815 695 non
2854 651 3092 695 mutatur
3124 644 3472 712 temporibus,
3503 658 3602 697 nec
3633 639 3865 695 senescit

2300 740 2480 794 aetate,
2525 732 2628 808 sed
2664 747 2876 801 semper
2926 733 3065 787 idem
3111 742 3214 796 est,
3257 734 3348 803 qui
3393 749 3496 788 non
3541 733 3592 786 in
3626 739 3870 799 tempore

2302 823 2463 891 capit
2504 823 2722 886 vivere,
2783 823 2877 877 sed
2924 836 3134 894 semper
3180 826 3367 879 vivens
3411 823 3614 880 nullum
3663 822 3868 892 patitur

2302 925 2700 976 successorem;
2739 913 2906 966 Deum
2928 914 3129 967 bonum
3157 923 3212 968 et
3245 913 3448 982 justum
3480 913 3603 968 caeli
3628 921 3683 967 et
3707 919 3870 966 terra

2303 1010 2621 1055 creatorem.
2652 1000 2802 1055 Hunc
2830 1000 3088 1057 conﬁteor
3116 1002 3306 1068 Deum,
3337 1005 3432 1058 sed
3459 1003 3702 1057 eumdem
3735 1016 3868 1057 con-

2304 1091 2456 1144 ﬁteor
2481 1090 2712 1155 Patrem,
2745 1091 2960 1146 Patrem
2984 1092 3125 1146 Filii.
3193 1092 3361 1147 Nemo
3403 1093 3549 1147 enim
3587 1101 3742 1162 pater
3784 1099 3871 1146 est

2305 1180 2418 1232 sine
2449 1179 2576 1233 ﬁlio.
2626 1179 2786 1233 Pater
2817 1193 2944 1250 ergo
2977 1196 3073 1249 per
3097 1179 3263 1234 ﬁliu’m
3303 1190 3408 1245 est,
3444 1184 3649 1237 habens
3683 1183 3870 1249 utique

2306 1271 2494 1334 ﬁlium,
2521 1269 2678 1339 cujus
2721 1271 2793 1324 sit
2837 1279 3005 1340 pater.
3047 1270 3262 1341 Patrem
3292 1272 3412 1326 dico
3440 1272 3670 1325 viventis
3697 1269 3866 1332 verbi.

2305 1359 2516 1414 virtutis
2548 1373 2609 1414 ac
2632 1360 2908 1427 sapientiae
2931 1359 3178 1428 propriae,
3209 1361 3349 1428 quod
3379 1359 3721 1414 iueﬂ‘abiliter
3747 1369 3873 1413 ante

2305 1450 2484 1502 omnia
2520 1449 2732 1512 saecula,
2764 1449 2872 1502 imo
2905 1448 3108 1518 absque
3145 1451 3298 1504 initio
3325 1465 3389 1504 ex
3424 1466 3482 1504 se
3517 1451 3720 1520 genuit,
3752 1448 3870 1519 Spi-

2308 1540 2441 1593 ritus
2460 1537 2738 1608 Spiritum,
2764 1538 2904 1593 Deus
2927 1539 3117 1604 Deum,
3144 1541 3195 1593 in
3223 1555 3330 1609 quo
3357 1549 3483 1594 sunt
3512 1541 3726 1595 condita
3754 1540 3865 1594 uni-

2305 1642 2484 1690 versa,
2513 1637 2569 1681 et
2591 1643 2710 1696 qua:
2746 1629 2799 1681 in
2832 1628 3003 1690 caelis,
3029 1635 3084 1680 et
3113 1643 3232 1697 qua:
3273 1629 3326 1682 in
3356 1637 3524 1692 terra,
3554 1628 3784 1684 visibilia
3820 1637 3870 1697 et

2311 1718 2616 1782 invisibilia,
2647 1719 2788 1774 sicut
2837 1719 2996 1773 docet
3026 1717 3220 1772 Paulus
3241 1727 3294 1774 et
3316 1722 3598 1790 consignat
3619 1719 3872 1774 Joannes.

2311 1804 2523 1870 Omnia,
2556 1806 2746 1876 inquit,
2778 1824 2870 1876 per
2894 1808 3063 1876 ipsum
3095 1807 3237 1876 facta
3267 1817 3408 1871 sunt,
3437 1816 3485 1861 et
3511 1808 3624 1861 sine
3648 1808 3760 1877 ipso
3795 1807 3850 1876 fa

2309 1903 2445 1945 ctum
2475 1894 2702 1947 estnihil
2753 1892 2933 1962 (Joan.
2963 1911 3000 1955 ι,
3027 1893 3103 1964 5).
3132 1893 3282 1949 Hunc
3312 1895 3476 1965 igitur
3513 1910 3678 1949 unum
3709 1896 3876 1949 Deum

2310 1979 2524 2033 Pat'em
2575 1980 2992 2050 omnipotentem
3039 1981 3300 2036 conﬁteor
3340 2001 3352 2034 :
3405 1984 3456 2036 in
3500 1983 3643 2038 hunc
3691 1983 3872 2042 credo,

2312 2071 2452 2124 hunc
2479 2070 2636 2125 labiis
2659 2079 2714 2124 et
2741 2071 2919 2133 corde,
2946 2079 2999 2125 et
3020 2072 3187 2135 omni,
3213 2087 3316 2140 qua
3340 2072 3509 2138 valeo,
3539 2075 3734 2127 virtute
3762 2072 3880 2146 colo

2311 2169 2365 2214 et
2398 2161 2574 2224 laudo,
2603 2161 2867 2215 benedice
2899 2171 3061 2230 atque
3087 2163 3272 2217 adoro.

2382 2269 2520 2322 XXI.
2562 2268 2735 2325 Credo
2779 2279 2833 2324 et
2878 2273 2929 2324 in
2975 2270 3156 2325 Iesum
3199 2270 3467 2324 Christum
3517 2270 3712 2324 Filium
3760 2271 3877 2339 ejus

2313 2360 2549 2419 unicum,
2588 2358 2866 2414 Dominum
2913 2371 3186 2423 nostrum,
3234 2359 3397 2413 Deum
3427 2361 3491 2414 de
3521 2359 3648 2424 Deo,
3694 2359 3873 2413 lumen

2313 2450 2378 2502 de
2423 2447 2639 2513 lumine,
2670 2450 2834 2502 Deum
2867 2465 3049 2504 verum
3083 2451 3149 2502 de
3179 2449 3288 2504 Deo
3316 2465 3458 2510 vero,
3494 2451 3730 2519 genitum
3772 2465 3880 2503 non

2316 2539 2533 2599 factum,
2584 2539 3096 2593 consubstantialem
3138 2538 3306 2602 Patri,
3355 2553 3451 2606 per
3494 2554 3654 2607 quem
3701 2539 3879 2592 omnia

2317 2626 2454 2679 facta
2493 2636 2636 2686 sunt.
2668 2629 2757 2696 qui
2794 2636 3010 2696 propter
3038 2643 3133 2680 nos
3170 2628 3413 2681 homines
3448 2637 3502 2679 et
3533 2635 3751 2696 propter
3787 2642 3879 2680 no-

2317 2723 2481 2768 stram
2513 2715 2736 2768 salutem
2775 2729 2990 2770 carnem
3035 2717 3280 2769 humana:
3324 2723 3551 2779 naturae,
3593 2729 3883 2784 veramque

2315 2804 2547 2856 animam
2595 2805 2842 2872 suscepit,
2893 2813 3182 2870 conceptus
3227 2803 3294 2857 de
3333 2802 3535 2872 Spiritu
3579 2812 3790 2867 sancto,
3825 2810 3884 2854 ct

2317 2901 2476 2944 natus
2509 2907 2576 2944 ex
2614 2892 2778 2945 Maria
2808 2893 3031 2961 virgine.
3073 2892 3128 2944 In
3157 2907 3258 2960 qua
3285 2892 3508 2946 scilicet
3547 2907 3710 2946 carne
3749 2906 3884 2962 pas-

2319 2996 2435 3034 sum
2457 2989 2511 3034 et
2542 2981 2825 3050 sepultum,
2852 2991 2906 3033 et
2932 2983 3290 3035 resurrexisse
3319 2997 3348 3034 a
3383 2984 3612 3038 mortuis
3639 2983 3883 3037 et'credo

2320 3077 2372 3121 ct
2399 3067 2671 3124 fateorzet
2699 3069 2752 3122 in
2783 3069 2968 3125 eadem
2994 3085 3177 3134 carne,
3207 3086 3310 3139 qua
3335 3071 3503 3140 jacuit
3533 3074 3586 3124 in
3614 3073 3878 3142 sepulcro,

2321 3168 2441 3226 post
2487 3159 2941 3214 resurrectionem
2979 3160 3294 3229 apparuisse
3333 3161 3606 3229 discipulis
3631 3200 3646 3224 ,
3695 3169 3750 3216 et
3791 3163 3885 3216 do-

2320 3247 2496 3301 cuissc
2530 3261 2645 3311 eos,
2687 3261 2810 3316 quae
2850 3247 3084 3302 docenda
3121 3257 3317 3305 erant:
3357 3258 3517 3318 atque
3557 3265 3740 3304 coram
3779 3253 3878 3312 eis,

2323 3337 2546 3406 aliisque
2579 3337 2762 3392 multis
2789 3338 3098 3393 ascendisse
3131 3339 3185 3392 in
3211 3338 3425 3404 caelum,
3452 3347 3507 3392 et
3532 3339 3718 3394 sedere
3741 3355 3882 3393 nunc

2324 3429 2389 3482 ad
2415 3429 2690 3484 dexteram
2719 3430 2914 3493 Patris,
2938 3429 2991 3482 id
3015 3437 3117 3493 est,
3155 3431 3209 3482 in
3238 3437 3436 3484 aeterna
3465 3444 3689 3498 regnare
3713 3429 3883 3484 beati-

2324 3520 2535 3582 tudine,
2585 3520 2727 3574 unde
2771 3527 3145 3588 cvspectamus
3193 3527 3477 3573 venturum
3521 3519 3588 3571 ad
3625 3519 3882 3587 judicium

2322 3610 2565 3662 vivorum
2591 3607 2751 3680 ωε
2793 3618 2848 3662 et
2877 3617 3229 3662 mortuorum.
3282 3608 3382 3662 Hic
3416 3617 3504 3662 est
3529 3607 3776 3661 Christus
3800 3603 3885 3659 Je—

2324 3713 2417 3752 sus
2446 3697 2700 3751 Dominus
2731 3706 2932 3756 noster,
2960 3697 3101 3751 Deus
3124 3707 3178 3750 et
3208 3697 3386 3759 homo,
3418 3695 3591 3750 factor
3614 3704 3669 3748 et
3692 3695 3882 3749 factus.

2328 3786 2494 3837 Video
2535 3775 2657 3838 ﬁdei
2703 3785 2871 3838 oculis
2919 3783 3197 3839 faetorem.
3253 3785 3318 3837 In
3340 3786 3593 3853 principio
3622 3795 3731 3837 erat
3767 3783 3888 3835 Ver-

2328 3874 2474 3935 bum,
2505 3883 2552 3925 et
2586 3871 2806 3926 Verbum
2839 3885 2951 3927 erat
2991 3876 3128 3942 apud
3158 3874 3345 3937 Deum,
3377 3884 3421 3925 et
3445 3874 3583 3927 Deus
3616 3883 3728 3927 erat
3764 3872 3887 3926 Ver-

2328 3961 2466 4013 bum.
2498 3960 2610 4014 Hoc
2638 3972 2748 4014 erat
2793 3963 2844 4014 in
2879 3962 3131 4031 principio
3157 3962 3297 4030 apud
3321 3961 3507 4026 Deum,
3538 3973 3585 4016 et
3610 3963 3748 4037 Deus
3777 3974 3886 4016 erat

2339 4047 2555 4102 Verbum
2579 4089 2594 4113 ,
2632 4051 2819 4123 omnia
2861 4067 2953 4118 per
2994 4051 3161 4119 ipsum
3201 4051 3341 4118 facta
3379 4061 3498 4105 sunt
3541 4053 3717 4121 (Joan.
3749 4053 3884 4120 1,1).

2329 4141 2395 4193 Et
2414 4137 2568 4192 video
2599 4137 2816 4203 factum,
2851 4137 3073 4192 Verbum
3097 4155 3222 4192 caro
3243 4140 3442 4208 factum
3473 4150 3570 4205 est,
3605 4151 3651 4194 et
3687 4141 3892 4195 habita-

2329 4231 2395 4282 uit
2437 4229 2490 4282 in
2530 4227 2676 4281 nobis
2719 4227 2903 4297 (lbid.,
2935 4245 2983 4281 υ.
3011 4226 3119 4296 ﬂ).
3167 4228 3319 4282 Hunc
3358 4230 3518 4284 credo
3553 4240 3606 4284 et
3633 4231 3891 4284 conﬁteor

678 4333 869 4384 ιοῐθῐιιν
897 4329 1085 4371 Serius
1131 4313 1182 4366 i"
1233 4309 1544 4371 Dominum.
1575 4308 1734 4361 homo
1783 4307 1836 4358 in
1873 4305 2059 4368 Deum:
2107 4305 2229 4373 (ιιιίει
2263 4331 2517 4390 Dverum
2561 4316 2746 4380 Deum,
2798 4327 2852 4370 et
2897 4316 3192 4386 perfectum
3234 4307 3525 4384 hominem,
3572 4335 3638 4373 ex
3682 4319 3889 4372 duabus

675 4415 790 4483 ipse
815 4407 917 4462 coli
945 4405 1089 4460 solus
1119 4403 1273 4456 debet
1293 4409 1346 4454 et
1365 4399 1602 4461 adorari,
1633 4398 1720 4465 qui
1749 4397 2061 4450 naturaliter
2087 4394 2228 4449 Deus

676 4511 776 4566 est,
815 4507 869 4554 et
919 4495 1254 4563 omnipotens
1301 4490 1514 4558 est,qui
1561 4487 1687 4543 fecit
1723 4488 2013 4551 incondita,
2045 4495 2098 4541 et
2149 4484 2227 4540 l'a-

677 4601 761 4645 cta
792 4587 1072 4661 gubernat.
1099 4581 1364 4651 Scriptum
1390 4569 1591 4650 quippe
1613 4589 1693 4633 est
1723 4598 1734 4631 :
1763 4579 2040 4632 Dominum
2063 4576 2226 4630 Deum

679 4677 943 4741 adorabis,
969 4686 1018 4731 et
1044 4674 1120 4730 illi
1142 4671 1237 4728 soli
1257 4674 1442 4725 servies
1468 4669 1678 4742 (Matth.
1714 4684 1786 4731 tv,
1815 4667 1920 4737 l0).
1971 4667 2038 4721 Et
2069 4682 2230 4737 auge-

678 4770 763 4822 lus
790 4766 857 4822 ad
879 4764 1166 4822 Joannem:
1192 4758 1340 4824 Vide,
1367 4758 1556 4830 inquit,
1578 4775 1638 4810 ne
1663 4755 1862 4826 feceris,
1883 4753 2044 4808 Deum
2067 4755 2227 4810 adora

681 4859 864 4929 (Apoc.
898 4869 1013 4918 ιιι,
1040 4853 1143 4924 l0).
1194 4851 1373 4923 Neque
1416 4848 1558 4904 enim
1598 4847 1768 4901 beatis
1813 4842 2108 4914 spiritibus,
2142 4859 2229 4898 ne

679 4961 784 5018 que
823 4944 1022 5000 sanctis
1045 4940 1347 4995 horninibus
1390 4938 1595 4995 cultura
1624 4938 1756 4998 huic,
1783 4944 1836 4988 et
1875 4934 2124 4995 servitus,
2152 4941 2229 4986 at-

681 5054 782 5108 que
811 5051 979 5092 nonor
1006 5035 1107 5088 iste
1136 5032 1418 5094 debentur,
1447 5030 1552 5086 nisi
1577 5030 1666 5084 uni
1690 5028 1912 5114 Domino
1935 5025 2065 5082 Deo.
2095 5025 2231 5093 Qua-

681 5131 803 5183 liter
846 5127 1016 5183 Deum
1065 5127 1128 5180 de
1171 5122 1280 5178 Deo
1325 5122 1564 5189 credam,
1605 5119 1882 5188 superiora
1907 5119 2066 5174 verba
2105 5118 2234 5172 satis

683 5217 994 5284 abundeque
1022 5218 1415 5272 demonstrant:
1447 5226 1587 5266 nunc
1608 5211 1835 5278 qualiter
1860 5210 1912 5263 in
1927 5207 2094 5264 Deum
2120 5223 2233 5283 cre-

680 5311 824 5370 thun,
859 5319 950 5359 ore
973 5305 1233 5359 catholico
1258 5304 1433 5358 dicere
1463 5299 1638 5368 cupio.
1671 5298 1939 5368 Scriptum
1969 5308 2052 5354 est
2074 5315 2088 5350 :
2114 5296 2236 5349 Cre-

684 5396 790 5448 didi
818 5407 1021 5464 propter
1046 5394 1182 5464 quod
1210 5393 1410 5446 locutus
1436 5408 1549 5445 sum
1577 5404 1592 5441 .'
1625 5399 1671 5442 et
1718 5405 1809 5444 nos
1838 5389 2091 5443 credimus
2117 5405 2236 5457 pro—

678 5498 793 5550 pter
814 5490 946 5553 quod
972 5497 1017 5538 et
1042 5485 1299 5553 loquimur
1325 5479 1404 5548 (11
1424 5477 1543 5534 Cor.
1569 5497 1642 5543 tv,
1666 5478 1770 5544 l5).
1800 5477 1970 5532 Credo
1996 5479 2047 5530 in
2073 5478 2239 5532 Deum

675 5575 1120 5641 omnipotentem,
1153 5572 1668 5643 Denmingenitum,
1705 5585 1794 5638 qm
1841 5578 1992 5622 ortus
2034 5584 2061 5622 a
2093 5570 2236 5622 nullo

2325 4407 2531 4460 naturis
2557 4407 2823 4469 existere,
2841 4415 2895 4460 et
2925 4407 2978 4460 in
3007 4409 3249 4476 utrisque
3274 4409 3569 4463 consistere
3597 4411 3650 4462 in
3681 4409 3888 4462 unitate

2324 4511 2583 4566 personae.
2630 4496 2688 4549 ln
2724 4495 2868 4550 hunc
2896 4494 3228 4560 Creatorem,
3275 4506 3330 4550 et
3353 4497 3764 4567 Redemptorem
3795 4513 3891 4551 no-

2326 4598 2518 4650 strum,
2570 4587 2682 4656 qui,
2731 4603 2855 4641 cum
2899 4601 3004 4642 non
3049 4603 3314 4652 essemus,
3362 4589 3489 4644 fecit
3530 4605 3648 4652 nos,
3679 4598 3734 4642 et
3766 4604 3887 4644 cum

2325 4679 2517 4748 perditi
2558 4678 2861 4741 fuissemus,
2892 4693 2990 4734 suo
3017 4694 3114 4732 nos
3141 4679 3369 4733 redemit
3393 4680 3673 4747 sanguine,
3704 4679 3884 4740 credo,

2327 4769 2450 4823 huic
2495 4782 2662 4835 genua
2709 4766 2890 4828 ﬂecto,
2957 4768 3222 4822 cervicem
3274 4767 3502 4830 inclino;
3561 4767 3702 4822 hunc
3749 4770 3885 4832 colo,

2327 4855 2503 4918 laudo,
2532 4865 2692 4924 atque
2724 4855 2908 4919 adoro,
2938 4856 3005 4910 de
3038 4854 3144 4911 ﬁde
3170 4869 3277 4910 non
3305 4855 3448 4921 ﬁcta,
3475 4866 3531 4910 et
3557 4859 3886 4914 conscientia

2327 4953 2476 5014 pura.
2524 4945 2676 4999 Hunc
2720 4959 2842 4999 amo
2883 4954 2937 4998 ct
2979 4960 3050 4999 ex
3097 4950 3208 4999 toto
3248 4945 3408 4999 corde
3450 4945 3733 5002 desidero:
3764 4945 3886 4999 huic

2329 5034 2428 5088 soli
2466 5033 2674 5104 placere
2704 5034 2864 5103 cupio
2893 5051 2904 5085 :
2933 5033 3093 5100 hujus
3123 5032 3239 5088 ﬁeri
3276 5034 3574 5089 membrum
3606 5049 3702 5103 per
3730 5032 3886 5088 ﬁdens

2331 5135 2536 5182 rectum
2574 5134 2628 5180 et
2661 5138 2826 5193 opera
2857 5124 2994 5177 bona
3023 5125 3150 5178 totis
3178 5125 3490 5194 praecordiis
3514 5132 3643 5192 opto
3678 5132 3734 5177 ct
3772 5139 3889 5193 pto-

2331 5230 2448 5281 ωε,
2475 5216 2522 5269 si
2555 5214 2672 5283 ipse
2699 5213 2963 5282 dignetur.
2997 5212 3192 5270 Verum
3238 5227 3362 5268 cum
3406 5212 3578 5266 lateor
3605 5225 3693 5266 me
3734 5222 3789 5268 et
3831 5213 3903 5265 in.

2332 5305 2546 5358 Patrem
2577 5303 2819 5361 credere,
2852 5309 2910 5356 et
2946 5302 3006 5356 in
3032 5301 3243 5365 Filium,
3279 5301 3425 5355 facta
3461 5300 3888 5370 interpositione,

2334 5409 2440 5447 non
2472 5394 2679 5450 divido.
2710 5392 2852 5458 Quod
2885 5393 3044 5454 absit,
3075 5392 3459 5454 substantiam,
3490 5392 3597 5447 sed.
3622 5391 3906 5459 distinguo.

2334 5496 2606 5549 personas,
2644 5482 2771 5549 quis
2805 5481 2907 5534 alia
2941 5493 3023 5537 est
3047 5498 3278 5552 persona
3306 5481 3502 5548 Patris,
3528 5491 3586 5539 et
3617 5481 3723 5538 abs
3747 5481 3887 5535 Filii.

2339 5567 2454 5622 Una
2502 5577 2680 5622 tamen
2715 5580 2796 5623 est
2831 5578 2988 5638 atque
3033 5569 3336 5625 indifferens
3376 5572 3664 5626 credulitas
3698 5577 3892 5624 meum
