4254 6196
397 325 536 382 1069

1066 296 1217 377 opp.
1261 321 1488 379 DUBIA.
1531 352 1599 362 -
1637 317 1862 376 suum
1904 316 2282 373 cexssssw
2328 314 2527 372 non.
2567 304 2855 370 emus
2892 318 2974 371 ill.

3510 317 3650 374 1070

368 442 550 504 'mcm,
590 437 716 492 licet
751 435 1045 507 separatim
1078 435 1274 499 dicam,
1319 437 1482 492 credo
1516 444 1570 490 et
1611 435 1805 499 credo;
1845 433 1970 504 quia
2000 436 2049 493 ιτ
2075 440 2129 485 et
2155 430 2385 502 Spiritus
2421 440 2641 485 sanctus
2677 413 2938 501 sapientia
2963 440 3015 485 ct
3038 432 3271 487 charitas
3294 435 3396 490 diei
3418 418 3646 507 possint.

395 531 624 586 indivisa
675 539 730 584 et
783 527 1158 599 inseparabilis
1202 538 1285 583 est
1323 528 1501 583 Patris
1536 536 1593 583 et
1608 527 1732 582 Filii
1761 526 1969 582 Deitas.

393 622 601 679 idcirco
638 620 887 691 quamvis
923 619 1068 675 solus
1100 619 1171 675 sit
1206 620 1404 674 missus
1435 617 1706 684 Christus,
1743 633 1851 673 non
1886 626 1976 672 ta-

394 727 520 767 men
549 710 697 766 solus
721 718 975 780 operatus
1001 717 1083 762 est
1120 707 1304 763 mundi
1331 708 1581 763 salutem.
1620 707 1803 762 Missio
1827 707 1973 761 enim

395 800 511 871 ejus
540 809 625 856 est
656 799 988 871 personalis,
1019 786 1267 868 operatio
1300 812 1432 853 vero
1466 797 1839 852 substantialis
1874 814 1886 847 :
1916 805 1973 850 et

394 890 661 960 sicutjam
692 905 852 959 supra
878 890 1080 944 dictum
1112 896 1218 953 est,
1239 886 1382 959 quod
1412 887 1697 957 personale
1716 895 1829 950 .est,
1865 900 1971 940 non

395 984 757 1042 communicat
789 983 940 1037 alteri
972 973 1248 1053 persona;
1287 980 1429 1051 quod
1457 995 1587 1035 vero
1619 979 1979 1034 substantiale

391 1082 506 1139 est,
558 1071 869 1129 indiderens
912 1081 966 1127 et
1004 1085 1294 1129 commune
1333 1079 1420 1126 est
1461 1070 1627 1125 totius
1668 1068 1967 1124 Trinitatis.

394 1165 510 1222 Hoc
549 1175 730 1221 autem
773 1163 1113 1229 vocabulum,
1158 1163 1300 1234 quod
1326 1161 1573 1219 Christus
1612 1161 1832 1227 dicitur,
1864 1174 1982 1215 non-

394 1258 623 1314 habetur
656 1269 939 1311 commune
973 1268 1095 1308 cum
1125 1251 1286 1308 Patre
1316 1260 1371 1306 et
1400 1250 1604 1322 Spiritu
1636 1259 1843 1316 sancto,
1876 1250 1970 1306 sed

394 1346 560 1403 solius
587 1355 671 1401 est
692 1344 924 1415 speciale
950 1358 1073 1398 cum
1093 1341 1252 1407 Filio,
1276 1350 1329 1396 et
1351 1343 1456 1397 hec
1483 1349 1706 1412 propter
1726 1354 1966 1397 carnem.

395 1436 602 1495 Ductus
634 1438 781 1492 enim
820 1435 1223 1504 interpretatur,
1260 1432 1356 1487 sed
1388 1433 1441 1486 in
1472 1440 1748 1502 assumpta
1782 1445 1967 1493 carne,

394 1541 504 1584 non
533 1527 588 1582 in
614 1524 937 1583 assumentis
960 1522 1123 1578 Verbi
1150 1522 1446 1577 divinitate.
1496 1521 1602 1577 Sed
1638 1530 1819 1577 tamen
1844 1522 1967 1591 quia

393 1619 578 1676 carnis
611 1628 666 1675 et
685 1618 847 1675 Verbi
878 1634 984 1673 una
1016 1626 1098 1673 est
1117 1631 1372 1688 persona,
1400 1616 1650 1672 Christus
1684 1622 1769 1671 est
1802 1614 1970 1668 etiam

392 1708 687 1764 secundum
709 1721 948 1771 carnem,
963 1705 1214 1761 Christus
1227 1704 1520 1761 secundum
1542 1701 1971 1769 animam,Chri-

2072 521 2212 576 Vere
2237 522 2339 576 isto
2363 529 2446 575 est
2468 521 2707 575 cbaritas
2737 529 2792 574 et
2819 522 3077 576 sanctitas
3105 533 3161 578 et
3191 524 3369 580 unitas
3390 525 3567 584 Patris
3592 536 3650 584 et

2072 610 2223 678 Filii,
2280 620 2336 665 et
2369 610 2521 666 ideo,
2549 611 2766 682 proprie
2798 621 3139 682 nuncupatur
3175 614 3433 669 vmbuln
3466 618 3648 672 chari-

2071 704 2217 759 tatis.
2254 702 2311 756 in
2340 702 2484 757 hunc
2509 711 2757 757 sanctum
2780 701 3039 774 Spiritum
3068 703 3233 759 Deum
3255 720 3440 761 verum
3463 709 3627 765 credo

2072 797 2217 851 hunc
2244 796 2422 853 laude.
2450 795 2741 861 benedice;
2767 796 2904 863 colo,
2947 805 3001 852 et
3031 795 3214 862 adoro,
3248 812 3436 854 verum
3466 800 3647 856 lumen

2070 897 2127 941 et
2149 884 2632 941 sanetillcatienem
2672 886 2994 951 animarum,
3018 884 3115 957 qui
3142 896 3228 942 est
3259 893 3450 960 pignus
3476 890 3650 946 barre-

2070 976 2256 1030 ditatis
2277 984 2476 1031 nostra
2498 991 2513 1027 :
2538 976 2629 1045 qui
2658 974 2923 1031 illuminet
2945 989 3159 1048 semwr
3179 991 3389 1035 mentes
3411 990 3645 1044 nostras.

2069 1078 2126 1122 et
2149 1069 2309 1124 ducat
2344 1082 2442 1124 nos
2479 1069 2534 1123 in
2556 1081 2775 1124 omnem
2798 1068 3105 1135 veritatem,
3130 1079 3186 1124 et
3218 1069 3383 1125 faciat
3414 1071 3650 1127 cmlesti-
3708 1078 3721 1087 ’

2070 1159 2486 1224 businhzerere,
2537 1168 2700 1229 atque
2739 1168 3007 1229 prspere!
3049 1159 3264 1231 dignam
3313 1163 3647 1217 mansionem

2071 1248 2124 1301 in
2146 1247 2398 1304 cordibus
2423 1249 2624 1303 nostris
2646 1248 2775 1315 Deo,
2800 1249 2940 1305 sicut
2962 1251 3207 1319 promisit
3223 1249 3480 1308 Dominus
3492 1251 3654 1309 Iesus

2068 1337 2319 1394 Christus
2344 1337 2674 1406 Redemptor
2700 1347 2885 1393 uoster
2913 1339 2979 1393 de
3007 1341 3123 1410 ipso
3140 1349 3326 1397 sancto
3346 1340 3646 1398 Paracleto.

2143 1427 2328 1482 XXIII.
2370 1428 2449 1482 Ex
2497 1436 2611 1483 toto
2655 1429 2820 1501 igitur
2864 1433 3028 1486 corde
3073 1448 3194 1488 meo
3238 1444 3291 1489 et
3339 1435 3652 1493 dulcissimo

2070 1533 2274 1582 amere,
2300 1534 2410 1588 quo
2444 1518 2643 1574 refecta
2680 1530 2763 1575 est
2790 1523 2970 1577 anima
3001 1538 3120 1578 mea
3151 1539 3313 1595 super
3341 1528 3649 1601 integritate
3719 1541 3727 1547 ’

2070 1607 2213 1674 fidei,
2241 1623 2337 1681 per
2369 1612 2597 1681 gratiam
2645 1611 2735 1666 Dsi
2784 1614 2966 1679 credo,
3011 1617 3198 1685 procul
3240 1618 3407 1687 pulsis
3435 1622 3646 1677 cunctis

2072 1713 2319 1756 errorum
2367 1702 2636 1766 tenebris,
2686 1712 2742 1757 et
2787 1719 3006 1775 semper
3053 1707 3273 1763 credere
3318 1710 3404 1766 me
3452 1700 3643 1767 fateor.

393 1798 819 1857 stussecundnm
851 1797 1209 1852 divinitatem.
1246 1794 1403 1852 Sicut
1441 1795 1671 1850 dicimus
1694 1793 1970 1848 Christum
2001 1777 2049 1837 Β
2072 1790 2248 1845 Credo
2281 1802 2429 1846 certe
2459 1792 2513 1847 in
2557 1809 2721 1848 unum
2744 1794 2912 1850 Deum
2943 1793 3159 1851 Patrem
3200 1800 3643 1869 omnipotentem,

393 1888 735 1947 descendisse
765 1889 831 1943 ad
859 1887 1077 1953 inferos,
1109 1886 1381 1942 Christum
1422 1885 1659 1955 iacuisse
1706 1885 1760 1939 in
1786 1884 1973 1954 sepul-

394 1995 516 2036 cro:
544 1988 607 2036 et.
624 1980 701 2035 ait
721 1978 1010 2049 Apostolus
1043 1962 1209 2032 {Non
1235 1975 1803 2040 tentemnaﬂhriuum,
1835 1978 1969 2029 sicut

392 2067 606 2141 quidam
637 2083 819 2122 eorum
853 2066 906 2138 (1
932 2066 1055 2121 Cor.
1082 2082 1137 2130 ι,
1166 2065 1275 2138 l9).
1341 2064 1570 2133 Quando
1608 2079 1709 2136 per
1750 2064 1968 2135 Moysen

394 2158 571 2216 educti
621 2167 784 2224 sunt,
829 2173 937 2227 quo
981 2166 1225 2228 tempore
1286 2158 1522 2213 nondum
1557 2164 1677 2211 erat
1718 2154 1969 2211 Christus

394 2248 498 2303 nisi
523 2248 817 2305 secundum
846 2249 1232 2319 sempiternam
1268 2248 1554 2301 Dcitatem.
1587 2262 1607 2295 α
1631 2236 1965 2316 Εηςὶεἱῑιπ,

391 2339 486 2409 qui
507 2339 711 2404 dicunt,
743 2347 862 2393 erat
890 2340 1107 2407 quando
1134 2354 1244 2394 non
1268 2346 1407 2403 erat,
1439 2346 1495 2392 et
1518 2337 1838 2407 priusquam
1864 2352 1965 2391 na-

392 2438 637 2501 sceretur
684 2442 793 2482 non
828 2436 948 2481 erat
974 2446 986 2480 :
1012 2435 1067 2480 et
1097 2428 1223 2497 quia
1249 2441 1318 2483 ex
1350 2426 1509 2481 nullis
1548 2425 1967 2482 subsistentibus

394 2515 571 2573 factus
591 2514 700 2581 ‘est,
726 2524 820 2571 aut
840 2530 906 2570 ex
938 2516 1042 2571 alia
1076 2516 1379 2571 substantia
1407 2515 1492 2570 vel
1522 2516 1755 2570 essentia
1780 2515 1967 2570 dicunt

392 2620 533 2672 esse,
559 2614 652 2661 aut
670 2606 1076 2663 convertibilem
1100 2614 1154 2661 ct
1173 2604 1606 2660 commutabilem
1631 2603 1726 2659 Dei
1747 2603 1963 2669 Filium,

392 2698 788 2752 anatbanatizo
813 2706 870 2752 et
902 2698 1118 2767 penitus
1151 2711 1366 2766 respuo.
1406 2695 1515 2750 Hos
1551 2709 1787 2764 namque
1829 2710 1965 2749 con-

392 2785 611 2841 demnat
655 2785 922 2841 catholica
963 2796 1019 2841 et
1054 2785 1344 2855 apostolica
1380 2785 1637 2849 Ecclesia,
1684 2800 1717 2839 a
1752 2800 1847 2839 sua
1880 2800 1966 2840 sc-

391 2890 620 2947 gregans
661 2876 937 2932 societate.
969 2896 989 2930 ι

460 2967 623 3024 XXI].
662 2967 837 3025 Credo
867 2968 1211 3039 in‘Spiritum
1248 2978 1491 3023 sanctum
1528 2968 1779 3023 similiter
1814 2976 1874 3022 ut
1906 2969 1961 3024 in

394 3056 606 3113 Patrem
633 3066 691 3114 et
726 3058 949 3124 Filium,
997 3060 1123 3129 quia
1165 3058 1308 3115 Deus
1341 3065 1425 3113 est
1454 3056 1688 3127 Spiritus
1740 3066 1961 3114 sanctus

393 3158 453 3203 ut
496 3148 658 3207 Pater
711 3157 767 3203 et
812 3149 999 3205 Filius.
1039 3150 1096 3204 In
1131 3150 1333 3205 nullum
1378 3149 1545 3203 alium
1581 3150 1810 3204 credere
1862 3163 1962 3204 nos

392 3246 622 3310 oportet,
656 3239 759 3293 nisi
790 3238 845 3292 in
878 3238 1067 3293 Deum.
1120 3238 1271 3293 Sicut
1297 3238 1443 3292 enim
1469 3252 1576 3293 non
1604 3246 1783 3307 potest
1820 3237 1966 3294 aliud

392 3343 513 3384 esse
536 3343 818 3400 generous,
865 3338 919 3382 et
941 3327 1085 3382 aliud
1112 3328 1345 3398 genitus,
1379 3327 1475 3383 sed
1502 3328 1607 3383 hoc
1637 3337 1724 3382 est
1753 3329 1964 3398 genitus

392 3417 534 3486 quod
555 3431 821 3487 gener-aus
842 3417 1010 3480 Deus;
1041 3417 1121 3470 sic
1138 3415 1282 3470 aliud
1303 3432 1411 3471 non
1428 3424 1610 3487 potest
1630 3431 1752 3472 esse
1771 3430 1963 3487 procc-

280 3532 283 3537 ι
359 3562 365 3569 _
392 3503 527 3560 deus
546 3503 799 3575 Spiritus,
822 3517 877 3561 et
897 3506 1040 3560 aliud
1066 3506 1199 3576 ipse,
1236 3522 1267 3561 o
1289 3506 1674 3577 queprncedit.
1720 3506 1832 3562 Sed
1862 3507 1968 3562 hoc

391 3596 534 3664 quod
569 3595 683 3665 ipse
719 3604 831 3659 est,
869 3597 973 3651 hoc
1011 3596 1175 3650 etiam
1211 3597 1285 3651 ab
1325 3612 1390 3652 eo
1425 3599 1667 3666 procedit
1693 3639 1709 3664 ,
1763 3600 1814 3653 i-l
1858 3606 1970 3661 est,-

393 3684 535 3740 Deus
562 3684 628 3740 de
650 3684 761 3739 Deo
787 3686 1050 3749 nascitur,
1072 3685 1138 3739 de
1156 3686 1269 3739 Deo
1290 3685 1431 3740 Deus
1457 3689 1715 3757 procedit.
1749 3690 1817 3745 Et
1846 3694 1965 3745 ideo

393 3789 499 3830 non
530 3774 653 3839 alia,
689 3787 798 3830 non
818 3774 1051 3840 diversa,
1084 3773 1308 3829 seduno
1334 3776 1633 3846 eademque
1668 3775 1771 3833 fide
1801 3780 1965 3836 credo

394 3872 451 3919 et
490 3866 546 3921 in
577 3864 835 3935 Spiritum
866 3875 1139 3932 sanctum,
1169 3867 1454 3923 Dominum
1491 3878 1545 3922 et
1578 3870 1959 3937 viviﬁcantem,

394 3956 485 4024 qui
506 3970 571 4011 ex
598 3955 753 4010 Patre
772 3953 1015 4024 Filioque
1034 3956 1295 4025 procedit,
1320 3957 1410 4027 qui
1437 3974 1558 4013 cum
1578 3957 1739 4017 Patre
1754 3970 1809 4015 et
1829 3961 1967 4019 Filio

394 4042 551 4096 simul
575 4043 831 4098 adorator
852 4051 909 4098 et
931 4043 1381 4113 congloriiicatnr,
1414 4040 1505 4116 qui
1539 4047 1849 4106 locutusest
1868 4066 1969 4122 per

394 4132 717 4202 prophetas;
751 4132 844 4201 qui
885 4132 938 4185 in
979 4132 1243 4187 columba:
1272 4135 1452 4203 specie
1494 4135 1773 4194 descendit
1804 4155 1968 4210 super

397 4221 678 4275 Dominum
718 4218 904 4275 Jesum
948 4218 1254 4284 Christum;
1295 4222 1386 4291 qui
1433 4222 1486 4277 in
1535 4223 1658 4295 igne
1688 4226 1967 4299 discipulis

394 4312 655 4382 apparuit,
687 4312 925 4369 tribuens
953 4312 1033 4366 eis
1058 4311 1445 4367 charismatum
1470 4314 1607 4370 dona
1636 4324 1692 4370 et
1724 4319 1965 4375 omnium

395 4400 694 4473 linguarum
720 4401 1017 4458 scientiam.
1056 4400 1156 4469 Qui
1182 4401 1419 4458 viviileat
1450 4405 1652 4469 omnia,
1684 4408 1777 4476 qui
1812 4424 1964 4466 3cm-

395 4497 540 4543 tatur
567 4492 821 4559 mysteria
863 4491 1031 4555 scius,
1070 4500 1124 4548 et
1147 4492 1412 4562 profunda
1437 4494 1531 4550 Dei
1559 4512 1571 4549 :
1595 4496 1693 4566 qui
1722 4505 1961 4570 tempore

383 4576 642 4648 baptismi
679 4580 886 4633 animas
913 4580 1249 4637 credentium
1291 4593 1347 4638 et
1375 4586 1997 4654 cerporasanctiticatw

396 4666 495 4725 llic
515 4681 655 4723 unus
678 4667 897 4738 quidem
912 4676 1015 4732 est,
1044 4670 1137 4724 sed
1162 4672 1433 4743 multiplex
1464 4676 1516 4730 in
1536 4678 1955 4747 operationibus.

396 4759 514 4831 ipse
536 4758 724 4813 dividit
751 4759 1043 4829 gratiarum
1073 4761 1211 4815 dona
1238 4761 1462 4832 singulis
1482 4769 1775 4838 proutxult
1802 4788 1816 4824 :
1843 4772 1959 4828 sine

395 4862 504 4917 quo
532 4862 627 4903 cor
649 4848 919 4919 stupidum
942 4858 1028 4905 est
1062 4858 1117 4905 et
1145 4850 1395 4917 stultum;
1430 4854 1547 4909 sine
1578 4859 1733 4925 cujus
1759 4862 1958 4917 virtute

398 4938 537 4991 nulla
564 4945 807 4992 creatura
840 4949 1015 5009 potest
1044 4941 1111 4994 ad
1143 4943 1495 4997 arternitatcm
1528 4947 1752 5001 venire:
1779 4952 1868 5021 qui
1901 4963 1960 5007 et

398 5027 677 5081 uniuersas
712 5028 967 5085 caelorum
1002 5038 1297 5100 potestates
1330 5048 1427 5088 sua
1452 5032 1726 5101 Maiestate
1761 5043 1960 5097 sancti-

399 5115 541 5172 βω.
576 5115 827 5171 Mirabilis
852 5120 1055 5185 doctor,
1095 5130 1151 5175 et
1180 5131 1371 5194 potens
1400 5123 1613 5189 artifex,
1646 5128 1742 5197 qui
1783 5130 1837 5184 in
1876 5131 1959 5187 t'a-

398 5206 589 5264 ciendo
639 5206 838 5262 nullam
886 5215 1096 5265 moram
1141 5212 1271 5283 agit,
1306 5214 1405 5285 qui
1458 5215 1619 5272 corda
1661 5219 1955 5287 molliﬂcot,

395 5303 455 5353 ct
481 5296 726 5369 [reducit
764 5297 1151 5371 penitentibus
1185 5300 1472 5373 lacrymas,
1496 5306 1587 5378 qui
1609 5318 1956 5379 pecattomm

399 5385 497 5440 dat
519 5386 911 5452 remissionem,
951 5386 1006 5444 in
1032 5404 1212 5459 quem,
1238 5393 1284 5449 si
1325 5394 1447 5463 quis
1486 5396 1953 5468 blasphemaverit,

402 5488 507 5530 non
534 5476 697 5533 habet
753 5479 1116 5543 emissionem,
1153 5482 1306 5549 juxta
1324 5486 1551 5542 Domitii
1581 5489 1805 5547 dictum.
1858 5492 1968 5549 llici

399 5562 637 5636 Spiritus.
678 5581 891 5627 senem
919 5571 1160 5628 charitas
1183 5575 1408 5643 dicitur;
1448 5577 1586 5634 sicut
1612 5579 1826 5638 unicum
1859 5583 1955 5641 Dei

407 5649 628 5708 lict-bum
654 5658 910 5726 sapientia
941 5662 1266 5729 nominatur,
1286 5660 1529 5734 quamvis
1543 5667 1701 5724 Pater
1723 5679 1773 5724 et
1790 5670 1956 5727 Filius

1987 3110 2036 3176 C

2066 1888 2127 1947 et
2156 1881 2212 1935 in
2244 1895 2412 1935 unum
2448 1881 2733 1938 Dominum
2771 1882 2956 1939 Jcsum
2980 1883 3255 1942 Christum
3298 1888 3489 1957 Filium
3528 1892 3647 1961 ejus

2068 1971 2237 2025 Deum
2265 1971 2711 2042 omnipotentem,
2742 1984 2797 2029 et
2838 1975 2895 2030 iu
2918 1991 3086 2031 unum
3113 1986 3361 2034 sanctum
3389 1980 3642 2039 Paracle—

2069 2073 2207 2127 tum,
2238 2062 2458 2129 donum,
2495 2073 2549 2117 et
2574 2062 2835 2135 Spiritum
2866 2066 3167 2134 amborum,
3195 2068 3365 2124 Deum
3398 2073 3643 2143 omnipo-

2070 2159 2289 2206 tentem.
2328 2152 2385 2206 in
2411 2154 2551 2208 hanc
2584 2162 2829 2211 sanctam
2858 2164 2918 2211 et
2944 2157 3276 2215 individuam
3300 2161 3640 2231 Trinitatem,
3692 2160 3693 2163 “

2067 2254 2189 2309 qua:
2209 2253 2291 2297 est
2320 2243 2495 2298 virtus
2520 2256 2624 2299 una
2656 2254 2712 2301 et
2740 2246 3030 2304 indiscreta
3054 2248 3325 2320 Ilajestas,
3356 2254 3647 2312 cliicaciter

2066 2340 2123 2386 et
2150 2332 2518 2390 desideranter
2549 2336 2732 2391 credo.
2781 2338 2932 2393 lianc
2978 2339 3136 2397 labiis
3175 2343 3457 2414 confiteor,
3503 2348 3643 2405 hanc

2066 2420 2233 2485 omni,
2258 2436 2365 2490 qua
2405 2423 2578 2489 valeo,
2621 2425 2821 2481 virtute
2852 2427 2972 2483 celo
3004 2438 3061 2485 et
3106 2429 3282 2497 laudo,
3332 2437 3637 2508 magniﬁce,

2068 2513 2287 2578 inveco,
2326 2513 2615 2580 benedice,
2648 2529 2745 2571 ore
2777 2526 2938 2589 atque
2970 2520 3153 2577 adero.
3221 2523 3355 2581 Huic
3390 2541 3547 2584 servo
3580 2530 3641 2584 ti-

2066 2602 2210 2667 dem,
2237 2602 2363 2659 huic
2381 2618 2468 2658 me
2491 2611 2600 2659 tota
2626 2606 2909 2665 devotione
2932 2613 3233 2681 committe,
3273 2616 3413 2682 vivo,
3437 2628 3491 2674 et
3510 2622 3649 2674 vero

2066 2697 2120 2744 et
2152 2692 2507 2761 omnipotenti
2540 2694 2668 2749 Dee.
2697 2693 2833 2751 Cum
2868 2700 3013 2754 enim
3050 2701 3174 2771 dico
3212 2703 3407 2771 Deum,
3442 2723 3638 2766 nomen

2065 2773 2329 2865 confiteor
2353 2785 2621 2851 essentitc,
2658 2788 2784 2857 quia
2820 2804 3012 2846 nomen
3056 2802 3139 2848 est
3177 2799 3445 2865 essentia,
3478 2802 3643 2857 totius

2064 2870 2313 2927 videlicet
2343 2872 2621 2931 Trinitatis
2653 2886 2888 2946 naturae,
2931 2896 3038 2937 non
3079 2884 3241 2941 unius
3268 2892 3477 2944 tantum
3509 2904 3637 2963 per-

2064 2962 2405 3045 sonze.‘Cum
2431 2976 2613 3022 autem
2643 2969 2895 3042 adiungo,
2925 2974 3008 3031 vel
3028 2974 3263 3046 Patrem,
3300 2980 3385 3037 vel
3419 2962 3636 3049 Filium,

2062 3051 2147 3105 vel
2176 3050 2437 3122 Spiritum
2458 3067 2724 3124 sanctum,
2747 3062 3037 3131 specialem
3063 3066 3318 3124 denuntio
3347 3086 3633 3140 personam

2064 3142 2414 3213 singtdornm.
2455 3144 2591 3201 Nam
2634 3163 2757 3203 eum
2796 3150 2908 3207 Deo
2953 3153 3241 3226 loquimur,
3276 3159 3364 3214 illa
3394 3158 3633 3229 nomina,

2065 3247 2184 3302 quae
2224 3231 2294 3291 ad
2334 3236 2694 3303 substantiam
2738 3239 2854 3309 eius
2894 3244 3201 3313 pertinent,
3250 3251 3475 3322 aequalia
3518 3266 3645 3311 sunt

2064 3333 2119 3378 et
2144 3329 2450 3383 communia
2490 3329 2637 3385 Patri
2679 3340 2734 3388 et
2773 3332 2907 3390 Filio
2939 3336 3241 3410 etSpirlt'ui
3293 3355 3499 3404 sancte.
3547 3348 3637 3405 illa

2065 3430 2213 3482 vero,
2237 3431 2361 3488 qua
2386 3433 2644 3490 personas
2675 3425 2991 3500 designant,
3018 3432 3242 3489 relativa
3280 3437 3549 3506 dicuntur,
3586 3454 3641 3497 et

2062 3507 2420 3576 proprietates
2485 3512 2725 3569 indicant
2780 3526 2988 3575 tantum
3044 3535 3413 3593 personarum.
3488 3530 3638 3585 lianc

2065 3604 2324 3664 praeterea
2357 3612 2542 3655 veram
2580 3612 2634 3657 et
2660 3607 2979 3666 catholicam
3011 3626 3136 3668 esse
3171 3615 3429 3673 conﬁteor
3455 3618 3637 3678 (idem.

2064 3684 2192 3740 Πρω
2211 3697 2296 3742 est
2322 3697 2461 3754 mea,
2488 3707 2586 3763 pro
2608 3708 2711 3763 qua
2754 3700 2890 3754 mori
2917 3710 3138 3771 paratus
3169 3721 3305 3761 sum.
3337 3709 3487 3768 lianc
3518 3712 3641 3775 lldei

2064 3778 2320 3849 regulam
2348 3796 2379 3837 a
2411 3782 2636 3840 Domino
2664 3786 2904 3859 Apesteli
2943 3808 3285 3866 acceperunt,
3336 3810 3395 3855 ut
3441 3803 3493 3859 in
3533 3822 3635 3863 no-

2064 3869 2208 3926 mine
2232 3868 2409 3929 Patris
2441 3883 2497 3929 et
2529 3875 2649 3932 Filii
2676 3886 2733 3934 et
2758 3878 2991 3952 Spiritus
3028 3889 3199 3944 sancti
3230 3892 3513 3949 credentes
3542 3895 3639 3952 ba—

2063 3962 2350 4029 ptizarent.
2398 3965 2503 4022 Per
2528 3969 2671 4025 hanc
2699 3968 2903 4038 iidem,
2927 3976 3017 4046 qui
3062 3994 3276 4037 eramus
3321 3982 3412 4040 lilii
3450 3990 3640 4043 mortis

2065 4052 2347 4121 etdlaboli,
2365 4055 2555 4113 elleeti-
2576 4073 2761 4133 sumus
2788 4062 2881 4119 lilii
2907 4065 3021 4131 Dei,
3047 4068 3181 4126 lucis
3208 4080 3262 4128 et
3288 4062 3637 4134 resurrectio-

2063 4140 2179 4195 nis.‘
2197 4140 2467 4233 Perbauc
2491 4147 2751 4217 eripimur
2777 4152 2841 4206 de
2869 4162 3134 4223 potestate
3161 4161 3499 4221 tenebrarum
3523 4209 3537 4233 ,
3582 4181 3638 4224 et

2065 4229 2517 4327 transierimur‘in
2539 4242 2758 4327 regnum
2772 4238 2893 4296 Filii
2931 4242 3210 4304 charitatis
3240 4248 3352 4307 Dei.
3396 4251 3454 4310 In
3478 4229 3635 4327 hujus

2065 4316 2187 4373 tldei
2228 4317 2568 4389 professione
2590 4324 2751 4399 nos
2784 4340 2841 4385 et
2877 4332 3104 4402 virtute,
3152 4339 3221 4395 de
3268 4343 3354 4399 die
3398 4344 3451 4401 in
3485 4316 3628 4404 diem

1991 4451 2041 4512 υ
2348 4422 2497 4511 opto,
2518 4424 2707 4487 petens
2732 4437 2761 4476 a
2789 4412 3015 4482 Domino
3035 4443 3156 4486 cum
3183 4432 3311 4505 ipsis
3331 4439 3586 4508 apostolis
3619 4460 3631 4493 :

2066 4510 2283 4600 diiunge
2297 4508 2427 4569 mihi
2446 4515 2605 4587 ﬁdem
2648 4518 2799 4592 (Luc.
2829 4538 2961 4592 xvtt,
2990 4526 3066 4600 5).
3094 4527 3252 4588 'llanc
3272 4532 3630 4594 Christianam

2066 4597 2223 4656 ﬁdem
2250 4601 2380 4659 Novi
2416 4620 2479 4661 ac
2507 4606 2718 4666 Veteris
2743 4597 3070 4672 Testamcn-tl
3100 4622 3284 4690 pandit
3308 4627 3627 4683 auctoritas:

2069 4699 2123 4745 et
2178 4696 2421 4764 quamvis
2475 4711 2676 4782 nomen
2730 4702 2904 4774 ipsum
2953 4704 3148 4767 Christi
3187 4724 3345 4770 vetus
3390 4716 3529 4775 intra
3574 4734 3632 4775 se

2062 4784 2388 4879 continuerit
2419 4784 2855 4859 instrumentum,
2881 4809 3113 4870 eumque
3146 4815 3354 4878 semper
3387 4806 3630 4879 desipia-

2062 4874 2200 4971 γει-ιι
2228 4874 2554 4971 adiuturam,
2576 4894 2734 4951 quem
2763 4886 3030 4946 credimus
3056 4905 3154 4963 per
3171 4874 3379 4966 partum
3409 4874 3632 4971 virginis

2050 4960 2163 5055 jam
2190 4966 2421 5055 venisse,
2450 4975 2629 5025 tamen
2658 4971 2712 5028 in
2746 4973 2929 5034 orbem
2960 4960 3223 5038 terrarum
3261 4960 3631 5055 δωρείας,ηο-

2056 5054 2154 5109 stri
2200 5051 2498 5112 Salvatoris
2535 5057 2765 5119 mirabili
2809 5076 3056 5125 manasse
3080 5070 3340 5140 pmbatur
3367 5051 3623 5137 adventu.

2132 5140 2317 5230 xxiv.
2357 5141 2485 5202 litec
2517 5155 2699 5205 autem
2746 5153 2937 5228 religio
2982 5168 3164 5217 nostra
3192 5199 3207 5226 ,
3234 5171 3356 5230 qua
3396 5176 3631 5228 vocatur

2059 5226 2362 5326 σῃι-ιειεεηι
2386 5242 2551 5306 atque
2576 5226 2870 5309 catholica,
2893 5246 2977 5303 bis
2995 5226 3626 5326 numennumen-isis,

2060 5319 2131 5370 ul’
2145 5318 2740 5397 credimus,revelante,
2765 5333 3131 5407 principaliter
3149 5318 3629 5411 nitituhtasserens

2063 5418 2130 5459 ex
2375 5411 2613 5505 divinam
2633 5417 2813 5480 Patris
2856 5432 2912 5479 et
2939 5422 3059 5485 Filii
3084 5436 3140 5486 et
3165 5430 3403 5504 Epidius
3449 5450 3626 5505 sancti

2060 5495 2329 5591 exstitisse
2348 5502 2725 5566 salutantium.
2757 5506 2968 5572 Patrem
2990 5531 3021 5572 a
3042 5495 3428 5585 nullm-Filium

2061 5592 2164 5685 tAre,
2190 5583 2445 5685 Spiritum
2475 5603 2718 5655 sanetum
2741 5615 2774 5655 a
2801 5600 2959 5660 Patre
2979 5615 3031 5661 et
3060 5583 3203 5665 Filio
3221 5583 3621 5685 procedentem.

2061 5674 2158 5742 Qui
2191 5678 2263 5733 sit
2287 5689 2463 5739 tamen
2493 5688 2683 5745 medus
2699 5697 3055 5760 processionis
3080 5674 3402 5773 istiusmodi,
