4254 6204
680 300 814 351 mn.
1477 292 1537 348 Β.
1579 293 1639 346 r.
1686 290 1901 346 suum
1941 251 2070 344 snt:
2112 284 2382 342 smus:
2438 285 2717 344 OI’ERIIM
2753 287 2929 347 mis
2973 287 3095 344 \‘lIL
3759 255 3907 340 '10::

678 421 957 477 possumus
984 404 1252 458 evidenter
1274 404 1469 467 dicere,
1509 405 1647 458 sicut
1689 401 2088 475 generationem
2117 397 2234 453 Filii
2268 400 2313 458 Α
2341 400 2638 454 Stitucndus
2670 398 2891 455 ulterius
2927 400 2978 454 in
3010 400 3156 459 illam,
3182 398 3472 468 angelicam
3496 399 3828 468 dignitatem,
3849 409 3904 453 ut

679 518 784 556 non
807 508 985 570 potest
1015 499 1277 551 humanus
1303 497 1510 548 animus
1559 494 1846 548 aestimare.
1894 492 2018 560 llaec
2047 483 2240 545 ’autem
2346 489 2601 560 Origenes
2625 491 2855 555 delirat;
2895 490 2988 545 sed
3020 490 3431 559 prmeipitandus
3477 505 3598 545 cum
3655 499 3766 545 toto
3810 505 3911 543 suo

682 599 741 644 nt
768 589 1076 649 credantur,
1106 593 1254 637 vetus
1283 599 1345 637 ac
1368 598 1500 638 nova
1529 581 1781 636 infonuat
1811 578 2093 636 instructio
2113 618 2132 645 ,
2178 578 2244 631 de

680 695 784 750 qua
816 676 958 730 velut
983 689 1106 728 arce
1130 673 1400 750 religionis
1423 681 1620 726 nostra:
1655 670 1804 725 multi
1832 669 2042 724 diversa
2068 675 2126 722 .et
2147 668 2244 722 hu-

685 767 932 828 maniter,
961 773 1142 834 atque,
1171 763 1328 820 ut-ita
1369 762 1566 824 dicam,
1593 759 1880 816 carnaliter
1915 757 2207 819 sentientes
2225 793 2243 820 ,

681 857 904 912 adversa
929 854 1087 908 locuti
1119 861 1262 907 sunt.
1289 850 1441 910 Unde
1480 849 1717 905 nonnulli
1750 863 1934 908 eorum
1960 862 2062 909 nec
2082 846 2247 900 Vetus

685 946 950 1015 recipiunt
999 943 1425 1004 Testamentum,
1471 946 1645 1010 neque
1668 941 1724 998 in
1785 941 1993 1008 integro
2019 936 2243 996 Nevum.

683 1038 989 1092 Christiana
1035 1035 1167 1090 ﬁdes
1191 1041 1478 1102 utrumque
1507 1031 1716 1102 recipit,
1737 1032 1964 1091 credens
1996 1027 2171 1082 Patris
2194 1035 2248 1080 ct

684 1127 806 1180 Filii
835 1135 890 1181 ct
911 1125 1143 1194 Spiritus
1172 1125 1344 1179 sancti
1371 1137 1529 1179 unam
1576 1129 1824 1175 naturam
1849 1128 1901 1173 et
1932 1128 2040 1173 tres
2061 1133 2244 1187 perso‘

687 1236 804 1285 nas,
831 1220 921 1275 sed
936 1233 1096 1279 unum
1116 1219 1281 1272 Deum
1302 1226 1357 1271 et
1385 1229 1548 1270 unum
1573 1213 1891 1284 principium
1918 1230 1929 1263 :
1961 1212 2013 1265 in
2035 1210 2248 1264 Christo

689 1313 912 1367 Domino
941 1321 1124 1366 nostro
1152 1310 1294 1368 Jesu,
1315 1309 1405 1378 qui
1426 1315 1508 1363 est
1530 1315 1687 1362 verus
1714 1306 1873 1367 Deus,
1901 1312 1953 1358 et
1979 1302 2248 1372 perfectus

688 1406 845 1460 homo
875 1404 1005 1456 duas
1033 1401 1360 1454 substantias
1390 1407 1444 1454 et
1468 1414 1626 1452 unam
1671 1410 1974 1467 personam.
2005 1393 2144 1462 Ergo
2169 1391 2247 1445 di~

682 1495 804 1547 vina
836 1510 897 1547 ex
930 1502 1128 1546 aeterno
1158 1499 1346 1545 natura
1374 1530 1388 1552 ,
1451 1500 1504 1543 et
1542 1491 1596 1542 in
1625 1496 1883 1542 aeternum
1914 1484 2028 1538 sine
2068 1482 2246 1549 aliqua

687 1583 1044 1638 mutabilitate
1070 1581 1388 1649 perdurans,
1415 1579 1517 1633 sibi
1571 1584 1777 1630 tantum
1824 1574 2038 1629 conscia
2059 1571 2243 1624 volun-

684 1682 822 1735 tate;
844 1682 1027 1742 sponte
1052 1671 1309 1727 mundum
1336 1669 1504 1724 voluit
1553 1667 1839 1728 fabricare,
1871 1678 2101 1732 eumque
2125 1677 2244 1715 cum

2343 595 2570 649 corpore
2602 589 2724 651 post
2776 580 3038 650 judicium
3089 581 3144 636 in
3176 580 3350 650 ignem
3389 590 3727 650 perpetuum,
3756 590 3814 634 ut
3835 580 3902 636 ibi

2346 672 2398 726 in
2423 681 2683 726 aeternum
2715 670 2852 725 male
2877 672 3062 725 vivens
3097 671 3359 726 moriatur
3400 671 3515 724 sine
3543 669 3668 724 ﬁne.
3696 670 3911 740 Absque

2345 761 2458 816 sola
2487 761 2650 829 igitur
2674 761 2959 826 Trinitate,
2981 775 3142 830 quam
3195 760 3364 814 solam
3392 775 3558 816 unum
3587 759 3910 829 principium

2346 850 2538 915 fateor,
2566 861 2620 905 et
2648 852 2826 915 credo,
2853 866 3010 905 omne
3031 851 3174 920 quod
3196 841 3248 904 in
3275 851 3449 914 caelis,
3473 858 3638 916 terra,
3669 849 3914 918 marique

2345 951 2451 1007 est,
2475 943 2670 1012 agitur,
2695 942 2776 995 vel
2800 946 3063 1008 movetur,
3086 949 3386 999 creaturam
3409 956 3526 996 esse
3557 941 3695 996 dico.
3722 939 3912 994 Malum
3941 998 3952 1001 ἢ

2347 1049 2476 1104 ergo
2503 1033 2586 1087 vel
2613 1033 2871 1094 malitiam
2898 1048 2928 1085 a
2955 1033 3064 1086 Deo
3090 1049 3194 1088 non
3223 1048 3340 1088 esse
3379 1040 3585 1096 creata,
3615 1031 3710 1086 sed
3735 1047 3766 1086 a
3791 1031 3912 1087 dEa-

2347 1123 2470 1179 bolo
2497 1123 2708 1177 inventa
2732 1123 2911 1177 credo.
2935 1119 3184 1178 Omnium
3224 1130 3597 1177 creaturarum
3618 1120 3731 1175 sive
3757 1120 3918 1190 spiri-

2350 1212 2567 1266 tualium
2603 1211 2716 1265 sive
2740 1211 3098 1280 corporalium
3143 1211 3337 1265 bonam
3384 1210 3643 1265 conﬁteor
3670 1209 3917 1264 substan-

2349 1306 2476 1357 tiam
2502 1313 2554 1360 et
2580 1303 2701 1357 mali
2727 1304 2922 1357 nullam
2955 1319 3074 1360 esse
3100 1314 3370 1358 naturam.
3413 1303 3487 1354 Ex
3521 1310 3737 1356 auctore
3769 1301 3911 1361 mali,

2350 1395 2617 1448 concurrit
2644 1393 2844 1447 malitia
2886 1393 2940 1447 in
2969 1402 3209 1448 exteros.
3244 1393 3392 1447 Unde
3418 1393 3546 1445 nihil
3586 1401 3670 1445 est
3726 1401 3914 1444 natura

2351 1486 2701 1550 immutabile,
2732 1484 2834 1539 nisi
2882 1485 3025 1539 solus
3050 1484 3226 1547 Deus,
3283 1484 3371 1552 qui
3417 1498 3520 1536 non
3548 1488 3722 1551 potest
3773 1480 3915 1534 aliud

2349 1576 2476 1645 quid
2509 1590 2627 1630 esse
2657 1575 2758 1628 nisi
2789 1576 2977 1638 bonus,
3009 1575 3099 1643 qui
3126 1573 3490 1628 universitatis
3516 1572 3761 1627 conditor
3784 1570 3917 1623 nihil

2328 1682 2457 1718 -non
2488 1664 2684 1726 bonum
2712 1664 2857 1718 fecit.
2886 1663 3031 1720 Bona
3065 1672 3148 1720 est
3173 1679 3301 1733 ergo
3328 1678 3454 1718 caro
3485 1671 3689 1723 nostra,
3709 1671 3764 1713 ut
3793 1668 3918 1729 pate

696 1765 913 1819 omnino
966 1776 1072 1815 non
1103 1770 1267 1825 esset,
1295 1758 1445 1823 fecit,
1473 1767 1531 1812 ut
1569 1765 1714 1811 esset
1744 1773 1757 1808 ἶ
1790 1769 1890 1808 nec
1913 1753 1979 1807 de
2004 1766 2099 1806 sua
2128 1751 2252 1810 διώ-
2287 1736 2330 1796 B
2356 1775 2384 1814 ε
2414 1759 2554 1812 bono
2579 1766 2634 1811 et
2658 1757 2772 1810 solo
2798 1755 2907 1810 Deo
2941 1756 3174 1817 condita,
3203 1765 3257 1810 et
3310 1771 3415 1810 non
3464 1764 3548 1809 est
3595 1754 3733 1809 mala
3758 1793 3772 1819 ,
3821 1767 3920 1807 nec

695 1853 890 1908 stantia
916 1851 1153 1922 protulit,
1179 1865 1246 1904 ne
1291 1849 1502 1904 divinus
1546 1855 1734 1900 natura
1764 1845 2111 1905 crederetur,
2160 1841 2253 1895 scd

693 1947 921 2012 primum
947 1943 1239 2014 angelicam
1296 1949 1539 1996 naturam
1575 1949 1629 1993 et
1666 1937 1943 1992 informem
1973 1934 2251 1990 materiam

687 2050 899 2088 creasse
952 2033 1302 2104 perhibetur,
1366 2031 1504 2086 sicut
1566 2030 1824 2098 scriptum
1871 2035 1956 2081 cst
2013 2026 2067 2081 in
2117 2025 2254 2082 libro

686 2124 784 2182 Job
811 2144 824 2179 :
870 2124 988 2194 lps'e
1017 2135 1088 2178 est
1128 2124 1439 2191 principium
1469 2122 1670 2174 viarum
1703 2119 1801 2172 Dei
1843 2117 1983 2188 (Job.
2011 2132 2099 2179 XL,
2132 2115 2254 2181 14),

689 2225 747 2268 ut
772 2231 875 2269 non
903 2223 1044 2267 esset
1069 2214 1240 2267 otiosa
1270 2211 1361 2266 Dei
1391 2210 1623 2273 bonitas,
1649 2209 1741 2263 sed
1791 2207 2034 2272 haberet,
2066 2205 2121 2260 in
2145 2205 2259 2274 qui-

689 2307 788 2358 bus
815 2321 908 2373 per
934 2303 1097 2357 multa
1134 2309 1256 2355 ante
1287 2300 1458 2370 spatia
1492 2298 1786 2354 bonitatem
1835 2312 1984 2352 suam
2012 2295 2257 2352 ostende-

691 2405 792 2448 ret.
831 2393 936 2447 Nec
964 2394 1105 2447 enim
1129 2391 1420 2460 putandum
1443 2399 1544 2452 est,
1564 2397 1622 2440 ut
1645 2389 1757 2442 haec
1797 2384 2010 2442 aliunde
2040 2383 2257 2440 molitus

690 2495 852 2548 esset,
871 2499 964 2538 nec
982 2493 1233 2550 tanquam
1247 2479 1542 2534 exstitisset
1562 2477 1779 2545 aliquid,
1799 2476 1938 2545 quod
1952 2473 2066 2541 ejus
2080 2473 2258 2527 volun-

693 2585 852 2629 tatem
870 2574 1152 2627 existeutia
1183 2573 1411 2642 propria!
1425 2579 1628 2624 naturtc
1643 2568 1887 2636 juvaret;
1909 2576 2067 2635 atque
2094 2575 2254 2628 esset,

692 2678 745 2720 et
773 2666 911 2734 quod
940 2678 1108 2733 neque
1137 2667 1202 2718 ab
1231 2663 1344 2732 ipso
1374 2662 1572 2717 factum
1599 2669 1761 2723 esset,
1792 2669 1846 2713 et
1887 2667 2061 2712 tamen
2093 2665 2255 2719 esset,

694 2757 833 2824 quod
860 2756 997 2808 absit
1041 2754 1109 2807 ab
1142 2753 1408 2806 intellectu
1460 2751 1690 2806 ﬁdelium
1716 2789 1732 2815 ,
1785 2758 1838 2804 et
1862 2749 1999 2801 Deus
2028 2757 2253 2803 avertat.

764 2846 928 2899 XXV.
970 2845 1043 2900 Ex
1084 2845 1167 2899 his
1195 2845 1352 2910 igitur
1379 2858 1496 2911 quzc
1522 2850 1697 2896 creata
1727 2840 1964 2902 fuerunt,
1996 2839 2046 2893 id
2072 2843 2171 2901 e'st,
2191 2856 2256 2892 cx

695 2939 783 2991 illa
809 2934 1019 2990 informi
1047 2935 1265 2987 materia
1299 2935 1383 2990 hic
1414 2932 1637 2986 visibilis
1662 2931 1909 2992 mundus,
1936 2945 2056 2984 cum
2087 2929 2257 2983 omni-

697 3033 810 3084 bus.
844 3042 960 3096 quae
990 3027 1039 3078 in
1067 3039 1129 3078 eo
1153 3034 1274 3077 sunt
1299 3065 1313 3086 ,
1356 3032 1410 3078 et
1439 3021 1607 3077 factus
1644 3023 1880 3076 creditur
1903 3030 1956 3075 et
1997 3029 2217 3074 ornatus
2242 3062 2255 3082 ,

695 3118 787 3170 sed
819 3116 977 3169 verbo
999 3114 1167 3167 ccelos
1189 3100 1457 3182 produxit,
1483 3122 1536 3166 et
1582 3122 1770 3167 cuncta
1797 3113 1999 3167 creavit
2026 3153 2041 3176 ,
2089 3112 2162 3166 ita
2202 3123 2258 3166 ut

694 3206 815 3258 ω·Ιί
847 3205 1103 3266 cmlcstia,
1141 3213 1194 3256 et
1223 3195 1378 3255 te’rrte
1406 3211 1613 3256 terrena
1651 3210 2013 3269 componeret,
2044 3201 2259 3270 dispen—

697 3310 821 3348 sans
873 3295 1063 3360 cuique
1120 3293 1261 3359 quod
1307 3307 1460 3344 suum
1490 3300 1623 3343 erat.
1658 3291 1852 3346 Verum
1906 3291 2036 3346 tales
2093 3290 2258 3344 creati

696 3395 824 3438 sunt
854 3383 1042 3454 angeli,
1078 3392 1134 3435 ut
1166 3383 1207 3435 si
1228 3381 1438 3442 \'l.fii('lll,
1477 3383 1524 3432 in
1553 3380 2256 3447 beatitudinepersistercnt.

655 3515 662 3518 ~
700 3479 758 3531 Si
789 3488 964 3531 autem
995 3474 1194 3529 nollent
1223 3473 1382 3526 ctiam
1422 3472 1524 3524 labi
1550 3471 1864 3539 potuissent.
1893 3469 2041 3524 Unde
2089 3478 2143 3522 et
2166 3468 2261 3522 Sa-

700 3584 788 3623 tan
829 3584 947 3622 cum
977 3566 1295 3635 sequacibus
1323 3564 1616 3633 legionibus
1656 3562 1851 3630 cecidit
1877 3580 1887 3612 :
1921 3561 2012 3614 sed
2037 3563 2262 3616 virtutes

698 3659 968 3727 angelice,
1001 3670 1118 3724 (pne
1155 3656 1207 3707 iu
1254 3653 1432 3708 divino
1478 3666 1661 3706 amore
1703 3651 1817 3705 ﬁxa:
1864 3651 2215 3720 perstiterunt
2250 3692 2260 3713 ,

699 3745 863 3812 lapsis
885 3744 1307 3812 superbientibus
1347 3740 1547 3808 angelis
1582 3739 1679 3792 hoc
1702 3739 1754 3791 iu
1787 3753 2006 3792 munere
2035 3739 2261 3791 retribu-

703 3834 865 3886 tionis
894 3839 1233 3899 acceperunt,
1264 3838 1319 3882 ut
1344 3831 1534 3882 cadere
1557 3829 1773 3881 omnino
1805 3842 1903 3881 nec
1936 3828 2264 3890 vellent,nec

702 3924 926 3992 possint,
955 3922 1210 3975 habentes
1238 3935 1264 3972 a
1299 3919 1668 3972 Dcmirtutem
1695 3918 2260 3982 incomnmtabilitatis.

705 4013 955 4067 Diabolus
977 4013 1153 4080 itaque
1184 4027 1284 4064 non
1310 4011 1380 4062 ita
1406 4009 1578 4063 factus
1604 4017 1707 4073 est,
1739 4018 1797 4076 ut
1840 4009 2078 4063 diabolus
2102 4017 2258 4068 esset,

703 4106 826 4173 quia
859 4106 997 4159 Deus
1028 4103 1221 4155 malum
1259 4118 1366 4155 non
1400 4100 1543 4164 fecit,
1574 4101 1666 4155 sed
1718 4115 1840 4155 cum
1895 4109 2033 4154 esset
2085 4115 2114 4154 a
2155 4100 2262 4162 Deo

703 4195 878 4248 factus
901 4191 1118 4260 angelus
1143 4192 1338 4250 bonus,
1367 4206 1461 4259 per
1508 4191 1692 4242 vitium
1722 4190 1981 4258 superbiae
2007 4205 2034 4240 a
2065 4203 2120 4242 se
2150 4189 2262 4256 ipso

705 4288 878 4340 factus
907 4294 986 4339 est
1013 4284 1272 4337 diabolus.
1306 4282 1407 4348 Qui
1445 4297 1568 4334 cum
1613 4283 1724 4336 suis
1772 4282 2117 4349 complicibus
2171 4295 2266 4347 per

707 4376 867 4429 istum
891 4386 1113 4446 vagatur
1129 4388 1328 4434 acrem,
1362 4371 1616 4425 insidians
1640 4370 1794 4423 saluti
1818 4370 2069 4425 ﬁdelium.
2097 4370 2264 4423 Inter-

710 4479 804 4521 nas
826 4474 1027 4518 tantum
1065 4463 1416 4532 c0gitationcs
1436 4461 1646 4524 animus,
1673 4460 1985 4530 quibusdam
2034 4459 2260 4513 forinse-

705 4569 804 4608 cus
852 4552 1247 4620 deprehendere
1276 4549 1510 4612 indiciis,
1538 4550 1831 4620 pmsertim
1879 4566 1943 4603 ex
1981 4550 2108 4626 ipsis
2137 4564 2262 4601 con-

707 4645 1073 4715 sparsionibus
1097 4643 1417 4704 animarum,
1439 4656 1556 4710 qua:
1586 4642 1637 4694 in
1667 4643 1902 4712 moribus
1932 4641 2260 4709 singulorum

709 4734 1081 4798 inveniuntur,
1114 4747 1216 4787 non
1249 4739 1422 4786 autem
1456 4730 1592 4784 scire
1614 4745 1732 4784 eum
1763 4738 1907 4797 puto.
1943 4727 2097 4780 Solus
2120 4729 2262 4782 enim

713 4824 852 4875 Deus
875 4821 1270 4877 secreta'cordis
1307 4820 1470 4874 novit.
1492 4819 1655 4875 Malas
1679 4819 2027 4894 cogitationes
2051 4817 2265 4885 quidem

711 4925 813 4963 non
845 4925 1054 4978 semper
1088 4925 1153 4967 ex
1183 4911 1298 4980 ejus
1325 4900 1574 4964 instinctu
1603 4907 1846 4970 excitari,
1874 4908 1964 4961 sed
2002 4906 2264 4959 interdum

710 5018 775 5054 cs
804 5001 971 5057 nostri
998 5000 1204 5058 arbitrii
1233 5009 1377 5060 motu
1413 5001 1590 5061 nasci;
1631 5001 1796 5054 bonas
1845 5008 2022 5054 autem
2058 5010 2268 5067 semper

707 5112 740 5144 a
759 5092 865 5146 Deo
884 5092 1131 5152 dicimus,
1148 5083 1385 5148 diabolus
1408 5090 1549 5150 enim
1575 5097 1852 5163 suggestor
1879 5089 2140 5147 malorum
2163 5095 2265 5149 est,

714 5199 817 5237 non
850 5184 1105 5252 impulsor
1132 5198 1142 5232 :
1177 5180 1594 5236 substantialiter
1619 5193 1747 5233 vero
1765 5193 1885 5233 eum
1910 5179 2053 5233 illabi
2077 5178 2270 5241 anima:

714 5285 819 5322 non
846 5272 1130 5335 credimus,
1161 5268 1253 5325 sed
1293 5267 1644 5337 applicatione
1667 5277 1720 5321 et
1741 5269 2082 5343 oppressione
2110 5267 2264 5321 uniri.

717 5358 1125 5434 Solusnamquc
1169 5371 1380 5414 creator
1404 5365 1594 5417 natura
1643 5360 1967 5422 subsistens,
2020 5359 2263 5428 incorpo-

716 5465 858 5514 reus,
886 5449 1139 5522 capabilis
1161 5459 1240 5505 eet
1261 5463 1373 5506 sua:
1401 5447 1640 5509 factum.
1676 5447 1799 5504 Fuit
1824 5465 1949 5523 ergo
1977 5450 2158 5521 refuga
2184 5453 2269 5504 ille

707 5535 1000 5606 aliquando
1035 5538 1087 5592 in
1111 5537 1350 5604 contuitu
1370 5536 1641 5592 Creatoris
1669 5535 1834 5610 gloria
1859 5546 1913 5590 ct
1940 5539 2139 5594 honore
2165 5544 2269 5595 cir-

707 5629 1014 5691 .t‘lﬂilciLHUS,
1044 5629 1134 5682 sed
1161 5643 1283 5683 mox
1329 5638 1384 5682 ut
1412 5629 1603 5696 elatus,
1636 5630 1804 5701 patuit
1831 5629 2016 5692 ruina»,
2050 5646 2152 5688 non
2189 5648 2269 5683 rc-

2357 1848 2479 1904 mali
2509 1862 2691 1908 causa,
2710 1862 2806 1901 nec
2831 1862 2896 1901 ex
2921 1847 3062 1900 bono
3087 1846 3332 1914 maloque
3362 1855 3658 1916 compacta,
3684 1845 3775 1898 sed
3795 1859 3919 1897 cum

2356 1941 2424 1994 sit
2454 1939 2727 1994 creatione
2757 1936 3157 2001 boua,arbitrio
3183 1936 3374 1998 animae
3398 1935 3625 1991 efﬁcitur
3650 1934 3729 1988 vel
3757 1934 3920 1995 bona,

2355 2032 2438 2085 vel
2471 2031 2641 2094 mala;
2674 2030 2787 2098 ipsa
2812 2038 2912 2092 est,
2943 2045 3060 2101 qua:
3088 2029 3250 2083 stabit
3275 2036 3398 2085 ante
3424 2027 3654 2083 tribunal
3699 2026 3918 2080 Christi.

2429 2120 2612 2174 XXVI.
2654 2119 2828 2176 Credo
2882 2128 3125 2173 sanctam
3175 2118 3470 2173 Ecclesiam
3501 2159 3514 2180 ,
3573 2115 3920 2187 apostolicam

2359 2224 2517 2282 atque
2541 2212 2920 2276 universalcm,
2945 2220 2999 2265 et
3030 2212 3379 2270 orthodoxam
3407 2251 3420 2274 ,
3470 2225 3588 2279 qua:
3638 2225 3734 2263 nos
3783 2210 3924 2263 hanc

2359 2319 2540 2360 sanam
2557 2301 2737 2360 docuit
2758 2301 3074 2356 doctrinam.
3103 2298 3216 2356 Non
3246 2299 3298 2353 in
3322 2299 3463 2353 illam
3489 2297 3648 2352 credo
3672 2305 3925 2364 tanquam

2359 2397 2410 2450 in
2437 2397 2624 2458 Deum,
2654 2393 2746 2449 sed
2774 2407 2893 2451 eam
2925 2393 2978 2447 in
3004 2392 3141 2453 Deo,
3190 2398 3244 2445 et
3273 2391 3438 2445 Deum
3473 2390 3525 2444 in
3552 2404 3612 2443 ea
3657 2403 3772 2442 esse
3798 2403 3929 2442 con«

2362 2490 2542 2552 ﬁteor;
2582 2501 2686 2540 non
2717 2485 2866 2553 quasi
2907 2485 3020 2552 ipsa
3052 2484 3321 2538 contineat
3349 2483 3552 2546 Deum,
3605 2481 3697 2543 sed
3748 2483 3928 2550 potius

2362 2580 2472 2648 ipsa
2497 2572 2800 2632 continetur
2822 2589 2851 2627 a
2898 2575 3025 2627 Deo.
3058 2573 3178 2627 [hac
3222 2575 3408 2627 domus
3448 2573 3563 2635 Dei,
3588 2573 3701 2624 lucc
3729 2587 3925 2638 sponsa

2359 2667 2577 2723 Christi.
2633 2664 2782 2720 lianc
2827 2665 2946 2718 dico
2986 2674 3293 2719 sanctorum
3343 2664 3582 2717 omnium
3631 2663 3927 2730 congrega-

2359 2761 2576 2815 tionem.
2611 2760 2667 2812 in
2694 2760 2796 2815 hac
2823 2761 3165 2814 continentur
3200 2774 3384 2813 omnes
3410 2757 3566 2825 justi,
3587 2764 3640 2811 et
3662 2756 3751 2824 qui
3777 2763 3926 2818 sunt,

2359 2861 2413 2905 ct
2439 2853 2526 2920 qui
2555 2851 2791 2913 fuerunt,
2817 2859 2875 2904 et
2923 2851 3010 2919 qui
3040 2857 3215 2902 crant.
3270 2848 3457 2902 Adhuc
3501 2847 3622 2900 dico
3678 2844 3926 2912 amplius.

2362 2940 2534 2993 Etiam
2564 2954 2749 2993 omnes
2778 2940 3055 2992 beatorum
3077 2938 3356 3004 spirituum
3387 2937 3602 2990 ordines
3626 2936 3677 2990 in
3701 2935 3801 2987 hac
3823 2949 3930 2986 una

2365 3032 2799 3086 confoederantur
2854 3029 3134 3092 Ecclesia,
3194 3027 3446 3097 Apostulo
3511 3043 3607 3081 nos
3658 3026 3927 3080 docente:

2339 3119 2498 3187 ‘Quia
2529 3124 2580 3174 in
2609 3121 2810 3175 Christo
2841 3118 3170 3174 reconciliata
3203 3127 3320 3168 sunt
3348 3116 3519 3167 omnia
3546 3157 3558 3176 ,
3612 3131 3714 3166 non
3740 3112 3927 3174 solum,

2363 3215 2550 3285 qurein
2579 3224 2718 3266 terra
2758 3223 2911 3274 sunt,
2969 3227 3138 3265 rerum
3170 3210 3320 3261 etiam
3361 3224 3474 3275 qum
3526 3209 3579 3259 in
3626 3205 3763 3258 ariis
3808 3213 3930 3258 sunt

2367 3303 2582 3372 (Co/oss.
2618 3318 2653 3363 ι,
2679 3302 2786 3368 20).
2823 3301 2942 3354 "‘JEC
2991 3300 3168 3353 omnia
3199 3313 3350 3354 sacra
3382 3297 3578 3357 unitas,
3607 3299 3801 3349 dicitur
3846 3296 3928 3349 ci-

2367 3395 2502 3447 vitas
2532 3392 2645 3446 Dei.
2673 3391 2770 3445 llic
2819 3390 2963 3444 locus
2995 3396 3115 3448 est,
3167 3388 3215 3438 in
3257 3401 3361 3451 quo
3409 3384 3670 3436 conﬂatur
3712 3399 3922 3438 nurum.

2366 3484 2514 3538 lianc
2540 3499 2699 3534 unam
2729 3481 3016 3533 Ecclesiam
3037 3475 3353 3528 catholicam
3376 3481 3428 3525 et
3455 3488 3666 3527 sursum
3695 3480 3748 3523 et
3770 3473 3926 3524 deor-

2367 3587 2482 3624 sum
2516 3571 2708 3637 ubique
2731 3567 2970 3620 diﬂ‘usam
3015 3564 3066 3617 in
3095 3577 3255 3615 unam
3296 3561 3642 3630 colligendam
3700 3561 3931 3626 beatitug

2368 3663 2542 3714 tiitlt‘m
2567 3659 2744 3722 credo,
2775 3656 2824 3710 id
2838 3663 2936 3716 est,
2965 3661 3129 3705 totam
3161 3651 3316 3706 simul
3348 3651 3399 3708 in
3423 3650 3560 3706 caelo
3585 3658 3928 3721 regnaturam

2367 3767 2486 3802 cum
2519 3747 2753 3807 Christo,
2780 3745 2869 3811 qui
2900 3753 3058 3811 caput
3080 3751 3162 3797 est
3183 3743 3350 3811 ipsius
3373 3740 3640 3803 Ecclesiae,
3669 3742 3790 3808 quia
3815 3741 3928 3809 ipsa

2366 3848 2445 3890 cst
2476 3851 2668 3902 corpus
2696 3834 2827 3901 ejus.
2873 3831 3037 3899 liuius
3062 3847 3290 3899 namque
3339 3831 3581 3897 corporis
3609 3828 3780 3885 factus
3810 3844 3930 3883 Sum

2367 3942 2460 3993 μυί*
2489 3924 2713 3992 gratiam
2743 3923 2832 3977 Dei
2862 3923 3176 3982 membrum.
3214 3922 3334 3976 licet
3355 3921 3632 3990 parvulum
3681 3930 3735 3973 et
3780 3918 3932 3974 inﬁr-

2365 4029 2527 4072 mum.
2550 4012 2713 4079 Hujus
2742 4013 3071 4066 consortium
3100 4025 3152 4066 et
3173 4011 3274 4066 ﬁde
3300 4021 3351 4066 et
3374 4026 3533 4080 Opere
3559 4011 3785 4065 ﬁrmiter
3809 4013 3936 4066 reti-

2368 4119 2492 4157 nti-2e
2525 4118 2692 4169 usque
2712 4102 2762 4154 in
2796 4101 2976 4165 tinem,
3007 4111 3060 4155 et
3085 4112 3210 4170 opto
3234 4103 3392 4156 nimis
3417 4110 3514 4155 eta
3545 4103 3653 4156 Deo
3681 4103 3890 4170 postulo
3914 4144 3930 4166 ,

2365 4195 2452 4260 qui
2480 4193 2766 4245 dator'est
2793 4193 3030 4246 omnium
3072 4194 3350 4247 bonorum.
3401 4193 3539 4263 Ergo
3587 4193 3639 4246 in
3680 4194 3781 4249 hac
3821 4211 3932 4250 una
3984 4185 3994 4195 ’

2367 4285 2601 4339 Ecclesia
2625 4295 2806 4339 sancta
2829 4295 3001 4340 matre
3027 4295 3207 4340 nostra
3247 4287 3539 4352 catholica,
3589 4302 3706 4357 quae
3736 4289 3788 4342 in
3820 4297 3933 4342 toto

2369 4375 2495 4429 orbe
2536 4375 2716 4429 laudat
2745 4376 2910 4432 Deum
2938 4417 2952 4441 ,
3009 4392 3093 4431 me
3144 4388 3450 4434 sanctorum
3499 4378 3930 4432 communionem

2367 4471 2776 4519 consecuturum
2802 4479 2923 4519 esse
2952 4467 3131 4528 credo,
3159 4481 3264 4520 non
3291 4466 3345 4518 in
3370 4465 3504 4518 meis
3542 4465 3748 4518 meritis
3777 4505 3792 4529 ,
3837 4467 3932 4520 sed

2365 4553 2417 4610 in
2457 4554 2657 4608 Christi
2686 4568 2945 4624 sangume
2976 4561 3028 4607 et
3069 4554 3226 4622 hujus
3257 4554 3441 4607 matris
3472 4554 3721 4608 Ecclesia:
3763 4555 3935 4624 preci-

2365 4645 2462 4699 bus
2498 4646 2812 4713 meritisque
2839 4643 3130 4698 conﬁdens.
3162 4644 3296 4699 Sunt
3313 4645 3476 4716 ῆοθ
3501 4656 3555 4700 et
3575 4646 3692 4711 aliae
3711 4646 3934 4714 pseudo-

2363 4733 2604 4791 oeclesia:
2628 4733 2938 4805 dmmonicis
2965 4733 3199 4802 decepta
3225 4735 3485 4788 doctrinis
3513 4750 3620 4788 non
3648 4741 3934 4801 sequentes

2367 4821 2658 4886 Christum,
2684 4839 2909 4893 quarunt
2942 4832 2997 4877 et
3024 4824 3225 4878 scelera
3248 4834 3300 4878 et
3326 4824 3541 4877 nomina
3567 4824 3729 4893 pudet
3754 4837 3839 4876 me
3869 4840 3933 4881 ac

2367 4912 2507 4980 piget
2525 4912 2663 4966 inter
2682 4927 2834 4967 sacra
2851 4913 3012 4966 verba
3028 4911 3382 4967 confessionis
3411 4911 3530 4966 fidei
3559 4927 3690 4967 mea:
3711 4911 3929 4966 referre.

2368 5003 2508 5060 niihil
2534 5003 2662 5061 mihi
2700 5019 2822 5059 eum
2852 5004 2960 5058 illis
2978 5019 3278 5067 commune,
3304 5003 3512 5070 cunctis
3533 5004 3614 5058 eis
3647 5001 3932 5056 anathema

2369 5095 2519 5159 dico;
2572 5110 2678 5150 non
2721 5095 2849 5150 mihi
2902 5096 3178 5164 contingat
3229 5111 3352 5148 cum
3385 5094 3487 5148 illis
3514 5093 3598 5148 vel
3650 5092 3932 5163 paciﬁcum

2371 5184 2653 5252 aliquando
2675 5183 2871 5238 habere
2897 5199 3213 5252 sermonem.
3243 5185 3298 5238 Si
3346 5185 3496 5239 locus
3529 5192 3582 5238 et
3610 5192 3816 5250 tempus
3845 5196 3932 5251 po-

2368 5275 2606 5344 poscerit
2635 5277 2882 5346 persequi
2911 5277 3027 5330 illas
3058 5287 3113 5330 et
3163 5292 3259 5346 pro
3289 5277 3430 5332 scire
3463 5283 3518 5330 et
3552 5289 3708 5342 posse
3727 5313 3742 5338 ,
3790 5271 3931 5342 quod

2370 5363 2499 5422 mihi
2522 5361 2662 5420 Deus
2692 5362 2840 5430 dabit
2891 5364 3092 5432 'ctdat,
3131 5367 3273 5420 sicut
3303 5367 3484 5433 hostes
3510 5363 3710 5418 Christi
3764 5363 3933 5432 impu-

2369 5467 2533 5520 gnare
2561 5468 2836 5522 nunquam
2864 5445 3127 5511 desinam.
3176 5455 3371 5514 Divisa
3403 5454 3548 5514 enim
3587 5463 3719 5510 sunt
3758 5467 3791 5506 a
3815 5453 3932 5506 cur;

2370 5557 2498 5610 pore
2521 5543 2735 5602 Christi.
2763 5544 3113 5614 “tequidem
3156 5559 3400 5600 errorum
3431 5553 3585 5599 mete
3627 5541 3931 5600 tenebrosae

2371 5631 2507 5685 ultra
2544 5642 2593 5685 et
2622 5632 2775 5698 inira,
2801 5647 2961 5702 quam
2991 5644 3044 5689 ιιι
3071 5641 3329 5702 oporteat,
3347 5633 3628 5687 trahuntur
3651 5647 3679 5686 a
3704 5629 3926 5693 diabolo,
