4254 6200
375 248 514 332 rora

1039 241 1191 299 ore.
1229 239 1456 298 arma.
1495 270 1565 282 .-
1604 234 1832 329 αιῐςῖδι
1867 235 2249 299 εολιῑεεειο·
2282 208 2593 295 ειυειν-
2628 237 2807 294 psus
2845 240 2929 296 ιιι.

3464 244 3593 300 Μεῗᾶ

370 328 624 437 magistro
657 323 891 431 eorum.‘
916 358 1087 414 Mater
1122 371 1253 412 vero
1303 355 1544 437 Ecclesia
1590 324 1821 431 medium
1853 360 1933 412 te-
1961 364 2008 425 Ᾱ
2035 365 2145 411 tam
2176 367 2335 411 suam
2357 353 2582 410 Domino
2607 362 2921 425 protegente
2961 350 3031 407 ab
3060 355 3204 413 omni
3239 355 3449 425 capitali
3496 362 3600 418 cri-

368 465 483 516 nct,
512 455 655 524 quod
674 466 815 507 verte
845 449 1061 506 virtutis
1092 449 1367 520 proprium
1392 453 1495 503 est”.

439 540 649 610 XXVII.
684 541 812 598 Βίας
829 540 1047 612 quidem
1078 546 1253 595 mater
1274 539 1533 604 Ecclesia,
1567 542 1689 609 qua:
1734 537 1933 593 dicitur

367 635 654 701 Catholica,
678 648 776 705 per
794 632 983 688 orbem
1011 630 1066 685 in
1101 645 1209 686 una
1241 630 1538 699 eademque
1565 628 1671 685 tlde
1698 626 1889 684 diffusa
1914 667 1929 693 ,

368 721 541 785 tribus
573 724 749 780 modis
789 720 1049 792 probatur
1073 721 1327 777 existere.
1364 718 1633 790 Quidquid
1659 719 1715 774 in
1746 732 1810 773 ea
1856 726 1934 773 te-

368 816 545 881 netur,
574 822 666 869 aut
688 811 993 868 auctoritas
1011 818 1097 867 est
1114 809 1515 884 Scripturarum
1543 849 1560 873 ,
1602 816 1697 864 aut
1714 808 1934 865 traditio

367 906 706 972 universalis,
738 913 832 961 aut
849 911 998 962 certe
1022 904 1238 976 propria
1261 912 1318 961 et
1360 895 1704 975 particularis
1734 903 1934 959 instru-

364 999 494 1063 ctio,
519 995 975 1063 sedrauctoritate
1019 1001 1129 1049 tota
1182 993 1596 1073 constringitur,
1641 989 1930 1047 universali

363 1083 653 1141 traditione
678 1082 940 1154 majorum
963 1081 1310 1137 nihilominus
1334 1091 1448 1136 tota
1471 1096 1487 1145 ;
1539 1081 1764 1151 privatis
1804 1095 1933 1135 vero

361 1171 832 1229 constitutionibus
882 1180 940 1226 et
990 1171 1224 1241 propriis
1280 1167 1749 1231 informationibus-
1798 1186 1931 1227 una-

363 1277 589 1334 quaque
611 1261 690 1318 vel
718 1274 818 1332 pro
845 1261 1090 1318 locorum
1125 1252 1403 1325 varietate,
1430 1261 1515 1317 vel
1550 1268 1707 1333 prout
1737 1260 1930 1332 cuique

363 1356 500 1410 bene
523 1354 698 1415 visum
754 1359 857 1419 est,
884 1351 1127 1407 subsistit
1154 1358 1233 1407 et-
1262 1352 1483 1422 regitur.
1517 1350 1928 1407 Con'suetudinis

362 1446 558 1517 quippe
580 1453 706 1500 sunt
731 1444 956 1499 diversae
976 1484 992 1508 ,
1045 1442 1138 1500 sed
1173 1458 1280 1498 una
1333 1444 1626 1514 eademque
1649 1449 1733 1498 ‘est
1762 1443 1816 1498 in
1863 1457 1924 1498 ea

314 1574 333 1581 ι
362 1534 396 1586 tl
418 1534 483 1589 iei
510 1532 820 1589 orthodoxae
851 1533 1143 1604 integritas.
1160 1532 1304 1589 Intra
1330 1533 1470 1588 hanc
1486 1542 1726 1589 sanetam
1748 1533 1929 1590 Eccle-

359 1625 515 1689 siam,
541 1623 631 1679 ubi
658 1638 798 1678 unus
828 1623 969 1677 Deus
1000 1623 1101 1678 rite
1122 1623 1335 1689 colitur,
1368 1630 1424 1680 et
1476 1632 1585 1678 una
1637 1633 1721 1680 est
1769 1623 1921 1680 fides.

358 1805 676 1860 sacramenti
695 1804 872 1859 verbis
892 1806 953 1859 ‘in
977 1803 1288 1872 infantibus,
1314 1807 1507 1877 quibus
1530 1808 1693 1862 etiam
1719 1808 1779 1861 in‘
1809 1822 1925 1877 ma-

328 1908 331 1913 '
355 1891 586 1964 ﬁoribus,
616 1908 739 1951 esse
762 1894 1143 1951 celebrandum
1174 1898 1314 1962 dico,
1345 1917 1363 1950 ι
1401 1908 1562 1968 atque
1593 1900 1925 1955 dicens’con.

356 1985 533 2042 firmo.
560 1983 684 2039 illos
715 1985 932 2056 quidem
965 1987 1335 2043 tantummodo
1382 1988 1682 2059 baptizatos
1704 2007 1890 2047 assero
1909 2031 1925 2057 ,

354 2070 445 2148 qui
476 2079 530 2134 in
568 2078 781 2133 nomine
815 2077 1019 2144 Patris,
1073 2090 1129 2133 et
1179 2080 1319 2146 Filii,
1347 2092 1401 2137 et
1426 2081 1663 2155 Spiritus-
1708 2084 1923 2155 sancti,

349 2166 505 2239 juxta
526 2167 768 2240 regulam
793 2184 823 2222 a
851 2169 1078 2224 Domino
1124 2170 1352 2240 positam
1385 2170 1534 2226 tincti
1569 2182 1711 2227 sunt.
1736 2173 1795 2227 in
1820 2189 1923 2244 qua

354 2259 760 2329 regeneratione
806 2259 1173 2315 remissionem
1201 2261 1437 2315 omnium
1474 2261 1839 2331 peccatorum,
1872 2271 1928 2318 et

351 2345 690 2417 originalium
714 2356 769 2402 et
793 2348 1099 2404 actuali‘um-
1115 2350 1230 2405 dari
1254 2391 1270 2415 ,
1316 2356 1368 2406 et
1401 2351 1609 2407 animas
1662 2352 1927 2424 simulque

353 2451 578 2508 corpora
608 2438 995 2510 baptizatorum
1027 2442 1350 2512 sanctificari
1374 2459 1469 2514 per
1510 2440 1770 2515 Spiritum
1801 2461 1928 2500 sana

352 2524 502 2582 etum
524 2530 686 2585 credo
710 2526 724 2585 Ξ
753 2547 912 2601 quem
942 2534 1233 2604 accipimus
1255 2550 1320 2590 ex
1342 2544 1467 2591 tunc
1491 2537 1683 2608 pignus
1706 2536 1926 2593 haaredi-

354 2619 484 2695 tatis
515 2629 733 2687 nostrm,
756 2632 811 2676 et
854 2634 950 2694 per
975 2638 1135 2695 quem
1156 2626 1465 2682 diﬂimditur
1489 2628 1725 2685 Charitas
1751 2625 1843 2685 Dei
1871 2630 1922 2685 in

351 2710 601 2765 cordibus
626 2714 843 2768 nostris.
879 2715 1020 2771 Deus
1074 2726 1254 2772 sacrat
1306 2734 1517 2788 aquam,
1557 2729 1613 2774 ct
1645 2720 1881 2792 baptizat
1906 2765 1919 2789 ,

252 2870 263 2882 .
338 2804 442 2882 qui
483 2802 608 2859 talia
638 2813 763 2861 nunc
811 2807 865 2862 in
896 2809 1053 2865 nobis
1086 2818 1361 2879 operatur,
1387 2809 1773 2875 liccthumaua
1803 2824 1922 2885 my-

2029 445 2177 500 mine‘
2206 444 2497 501 numam
2550 450 2850 500 servarunt.
2881 443 3013 499 Dico
3058 445 3221 500 etiam
3264 445 3380 516 plus
3402 487 3419 512 ,
3452 449 3595 518 quod

2030 531 2135 588 illis
2167 531 2573 590 eicellentiores
2595 532 2711 589 fieri
2736 541 2962 604 possunt
3001 533 3056 588 in
3096 530 3283 605 gloria.
3336 534 3461 592 llaec
3512 545 3599 594 est

2028 622 2247 693 quidem
2273 623 2341 680 de
2382 623 2567 692 sanis;
2600 624 2669 679 de
2702 623 2930 681 inﬁmis
2959 639 3095 699 vero.
3117 625 3221 706 hoc
3260 628 3461 694 sentio,
3482 643 3599 700 spe-

2029 727 2158 771 rans
2184 712 2255 770 de
2265 711 2561 782 justissima
2591 715 2922 786 pietateDei,
2944 716 3087 786 quod
3116 717 3162 772 si
3194 718 3315 789 quis
3334 733 3519 775 eorum
3542 722 3596 774 in

2029 803 2220 861 ultimo
2246 804 2371 860 vita;
2388 804 2581 877 spiritu
2601 805 2959 863 admissomm
2983 808 3272 879 peniteat,
3301 819 3356 865 et
3379 819 3597 881 peccata

2029 906 2123 949 sua
2134 893 2344 964 publica
2357 894 2724 953 satisfactione
2735 896 3152 967 lamentationis,
3169 914 3350 956 coram
3365 903 3594 969 cunctis,

2029 985 2120 1055 qui
2145 985 2216 1042 ibi
2262 986 2493 1052 adstant,
2525 986 2717 1060 prodat
2739 1029 2756 1056 ,
2808 980 3127 1060 pmnitentia
3173 991 3290 1063 ejus
3336 994 3592 1064 recipitur

2027 1075 2211 1146 procul
2240 1076 2400 1134 dubio
2421 1077 2490 1134 ab
2512 1079 2600 1136 illo
2636 1080 2728 1150 qui
2767 1097 2859 1135 cor
2885 1082 3164 1138 contritum
3193 1093 3242 1137 et
3264 1083 3594 1140 Imnriliaturu

2028 1183 2133 1222 non
2164 1169 2361 1238 spernit
2397 1165 2569 1240 (Psal.
2597 1186 2649 1224 ι..
2674 1169 2785 1239 19).
2814 1180 2863 1225 et
2890 1181 3107 1226 mortem
3130 1188 3235 1227 mm
3261 1173 3368 1228 uult
3410 1189 3593 1243 pecca-

2026 1267 2197 1312 torum
2232 1257 2447 1329 (Esech.
2479 1277 2559 1327 ιη,
2585 1260 2696 1332 Η),
2719 1261 2885 1316 etiam
2928 1260 3046 1334 [F.,
3076 1262 3311 1336 etiamsi]
3343 1265 3597 1319 continuo
3691 1324 3705 1344 ί

2024 1346 2133 1402 vita
2154 1347 2459 1413 exceditur;
2505 1349 2840 1421 propositum
2867 1351 3011 1406 enim
3043 1351 3138 1408 Dei
3168 1392 3185 1420 ,
3233 1368 3341 1422 quo
3363 1354 3601 1409 decrevit

2023 1435 2235 1493 salt-are
2280 1439 2423 1508 quod
2465 1442 2719 1510 perierat,
2746 1450 2857 1498 stat
2885 1443 3175 1501 immobile.
3231 1444 3499 1501 Carterum
3552 1449 3605 1503 si

2023 1514 2187 1599 quem
2212 1539 2391 1586 movet
2422 1534 2562 1602 quod
2587 1535 2845 1605 scriptum
2878 1543 2963 1592 est
2983 1577 3000 1602 ,
3048 1538 3174 1607 quia
3204 1537 3346 1594 Deus
3395 1540 3599 1594 nullum

2022 1623 2223 1680 crimen
2250 1625 2335 1682 vel
2357 1634 2633 1697 peccatum
2669 1626 2762 1701 [Ρ.
2805 1628 2945 1684 deest
2981 1630 3230 1702 intuitum}
3264 1630 3413 1685 abire
3454 1634 3595 1702 pati-

256 1714 263 1725 '
363 1729 383 1764 l
428 1725 455 1754 ι
481 1711 655 1767 Unum
704 1718 895 1767 tenens
931 1711 1195 1767 confiteor
1216 1707 1507 1784 baptisma,
1558 1726 1717 1785 quam
1744 1715 1932 1783 iisdem
1966 1709 2007 1769 Β
2034 1719 2124 1767 mr
2152 1731 2165 1767 :
2197 1714 2244 1769 si
2280 1716 2440 1771 homo
2488 1731 2594 1772 non
2637 1717 2809 1787 punit,
2868 1717 3010 1774 Deus
3057 1728 3206 1775 certe
3263 1718 3431 1791 punit.
3476 1720 3584 1775 [les

2027 1801 2323 1873 pondemus’
2371 1798 2499 1876 quia
2541 1815 2625 1862 est
2679 1809 3021 1879 purgatorius
3073 1810 3252 1881 ignis,
3300 1811 3392 1865 ubi
3439 1827 3598 1866 mun-

2027 1892 2143 1949 dari
2192 1903 2480 1966 poterunt,
2516 1906 2571 1954 et
2618 1899 2698 1956 sic
2746 1900 2955 1971 purgati
3000 1899 3291 1973 iungentur
3345 1903 3448 1959 illis
3509 1907 3598 1974 qui

2026 1984 2095 2037 ad
2142 1980 2419 2041 dexteram
2464 1991 2696 2059 ponendi
2744 2000 2922 2046 erunt.
2971 1990 3212 2061 Qualitas
3239 2001 3294 2048 et
3325 1994 3598 2063 quantitas

2024 2089 2309 2144 pmnarum‘
2350 2093 2451 2148 pro
2506 2077 2843 2149 paenitentia,
2877 2094 2997 2152 quae
3054 2085 3265 2161 agenda
3308 2084 3483 2140 fuerat
3532 2085 3587 2141 iu

2025 2165 2154 2228 vita,
2182 2164 2235 2219 in
2260 2165 2354 2220 Dei
2386 2176 2469 2222 est
2498 2168 2756 2236 arbitrio,
2810 2170 2901 2241 qui
2947 2169 3273 2242 profluentes
3328 2172 3594 2243 laerymas

2025 2253 2243 2309 contriti
2265 2256 2443 2311 cordis
2471 2259 2728 2328 suscepit.
2764 2258 2903 2331 Ergo
2929 2258 3065 2315 bene
3095 2262 3376 2333 agentibus
3425 2261 3591 2334 buplio

2026 2345 2163 2399 zatis
2188 2345 2289 2400 iter
2307 2359 2426 2402 esse
2451 2347 2666 2404 salutis:
2695 2350 2894 2404 nullum
2922 2361 3101 2407 autem
3129 2353 3594 2420 catechumenum,

2023 2438 2269 2507 quamvis
2297 2438 2349 2493 in
2374 2438 2529 2494 bonis
2571 2441 2823 2509 cperibus
2852 2441 3182 2508 defunctum,
3208 2445 3370 2499 vitam
3400 2444 3597 2500 habere

2023 2538 2281 2583 aeternam
2314 2529 2575 2595 dicimus;
2617 2536 2841 2601 excepto
2886 2533 3144 2604 martyrio
3169 2573 3184 2595 ,
3222 2532 3309 2587 ubi
3347 2541 3456 2589 tota
3501 2532 3596 2588 ha-

2022 2620 2205 2689 ptismi
2229 2631 2563 2683 sacramenta
2597 2621 2949 2692 complentur.
2991 2624 3260 2696 Sanguine
3284 2626 3459 2693 enim,
3510 2625 3597 2683 vel

2022 2708 2163 2779 igne,
2192 2710 2274 2765 vel
2296 2711 2469 2781 poenis
2499 2711 2616 2766 aliis
2642 2712 2986 2784 baptizantur
3006 2714 3361 2772 confessores.
3586 2710 3587 2713 “

2092 2817 2282 2875 XXIX.
2319 2820 2493 2887 Credo
2519 2822 2699 2878 carnis
2723 2814 3193 2891 resurrectionem,
3222 2815 3330 2882 non
3356 2829 3549 2884 anima.-
3568 2868 3583 2892 ,

351 2896 515 2949 steria
541 2896 673 2951 foris
701 2899 1002 2955 videantur.
1033 2899 1339 2973 Baptizatos
1374 2915 1572 2969 autem,
1605 2906 1650 2960 si
1684 2917 1802 2976 post
1828 2922 1921 2962 ac-
2017 2924 2139 2980 qua:
2161 2909 2292 2966 licet
2321 2925 2350 2965 a
2376 2925 2471 2965 sua
2492 2912 2623 2975 vita,
2654 2929 2771 2983 qute
2802 2910 2943 2971 Deus
2970 2924 3077 2981 cst,
3110 2918 3393 2973 deseratur
3416 2957 3434 2984 ,
3485 2917 3590 2975 hoc
3658 2959 3665 2964 .

350 2993 560 3055 ceptam
588 2986 835 3057 baptismi
880 2992 1110 3060 gratiam
1140 2992 1274 3063 lapsi
1305 2992 1503 3049 fuerint
1526 3036 1540 3060 ,
1599 2998 1917 3068 rebaptizari
1950 3058 1996 3085 ⁸
2026 3007 2109 3054 est
2135 2999 2250 3070 ejus
2276 3001 2435 3066 mori,
2458 3009 2634 3072 potest
2678 3005 2823 3059 enim
2856 3003 2993 3062 bene
3027 3008 3095 3061 ab
3149 3010 3251 3064 hac
3277 3018 3449 3085 morte
3500 3026 3593 3085 per

347 3075 563 3142 debere,
594 3058 930 3148 nequaquam
975 3058 1224 3147 dicimus,
1274 3098 1341 3138 ne
1389 3086 1653 3142 invocatio
1682 3058 1764 3141 vel
1799 3104 1924 3144 con-
1947 3058 1996 3124 c
2025 3090 2404 3161 pmnitentiam-
2439 3108 2743 3166 resurgere,
2774 3102 2949 3153 tamen
2972 3088 3396 3158 substantialiter
3421 3058 3591 3169 'vii'it,

350 3165 517 3223 fessio
548 3177 748 3224 sanctae
806 3169 1081 3225 Trinitatis
1123 3170 1460 3239 annulletur;
1494 3175 1587 3229 sed
1611 3177 1805 3232 salvari
1830 3190 1923 3233 eos
2024 3182 2081 3237 et
2099 3196 2209 3238 non
2230 3184 2451 3240 moritur
2474 3165 2707 3258 unquam
2734 3228 2749 3254 ,
2792 3197 2847 3244 et
2871 3188 2989 3245 ideo
3012 3190 3328 3250 substantiae
3355 3209 3466 3251 suae
3489 3213 3595 3251 non

296 3310 301 3313 γ
348 3270 506 3329 posse
532 3260 802 3315 credimus
822 3277 918 3331 per
942 3262 1332 3334 paenitentiam,
1367 3281 1487 3336 quae
1517 3269 1699 3324 multis
1751 3271 1923 3325 mollis
2024 3272 2145 3343 eget
2173 3276 2588 3332 resurrectione.
2644 3276 2703 3332 in
2732 3277 2846 3333 sola
2898 3279 3078 3350 itaque
3110 3296 3272 3338 carne
3300 3284 3461 3340 credo
3508 3302 3592 3338 me

350 3344 526 3417 agitur
557 3350 609 3403 in
638 3358 808 3407 matre
834 3352 1092 3417 Ecclesia,
1129 3370 1248 3426 quae
1290 3356 1481 3413 domus
1514 3357 1607 3413 Dei
1638 3370 1739 3427 est,
1768 3372 1920 3418 extra

346 3446 509 3506 quam
543 3440 744 3519 nullam
777 3443 999 3498 credere
1045 3444 1129 3499 fas
1165 3454 1247 3501 est
1296 3450 1685 3516 remissionem,
1723 3455 1917 3508 nullam

342 3532 645 3601 justitiam:
679 3534 929 3603 quoniam
975 3547 1126 3591 extra
1184 3538 1327 3593 illam
1365 3544 1554 3611 positis
1580 3586 1592 3606 ,
1638 3543 1703 3599 et"
1740 3560 1918 3606 sacra-

346 3629 526 3676 menta
554 3622 936 3689 ecclesiastica,
962 3634 1016 3679 et
1043 3627 1298 3697 quidquid
1331 3630 1454 3683 boni
1478 3632 1560 3700 agi
1588 3641 1783 3701 potest,
1814 3651 1917 3689 non

345 3713 663 3780 proveniunt
692 3714 759 3769 ad
784 3713 1029 3782 salutem,
1068 3718 1160 3771 sed
1182 3718 1357 3788 potius
1380 3720 1444 3774 ad
1478 3723 1788 3791 perniciem.
1809 3724 1917 3778 Ex-

348 3809 427 3853 tra
464 3801 603 3856 hanc
632 3804 782 3858 enim
826 3807 961 3860 mori
1002 3807 1226 3862 diversis
1271 3810 1526 3865 crucibus
1578 3813 1759 3870 carnis
1796 3817 1918 3886 quis

344 3895 540 3957 potest,
556 3891 650 3944 sed
676 3892 785 3946 Deo
806 3904 1056 3964 acceptus
1074 3910 1194 3951 esse
1221 3914 1323 3953 non
1350 3911 1542 3970 potest.
1573 3902 1699 3959 liene
1722 3908 1918 3978 quippe

343 3985 429 4028 est
453 3974 621 4041 locus,
656 3978 707 4031 in
735 3991 842 4048 quo
870 3982 1133 4038 conﬂatur
1156 4000 1347 4040 aurum
1360 3993 1379 4041 .’

415 4063 641 4122 XXVIII.
684 4066 799 4126 Hoc
854 4071 1017 4127 etiam
1063 4070 1355 4131 secundum
1392 4077 1549 4135 fidem
1594 4085 1913 4143 catholicam

343 4168 523 4239 teneo,
546 4160 688 4231 quod
712 4172 900 4220 omnes
917 4167 1180 4221 veraciter
1200 4168 1459 4239 baptizati
1480 4173 1597 4229 Deo
1621 4178 1915 4234 auxiliante

341 4257 399 4303 ct
418 4232 764 4321 cooperante,
790 4265 909 4324 quae
928 4258 994 4312 ad
1018 4258 1243 4314 salutem
1264 4262 1454 4317 animce
1470 4266 1761 4335 pertinent,
1776 4258 1913 4339 pos-

341 4340 452 4394 sint
474 4349 528 4395 et
548 4343 795 4412 debeant,
820 4346 873 4401 si
894 4346 1121 4405 fideliter
1148 4352 1394 4411 laborare
1424 4357 1912 4427 voluerint,‘adim,-

186 4494 193 4502 η
270 4492 273 4495 _
528 4428 751 4500 aliquos
777 4446 907 4491 vero
930 4439 997 4491 ad
1022 4441 1223 4497 malum
1255 4445 1434 4503 divina
1479 4460 1744 4522 potestate
1769 4469 1908 4525 prae-

343 4516 638 4576 destinatos
659 4537 782 4579 esse
802 4537 906 4580 non
938 4528 1108 4584 solum
1154 4537 1260 4589 non
1284 4540 1447 4594 credo
1470 4516 1495 4606 ,v
1537 4544 1630 4599 sed
1670 4516 1831 4603 etiam
1863 4548 1907 4603 si

342 4618 488 4678 sunt,
518 4614 607 4683 qui
640 4623 846 4691 tantum
871 4618 992 4673 mali
1009 4621 1228 4677 credere
1250 4626 1432 4694 velint,
1459 4637 1581 4689 cum
1603 4638 1749 4693 omni
1773 4638 1912 4694 dele-

342 4703 573 4758 statione
602 4706 885 4763 anathema
914 4708 1018 4765 illis
1037 4711 1175 4767 dico.
1206 4713 1347 4771 Deus
1385 4720 1528 4775 enim
1559 4733 1613 4778 et
1638 4725 1834 4795 bonus,
1856 4728 1932 4785 et.

344 4791 482 4881 pius,
514 4805 570 4848 et
600 4795 937 4867 omnipotens
997 4811 1097 4857 est.
1133 4804 1270 4875 Ergo
1310 4807 1356 4861 si
1391 4808 1515 4864 mali
1556 4824 1758 4881 sumus,
1799 4791 1904 4876 non

343 4880 500 4945 illius,
532 4882 831 4954 sed'gnostra
860 4898 944 4944 est
963 4892 1143 4963 culpa,
1167 4905 1220 4949 et
1245 4897 1457 4963 diaboll,
1483 4900 1634 4969 cujus
1656 4902 1905 4964 nefandis

340 4970 577 5028 consiliis
600 4974 1009 5042 acquiescimus.
1035 4981 1566 5058 Sedillampmlerea
1583 5008 1764 5051 veram
1786 4999 1905 5054 dico

340 5061 730 5151 panitcutiam.
758 5079 878 5134 qum
902 5070 1135 5128 admissa
1158 5076 1332 5144 deflet,
1368 5088 1420 5134 et
1450 5082 1777 5151 pmnitenda,
1810 5096 1904 5143 ne-

340 5165 445 5219 quc
475 5150 583 5217 illa,
615 5169 788 5223 neque.
820 5157 897 5211 eis
928 5160 1139 5227 similia,
1164 5183 1261 5236 pro
1285 5150 1475 5241 quibus
1518 5175 1901 5243 pmnitudinem

338 5242 499 5315 gerit,
526 5243 776 5316 deinceps
814 5249 1065 5305 admittit.
1122 5252 1281 5313 Pauci
1317 5242 1674 5331 inveniuntur,
1702 5268 1793 5336 qui
1823 5279 1903 5323 ta-

339 5333 461 5415 liter
482 5338 729 5393 studeant
762 5343 1041 5410 pmoitere.
1071 5344 1185 5401 Non
1215 5363 1391 5407 autem
1427 5356 1609 5411 dublto
1637 5333 1771 5415 bene
1793 5379 1902 5433 pm-

342 5427 567 5481 nitentes
590 5430 655 5483 ad
692 5430 899 5485 illorum
931 5446 1279 5502 perventuros
1315 5448 1654 5514 consertium,
1683 5427 1899 5521 qui-wi-

411 5620 431 5643 ⁸
479 5607 548 5660 li\
574 5604 767 5678 Pelagii
795 5610 1157 5668 Conft‘ssinuc.

2023 3379 2329 3438 resurgere,
2355 3368 2410 3424 in
2448 3366 2556 3440 quo
2579 3370 2765 3441 procul
2794 3370 2954 3427 dubio
2998 3373 3292 3429 moriturus
3316 3388 3454 3430 sum.
3486 3376 3579 3430 Rc-

2021 3455 2206 3525 s'urget
2227 3464 2373 3510 certe
2403 3471 2548 3523 caro,
2581 3461 2676 3531 sed
2698 3459 2770 3513 ita
2796 3458 3113 3516 immortalis
3139 3462 3586 3536 atque'spiritua-

1976 3610 1981 3613 _
2018 3543 2103 3609 lis,
2132 3552 2190 3598 ut
2213 3545 2465 3616 deinceps
2494 3549 2630 3603 mori
2681 3565 2785 3604 non
2813 3553 3004 3621 pessit.
3061 3553 3179 3609 Ειῂ
3229 3556 3467 3621 ejusdem
3500 3578 3577 3615 na.

2020 3640 2175 3698 tunc,
2200 3635 2293 3689 sed
2324 3636 2546 3691 alterius
2584 3639 2877 3709 qualitatis,
2910 3646 3043 3713 quia
3066 3646 3356 3715 seminatur
3404 3666 3590 3721 conm:

2018 3724 2263 3790 a’ninra’lc,
2280 3736 2452 3798 surget
2470 3745 2655 3800 corpus
2672 3730 3005 3802 spirituale(l
3030 3732 3152 3789 Cor.
3176 3752 3265 3803 xv,
3284 3737 3394 3806 4i).
3425 3740 3587 3797 βοτη.

2019 3814 2165 3867 n'um
2193 3815 2465 3871 hominum
2491 3817 2632 3874 sicut
2658 3828 2733 3891 et.
2757 3836 2931 3878 meam
2958 3823 3220 3882 conﬁteor
3241 3828 3593 3884 resurrectio—

2016 3920 2160 3972 nem,
2189 3907 2283 3963 sed
2321 3914 2481 3963 unam
2507 3917 2561 3965 et
2588 3910 2771 3988 semel,
2803 3911 2963 3968 simui
3008 3928 3195 3971 omnes
3220 3929 3587 3988 resurgcmus.

2016 3996 2131 4052 Non
2158 3997 2386 4068 prirnum
2412 3999 2680 4067 iustorum
2711 4010 2764 4057 et
2792 4004 3080 4059 secmtdam
3120 4006 3405 4079 impiorum
3424 4051 3438 4074 ,
3491 4013 3587 4067 sed

2015 4096 2179 4142 unam
2201 4088 2461 4144 omnium.
2493 4111 2510 4143 ι
2546 4090 2661 4147 Non
2684 4092 2828 4148 aliud
2855 4110 3053 4151 novum
3078 4111 3274 4168 corpus
3298 4115 3394 4171 pro
3422 4120 3586 4158 carne

2014 4177 2116 4232 hac
2142 4188 2593 4245 resurrecturum,
2618 4181 2712 4236 scd
2740 4184 2878 4240 hanc
2903 4183 3075 4257 ipsam
3096 4190 3239 4244 nullo
3269 4194 3488 4249 omnino
3537 4198 3585 4249 ci

2012 4268 2098 4323 vel
2122 4268 2361 4327 membro
2384 4281 2683 4343 amputato,
2704 4275 2787 4331 vel
2816 4277 2991 4349 aliqua
3042 4282 3281 4352 corporis
3306 4295 3458 4355 parte
3490 4287 3582 4341 dc-

2016 4356 2173 4414 fecta.
2206 4374 2228 4412 ι
2265 4356 2400 4416 Tam
2420 4360 2721 4432 iustorum,
2771 4382 2934 4437 quam
2982 4356 3300 4438 injustomm
3329 4382 3453 4429 caro
3501 4374 3581 4428 in-

2012 4452 2374 4523 corruptibilis
2399 4464 2677 4527 resurget,
2717 4467 2778 4515 ut
2802 4459 2888 4515 vel
2913 4461 3104 4531 pmnas'
3142 4461 3367 4518 snﬂ'erre
3413 4464 3579 4534 possit

2009 4545 2108 4617 pro
2131 4547 2387 4617 peccatis,
2417 4548 2499 4603 vel
2535 4549 2588 4611 in
2621 4550 2789 4623 gloria
2841 4559 3052 4610 aeterna
3071 4564 3291 4611 manere
3319 4563 3419 4625 pr‘o
3466 4574 3580 4616 mc-

2012 4632 2149 4690 riti‘s.
2191 4654 2210 4686 ι
2246 4634 2430 4692 Utrius
2457 4652 2617 4694 serus
2641 4636 2870 4694 formam
2900 4652 3004 4699 non
3032 4642 3342 4700 mutandam
3378 4648 3538 4706 credo
3559 4688 3576 4716 ,

2007 4724 2109 4779 Sed
2150 4725 2405 4782 virumin
2438 4725 2609 4782 forma
2646 4728 2775 4794 viri,
2819 4738 2885 4785 et
2908 4727 3167 4790 feminam
3193 4736 3246 4791 in
3282 4735 3454 4794 forma
3501 4738 3580 4798 fe-

2008 4816 2171 4872 mina:
2193 4826 2488 4888 resurgere.
2527 4817 2773 4876 Conditio
2799 4822 3056 4892 cessabit,
3085 4844 3191 4884 non
3235 4830 3438 4900 species
3478 4818 3576 4887 na-

2008 4905 2211 4972 imus,
2242 4907 2379 4989 sicut
2414 4908 2670 4980 scriptum
2696 4922 2817 4968 est:
2853 4913 3035 4989 Neque
3060 4919 3270 4985 nubent,
3291 4923 3452 4991 neque
3472 4940 3572 4978 ηει-
3649 4990 3661 5001 κ

2006 4998 2190 5052 bentur
2216 4984 2425 5069 (nam.
2459 5008 2593 5070 s‘xrr,
2616 5001 2725 5076 30).
2754 5005 2868 5062 Non
2898 4984 3040 5064 enim
3067 5014 3192 5064 vera
3218 4984 3570 5070 essct'resur-

2002 5086 2192 5151 rcctio,
2220 5088 2263 5141 si
2292 5087 2351 5142 id
2389 5090 2535 5161 quod
2557 5093 2751 5150 cecidit
2774 5136 2789 5160 ,
2842 5102 2946 5151 non
3000 5098 3326 5170 resurgeret.
3361 5106 3387 5153 ‹“
3418 5102 3568 5171 Quod

2005 5186 2182 5232 autem
2207 5177 2367 5250 407
2389 5182 2618 5239 dicimus
2646 5185 2698 5239 in
2719 5183 2983 5255 symbolo,
3015 5188 3067 5253 in
3099 5192 3328 5251 adventu
3353 5193 3563 5250 Domini

2006 5268 2158 5323 vivos
2180 5281 2247 5321 ac
2271 5278 2512 5328 mortuos
2541 5271 2879 5341 iudicandos,
2908 5292 3016 5353 non
3035 5277 3212 5349 justus
3236 5297 3302 5336 ac
3319 5295 3566 5353 peccato-

2006 5372 2111 5420 res,
2138 5364 2197 5411 ut
2223 5358 2440 5428 quidam
2470 5361 2680 5425 volunt;
2707 5361 2800 5417 sed
2835 5351 2981 5421 vivos
3019 5383 3139 5435 cos,
3197 5371 3284 5441 qui
3311 5351 3363 5426 in
3396 5389 3563 5430 carne

2005 5449 2306 5508 inveniendi
2329 5461 2470 5517 sunt,
2493 5453 2777 5521 significari
2815 5461 2986 5528 magis
3040 5476 3194 5518 reor:
3234 5464 3322 5533 qui
3366 5466 3431 5521 ad
3461 5470 3561 5540 hoc

2077 5631 2100 5668 ι’
2153 5631 2348 5693 Genu,
2373 5631 2433 5685 de
2461 5629 2600 5684 Emi.
2630 5628 2835 5699 D‘ng,
2868 5649 2893 5678 ρ
2931 5651 2981 5705 p.
3024 5635 3075 5691 ϐ.

3650 5520 3687 5535 Ι
