4254 6216
623 241 756 301 1079

1424 246 1486 303 Β.
1526 245 1589 301 F.
1631 244 1854 303 ALBINI
1894 246 2024 304 δευ
2056 243 2330 303 ALCUINI
2367 245 2652 308 OPERUM
2679 251 2857 312 PARS
2885 253 3020 312 νω.

3708 259 3848 318 1080

616 355 889 413 hominem
920 357 1015 413 Dei
1064 356 1181 413 ﬁeri
1210 370 1366 426 posse
1408 370 1517 412 non
1553 355 1759 422 dubito,
1793 356 1839 410 si
1868 355 2180 426 temperatis
2206 356 2254 418 Λ
2281 354 2371 428 pio
2407 358 2462 416 in
2490 375 2558 417 eo
2581 360 2843 419 librorum
2869 378 3112 430 numero,
3147 380 3310 434 quem
3336 374 3536 424 sancta
3562 368 3846 426 catholica

613 455 672 502 et
695 445 921 516 placidis
947 448 1186 504 moribus
1211 454 1354 530 agat.
1939 509 1941 512 ,

689 551 716 580 ι
749 536 926 596 Bonas
951 539 1070 596 dico
1093 540 1328 611 nuptias,
1357 552 1477 610 qua:
1517 545 1739 596 auctore
1775 538 1888 596 Deo
1913 551 2183 595 concessa

615 639 739 686 sunt
771 643 933 686 causa
975 629 1208 686 ﬁliorum
1237 647 1252 684 :
1279 643 1566 690 exsecraris
1592 641 1708 694 eos,
1766 645 1784 680 ι
1823 625 1905 683 vel
1937 627 2030 699 qui
2071 627 2182 698 pri-

616 733 731 778 mas
762 719 885 777 cum
925 720 1234 785 Manichaee,
1274 728 1369 776 aut
1401 719 1668 776 secundas
1704 734 1830 774 cum
1874 717 2181 790 Cataphry-

613 813 695 883 gis
719 811 996 868 damnant.
1034 831 1056 866 ι
1083 809 1190 868 Sed
1214 810 1300 868 his
1325 811 1606 868 meliorem
1635 825 1759 868 esse
1789 810 2181 866 continentiam

613 916 818 969 assero,
857 902 904 958 si
941 917 1102 958 causa
1145 903 1371 958 vaeandi
1406 902 1520 958 Deo
1543 899 1797 972 eligatur,
1827 900 2026 971 spretis
2049 915 2182 956 eun-

612 993 713 1048 etis
737 992 963 1050 deliciis.
1002 991 1268 1052 Humilem
1298 1007 1430 1049 vero
1456 992 1852 1064 virginitatem,
1883 1001 1940 1048 et
1965 992 2180 1063 plenam

613 1083 883 1138 laboribus
919 1097 1020 1156 pro
1041 1083 1267 1142 Domino
1293 1082 1603 1139 castitatem
1630 1073 1877 1153 corporis
1908 1090 1963 1138 et
1986 1083 2180 1137 enim

610 1171 894 1245 tuaguiilco
936 1180 1094 1242 atque
1138 1173 1354 1244 utrique
1387 1171 1465 1229 illi
1486 1173 1629 1230 bono
1655 1187 1930 1244 praepono,
1960 1181 2018 1229 ut
2054 1160 2179 1242 pote

607 1263 878 1334 egregium
905 1277 1144 1334 germen.
1783 1258 1799 1262 ’

677 1352 891 1409 XXXV.
932 1355 960 1394 ιι
987 1353 1300 1410 Creaturam
1331 1355 1427 1412 Dei
1450 1368 1688 1424 omnem,
1711 1368 1831 1424 quae
1857 1354 1922 1408 ad
1953 1367 2081 1408 usus
2101 1353 2180 1409 ci-

599 1444 796 1500 borum
827 1459 860 1499 a
905 1445 1161 1500 Creatore
1188 1458 1444 1500 concessa
1485 1453 1587 1506 est,
1626 1445 1829 1515 bonam
1866 1457 1989 1498 esse
2012 1441 2179 1498 conli-

607 1544 746 1598 tcor,
776 1534 920 1593 sicut
941 1541 995 1589 et
1031 1533 1171 1589 facta
1202 1543 1308 1590 est.
1338 1533 1404 1588 Et
1451 1533 1539 1590 bis
1562 1533 1629 1590 ad
1659 1542 1872 1604 tempus
1904 1534 2179 1590 abstinere

605 1637 712 1680 non
734 1638 836 1692 pro
854 1623 1242 1697 superstitione
1264 1623 1559 1695 religionis,
1576 1637 1752 1693 neque
1775 1621 2179 1678 abominatiene

2283 447 2540 518 Ecclesia
2560 453 2725 508 tradit
2750 455 3066 512 auctoritas.
3104 455 3539 524 Historiteﬁdem
3567 476 3674 517 non
3715 473 3844 518 evn-

2282 555 2450 598 cnans
2473 543 2638 603 crede
2655 544 2929 610 universa.
2947 555 3098 618 gesta
3120 562 3241 604 esse
3262 587 3278 614 ,
3323 564 3444 618 quia
3468 549 3667 621 scripta
3693 560 3841 618 sunt,

2281 630 2375 686 sed
2392 631 2548 702 juxta
2573 631 2876 690 doctrinam
2899 634 3250 706 apostolicam
3270 653 3484 698 sensum
3509 641 3843 712 spiritualem

2281 721 2337 776 in
2361 721 2442 777 eis
2471 722 2770 796 intelligere
2796 733 2942 795 opto.
2965 724 3156 782 Otnnis
3174 727 3317 782 enim
3343 727 3521 784 divina
3552 729 3841 786 auctoritas

2281 812 2367 868 his
2391 814 2565 870 modis
2583 824 2834 871 constare
2861 814 3094 884 videtur,
3123 825 3185 872 nt
3220 825 3314 872 aut
3337 818 3627 875 Itistort'alis
3651 821 3842 876 modus

2280 906 2372 972 sit,
2397 905 2492 976 qui
2520 905 2652 962 nihil
2685 907 2830 963 aliud
2857 907 2960 963 nisi
2982 916 3285 980 resgestas
3315 912 3617 978 annuntiat,
3649 911 3844 968 autal-

2279 997 2554 1066 legoricus,
2584 1006 2643 1052 ut
2667 1013 2773 1054 non
2796 997 2907 1054 illic
2925 986 3096 1069 ροσείὶ
3109 999 3242 1056 ordo
3254 1000 3549 1058 consistere
3567 1002 3838 1071 historia;

2280 1095 2373 1142 aut
2391 1097 2537 1144 certe
2557 1102 2623 1144 ex
2645 1089 2888 1162 utrisque
2913 1091 3264 1160 compositus,
3285 1101 3346 1149 ut
3365 1092 3658 1151 secundum
3676 1094 3844 1151 histo-

2278 1179 2414 1234 riam
2436 1187 2491 1235 et
2515 1173 2810 1240 secundum
2840 1182 3150 1253 allegoriam
3166 1197 3388 1245 manere
3414 1184 3678 1240 videatur.
3695 1184 3842 1242 Non-

2275 1283 2550 1338 nunquam
2583 1277 2639 1325 et
2661 1271 2876 1328 moralis
2905 1286 3097 1328 sensus
3121 1272 3187 1329 de
3219 1272 3418 1329 divinis
3447 1274 3680 1330 trahitur
3700 1277 3844 1335 scri-

2275 1359 2468 1427 pturis,
2489 1357 2578 1429 qui
2608 1374 2728 1413 cum
2761 1360 3102 1430 sitoptimum
3118 1376 3286 1431 genus
3311 1360 3558 1428 docendi,
3574 1362 3641 1419 ad
3661 1377 3844 1418 emen-

2277 1448 2548 1503 dationem
2574 1449 2698 1504 vitae
2723 1450 3272 1521 compositionemque
3295 1466 3506 1505 morum
3551 1451 3704 1517 valde
3722 1467 3841 1523 pro-

2277 1536 2408 1593 ﬁcit.
2442 1537 2568 1594 ilice
2597 1546 2775 1595 autem
2795 1540 3070 1596 humiliter
3090 1541 3466 1597 accedentibus
3495 1549 3549 1596 et
3565 1525 3660 1613 ‘pie'
3678 1538 3840 1599 lnvei~

2275 1627 2582 1700 ligentibus,
2608 1635 2768 1699 atque
2802 1630 2983 1686 veraci
3037 1629 3204 1687 corde
3235 1631 3540 1687 tenentibus
3569 1632 3700 1688 satis
3743 1633 3841 1688 ab-

607 1722 873 1771 crealurae
899 1713 1015 1777 Dei.
1043 1713 1136 1767 sed
1160 1727 1258 1782 pro
1288 1712 1620 1781 continentia
1662 1712 1862 1778 carnis.
1895 1712 2028 1766 utile
2051 1726 2174 1768 esse
2203 1697 2245 1759 Β
2277 1697 2524 1794 [Indeque
2554 1697 2814 1777 relucent.
2848 1715 2971 1777 Haec
2999 1722 3244 1777 doctrina
3271 1713 3507 1778 caelestis
3531 1730 3585 1777 et
3611 1734 3843 1793 ιιι-ωεξη-

609 1803 881 1874 perhibco.
910 1803 1086 1875 Atque
1115 1803 1198 1859 his
1225 1819 1343 1859 cum
1359 1803 1578 1861 lilmerit
1600 1801 1772 1871 uti,et
1791 1819 1919 1860 eum
1944 1805 2178 1862 delecta-

608 1895 745 1950 verit
777 1895 1136 1959 abstinere,in
1164 1895 1398 1951 hominis
1421 1904 1689 1965 petestate
1713 1897 2010 1951 consistere
2030 1897 2168 1952 dico.

607 1986 870 2042 Moderari
900 1988 1044 2042 enim
1075 2001 1229 2040 usum
1251 2001 1439 2041 eorum
1460 2003 1559 2057 pro
1585 1988 1910 2044 necessitate
1935 1987 2099 2061 509
2117 1997 2176 2045 et

608 2088 845 2148 tempore
866 2078 1081 2149 proprie
1105 2077 1525 2133 christiauorum
1565 2087 1671 2141 est,
1701 2079 1934 2136 maxime
1959 2080 2171 2135 illorum

605 2169 696 2238 qui
737 2167 1058 2235 virginitatis
1090 2166 1230 2223 bono
1259 2167 1616 2234 delectantur,
1639 2178 1701 2224 ut
1724 2169 1936 2224 facilius
1958 2170 2173 2224 vincant

605 2272 660 2317 et
690 2271 934 2318 naturam
958 2262 1203 2332 corporis
1233 2261 1562 2332 integritate.
1582 2270 1638 2318 et
1662 2275 1896 2332 pugnam
1924 2262 2172 2317 castimo-

605 2353 708 2409 niae
732 2367 879 2421 pace.

677 2441 1053 2498 Paenitentiam
1081 2441 1240 2512 plena
1272 2439 1374 2497 lide
1403 2441 1660 2510 suscipio,
1689 2451 1855 2510 atque
1891 2441 2120 2496 honoro.

677 2532 980 2589 Faeultates
994 2547 1117 2587 cum
1133 2531 1482 2601 dispositione
1501 2531 1828 2601 pauperibus
1848 2531 2058 2600 erogari
2081 2533 2174 2586 bo-

608 2640 734 2680 num
751 2640 868 2681 esse
883 2624 1165 2689 conﬁrmo,
1188 2624 1284 2680 sed
1303 2622 1496 2677 melius
1517 2623 1571 2674 in
1597 2620 1762 2676 semel
1785 2621 1995 2684 donari,
2019 2619 2172 2674 utsic

608 2719 776 2788 possit
800 2732 920 2771 eum
945 2714 1162 2770 Christo
1194 2729 1370 2787 cgere.

682 2805 1001 2860 Sanctorum
1015 2812 1304 2873 corporaet
1321 2802 1588 2872 praecipue
1601 2808 1897 2871 martyrum
1914 2800 2171 2869 reliquias

609 2897 969 2958 honorandus,
987 2903 1040 2950 et
1055 2894 1301 2949 basilicas
1322 2908 1509 2948 eorum
1528 2892 1834 2946 nominibus
1849 2891 2165 2961 appellatas,

609 2988 751 3044 fideli
770 2987 1049 3040 devotione
1082 2983 1521 3055 frequentandas,
1547 2999 1610 3037 ac
1637 2983 1682 3036 si
1706 2981 1945 3037 membra
1977 2989 2032 3036 ct
2054 2981 2166 3035 loca

514 3096 523 3106 '
607 3079 823 3140 Christi,
860 3086 1024 3131 testor
1045 3085 1098 3130 et
1127 3075 1303 3129 laudo.

682 3165 931 3219 Mundum
974 3166 1155 3226 istum,
1191 3162 1317 3216 licet
1348 3162 1510 3215 multa
1546 3162 1701 3229 quasi
1739 3159 1959 3216 confusa
1993 3168 2050 3214 et
2084 3163 2171 3214 ἰηι-

607 3255 853 3310 ordinata
883 3268 1001 3308 esse
1037 3252 1286 3307 videntur
1309 3253 1360 3306 in
1388 3268 1471 3314 eo,
1503 3266 1607 3307 non
1643 3235 1820 3306 tamen
1867 3251 2169 3322 temerariis

611 3345 844 3400 motibus
879 3346 962 3411 agi
991 3385 1005 3408 ,
1039 3341 1129 3399 sed
1162 3343 1337 3400 divina
1372 3342 1708 3413 providentia
1740 3342 1853 3412 regi
1888 3341 2165 3396 conﬁteor.

608 3440 748 3493 Nihil
778 3439 919 3493 enim
947 3439 1003 3490 lit
1031 3439 1082 3492 in
1110 3444 1250 3491 terra
1277 3438 1390 3492 sine
1407 3451 1587 3490 causa.
1615 3434 1727 3491 Soli
1748 3434 1883 3490 recti
1906 3435 2067 3488 corde
2095 3434 2172 3487 ine

609 3533 852 3603 telligunt
897 3541 1158 3588 rectorem
1195 3530 1247 3586 in
1281 3531 1529 3586 omnibus
1564 3529 1755 3584 Deum.
1805 3526 1882 3581 De
1932 3525 2170 3581 minimis

606 3625 770 3678 etiam
801 3626 958 3680 rebus
985 3623 1145 3677 audio
1169 3622 1369 3676 dictum
1404 3637 1432 3675 a
1457 3620 1703 3681 Domino,
1745 3635 1880 3672 unus
1898 3633 2171 3688 passerum

609 3730 712 3770 non
749 3714 886 3768 cadit
911 3714 962 3765 in
993 3721 1134 3766 terra
1165 3713 1275 3766 sine
1309 3707 1467 3766 Patre
1496 3719 1660 3762 castra
1708 3699 1924 3774 (Matth.
1966 3724 2022 3771 χ,
2048 3708 2165 3778 29).

681 3804 854 3859 Unum
880 3801 1198 3872 principium
1249 3800 1406 3855 credo
1427 3837 1442 3862 ,
1474 3806 1529 3852 et
1562 3813 1726 3853 unum
1759 3812 2028 3851 summum
2073 3799 2171 3854 bo—

610 3913 776 3962 num,
831 3911 858 3951 a
916 3909 1023 3964 quo
1059 3895 1236 3948 omnia
1285 3892 1424 3947 bona
1462 3890 1794 3959 procedunt,
1854 3889 2169 3946 anathema-

610 3990 780 4044 tizans
818 3987 966 4050 illos,
1007 3987 1088 4040 vel
1112 3986 1199 4055 qui
1231 3986 1334 4041 dito
1366 3983 1625 4053 principia
1661 3984 1763 4037 sibi
1789 3983 1968 4054 ignota
1999 3983 2169 4037 intro-

612 4085 834 4145 ducunt,
863 4080 1130 4144 utlllerdo,
1163 4088 1218 4133 et
1237 4078 1472 4137 Marcion
1504 4095 1518 4133 :
1552 4076 1633 4131 vel
1677 4078 1771 4146 qui
1796 4076 2066 4132 contraria
2110 4084 2170 4127 ut

611 4174 967 4236 Manich‘eusf
983 4175 1064 4227 vel
1101 4173 1192 4243 qui
1224 4172 1325 4226 tria
1348 4179 1409 4227 ut
1435 4169 1765 4235 Theodotus,
1788 4169 1870 4222 vel
1891 4172 1983 4238 qui
2001 4167 2169 4224 multa

611 4276 671 4319 ut
693 4255 1025 4320 Valentinus.

2276 1821 2384 1870 tem
2411 1816 2576 1870 vitam
2617 1813 2773 1870 bonis
2802 1813 3057 1869 informat
3108 1814 3389 1885 operibus,
3424 1821 3478 1866 et
3523 1822 3644 1882 post
3679 1813 3840 1870 linem

2271 1904 2395 1959 vitae
2425 1911 2680 1969 aeternam
2715 1902 2994 1975 pollicetur
3009 1905 3258 1975 gloriam.
3287 1899 3555 1959 Printerea
3579 1911 3841 1962 tractatus

2273 1993 2495 2062 illos,‘et
2515 2011 2822 2062 sermones,
2859 1983 3124 2065 simulque
3162 1994 3579 2050 commentarios
3625 2007 3834 2060 omnes,

2271 2105 2405 2159 quos
2427 2104 2457 2142 a
2481 2079 2912 2164 eatholiCissimis
2931 2075 3335 2159 nominatisque
3357 2085 3665 2140 auctoribus
3685 2083 3835 2140 novi-

2270 2201 2389 2239 mus
2409 2184 2734 2249 elaboratos,
2761 2188 3036 2254 gratanter
3059 2180 3196 2254 lego,
3225 2187 3281 2235 et
3306 2179 3566 2250 Spiritum
3595 2175 3840 2234 sanctum

2272 2276 2324 2330 in
2359 2275 2436 2330 eis
2466 2276 2772 2345 loquentem
2814 2274 3072 2330 attonitus
3101 2287 3233 2328 aure
3259 2269 3438 2326 cerdi's
3457 2272 3719 2342 percipio,
3753 2272 3839 2324 at-

2269 2381 2373 2436 que
2398 2383 2464 2422 ex
2496 2365 2705 2422 illorum
2730 2365 2865 2422 mira
2893 2366 3138 2428 scientia,
3166 2369 3285 2418 mea
3309 2362 3614 2434 insipientia
3636 2365 3840 2432 quanta

2271 2460 2334 2513 sit
2355 2499 2367 2522 ,
2402 2456 2706 2511 evidentius
2737 2453 3095 2529 deprehendo.
3129 2453 3354 2511 Necnon
3381 2463 3434 2508 et
3458 2454 3677 2507 decreta
3699 2465 3835 2524 pon-

2271 2547 2496 2612 tiiicum,
2531 2555 2584 2600 et
2611 2537 2836 2601 concilia
2861 2544 2948 2600 illa
2972 2586 2987 2610 ,
3026 2560 3145 2617 quae
3173 2543 3414 2599 Romana
3447 2542 3684 2598 Ecclesia
3713 2557 3835 2598 sus-

2269 2637 2418 2708 cipit,
2445 2646 2497 2690 et
2521 2635 2703 2690 laudat
2729 2635 2876 2706 (quia
2903 2630 3224 2692 universalis
3254 2633 3509 2690 Ecclesia:
3541 2631 3829 2688 documen-

2269 2739 2383 2783 tum
2415 2739 2466 2783 et
2497 2735 2738 2783 tutamen
2767 2726 2921 2798 sunt)
2949 2743 3048 2800 ego
3074 2743 3306 2783 veneror
3327 2769 3341 2793 ,
3391 2735 3445 2783 et
3472 2740 3569 2798 pro
3617 2724 3754 2779 seire
3785 2735 3841 2782 et

2269 2832 2427 2889 posse
2474 2835 2594 2873 meo
2625 2816 2711 2872 illi
2744 2827 2931 2873 contra
2957 2819 3138 2876 hostes
3173 2826 3358 2871 eorum
3401 2815 3648 2871 defendo.
3684 2814 3840 2871 Unde

2269 2925 2367 2979 ego
2397 2909 2646 2964 maritum
2679 2911 2900 2963 duarum
2943 2916 3063 2977 post
3088 2908 3415 2975 baptismum
3444 2915 3833 2970 matronarum,

2272 2999 2530 3054 clericum
2583 3015 2687 3053 non
2735 2999 3088 3053 ordinandum
3118 2999 3276 3064 dico;
3320 3013 3493 3069 neque
3540 2999 3707 3062 illum,
3747 2998 3838 3065 qui

2273 3107 2433 3146 unam
2471 3091 2704 3160 quidem,
2731 3093 2822 3146 sed
2850 3092 3220 3157 concubinam,
3255 3105 3362 3146 non
3393 3099 3699 3145 matronam
3743 3090 3839 3144 ha-

2271 3184 2424 3247 buit;
2470 3199 2569 3238 nec
2608 3183 2775 3247 illum,
2814 3183 2903 3252 qui
2952 3182 3196 3247 viduam,
3228 3180 3313 3235 vel
3341 3178 3670 3250 repudiatam
3694 3221 3708 3243 ,
3751 3175 3841 3235 vel

2272 3273 2607 3328 meretricem
2639 3272 2692 3324 in
2727 3272 3125 3330 matrimonium
3153 3270 3410 3338 sumpsit;
3448 3282 3624 3339 neque
3667 3264 3836 3335 ﬂium,

2271 3363 2361 3431 qui
2389 3377 2486 3432 per
2527 3361 2871 3415 ambitionem
2898 3360 2962 3412 ad
3001 3359 3354 3413 imitationem
3407 3357 3643 3414 Simonis
3696 3357 3836 3431 Magi

2271 3451 2554 3524 pecuniam
2573 3447 2747 3505 oil‘ert.
2765 3449 2809 3505 Ο
2834 3445 3065 3503 infelicia
3097 3459 3336 3517 tempore
3360 3456 3564 3514 nostra,
3597 3442 3720 3517 qua:
3737 3460 3842 3503 nec

2271 3545 2440 3599 Deum
2469 3543 2690 3607 timent,
2717 3557 2815 3597 nec
2844 3541 2951 3596 vim
2985 3553 3260 3594 sacrorum
3294 3553 3560 3594 canonum
3590 3551 3839 3594 reveren-

2271 3638 2387 3703 tur!
2414 3632 2605 3691 Nullus
2632 3632 2789 3691 modo
2815 3634 3107 3705 sacrilegus
3139 3631 3220 3686 vel
3252 3631 3604 3694 criminosus,
3653 3644 3737 3684 ne
3765 3627 3835 3683 ad

2269 3727 2410 3782 sacri
2439 3726 2644 3781 ordinis
2681 3720 2909 3780 cilicium
2936 3725 3177 3785 accedat,
3209 3721 3500 3777 inhibetur.
3537 3718 3593 3774 Si
3636 3719 3837 3776 marito

2269 3816 2498 3872 duarum
2529 3815 2863 3870 interdicitur
2904 3814 3217 3878 clericatus,
3252 3827 3355 3882 qua
3403 3810 3576 3867 fronte
3605 3810 3710 3872 ille.
3742 3811 3837 3881 qui

2270 3908 2451 3963 furore
2493 3907 2725 3962 libidinis
2778 3921 2873 3974 per
2922 3905 3116 3960 diversi
3171 3906 3385 3976 generis
3436 3904 3839 3974 inquinamenta

2269 3999 2515 4072 raptatus
2539 4008 2640 4063 est,
2676 3997 2757 4050 vel
2783 3997 3057 4061 diaconus,
3084 3997 3167 4052 vel
3191 3998 3491 4067 presbyter,
3529 3995 3610 4051 vel
3630 3994 3839 4067 episco-

2268 4105 2368 4161 pus
2404 4088 2517 4143 iicri
2561 4089 2754 4143 audet?
2798 4086 2853 4142 Si
2890 4090 3165 4144 usurarius
3213 4105 3319 4143 non
3357 4096 3435 4141 est
3483 4087 3835 4151 ordinandus,

2268 4189 2322 4233 et
2355 4177 2460 4243 ille,
2490 4178 2579 4248 qui
2612 4180 2911 4233 membrum
2959 4178 3038 4232 sui
3076 4176 3317 4246 corporis
3347 4191 3444 4245 pro
3479 4175 3837 4243 qualicunque

2269 4269 2796 4325 truncaveritcausa.
2817 4276 2898 4322 est
2921 4265 3276 4320 removendus
3297 4263 3450 4330 juxta
3475 4263 3688 4317 decreta
3713 4274 3839 4316 eone

683 4373 701 4407 ι
736 4367 757 4396 ε
790 4355 1054 4411 Exsecror
1073 4346 1260 4412 eorum
1291 4365 1505 4422 quoque
1534 4348 1944 4420 blasphemiam,
1973 4348 2065 4415 qui
2088 4347 2169 4400 di-
2201 4375 2245 4434 υ
2272 4358 2537 4420 cinctum,
2566 4369 2594 4425 q

2229 4358 2537 4432 ,ciliorum,
2566 4357 2694 4425 quid
2724 4354 2985 4436 agendum
3028 4359 3112 4406 est
3155 4353 3219 4407 de
3267 4352 3563 4407 simoniaco
3590 4361 3645 4407 et
3673 4352 3837 4407 totius

608 4456 734 4504 cunt
763 4446 1092 4516 impossibile
1113 4443 1314 4515 aliquid
1336 4442 1539 4500 homini
1579 4458 1612 4498 a
1639 4442 1754 4498 Deo
1783 4455 1904 4496 esse
1933 4451 2168 4508 praecepv

609 4554 719 4599 tum
751 4559 765 4597 :
796 4549 852 4596 et
872 4539 1125 4595 mandata
1154 4537 1247 4593 Del
1291 4552 1396 4594 non
1434 4553 1467 4592 a
1488 4535 1751 4608 singulis,
1784 4533 1882 4589 sed
1904 4531 1974 4586 sb
2002 4531 2170 4586 omni-

605 4639 706 4689 bus
727 4636 781 4689 in
820 4649 1102 4690 commune
1127 4647 1284 4697 posse
1312 4632 1538 4690 servari.
1571 4647 1590 4684 ι
1628 4646 1632 4649 '

684 4742 702 4773 ι
722 4723 747 4763 ἀ
769 4723 894 4790 lllos
929 4723 1091 4778 etiam
1112 4736 1306 4792 respuo
1323 4730 1382 4778 et
1400 4724 1719 4785 condemno,
1740 4717 1833 4789 qui
1853 4714 1949 4772 Del
1973 4715 2168 4772 Filium

608 4816 930 4870 rieeessitate
980 4816 1160 4869 carnis
1204 4815 1495 4871 mentitum
1540 4828 1660 4870 esse
1690 4813 1893 4872 dicunt.
1939 4815 2001 4862 et
2045 4819 2168 4860 eum

608 4913 825 4980 propter
845 4911 1178 4973 assumptum
1226 4904 1496 4959 hominem
1531 4917 1638 4958 non
1662 4902 1844 4957 omnia
1871 4899 2052 4955 facere
2073 4910 2171 4967 po—

613 4998 777 5054 tuisse
802 5037 819 5062 ,
850 5011 971 5066 quze
996 4993 1180 5049 voluit.
1207 4993 1408 5048 Eorum
1437 5006 1649 5063 quoque
1676 4993 1939 5048 harescit:
1963 4987 2170 5043 abomi-

609 5101 732 5151 nor,
752 5086 840 5156 qui
860 5085 1061 5141 nullam
1095 5085 1148 5139 in
1182 5082 1363 5138 futuro
1384 5081 1698 5136 meritorum
1721 5093 1838 5135 esse
1860 5078 2170 5135 distantiam

553 5164 567 5170 ’
610 5185 874 5237 asserunt,
889 5190 1094 5246 nosque
1112 5191 1205 5230 eas
1227 5175 1299 5229 ibi
1323 5174 1606 5228 habituros
1623 5184 1743 5225 esse
1764 5172 2010 5233 vitantes,
2033 5181 2169 5237 quas

611 5267 693 5326 hic
723 5266 1072 5336 negleximus.
1111 5287 1131 5318 ι

681 5358 912 5415 XXI/Nl.
960 5377 981 5409 s
1023 5371 1045 5398 ο
1076 5358 1286 5414 Novum
1312 5366 1366 5412 et
1392 5356 1555 5412 Vetus
1590 5354 1996 5409 Testamentum
2041 5351 2172 5408 reci»

681 5522 706 5548 ι
738 5509 1074 5580 Qencordant
1105 5511 1380 5580 sequentia
1407 5509 1582 5580 quoad
1608 5523 1846 5571 sensum,
1876 5521 1978 5566 non
2006 5504 2165 5561 verba

612 5586 728 5634 cum
748 5578 1019 5650 pennati,
1048 5578 1199 5650 capp}
1228 5579 1432 5650 $0.73!.
1463 5579 1545 5650 5i.

690 5723 692 5725 ν
737 5646 995 5712 Gennad.,
1027 5646 1259 5719 capite,
1290 5649 1406 5702 aliis
1437 5649 1628 5704 verbis.

2229 4461 2234 4469 '
2270 4445 2617 4521 turpitudinis
2643 4443 2798 4498 viro?
2837 4443 2950 4497 licu
3001 4443 3170 4496 miser
3194 4444 3328 4513 ego!
3369 4441 3548 4512 qualia
3590 4450 3836 4508 tempora

2267 4537 2397 4592 mihi
2429 4535 2652 4607 contigit
2675 4531 2883 4588 videre!
2923 4533 3207 4588 Decentius
3237 4548 3379 4587 nunc
3417 4539 3716 4586 tractantur
3734 4540 3834 4584 res

2268 4617 2387 4682 usui
2433 4623 2675 4695 corporis
2718 4625 3037 4680 necessaria:
3063 4666 3077 4688 ,
3132 4639 3292 4694 quam
3338 4628 3680 4677 sacrosancta
3722 4632 3841 4690 my-

2268 4714 2470 4781 steria;
2503 4714 2646 4784 iuste
2693 4714 2821 4769 illud
2860 4714 2965 4770 dici
2995 4714 3148 4768 nobis
3191 4721 3366 4782 poteat
3408 4728 3421 4764 :
3453 4708 3698 4775 Quaeritis
3723 4725 3835 4776 me,

2269 4817 2371 4862 non
2402 4806 2524 4879 quia
2555 4806 2759 4861 vidiuis
2788 4807 2940 4876 signa
2957 4846 2972 4869 ,
2995 4804 3085 4861 sed
3107 4804 3232 4872 quia
3273 4801 3636 4858 manducauit
3661 4802 3837 4874 depa-

2269 4895 2856 4966 nibns(lbdh.\’t,20).
3151 4938 3153 4940 _
3415 4933 3417 4939 ,
3484 4929 3486 4931 .

2337 4981 2595 5047 XXXVII.
2640 4983 2750 5042 Has
2781 4986 2967 5056 igitur,
3015 4998 3151 5053 quas
3187 4981 3446 5054 diximus,
3481 4983 3845 5058 suscipientes-

2269 5096 2391 5134 cum
2437 5081 2590 5136 omni’
2618 5079 2848 5150 puritate
2875 5085 3092 5130 sanctas
3142 5075 3480 5150 Scripturas,
3532 5077 3842 5150 peregrinis.

2271 5180 2428 5241 atque
2475 5170 2669 5240 ignotis
2714 5156 2782 5222 de
2830 5165 3227 5236 Scripturarum
3278 5167 3607 5224 continentia
3641 5165 3836 5223 fabulis

2271 5280 2374 5317 non
2418 5263 2573 5318 facile
2605 5259 3075 5316 accommodamus
3102 5276 3401 5315 assensum.
3432 5259 3680 5314 Doctrina
3711 5258 3830 5322 illa,

2270 5368 2389 5420 quas
2419 5361 2627 5407 tantum
2663 5352 2714 5406 in
2747 5359 2960 5405 secrete
2987 5350 3086 5408 sibi
3131 5351 3342 5420 placet,
3382 5349 3520 5407 et-ln
3564 5349 3832 5422 publicum

2344 5516 2361 5537 '
2403 5503 2666 5571 Pelagius.

2339 5573 2360 5610 δ
2409 5573 2667 5641 Pelagius.

2318 5654 2363 5679 τε
2408 5640 2669 5710 religion.
