4254 6238
441 209 592 271 1081-
656 227 661 232 ’
1115 206 1264 265 OPP.
1304 208 1639 266 DUBIA.--—-
1675 206 1906 266 ᾹΙιΒιΝι
1939 207 2018 266 οε

2083 207 2320 297 ΕΕΒΕΙΟ
2355 210 2556 268 FIDE].
2595 241 2668 254 -—-
2702 211 2884 269 PARS
2919 213 3004 268 lli.
3542 215 3678 273 1082’.

435 323 710 384 erubescit
731 324 906 390 exire,
953 325 1097 379 absit
1121 333 1186 378 ut-
1229 325 1443 379 aut-ium
1489 330 1804 380 uestrarum
1840 324 2007 380 intret
2030 323 2082 381 Δ
2107 322 2245 389 buit,
2268 323 2322 379 si
2351 323 2684 396 signaculum
2711 324 2807 380 Dei
2837 325 3207 381 similitudinis
3243 322 3379 382 fuit?
3425 343 3445 378 ι
3475 325 3682 384 Notan-

328 430 337 435 ‘
435 431 713 478 avenas.
742 409 894 472 lianc
920 414 1084 470 talem
1131 426 1243 470 non
1291 414 1466 471 solum
1522 413 1786 486 fugimus,
1813 422 2003 470 Verum
2067 407 2072 410 ’
2105 411 2229 468 dum
2250 427 2463 483 quoque
2484 420 2586 479 est,
2613 421 2673 467 ut
2693 414 2771 468 ait
2794 412 2954 468 Pater
2975 411 3270 485 Gregorius
3298 425 3348 482 ο,
3377 415 3521 486 quod
3543 415 3675 472 dum

436 513 600 571 etiam
619 509 907 566 anathema
931 505 1006 562 illi
1035 506 1301 573 dicimus;
1329 515 1556 562 cunctos
1576 506 1859 560 haereticos
1881 516 2003 560 sen-

437 617 530 664 sus
558 613 658 677 nec
692 601 902 667 audire,
920 602 1030 656 nec
1057 597 1240 654 videre
1267 597 1529 653 volentes.
1549 595 1781 652 Omnem
1806 591 2006 652 doct'ri-

436 710 580 760 nam,
611 707 732 764 quae
759 689 1128 748 ecclesiastico
1154 689 1350 744 canoni
1393 702 1500 743 non
1525 687 1798 751 convenit,
1825 699 2006 757 neque

436 784 736 849 consentit,
763 796 871 838 non
899 780 1072 838 solum
1100 792 1207 835 non
1249 779 1589 849 suscipimus,
1638 777 1734 834 sed
1757 784 1814 832 et
1839 775 2007 832 veluti

434 875 662 933 alienam
693 889 727 930 a
757 872 880 929 ildei
902 871 1134 928 veritate
1167 870 1509 925 damnamus.
1719 871 1730 877 ”

499 963 864 1039 lgiiorantiam
884 960 1102 1034 quidem
1127 957 1304 1016 meam
1324 959 1569 1016 conﬁteri
1599 957 1999 1014 uenerabes’eo.

429 1055 488 1113 In
519 1054 719 1112 divinis
736 1053 908 1118 libris,
943 1053 1212 1123 pnecipue
1239 1050 1456 1106 Veteris
1471 1043 1830 1112 Testamenti,
1847 1047 2002 1113 plura

432 1163 520 1206 me
540 1147 741 1213 latent;
771 1158 942 1218 pauca
973 1144 1126 1199 'valde
1157 1144 1326 1216 sunt,
1373 1157 1494 1211 qua:
1519 1139 1652 1196 mihi
1685 1144 1876 1210 patere
1919 1153 2004 1192 nra-

431 1239 622 1297 bitror.
651 1233 848 1293 Beatus
871 1222 1112 1306 Moyses,
1133 1235 1218 1289 cui
1257 1233 1396 1292 Deus
1427 1238 1483 1285 et
1510 1221 1699 1283 mundi
1740 1227 2000 1298 originem

430 1341 486 1388 et
530 1329 754 1386 humani
783 1326 996 1401 generis
1040 1323 1401 1380 conditionem
1443 1313 1612 1386 voluit
1639 1318 1999 1382 innotescere,

432 1423 502 1478 de
526 1422 614 1478 bis
655 1415 958 1492 praesertim
980 1459 993 1482 ,
1030 1430 1149 1487 quae
1171 1431 1201 1470 a
1229 1413 1342 1469 Deo
1371 1425 1438 1468 ex
1461 1407 1632 1468 nihilo
1674 1406 1816 1464 facta
1852 1416 1998 1471 sunt,

431 1515 674 1571 breviter
697 1511 857 1568 nimis
894 1511 1231 1576 obscureque
1251 1504 1462 1560 locutus
1485 1509 1586 1559 est.
1621 1496 1773 1557 Unde
1804 1496 2000 1555 factum

434 1611 536 1669 est,
571 1611 633 1656 ut
654 1598 816 1656 multi
831 1595 1000 1654 multa
1025 1591 1236 1654 diversa
1264 1599 1613 1665 exponerent.
1638 1585 1844 1658 Quibus
1869 1605 2000 1646 sane

431 1711 496 1751 ex
531 1703 684 1764 parte
713 1694 866 1749 lectis
895 1706 1003 1767 non
1031 1688 1162 1745 mihi
1192 1688 1328 1745 satis
1365 1687 1561 1749 elucet,
1593 1677 1788 1748 fateor,
1815 1681 1944 1752 quid
1968 1697 2000 1736 a

431 1786 542 1840 Deo
560 1783 822 1856 primitus
870 1774 1035 1836 fuerit
1075 1773 1297 1835 factum.
1327 1770 1450 1832 ideo
1480 1770 1702 1831 ditiinite
1722 1785 1828 1827 non
1854 1773 2002 1838 dico,

427 1878 567 1934 sicut
593 1878 659 1931 de
687 1875 909 1944 reliquis
953 1881 1100 1928 nunc
1130 1883 1474 1939 usque',‘quae
1518 1866 1586 1920 ad
1633 1863 1999 1921 ecclosiastica

428 1971 680 2041 dogmata
707 1967 1002 2038 pertinent,
1031 1959 1126 2020 sed
1147 1970 1202 2018 et
1230 1961 1494 2032 majorum
1539 1958 1846 2012 nostrorum
1875 1969 2001 2010 seno

301 2055 320 2064 ”
426 2078 519 2116 sus
555 2071 608 2116 et
636 2056 933 2118 sententias
961 2067 1121 2128 pono.
1151 2055 1290 2111 Sunt
1319 2044 1572 2122 namque,
1611 2045 1706 2120 Qui
1750 2046 1996 2113 credunt,

428 2148 716 2206 informem
750 2149 1032 2204 materiam
1079 2149 1315 2218 primum
1365 2142 1561 2199 factam
1600 2139 1784 2205 fursse,
1823 2147 1880 2194 et
1907 2154 2001 2208 po-

427 2249 542 2298 stea
575 2241 868 2314 angelicam
904 2246 1175 2294 naturam.
1221 2229 1464 2303 Quonim
1507 2244 1647 2286 unus
1672 2274 1686 2296 ,
1742 2239 1802 2285 ut
1850 2241 1994 2314 reor,

423 2341 582 2389 aetate
638 2309 692 2389 et
737 2331 1001 2403 sapientia
1054 2332 1138 2402 vir
1168 2335 1453 2401 magnus,
1504 2325 1877 2380 incunctanter
1924 2309 1998 2375 ita

426 2425 686 2495 scriptum
711 2421 926 2493 reliquit
956 2433 970 2477 :
1008 2437 1026 2473 ι
1055 2419 1120 2475 ια’
1146 2419 1411 2490 principio
1449 2411 1653 2472 creavit
1703 2412 1846 2468 Deus
1888 2421 1998 2466 cus-

422 2513 564 2578 lum,
598 2523 651 2570 et
675 2521 895 2580 terram,
930 2521 984 2570 et
1006 2519 1199 2582 aquam
1237 2499 1525 2573 ennibilo,
1553 2514 1608 2563 et
1654 2521 1778 2562 cum
1822 2497 1997 2558 adhuc

424 2603 660 2659 tenebras
687 2605 859 2674 ipsam
886 2608 1085 2673 aquam
1123 2601 1489 2664 oecultareut,
1518 2607 1576 2653 et
1629 2591 1766 2666 aqua
1796 2600 1996 2649 terram

423 2693 812 2760 absconderet,
841 2688 969 2768 [acti
1020 2700 1147 2749 aunt
1189 2689 1362 2761 angeli
1406 2697 1462 2743 et
1504 2697 1690 2742 omnes
1746 2683 1998 2741 scelestas

419 2786 651 2841 virtutes
678 2799 725 2840 ι.
765 2806 782 2838 ι
831 2783 1046 2841 Utinam
1091 2777 1299 2854 Moyses
1343 2781 1447 2834 hoc
1486 2778 1567 2831 ita
1608 2777 1834 2831 haberet
1880 2775 1996 2830 sine

420 2875 769 2946 ambiguitate
798 2874 1129 2944 deseriptum
1150 2914 1165 2939 ,
1208 2872 1273 2926 de
1299 2869 1454 2939 cuius
1489 2869 1787 2924 assertione
1836 2881 1995 2921 nemo

418 2966 662 3020 dubitare
701 2965 1121 3033 permitteretur.
1153 2961 1257 3016 Sed
1279 2973 1488 3015 mecum
1518 2961 1864 3014 vehementer
1893 2958 1986 3010 ad-

2105 501 2312 558 viarum
2337 503 2430 560 Dei
2459 503 2781 575 principium
2824 503 3119 561 Bebemoth
3160 504 3379 574 dicitur,
3411 516 3675 564 vesanum

2103 591 2295 662 dogma
2343 592 2488 648 Arii.
2508 601 2697 664 aperta
2745 594 2960 652 ratione
3013 595 3327 666 dissipatur.
3379 588 3677 669 Facturam

2102 684 2301 755 quippe
2324 684 2418 741 Dei
2441 685 2638 742 Filium
2679 686 2900 743 fatetur.
2923 687 2992 743 Et
3013 697 3141 744 ecce
3174 687 3471 746 Bebemotb
3505 690 3564 747 in
3592 688 3678 746 fa-

2103 785 2258 843 ctura
2300 789 2482 832 rerum
2529 779 2736 849 primus
2775 786 2992 835 creatus
3040 780 3364 838 ostenditur.
3408 780 3689 852 Superest.

2103 879 2262 935 ergo,
2313 871 2374 922 ut
2417 867 2580 924 Arius
2605 877 2711 926 aut
2760 867 2916 942 [non]
2945 869 3149 927 factum
3174 867 3370 926 Filium
3395 871 3670 942 pradicet,

2104 965 2198 1011 aut
2237 966 2361 1013 eum
2387 956 2511 1029 post
2549 956 2846 1016 Bebemoth
2891 961 3168 1016 conditum
3215 947 3410 1022 stultus
3447 968 3620 1032 putet.
3648 981 3671 1016 ι

2103 1047 2337 1118 Angelos
2359 1049 2414 1104 in
2441 1050 2708 1121 principio
2731 1060 2852 1107 esse
2874 1046 3122 1128 cendiws
3143 1051 3370 1107 forsitan
3418 1052 3474 1107 et
3521 1050 3673 1119 illud,

2104 1139 2246 1208 quod
2265 1140 2426 1196 beato
2445 1141 2546 1198 Job
2561 1143 2780 1209 dicitur,
2811 1144 3178 1200 demonstrat:
3203 1139 3302 1198 [Ιδὲ
3323 1156 3442 1200 eras
3463 1145 3674 1216 quando

2101 1230 2351 1298 ponebam
2379 1231 2719 1301 fundantenw
2754 1243 2933 1300 terra,
2988 1242 3044 1290 et
3070 1234 3230 1305 paulo
3277 1243 3427 1306 post,
3454 1248 3570 1290 cum
3589 1250 3675 1289 me

2102 1317 2381 1376 laudarent
2420 1330 2566 1377 astra
2612 1326 2895 1390 matutina,
2945 1332 2996 1379 et
3024 1305 3317 1394 labilem“
3362 1336 3538 1381 omnes
3575 1305 3675 1394 filii

2103 1411 2202 1465 Dei
2228 1411 2374 1483 (Job.
2405 1430 2634 1481 xxxvm,
2662 1415 2716 1482 ι,
2742 1413 2817 1486 7).

2173 1504 2413 1569 XXXIX.
2471 1504 2831 1571 inveniuntur
2877 1524 3138 1587 praeterea
3194 1526 3304 1573 non”
3335 1496 3672 1588 spernenda

2102 1598 2342 1658 scientiae
2378 1604 2521 1671 viri,
2553 1605 2644 1674 qui
2677 1601 2940 1660 neutrum
2971 1617 3157 1662 eorum
3186 1604 3479 1678 prafernnt
3506 1647 3522 1673 ,
3578 1603 3674 1662 sed

2105 1703 2336 1764 utraque
2361 1696 2519 1750 simul
2541 1711 2572 1751 a
2593 1687 2704 1751 Deo
2729 1692 2914 1752 creata
2934 1708 3054 1753 esse
3080 1697 3283 1762 dicunt,
3309 1699 3388 1752 ita
3409 1703 3468 1751 ut
3487 1710 3676 1752 unum-

2103 1784 2353 1869 quodque
2382 1800 2568 1840 eorum
2598 1784 2702 1841 dici
2731 1787 2902 1856 pessit
2933 1781 3170 1869 initium.
3221 1781 3350 1869 Quae
3389 1784 3530 1842 ratio
3557 1802 3677 1844 esse

2102 1864 2439 1940 probabilior
2480 1871 2692 1927 videtur
2713 1915 2728 1938 ,
2772 1871 2878 1928 illis
2906 1874 3020 1932 hoc.
3047 1868 3208 1928 modo
3241 1864 3619 1928 diiiinientibus
3659 1894 3672 1929 :

2099 1957 2239 2014 Ante
2270 1966 2487 2015 omnem
2538 1956 2707 2030 huius
2733 1959 2912 2016 seculi
2941 1961 3083 2018 diem
3112 1961 3321 2017 creavit
3346 1962 3488 2018 Deus
3519 1978 3676 2034 supe—

2101 2050 2297 2107 riorem
2327 2060 2382 2107 et
2406 2050 2741 2122 spirituulem
2769 2065 2894 2109 cum
2924 2055 3037 2110 suis
3062 2054 3260 2110 accolis
3287 2039 3574 2120 mundum,
3623 2061 3678 2112 et

2101 2142 2399 2215 informem
2429 2144 2595 2198 totius
2622 2142 2780 2213 hujus
2813 2143 2998 2198 mundi
3036 2145 3342 2212 materiam,
3367 2145 3523 2216 juxta
3570 2147 3675 2203 hoc

2100 2237 2242 2304 quod
2282 2236 2538 2305 scriptum
2580 2235 2666 2290 est
2695 2251 2726 2288 :v
2751 2229 2855 2300 Qui
2881 2236 3003 2290 vit-it
3031 2235 3102 2302 in
3138 2245 3385 2291 retentum
3409 2278 3425 2303 ,
3483 2236 3681 2291 creavit

2099 2330 2276 2384 omnia
2311 2330 2469 2384 simul
2521 2327 2939 2404 (Eccit'xvm,
2990 2331 3016 2385 i
3045 2330 3086 2402 ).
3149 2330 3262 2389 Hoc
3306 2344 3538 2402 namque
3579 2339 3677 2403 per

2099 2420 2316 2490 Moysen
2348 2420 2545 2474 dicitur
2564 2421 2717 2490 juxta
2744 2417 3028 2475 historiam
3075 2441 3088 2475 :
3135 2421 3202 2476 In
3245 2424 3501 2494 principia
3555 2423 3674 2490 fecit

2099 2505 2444 2564 Deus-caelum
2473 2521 2521 2564 et
2548 2519 2741 2564 terram
2779 2501 2931 2582 (Gen.
2967 2525 3005 2577 ι,
3041 2511 3112 2583 ι).
3145 2512 3277 2566 Nam
3310 2511 3429 2568 ide’o
3460 2509 3673 2582 Moyses

2100 2611 2212 2656 iam
2261 2600 2496 2656 breviter
2547 2595 2676 2656 fecit
2719 2600 3048 2657 mentiun'em
3104 2603 3397 2672 superioris
3449 2601 3672 2666 mundi.

2099 2693 2223 2763 quia
2253 2693 2318 2747 de
2344 2691 2543 2746 mundo
2579 2688 2679 2746 boc
2699 2732 2716 2754 ,
2745 2692 2797 2746 in
2838 2701 2945 2762 quo
2991 2693 3156 2748 homo
3191 2692 3360 2748 factus
3382 2701 3467 2747 est
3491 2734 3503 2756 ,
3538 2693 3671 2748 scri-

2097 2786 2228 2840 bere
2262 2784 2501 2839 decrevit
2522 2824 2536 2847 ,
2570 2775 2818 2839 sufﬁcere
2845 2782 3114 2849 credens,
3165 2785 3209 2839 si
3260 2792 3472 2840 omnem
3520 2796 3667 2838 crea-

2097 2881 2230 2927 tura:
2265 2871 2558 2943 spiritualis
2577 2881 2636 2927 et
2661 2873 2947 2930 invisibilis
2976 2880 3202 2944 statum,
3225 2887 3385 2945 atque
3418 2885 3665 2930 ornatum

2095 2977 2204 3020 uno
2237 2967 2358 3020 coeli
2401 2968 2648 3033 nomine,
2684 2968 2826 3036 quod
2860 2969 2913 3022 in
2939 2968 3202 3038 principio
3250 2967 3451 3021 factum
3498 2968 3629 3032 dixit
3651 3011 3664 3033 ,

418 3055 605 3119 miror.
639 3069 735 3110 cur
759 3053 846 3108 ιΠθ
880 3062 1063 3107 iam“
1090 3049 1208 3114 νῖνν
1251 3061 1376 3104 ααηι
1405 3047 1689 3103 mammia
1715 3049 1860 3117 loqui
1894 3063 1991 3117 1³0·
2018 3025 2065 3087 C
2094 3057 2580 3126 comprehenderet
2616 3025 2646 3111 ε’
2672 3025 3004 3126 corporalem
3042 3025 3171 3113 vein
3199 3057 3466 3112 visibilem
3503 3025 3664 3127 atque

419 3147 542 3210 tuit,
573 3153 630 3200 ut
657 3155 807 3216 puto,
847 3159 957 3213 prae
986 3141 1196 3197 eunetis
1227 3140 1564 3203 hominibus,
1595 3137 1756 3210 410
1783 3139 1849 3192 de
1877 3147 1987 3191 tam
2037 3189 2041 3192 λ

417 3236 648 3293 excelsis
673 3238 836 3291 rebus
866 3237 936 3288 ita
965 3231 1153 3288 maluit
1182 3242 1379 3286 tacere.
1414 3224 1580 3297 Hujus
1609 3224 1855 3283 videiidet
1882 3227 1988 3282 dif-

418 3327 673 3382 ilnitionis
698 3326 858 3382 Pater
878 3326 1174 3397 Gregorius
1202 3323 1255 3378 in
1280 3323 1512 3392 quodam
1561 3320 1679 3375 loco
1723 3320 2008 3385 meminit;

401 3429 578 3488 quam
600 3422 780 3471 tamen
801 3432 905 3470 non
933 3415 1244 3469 afﬁrmando
1265 3412 1466 3483 posuit,
1489 3411 1567 3466 sic
1589 3411 1773 3465 dicens
1795 3426 1808 3463 :
1831 3428 1852 3460 ι
1873 3411 1990 3464 Pri-

417 3521 504 3564 ma
526 3507 668 3562 enim
683 3505 736 3560 in
756 3513 993 3575 tempore
1011 3504 1225 3557 condita
1249 3512 1442 3556 natura
1459 3498 1858 3554 rationabilinm
1879 3500 1989 3568 spi-

417 3599 616 3653 rituum
643 3586 897 3652 creditur.
931 3594 1083 3660 Quod
1107 3593 1154 3647 si
1179 3594 1250 3646 ita
1281 3600 1385 3655 est,
1411 3585 1538 3645 dum
1565 3601 1714 3645 terra
1738 3597 1885 3644 esset
1910 3588 1990 3642 in-

413 3687 641 3743 visibilis
676 3691 748 3742 et‘
778 3685 1152 3762 incomposita,
1183 3681 1312 3736 dum
1338 3686 1575 3737 tenebrae
1614 3689 1799 3736 essent
1827 3695 1988 3750 super

413 3779 684 3852 abyssum,
709 3783 990 3833 venturum
1011 3778 1155 3837 diem
1176 3775 1553 3844 subsequentis
1580 3772 1759 3829 seaculi
1781 3788 1878 3845 per
1898 3771 1980 3827 lu—

413 3887 528 3927 cem
545 3871 820 3942 sapientiue
837 3870 1116 3927 existeudo
1135 3876 1511 3938 praevenerunt
1531 3868 1577 3920 δ.
1608 3887 1626 3919 ›

480 3953 764 4020 XXXVIII.
809 3961 947 4018 Sunt
975 3967 1154 4014 autem
1187 3968 1240 4012 et
1263 3958 1352 4011 alii
1378 3958 1469 4032 qui
1505 3957 1802 4029 angelicam
1831 3964 1985 4010 natu-

413 4071 549 4122 ram,
579 4069 698 4125 quae
723 4052 933 4124 dignior
960 4060 1041 4107 est
1086 4056 1140 4105 et
1163 4045 1485 4106 eminentior
1512 4055 1764 4106 ereatura
1788 4089 1802 4111 ,
1841 4047 1985 4100 arbi—

413 4157 625 4204 trantur
649 4148 701 4203 in
723 4147 914 4201 ordine
943 4141 1262 4200 conditionis
1288 4141 1535 4211 primam.
1560 4135 1800 4204 Quorum
1828 4137 1985 4192 intel-

410 4241 573 4296 lectui
600 4237 879 4311 suffragari
897 4236 1109 4292 videtur
1129 4233 1278 4298 illud,
1307 4231 1451 4302 quod
1476 4245 1506 4284 a
1528 4229 1752 4283 Domino
1776 4228 1980 4282 dictum

410 4340 493 4386 est
522 4332 586 4386 de
607 4323 1021 4398 Luciferozlpse
1046 4336 1119 4382 ea
1149 4326 1463 4398 principium
1489 4323 1691 4376 viarum
1711 4314 1808 4374 Dei
1832 4315 1973 4391 (Job.

410 4435 498 4486 ιι,
545 4415 656 4490 ιι).
691 4415 828 4483 Quid
852 4415 995 4470 enim
1021 4416 1143 4470 vias
1169 4414 1264 4469 Dei
1295 4412 1400 4469 nisi
1430 4410 1545 4484 eius
1570 4410 1808 4465 actiones
1837 4407 1978 4464 acci-

410 4510 605 4581 pimus,
635 4507 701 4563 de
730 4505 919 4578 quibus
945 4519 1042 4574 per
1067 4505 1384 4577 prophetam
1418 4502 1617 4560 dicitur
1647 4519 1660 4556 :
1691 4500 1814 4555 Non
1841 4498 1976 4555 enim

411 4609 530 4654 sunt
568 4599 662 4652 via:
690 4613 835 4662 metr,
866 4596 998 4650 sicut
1023 4593 1116 4648 vite
1138 4599 1326 4656 meum
1349 4588 1511 4665 030.,
1536 4606 1624 4660 ιν,
1643 4591 1720 4663 8).
1741 4587 1806 4648 Et
1831 4593 1978 4656 prin-

410 4690 609 4761 cipium
637 4689 847 4744 viarum
870 4687 1068 4743 dicitur
1098 4671 1412 4747 B’ehemdtb,
1439 4682 1565 4755 quia
1591 4681 1645 4734 in
1675 4688 1867 4739 natura
1895 4698 1978 4738 re-

409 4793 530 4834 rum
578 4776 722 4831 hunc
761 4777 996 4832 creando
1037 4791 1132 4847 per
1181 4773 1537 4831 substantiam
1576 4771 1825 4840 conditor
1866 4775 1978 4844 pri-

408 4866 558 4925 mum
588 4865 735 4922 fecit.
776 4866 893 4938 ipse
918 4882 1152 4946 namque
1168 4866 1458 4939 primatum
1484 4861 1624 4919 inter
1651 4857 1870 4933 angelos
1897 4869 1976 4918 te-

410 4961 528 5020 nuit
551 4959 896 5034 cumquibus
937 4959 1095 5014 simul
1123 4961 1374 5016 conditus
1398 4957 1594 5036 fuerat,
1651 4955 1792 5012 sicut
1835 4954 1975 5012 dicit

409 5053 721 5124 Propheta:
769 5049 924 5108 Cedri
968 5067 1075 5108 non
1120 5051 1333 5121 {uerunt
1371 5048 1583 5105 altiores
1633 5042 1723 5102 illo
1755 5041 1970 5112 (Ezech.

410 5162 559 5211 xxxi,
586 5143 661 5216 8).
699 5143 798 5211 Qui
830 5144 1029 5198 idcirco
1064 5135 1292 5210 peccans
1340 5143 1462 5197 sine
1486 5141 1640 5196 venia
1689 5139 1973 5202 damnatus

408 5246 523 5304 est,
560 5238 684 5308 quia
707 5251 930 5306 magnus
959 5234 1072 5289 sine
1103 5234 1502 5300 comparatione
1523 5232 1704 5287 fuerat
1736 5240 1969 5298 creatus.

411 5329 474 5383 Et
505 5343 716 5382 rursum
749 5328 912 5390 idem,
937 5326 1028 5395 qui
1055 5338 1215 5393 supra
1255 5339 1267 5374 :
1302 5321 1378 5375 Tu
1419 5308 1748 5396 signaculum
1795 5320 1977 5376 simili—

408 5419 603 5474 tudinis
627 5403 839 5491 (Επειδὴ.
863 5433 1052 5481 χιι-ιιι,
1087 5413 1192 5482 ιε).
1236 5412 1372 5479 Quid
1400 5413 1544 5468 enim
1576 5414 1696 5470 boni
1737 5427 1844 5466 non
1873 5408 1974 5465 ba-

413 5545 503 5655 10⁸
544 5530 848 5588 Gennadius
911 5531 962 5585 in
1008 5526 1386 5584 ecclesiasticis
1437 5526 1802 5597 Dogmaiibus,
1853 5543 1968 5596 cup.

2093 3145 2491 3216 corruptibilem
2518 3155 2820 3203 creaturam
2866 3148 3023 3203 latms
3060 3163 3125 3202 ex
3167 3146 3357 3203 ordine
3387 3149 3661 3204 describe-

2093 3249 2206 3304 ret;
2242 3239 2344 3294 boc
2390 3241 2705 3305 est,tacitis
2753 3241 2850 3307 eis,
2905 3248 3024 3311 qna:
3072 3240 3261 3296 altiora
3311 3241 3575 3309 quaesitu,
3613 3253 3669 3296 n'.

2091 3329 2315 3384 fortiora
2349 3339 2590 3385 scrutatu
2618 3339 2764 3396 sunt,
2789 3329 2876 3398 illa
2900 3331 3100 3400 potius,
3132 3341 3250 3400 qua:
3279 3346 3308 3384 a
3339 3329 3448 3386 Deo
3487 3332 3660 3386 omnl-

2091 3421 2191 3475 bus
2223 3429 2490 3491 praecepta
2534 3423 2652 3478 sive
2686 3419 2951 3492 promissa
2983 3432 3126 3486 sunt,
3162 3422 3439 3490 cogitanda
3470 3434 3667 3491 propo—

2090 3518 2262 3566 neret.
2302 3511 2450 3566 Unde
2480 3511 2920 3566 etiam‘eonSulte
2963 3511 3029 3566 de
3056 3524 3185 3566 casu
3228 3497 3660 3580 praevaricatoi'is
3752 3537 3754 3539 >

2088 3601 2261 3672 angeli
2296 3611 2350 3656 et
2392 3595 2805 3674 sociorumequ
2839 3604 3053 3674 penitus
3097 3599 3344 3670 reticuit,
3393 3603 3516 3674 quia
3556 3605 3660 3661 hoc

2088 3691 2344 3745 nimirum
2390 3692 2458 3746 ad
2515 3700 2714 3748 statum
2755 3693 2897 3748 illius
2936 3693 3218 3749 invisibilis
3262 3705 3317 3748 et
3367 3695 3664 3766 Spiritualis

2089 3791 2354 3841 creatura:
2381 3787 2648 3854 pertinere
2677 3785 2982 3862 arbitratus,
3016 3795 3117 3842 est.
3152 3786 3208 3843 In
3232 3787 3498 3858 principio
3539 3803 3664 3844 cum

2089 3877 2225 3930 coelo
2251 3875 2449 3932 factam
2475 3873 2605 3933 dicit
2634 3876 2801 3933 solam
2825 3882 3046 3941 terram,
3069 3883 3191 3932 cum
3211 3883 3439 3947 quatuor
3453 3884 3661 3933 constet

2087 3984 2206 4024 esse
2233 3969 2495 4024 elementa
2525 3987 2537 4022 :
2572 3979 2624 4023 et
2653 3970 2756 4023 hoc
2805 3984 2918 4033 cur,
2965 3969 3068 4022 nisi
3115 3967 3236 4035 quia
3268 3968 3338 4020 ad
3377 3966 3478 4020 alia
3501 4008 3514 4031 ,
3542 3979 3662 4036 qum

2090 4059 2259 4128 magis
2299 4057 2603 4111 necessaria
2645 4063 2820 4120 erant,
2873 4055 3236 4125 properabat?
3282 4037 3464 4124 Neque
3512 4056 3660 4110 enim

2085 4159 2269 4214 aquas,
2295 4144 2396 4199 nisi
2421 4154 2448 4210 a
2472 4144 2578 4198 Deo
2603 4144 2771 4200 factas
2807 4144 2964 4203 simul
2985 4159 3105 4198 cum
3134 4141 3270 4198 cwlo
3291 4151 3344 4197 et
3371 4151 3512 4199 terra
3541 4159 3647 4200 ore

2083 4234 2210 4291 dere
2241 4236 2321 4290 ias
2347 4245 2446 4290 est.
2474 4235 2624 4302 Quod
2655 4235 2701 4290 si
2731 4234 2843 4307 ipse
2864 4241 2977 4290 non
3003 4235 3177 4307 palam
3200 4233 3351 4302 dicit,
3374 4232 3550 4306 palam
3577 4246 3655 4291 ta-

2063 4343 2207 4398 ,men
2230 4327 2514 4399 signiﬁcat,
2543 4341 2665 4381 cum
2691 4324 2792 4381 bas
2829 4342 2858 4381 a
2885 4325 2996 4382 Deo
3053 4325 3364 4390 illustratus,
3396 4320 3559 4396 atque
3589 4326 3654 4380 ad

2071 4416 2282 4486 jussum
2328 4415 2444 4484 ejus
2469 4416 2745 4472 ordinatas
2776 4417 3031 4474 insinuat.
3065 4414 3170 4472 Sed
3196 4425 3251 4472 et
3279 4411 3485 4486 reliqua
3511 4415 3640 4480 duo,

2079 4503 2132 4563 id
2161 4514 2273 4572 est,
2313 4505 2450 4579 ignis
2475 4515 2531 4563 et
2556 4522 2669 4574 aer,
2697 4508 2943 4578 quamvis
2989 4522 3092 4561 non
3120 4505 3389 4570 dicantur,
3440 4513 3648 4560 certum

2077 4607 2156 4652 est
2183 4601 2370 4652 tamen
2400 4613 2462 4654 ea
2496 4597 2550 4652 in
2579 4595 2704 4663 illis,
2738 4605 2881 4652 terra
2903 4595 3152 4651 videlicet
3176 4603 3231 4648 et
3258 4606 3417 4663 aqua,
3447 4591 3647 4663 quibus

2078 4689 2248 4745 indita
2274 4697 2418 4754 sunt.
2456 4688 2523 4744 ab
2545 4702 2610 4742 eo
2637 4682 3036 4757 comprehendi.
3061 4684 3242 4759 ignem
3281 4692 3511 4754 namque
3537 4669 3651 4740 ter-3

2078 4793 2152 4834 ra:
2185 4777 2531 4854 interioribus
2561 4775 2777 4830 insitum
2818 4769 2976 4828 calidi
3002 4785 3264 4845 aquarum
3312 4772 3488 4831 fontes
3520 4787 3651 4845 pro-

2075 4869 2227 4924 d‘nnt.
2262 4866 2364 4934 Qui
2382 4867 2547 4922 etiam
2567 4864 2836 4922 invenitur
2867 4863 2920 4918 in
2953 4861 3096 4917 ferro
3119 4868 3173 4916 ct
3208 4854 3498 4934 lapidibus,
3529 4875 3650 4933 qure

2075 4969 2233 5016 terra:
2255 4961 2460 5013 viscere
2477 4953 2589 5024 jam
2617 4963 2744 5009 tunc
2768 4954 2980 5009 condita
3009 4953 3268 5008 latebant.
3297 4952 3406 5008 Aer
3433 4959 3558 5006 vero
3589 4952 3645 5006 in

2076 5051 2189 5121 ipsa
2237 5058 2380 5104 terra
2409 5045 2712 5119 permixtus
2739 5059 2869 5122 esse
2897 5044 3240 5116 cognoscitur
3288 5054 3351 5098 ex
3385 5051 3447 5120 eo
3477 5039 3639 5110 quod,

2075 5118 2195 5196 cum
2223 5118 2526 5196 bumectata
2555 5135 2717 5192 fuerit
2751 5143 2805 5190 et
2835 5119 3146 5207 temperiem
3184 5133 3310 5187 solis
3355 5118 3639 5205 acceperit,

2075 5246 2198 5284 mox
2246 5242 2474 5298 vapores
2516 5225 2734 5281 exhalat
2787 5224 3141 5297 largissimus.
3192 5222 3356 5291 igitur
3384 5219 3536 5289 quale
3572 5217 3648 5275 sit

2076 5321 2299 5384 caelum,
2332 5319 2476 5387 quod
2499 5317 2551 5371 in
2574 5316 2840 5388 principio
2860 5324 2979 5371 cum
3003 5322 3140 5368 terra
3165 5310 3363 5364 factum
3391 5317 3495 5372 εει,
3529 5309 3642 5378 ipse
3700 5311 3702 5314 ’

2078 5412 2332 5474 insinuat,
2364 5425 2484 5464 cum
2517 5409 2645 5462 dicit
2685 5427 2697 5460 :
2737 5406 2896 5460 Terra
2927 5416 3094 5457 autem
3126 5410 3235 5455 erat
3265 5399 3436 5454 inanis
3468 5409 3514 5453 et
3556 5416 3643 5454 va-

2148 5523 2173 5561 ιι
2212 5505 2521 5591 Gregorius.
2551 5517 2641 5573 lib.
2671 5534 2835 5591 xxviii
2868 5515 3020 5575 διον.»
3055 5529 3170 5584 cup.
3205 5513 3285 5565 li.

2152 5605 2170 5631 ο
2214 5587 2372 5663 ῧιηεέ.
2404 5592 2558 5658 ibid,
2591 5605 2707 5661 cap.
2734 5587 2819 5643 24.
