  <div class='ocr_page' id='page_1' title='image "/cluster/home/n/w/nwhite01/storage/ocr_20150623/101/uva.x000834944/547.png"; bbox 0 0 4254 6210; ppageno 0'>
   <div class='ocr_carea' id='block_1_1' title="bbox 612 227 745 281">
    <p class='ocr_par' dir='ltr' id='par_1_1' title="bbox 612 227 745 281">
     <span class='ocr_line' id='line_1_1' title="bbox 612 227 745 281; baseline 0.008 -2"><span class='ocrx_word' id='word_1_1' title='bbox 612 227 745 281; x_wconf 68' lang='grc'><strong>1085</strong></span> 
     </span>
    </p>
   </div>
   <div class='ocr_carea' id='block_1_2' title="bbox 1416 227 3007 287">
    <p class='ocr_par' dir='ltr' id='par_1_2' title="bbox 1416 227 3007 287">
     <span class='ocr_line' id='line_1_2' title="bbox 1416 227 3007 287; baseline -0.003 -2"><span class='ocrx_word' id='word_1_2' title='bbox 1416 228 1475 285; x_wconf 85' lang='grc' dir='ltr'><strong>Β.</strong></span> <span class='ocrx_word' id='word_1_3' title='bbox 1516 231 1574 285; x_wconf 80' lang='lat' dir='ltr'><strong>F.</strong></span> <span class='ocrx_word' id='word_1_4' title='bbox 1605 230 1827 285; x_wconf 72' lang='lat' dir='ltr'><strong>ALBINI</strong></span> <span class='ocrx_word' id='word_1_5' title='bbox 1867 231 1994 286; x_wconf 84' lang='lat' dir='ltr'><strong>SEU</strong></span> <span class='ocrx_word' id='word_1_6' title='bbox 2035 229 2306 287; x_wconf 65' lang='lat' dir='ltr'><strong>ALCIJINI</strong></span> <span class='ocrx_word' id='word_1_7' title='bbox 2341 228 2621 284; x_wconf 67' lang='lat' dir='ltr'><strong>OPERL’M</strong></span> <span class='ocrx_word' id='word_1_8' title='bbox 2660 228 2837 281; x_wconf 74' lang='lat' dir='ltr'><strong>PARS</strong></span> <span class='ocrx_word' id='word_1_9' title='bbox 2881 227 3007 282; x_wconf 71' lang='lat' dir='ltr'><strong>Vill.</strong></span> 
     </span>
    </p>
   </div>
   <div class='ocr_carea' id='block_1_3' title="bbox 3703 233 3842 289">
    <p class='ocr_par' dir='ltr' id='par_1_3' title="bbox 3703 233 3842 289">
     <span class='ocr_line' id='line_1_3' title="bbox 3703 233 3842 289; baseline 0 -2"><span class='ocrx_word' id='word_1_10' title='bbox 3703 233 3842 289; x_wconf 67' lang='grc'><strong>1081</strong></span> 
     </span>
    </p>
   </div>
   <div class='ocr_carea' id='block_1_4' title="bbox 610 336 3839 412">
    <p class='ocr_par' dir='ltr' id='par_1_4' title="bbox 610 336 3839 412">
     <span class='ocr_line' id='line_1_4' title="bbox 610 336 3839 412; baseline 0.003 -21"><span class='ocrx_word' id='word_1_11' title='bbox 610 358 708 392; x_wconf 81' lang='lat' dir='ltr'><strong>ma</strong></span> <span class='ocrx_word' id='word_1_12' title='bbox 739 337 888 408; x_wconf 57' lang='grc' dir='ltr'><strong>(ϐίη,</strong></span> <span class='ocrx_word' id='word_1_13' title='bbox 917 357 951 403; x_wconf 86' lang='grc' dir='ltr'><strong>ι,</strong></span> <span class='ocrx_word' id='word_1_14' title='bbox 976 340 1051 406; x_wconf 69' lang='lat'><strong>2).</strong></span> <span class='ocrx_word' id='word_1_15' title='bbox 1083 342 1150 396; x_wconf 84' lang='lat' dir='ltr'><strong>L&#39;t</strong></span> <span class='ocrx_word' id='word_1_16' title='bbox 1171 341 1299 410; x_wconf 89' lang='lat' dir='ltr'><strong>quid</strong></span> <span class='ocrx_word' id='word_1_17' title='bbox 1337 342 1478 396; x_wconf 87' lang='lat' dir='ltr'><strong>enim</strong></span> <span class='ocrx_word' id='word_1_18' title='bbox 1523 342 1637 397; x_wconf 61' lang='lat' dir='ltr'><strong>hac</strong></span> <span class='ocrx_word' id='word_1_19' title='bbox 1664 342 1732 396; x_wconf 90' lang='lat' dir='ltr'><strong>de</strong></span> <span class='ocrx_word' id='word_1_20' title='bbox 1759 353 1902 397; x_wconf 86' lang='lat' dir='ltr'><strong>terra</strong></span> <span class='ocrx_word' id='word_1_21' title='bbox 1952 353 2175 412; x_wconf 61' lang='lat' dir='ltr'><strong>przetero</strong></span> <span class='ocrx_word' id='word_1_22' title='bbox 2204 343 2249 400; x_wconf 81' lang='grc' dir='ltr'>Α</span> <span class='ocrx_word' id='word_1_23' title='bbox 2277 347 2387 403; x_wconf 69' lang='lat' dir='ltr'><strong>est;</strong></span> <span class='ocrx_word' id='word_1_24' title='bbox 2417 347 2471 394; x_wconf 84' lang='lat' dir='ltr'><strong>et</strong></span> <span class='ocrx_word' id='word_1_25' title='bbox 2491 336 2591 392; x_wconf 88' lang='lat' dir='ltr'><strong>hoc</strong></span> <span class='ocrx_word' id='word_1_26' title='bbox 2619 345 2768 392; x_wconf 87' lang='lat' dir='ltr'><strong>tanta</strong></span> <span class='ocrx_word' id='word_1_27' title='bbox 2791 337 3070 392; x_wconf 88' lang='lat' dir='ltr'><strong>velocitate</strong></span> <span class='ocrx_word' id='word_1_28' title='bbox 3096 337 3291 394; x_wconf 73' lang='lat' dir='ltr'><strong>divina:</strong></span> <span class='ocrx_word' id='word_1_29' title='bbox 3331 339 3566 406; x_wconf 79' lang='lat' dir='ltr'><strong>virtutis,</strong></span> <span class='ocrx_word' id='word_1_30' title='bbox 3613 352 3671 397; x_wconf 89' lang='lat' dir='ltr'><strong>ut</strong></span> <span class='ocrx_word' id='word_1_31' title='bbox 3711 361 3839 400; x_wconf 82' lang='lat' dir='ltr'><strong>ncc-</strong></span> 
     </span>
    </p>
   </div>
   <div class='ocr_carea' id='block_1_5' title="bbox 613 431 2177 500">
    <p class='ocr_par' dir='ltr' id='par_1_5' title="bbox 613 431 2177 500">
     <span class='ocr_line' id='line_1_5' title="bbox 613 431 2177 500; baseline 0 -16"><span class='ocrx_word' id='word_1_32' title='bbox 613 433 778 484; x_wconf 84' lang='lat' dir='ltr'><strong>misso</strong></span> <span class='ocrx_word' id='word_1_33' title='bbox 802 431 940 485; x_wconf 75' lang='lat' dir='ltr'><strong>cmlo</strong></span> <span class='ocrx_word' id='word_1_34' title='bbox 966 431 1171 494; x_wconf 90' lang='lat' dir='ltr'><strong>intulit,</strong></span> <span class='ocrx_word' id='word_1_35' title='bbox 1199 432 1302 486; x_wconf 86' lang='lat' dir='ltr'><strong>nisi</strong></span> <span class='ocrx_word' id='word_1_36' title='bbox 1325 434 1449 500; x_wconf 83' lang='lat' dir='ltr'><strong>quia</strong></span> <span class='ocrx_word' id='word_1_37' title='bbox 1477 432 1609 485; x_wconf 86' lang='lat' dir='ltr'><strong>nihil</strong></span> <span class='ocrx_word' id='word_1_38' title='bbox 1639 433 1744 486; x_wconf 94' lang='lat' dir='ltr'><strong>tale</strong></span> <span class='ocrx_word' id='word_1_39' title='bbox 1769 434 1834 487; x_wconf 91' lang='lat' dir='ltr'><strong>de</strong></span> <span class='ocrx_word' id='word_1_40' title='bbox 1857 432 1996 488; x_wconf 68' lang='lat' dir='ltr'><strong>caelo</strong></span> <span class='ocrx_word' id='word_1_41' title='bbox 2020 433 2177 487; x_wconf 83' lang='lat' dir='ltr'><strong>intel-</strong></span> 
     </span>
    </p>
   </div>
   <div class='ocr_carea' id='block_1_6' title="bbox 611 523 2173 595">
    <p class='ocr_par' dir='ltr' id='par_1_6' title="bbox 611 523 2173 595">
     <span class='ocr_line' id='line_1_6' title="bbox 611 523 2173 595; baseline 0.001 -19"><span class='ocrx_word' id='word_1_42' title='bbox 611 525 642 576; x_wconf 88' lang='lat' dir='ltr'><strong>li</strong></span> <span class='ocrx_word' id='word_1_43' title='bbox 652 525 700 595; x_wconf 71' lang='grc' dir='ltr'><strong>εἰ</strong></span> <span class='ocrx_word' id='word_1_44' title='bbox 723 523 927 577; x_wconf 79' lang='lat' dir='ltr'><strong>voluit?</strong></span> <span class='ocrx_word' id='word_1_45' title='bbox 953 523 1126 593; x_wconf 83' lang='lat' dir='ltr'><strong>Ipsum</strong></span> <span class='ocrx_word' id='word_1_46' title='bbox 1155 535 1238 579; x_wconf 90' lang='lat' dir='ltr'><strong>est</strong></span> <span class='ocrx_word' id='word_1_47' title='bbox 1262 526 1406 578; x_wconf 87' lang='lat' dir='ltr'><strong>enim</strong></span> <span class='ocrx_word' id='word_1_48' title='bbox 1433 526 1626 579; x_wconf 72' lang='lat' dir='ltr'><strong>caelum</strong></span> <span class='ocrx_word' id='word_1_49' title='bbox 1641 526 1907 594; x_wconf 85' lang='lat' dir='ltr'><strong>superius,</strong></span> <span class='ocrx_word' id='word_1_50' title='bbox 1932 526 2074 594; x_wconf 89' lang='lat' dir='ltr'><strong>quod</strong></span> <span class='ocrx_word' id='word_1_51' title='bbox 2105 525 2173 578; x_wconf 88' lang='lat' dir='ltr'><strong>ab</strong></span> 
     </span>
    </p>
   </div>
   <div class='ocr_carea' id='block_1_7' title="bbox 609 613 2173 685">
    <p class='ocr_par' dir='ltr' id='par_1_7' title="bbox 609 613 2173 685">
     <span class='ocr_line' id='line_1_7' title="bbox 609 613 2173 685; baseline 0.001 -19"><span class='ocrx_word' id='word_1_52' title='bbox 609 613 752 666; x_wconf 90' lang='lat' dir='ltr'><strong>omni</strong></span> <span class='ocrx_word' id='word_1_53' title='bbox 777 614 958 674; x_wconf 84' lang='lat' dir='ltr'><strong>mundi</strong></span> <span class='ocrx_word' id='word_1_54' title='bbox 984 613 1140 680; x_wconf 86' lang='lat' dir='ltr'><strong>hujus</strong></span> <span class='ocrx_word' id='word_1_55' title='bbox 1163 613 1380 667; x_wconf 85' lang='lat' dir='ltr'><strong>volubili</strong></span> <span class='ocrx_word' id='word_1_56' title='bbox 1411 622 1551 668; x_wconf 89' lang='lat' dir='ltr'><strong>statu</strong></span> <span class='ocrx_word' id='word_1_57' title='bbox 1579 625 1869 678; x_wconf 86' lang='lat' dir='ltr'><strong>secretum,</strong></span> <span class='ocrx_word' id='word_1_58' title='bbox 1900 614 2071 685; x_wconf 91' lang='lat' dir='ltr'><strong>gloria</strong></span> <span class='ocrx_word' id='word_1_59' title='bbox 2094 614 2173 668; x_wconf 87' lang='lat' dir='ltr'><strong>di-</strong></span> 
     </span>
    </p>
   </div>
   <div class='ocr_carea' id='block_1_8' title="bbox 609 705 2174 774">
    <p class='ocr_par' dir='ltr' id='par_1_8' title="bbox 609 705 2174 774">
     <span class='ocr_line' id='line_1_8' title="bbox 609 705 2174 774; baseline 0.003 -21"><span class='ocrx_word' id='word_1_60' title='bbox 609 705 746 756; x_wconf 67' lang='lat' dir='ltr'><strong>vina!</strong></span> <span class='ocrx_word' id='word_1_61' title='bbox 778 706 1078 772; x_wconf 68' lang='lat' dir='ltr'><strong>prmsentiae</strong></span> <span class='ocrx_word' id='word_1_62' title='bbox 1111 714 1293 759; x_wconf 86' lang='lat' dir='ltr'><strong>manet</strong></span> <span class='ocrx_word' id='word_1_63' title='bbox 1319 719 1532 774; x_wconf 77' lang='lat' dir='ltr'><strong>semper</strong></span> <span class='ocrx_word' id='word_1_64' title='bbox 1552 706 1812 774; x_wconf 89' lang='lat' dir='ltr'><strong>quietum,</strong></span> <span class='ocrx_word' id='word_1_65' title='bbox 1832 705 1886 760; x_wconf 92' lang='lat' dir='ltr'><strong>in</strong></span> <span class='ocrx_word' id='word_1_66' title='bbox 1914 719 2022 773; x_wconf 89' lang='lat' dir='ltr'><strong>quo</strong></span> <span class='ocrx_word' id='word_1_67' title='bbox 2051 721 2174 774; x_wconf 84' lang='lat' dir='ltr'><strong>per-</strong></span> 
     </span>
    </p>
   </div>
   <div class='ocr_carea' id='block_1_9' title="bbox 608 794 2172 863">
    <p class='ocr_par' dir='ltr' id='par_1_9' title="bbox 608 794 2172 863">
     <span class='ocr_line' id='line_1_9' title="bbox 608 794 2172 863; baseline 0.004 -18"><span class='ocrx_word' id='word_1_68' title='bbox 608 798 745 847; x_wconf 76' lang='lat' dir='ltr'><strong>fecte</strong></span> <span class='ocrx_word' id='word_1_69' title='bbox 776 796 952 848; x_wconf 84' lang='lat' dir='ltr'><strong>omnia</strong></span> <span class='ocrx_word' id='word_1_70' title='bbox 979 796 1234 863; x_wconf 89' lang='lat' dir='ltr'><strong>disposita</strong></span> <span class='ocrx_word' id='word_1_71' title='bbox 1259 810 1470 863; x_wconf 81' lang='lat' dir='ltr'><strong>semper</strong></span> <span class='ocrx_word' id='word_1_72' title='bbox 1492 795 1724 849; x_wconf 91' lang='lat' dir='ltr'><strong>fuerunt.</strong></span> <span class='ocrx_word' id='word_1_73' title='bbox 1745 794 1878 850; x_wconf 80' lang='lat' dir='ltr'><strong>Nam</strong></span> <span class='ocrx_word' id='word_1_74' title='bbox 1899 797 1966 850; x_wconf 90' lang='lat' dir='ltr'><strong>de</strong></span> <span class='ocrx_word' id='word_1_75' title='bbox 1989 806 2172 851; x_wconf 90' lang='lat' dir='ltr'><strong>nostro</strong></span> 
     </span>
    </p>
   </div>
   <div class='ocr_carea' id='block_1_10' title="bbox 607 885 2172 953">
    <p class='ocr_par' dir='ltr' id='par_1_10' title="bbox 607 885 2172 953">
     <span class='ocr_line' id='line_1_10' title="bbox 607 885 2172 953; baseline 0.004 -19"><span class='ocrx_word' id='word_1_76' title='bbox 607 885 761 943; x_wconf 84' lang='lat' dir='ltr'><strong>coelo,</strong></span> <span class='ocrx_word' id='word_1_77' title='bbox 793 885 843 936; x_wconf 89' lang='lat' dir='ltr'><strong>in</strong></span> <span class='ocrx_word' id='word_1_78' title='bbox 870 900 974 952; x_wconf 92' lang='lat' dir='ltr'><strong>quo</strong></span> <span class='ocrx_word' id='word_1_79' title='bbox 995 888 1163 953; x_wconf 85' lang='lat' dir='ltr'><strong>posita</strong></span> <span class='ocrx_word' id='word_1_80' title='bbox 1188 894 1312 940; x_wconf 90' lang='lat' dir='ltr'><strong>sunt</strong></span> <span class='ocrx_word' id='word_1_81' title='bbox 1331 886 1616 940; x_wconf 82' lang='lat' dir='ltr'><strong>luminaria</strong></span> <span class='ocrx_word' id='word_1_82' title='bbox 1639 887 1762 940; x_wconf 89' lang='lat' dir='ltr'><strong>huic</strong></span> <span class='ocrx_word' id='word_1_83' title='bbox 1784 887 1979 942; x_wconf 65' lang='lat' dir='ltr'><strong>saeculo</strong></span> <span class='ocrx_word' id='word_1_84' title='bbox 1993 902 2172 941; x_wconf 89' lang='lat' dir='ltr'><strong>neces-</strong></span> 
     </span>
    </p>
   </div>
   <div class='ocr_carea' id='block_1_11' title="bbox 607 972 2168 1045">
    <p class='ocr_par' dir='ltr' id='par_1_11' title="bbox 607 972 2168 1045">
     <span class='ocr_line' id='line_1_11' title="bbox 607 972 2168 1045; baseline 0.004 -22"><span class='ocrx_word' id='word_1_85' title='bbox 607 989 662 1024; x_wconf 77' lang='lat' dir='ltr'><strong>su</strong></span> <span class='ocrx_word' id='word_1_86' title='bbox 673 972 769 1036; x_wconf 88' lang='lat' dir='ltr'><strong>ria,</strong></span> <span class='ocrx_word' id='word_1_87' title='bbox 795 975 845 1026; x_wconf 95' lang='lat' dir='ltr'><strong>in</strong></span> <span class='ocrx_word' id='word_1_88' title='bbox 860 976 1226 1041; x_wconf 78' lang='lat' dir='ltr'><strong>sequentibus,</strong></span> <span class='ocrx_word' id='word_1_89' title='bbox 1244 976 1514 1044; x_wconf 90' lang='lat' dir='ltr'><strong>quomodo</strong></span> <span class='ocrx_word' id='word_1_90' title='bbox 1526 975 1609 1029; x_wconf 86' lang='lat' dir='ltr'><strong>vel</strong></span> <span class='ocrx_word' id='word_1_91' title='bbox 1623 975 1837 1045; x_wconf 81' lang='lat' dir='ltr'><strong>quando</strong></span> <span class='ocrx_word' id='word_1_92' title='bbox 1856 976 1925 1030; x_wconf 90' lang='lat' dir='ltr'><strong>sit</strong></span> <span class='ocrx_word' id='word_1_93' title='bbox 1944 975 2168 1040; x_wconf 90' lang='lat' dir='ltr'><strong>factum,</strong></span> 
     </span>
    </p>
   </div>
   <div class='ocr_carea' id='block_1_12' title="bbox 604 1054 2191 1135">
    <p class='ocr_par' dir='ltr' id='par_1_12' title="bbox 604 1054 2191 1135">
     <span class='ocr_line' id='line_1_12' title="bbox 604 1054 2191 1135; baseline 0.002 -20"><span class='ocrx_word' id='word_1_94' title='bbox 604 1061 717 1130; x_wconf 79' lang='lat' dir='ltr'><strong>ipse</strong></span> <span class='ocrx_word' id='word_1_95' title='bbox 750 1061 1022 1133; x_wconf 87' lang='lat' dir='ltr'><strong>legislator</strong></span> <span class='ocrx_word' id='word_1_96' title='bbox 1059 1065 1317 1118; x_wconf 88' lang='lat' dir='ltr'><strong>declarat.</strong></span> <span class='ocrx_word' id='word_1_97' title='bbox 1359 1063 1474 1119; x_wconf 85' lang='lat' dir='ltr'><strong>Non</strong></span> <span class='ocrx_word' id='word_1_98' title='bbox 1506 1079 1634 1135; x_wconf 86' lang='lat' dir='ltr'><strong>ergo</strong></span> <span class='ocrx_word' id='word_1_99' title='bbox 1679 1054 2008 1120; x_wconf 84' lang='lat' dir='ltr'><strong>credendum</strong></span> <span class='ocrx_word' id='word_1_100' title='bbox 2053 1071 2191 1130; x_wconf 54' lang='lat' dir='ltr'><strong>est,</strong></span> 
     </span>
    </p>
   </div>
   <div class='ocr_carea' id='block_1_13' title="bbox 607 1154 2168 1223">
    <p class='ocr_par' dir='ltr' id='par_1_13' title="bbox 607 1154 2168 1223">
     <span class='ocr_line' id='line_1_13' title="bbox 607 1154 2168 1223; baseline 0.003 -19"><span class='ocrx_word' id='word_1_101' title='bbox 607 1163 664 1205; x_wconf 87' lang='lat' dir='ltr'><strong>ut</strong></span> <span class='ocrx_word' id='word_1_102' title='bbox 700 1155 945 1222; x_wconf 88' lang='lat' dir='ltr'><strong>superius</strong></span> <span class='ocrx_word' id='word_1_103' title='bbox 984 1154 1111 1208; x_wconf 89' lang='lat' dir='ltr'><strong>illud</strong></span> <span class='ocrx_word' id='word_1_104' title='bbox 1158 1155 1378 1220; x_wconf 65' lang='lat' dir='ltr'><strong>caelum,</strong></span> <span class='ocrx_word' id='word_1_105' title='bbox 1425 1156 1569 1223; x_wconf 92' lang='lat' dir='ltr'><strong>quod</strong></span> <span class='ocrx_word' id='word_1_106' title='bbox 1591 1164 1674 1209; x_wconf 89' lang='lat' dir='ltr'><strong>est</strong></span> <span class='ocrx_word' id='word_1_107' title='bbox 1704 1154 2012 1208; x_wconf 72' lang='lat' dir='ltr'><strong>mortalium</strong></span> <span class='ocrx_word' id='word_1_108' title='bbox 2045 1169 2168 1208; x_wconf 91' lang='lat' dir='ltr'><strong>om-</strong></span> 
     </span>
    </p>
   </div>
   <div class='ocr_carea' id='block_1_14' title="bbox 604 1245 2169 1312">
    <p class='ocr_par' dir='ltr' id='par_1_14' title="bbox 604 1245 2169 1312">
     <span class='ocr_line' id='line_1_14' title="bbox 604 1245 2169 1312; baseline 0.001 -16"><span class='ocrx_word' id='word_1_109' title='bbox 604 1245 750 1297; x_wconf 93' lang='lat' dir='ltr'><strong>nium</strong></span> <span class='ocrx_word' id='word_1_110' title='bbox 784 1245 1160 1312; x_wconf 90' lang='lat' dir='ltr'><strong>conspectibus</strong></span> <span class='ocrx_word' id='word_1_111' title='bbox 1207 1245 1597 1310; x_wconf 89' lang='lat' dir='ltr'><strong>inaccessibile,</strong></span> <span class='ocrx_word' id='word_1_112' title='bbox 1627 1245 1788 1299; x_wconf 84' lang='lat' dir='ltr'><strong>inane</strong></span> <span class='ocrx_word' id='word_1_113' title='bbox 1821 1252 2059 1298; x_wconf 90' lang='lat' dir='ltr'><strong>creatum</strong></span> <span class='ocrx_word' id='word_1_114' title='bbox 2097 1246 2169 1298; x_wconf 90' lang='lat' dir='ltr'><strong>sit</strong></span> 
     </span>
    </p>
   </div>
   <div class='ocr_carea' id='block_1_15' title="bbox 605 1334 2168 1404">
    <p class='ocr_par' dir='ltr' id='par_1_15' title="bbox 605 1334 2168 1404">
     <span class='ocr_line' id='line_1_15' title="bbox 605 1334 2168 1404; baseline 0.001 -18"><span class='ocrx_word' id='word_1_115' title='bbox 605 1343 659 1395; x_wconf 72' lang='lat' dir='ltr'><strong>et</strong></span> <span class='ocrx_word' id='word_1_116' title='bbox 677 1349 919 1398; x_wconf 89' lang='lat' dir='ltr'><strong>vacuum,</strong></span> <span class='ocrx_word' id='word_1_117' title='bbox 948 1343 1004 1388; x_wconf 90' lang='lat' dir='ltr'><strong>ut</strong></span> <span class='ocrx_word' id='word_1_118' title='bbox 1033 1345 1196 1400; x_wconf 87' lang='lat' dir='ltr'><strong>terra,</strong></span> <span class='ocrx_word' id='word_1_119' title='bbox 1225 1350 1343 1404; x_wconf 62' lang='lat' dir='ltr'><strong>quae</strong></span> <span class='ocrx_word' id='word_1_120' title='bbox 1384 1336 1509 1390; x_wconf 89' lang='lat' dir='ltr'><strong>talis</strong></span> <span class='ocrx_word' id='word_1_121' title='bbox 1539 1344 1668 1390; x_wconf 91' lang='lat' dir='ltr'><strong>tunc</strong></span> <span class='ocrx_word' id='word_1_122' title='bbox 1705 1344 1845 1399; x_wconf 89' lang='lat' dir='ltr'><strong>erat,</strong></span> <span class='ocrx_word' id='word_1_123' title='bbox 1875 1334 2047 1403; x_wconf 88' lang='lat' dir='ltr'><strong>qualis</strong></span> <span class='ocrx_word' id='word_1_124' title='bbox 2072 1335 2168 1388; x_wconf 90' lang='lat' dir='ltr'><strong>ad-</strong></span> 
     </span>
    </p>
   </div>
   <div class='ocr_carea' id='block_1_16' title="bbox 605 1424 2164 1495">
    <p class='ocr_par' dir='ltr' id='par_1_16' title="bbox 605 1424 2164 1495">
     <span class='ocr_line' id='line_1_16' title="bbox 605 1424 2164 1495; baseline 0 -19"><span class='ocrx_word' id='word_1_125' title='bbox 605 1425 707 1478; x_wconf 86' lang='lat' dir='ltr'><strong>huc</strong></span> <span class='ocrx_word' id='word_1_126' title='bbox 749 1424 847 1478; x_wconf 88' lang='lat' dir='ltr'><strong>sub</strong></span> <span class='ocrx_word' id='word_1_127' title='bbox 898 1425 1004 1479; x_wconf 91' lang='lat' dir='ltr'><strong>imo</strong></span> <span class='ocrx_word' id='word_1_128' title='bbox 1060 1427 1227 1479; x_wconf 89' lang='lat' dir='ltr'><strong>maris</strong></span> <span class='ocrx_word' id='word_1_129' title='bbox 1276 1425 1541 1495; x_wconf 84' lang='lat' dir='ltr'><strong>profundo</strong></span> <span class='ocrx_word' id='word_1_130' title='bbox 1593 1440 1658 1479; x_wconf 79' lang='lat' dir='ltr'><strong>ex</strong></span> <span class='ocrx_word' id='word_1_131' title='bbox 1707 1434 1858 1494; x_wconf 91' lang='lat' dir='ltr'><strong>parte</strong></span> <span class='ocrx_word' id='word_1_132' title='bbox 1904 1433 2164 1478; x_wconf 85' lang='lat' dir='ltr'><strong>remanet.</strong></span> 
     </span>
    </p>
   </div>
   <div class='ocr_carea' id='block_1_17' title="bbox 604 1513 2166 1584">
    <p class='ocr_par' dir='ltr' id='par_1_17' title="bbox 604 1513 2166 1584">
     <span class='ocr_line' id='line_1_17' title="bbox 604 1513 2166 1584; baseline 0.001 -19"><span class='ocrx_word' id='word_1_133' title='bbox 604 1513 806 1582; x_wconf 81' lang='lat' dir='ltr'><strong>Quippe</strong></span> <span class='ocrx_word' id='word_1_134' title='bbox 833 1513 984 1582; x_wconf 86' lang='lat' dir='ltr'><strong>cujus</strong></span> <span class='ocrx_word' id='word_1_135' title='bbox 1011 1514 1316 1568; x_wconf 83' lang='lat' dir='ltr'><strong>universam</strong></span> <span class='ocrx_word' id='word_1_136' title='bbox 1337 1513 1678 1584; x_wconf 81' lang='lat' dir='ltr'><strong>superficiem</strong></span> <span class='ocrx_word' id='word_1_137' title='bbox 1708 1515 1761 1566; x_wconf 92' lang='lat' dir='ltr'><strong>in</strong></span> <span class='ocrx_word' id='word_1_138' title='bbox 1793 1521 1996 1566; x_wconf 87' lang='lat' dir='ltr'><strong>tantam</strong></span> <span class='ocrx_word' id='word_1_139' title='bbox 2022 1522 2166 1582; x_wconf 80' lang='lat' dir='ltr'><strong>lege-</strong></span> 
     </span>
    </p>
   </div>
   <div class='ocr_carea' id='block_1_18' title="bbox 603 1601 2162 1672">
    <p class='ocr_par' dir='ltr' id='par_1_18' title="bbox 603 1601 2162 1672">
     <span class='ocr_line' id='line_1_18' title="bbox 603 1601 2162 1672; baseline 0 -16"><span class='ocrx_word' id='word_1_140' title='bbox 603 1603 730 1656; x_wconf 88' lang='lat' dir='ltr'><strong>bant</strong></span> <span class='ocrx_word' id='word_1_141' title='bbox 755 1601 1083 1657; x_wconf 85' lang='lat' dir='ltr'><strong>altitudinem</strong></span> <span class='ocrx_word' id='word_1_142' title='bbox 1111 1618 1282 1672; x_wconf 73' lang='lat' dir='ltr'><strong>aqum,</strong></span> <span class='ocrx_word' id='word_1_143' title='bbox 1320 1612 1379 1658; x_wconf 92' lang='lat' dir='ltr'><strong>ut</strong></span> <span class='ocrx_word' id='word_1_144' title='bbox 1407 1602 1473 1657; x_wconf 90' lang='lat' dir='ltr'><strong>ad</strong></span> <span class='ocrx_word' id='word_1_145' title='bbox 1504 1603 1622 1658; x_wconf 90' lang='lat' dir='ltr'><strong>illos</strong></span> <span class='ocrx_word' id='word_1_146' title='bbox 1648 1603 1796 1658; x_wconf 89' lang='lat' dir='ltr'><strong>locos</strong></span> <span class='ocrx_word' id='word_1_147' title='bbox 1840 1616 2011 1672; x_wconf 90' lang='lat' dir='ltr'><strong>usque</strong></span> <span class='ocrx_word' id='word_1_148' title='bbox 2043 1617 2162 1671; x_wconf 90' lang='lat' dir='ltr'><strong>pcr-</strong></span> 
     </span>
    </p>
   </div>
   <div class='ocr_carea' id='block_1_19' title="bbox 606 1694 2164 1763">
    <p class='ocr_par' dir='ltr' id='par_1_19' title="bbox 606 1694 2164 1763">
     <span class='ocr_line' id='line_1_19' title="bbox 606 1694 2164 1763; baseline 0.001 -17"><span class='ocrx_word' id='word_1_149' title='bbox 606 1694 903 1763; x_wconf 89' lang='lat' dir='ltr'><strong>tingerent,</strong></span> <span class='ocrx_word' id='word_1_150' title='bbox 939 1695 1029 1748; x_wconf 89' lang='lat' dir='ltr'><strong>ubi</strong></span> <span class='ocrx_word' id='word_1_151' title='bbox 1074 1710 1215 1749; x_wconf 89' lang='lat' dir='ltr'><strong>nunc</strong></span> <span class='ocrx_word' id='word_1_152' title='bbox 1262 1709 1433 1762; x_wconf 91' lang='lat' dir='ltr'><strong>usque</strong></span> <span class='ocrx_word' id='word_1_153' title='bbox 1466 1709 1627 1763; x_wconf 84' lang='lat' dir='ltr'><strong>supra</strong></span> <span class='ocrx_word' id='word_1_154' title='bbox 1673 1694 2068 1748; x_wconf 87' lang='lat' dir='ltr'><strong>firmamentum</strong></span> <span class='ocrx_word' id='word_1_155' title='bbox 2098 1710 2164 1748; x_wconf 77' lang='lat' dir='ltr'><strong>ex</strong></span> 
     </span>
    </p>
   </div>
   <div class='ocr_carea' id='block_1_20' title="bbox 605 1784 2160 1858">
    <p class='ocr_par' dir='ltr' id='par_1_20' title="bbox 605 1784 2160 1858">
     <span class='ocr_line' id='line_1_20' title="bbox 605 1784 2160 1858; baseline 0.001 -21"><span class='ocrx_word' id='word_1_156' title='bbox 605 1792 754 1853; x_wconf 87' lang='lat' dir='ltr'><strong>parte</strong></span> <span class='ocrx_word' id='word_1_157' title='bbox 783 1785 1047 1850; x_wconf 85' lang='lat' dir='ltr'><strong>resident;</strong></span> <span class='ocrx_word' id='word_1_158' title='bbox 1077 1786 1170 1840; x_wconf 89' lang='lat' dir='ltr'><strong>sed</strong></span> <span class='ocrx_word' id='word_1_159' title='bbox 1200 1784 1367 1858; x_wconf 90' lang='lat' dir='ltr'><strong>[cum]</strong></span> <span class='ocrx_word' id='word_1_160' title='bbox 1389 1786 1504 1841; x_wconf 86' lang='lat' dir='ltr'><strong>suis</strong></span> <span class='ocrx_word' id='word_1_161' title='bbox 1537 1786 1727 1841; x_wconf 89' lang='lat' dir='ltr'><strong>incolis</strong></span> <span class='ocrx_word' id='word_1_162' title='bbox 1750 1802 1874 1840; x_wconf 80' lang='lat' dir='ltr'><strong>mox</strong></span> <span class='ocrx_word' id='word_1_163' title='bbox 1899 1794 2160 1849; x_wconf 89' lang='lat' dir='ltr'><strong>creatum,</strong></span> 
     </span>
    </p>
   </div>
   <div class='ocr_carea' id='block_1_21' title="bbox 604 1873 2166 1947">
    <p class='ocr_par' dir='ltr' id='par_1_21' title="bbox 604 1873 2166 1947">
     <span class='ocr_line' id='line_1_21' title="bbox 604 1873 2166 1947; baseline 0.003 -21"><span class='ocrx_word' id='word_1_164' title='bbox 604 1873 706 1929; x_wconf 86' lang='lat' dir='ltr'><strong>hoc</strong></span> <span class='ocrx_word' id='word_1_165' title='bbox 725 1882 827 1938; x_wconf 89' lang='lat' dir='ltr'><strong>est,</strong></span> <span class='ocrx_word' id='word_1_166' title='bbox 851 1874 1173 1931; x_wconf 87' lang='lat' dir='ltr'><strong>beatissimis</strong></span> <span class='ocrx_word' id='word_1_167' title='bbox 1197 1876 1523 1946; x_wconf 83' lang='lat' dir='ltr'><strong>Angelorum</strong></span> <span class='ocrx_word' id='word_1_168' title='bbox 1555 1877 1858 1947; x_wconf 74' lang='lat' dir='ltr'><strong>agminibus</strong></span> <span class='ocrx_word' id='word_1_169' title='bbox 1882 1876 2166 1945; x_wconf 87' lang='lat' dir='ltr'><strong>impletum</strong></span> 
     </span>
    </p>
   </div>
   <div class='ocr_carea' id='block_1_22' title="bbox 601 1966 2185 2036">
    <p class='ocr_par' dir='ltr' id='par_1_22' title="bbox 601 1966 2185 2036">
     <span class='ocr_line' id='line_1_22' title="bbox 601 1966 2185 2036; baseline 0.002 -19"><span class='ocrx_word' id='word_1_170' title='bbox 601 1974 684 2020; x_wconf 69' lang='grc' dir='ltr'><strong>νει</strong></span> <span class='ocrx_word' id='word_1_171' title='bbox 721 1982 734 2018; x_wconf 92' lang='lat'><strong>:</strong></span> <span class='ocrx_word' id='word_1_172' title='bbox 780 1981 915 2035; x_wconf 84' lang='lat' dir='ltr'><strong>quos</strong></span> <span class='ocrx_word' id='word_1_173' title='bbox 946 1967 997 2019; x_wconf 93' lang='lat' dir='ltr'><strong>in</strong></span> <span class='ocrx_word' id='word_1_174' title='bbox 1045 1967 1306 2036; x_wconf 88' lang='lat' dir='ltr'><strong>principio</strong></span> <span class='ocrx_word' id='word_1_175' title='bbox 1335 1981 1458 2021; x_wconf 92' lang='lat' dir='ltr'><strong>cum</strong></span> <span class='ocrx_word' id='word_1_176' title='bbox 1489 1967 1626 2021; x_wconf 59' lang='lat' dir='ltr'><strong>caelo</strong></span> <span class='ocrx_word' id='word_1_177' title='bbox 1654 1982 1774 2022; x_wconf 89' lang='lat' dir='ltr'><strong>esse</strong></span> <span class='ocrx_word' id='word_1_178' title='bbox 1823 1966 2067 2021; x_wconf 90' lang='lat' dir='ltr'><strong>conditos</strong></span> <span class='ocrx_word' id='word_1_179' title='bbox 2110 1975 2185 2021; x_wconf 85' lang='lat' dir='ltr'><strong>et</strong></span> 
     </span>
    </p>
   </div>
   <div class='ocr_carea' id='block_1_23' title="bbox 601 2055 2166 2121">
    <p class='ocr_par' dir='ltr' id='par_1_23' title="bbox 601 2055 2166 2121">
     <span class='ocr_line' id='line_1_23' title="bbox 601 2055 2166 2121; baseline 0.001 -13"><span class='ocrx_word' id='word_1_180' title='bbox 601 2067 764 2118; x_wconf 87' lang='lat' dir='ltr'><strong>terra,</strong></span> <span class='ocrx_word' id='word_1_181' title='bbox 814 2069 877 2109; x_wconf 88' lang='lat' dir='ltr'><strong>ac</strong></span> <span class='ocrx_word' id='word_1_182' title='bbox 927 2071 1050 2109; x_wconf 81' lang='lat' dir='ltr'><strong>mox</strong></span> <span class='ocrx_word' id='word_1_183' title='bbox 1104 2055 1463 2111; x_wconf 86' lang='lat' dir='ltr'><strong>conditionem</strong></span> <span class='ocrx_word' id='word_1_184' title='bbox 1493 2071 1683 2121; x_wconf 90' lang='lat' dir='ltr'><strong>suam,</strong></span> <span class='ocrx_word' id='word_1_185' title='bbox 1741 2055 1899 2111; x_wconf 87' lang='lat' dir='ltr'><strong>simul</strong></span> <span class='ocrx_word' id='word_1_186' title='bbox 1921 2066 1978 2111; x_wconf 87' lang='lat' dir='ltr'><strong>et</strong></span> <span class='ocrx_word' id='word_1_187' title='bbox 2003 2055 2166 2110; x_wconf 88' lang='lat' dir='ltr'><strong>totius</strong></span> 
     </span>
    </p>
   </div>
   <div class='ocr_carea' id='block_1_24' title="bbox 598 2146 2160 2217">
    <p class='ocr_par' dir='ltr' id='par_1_24' title="bbox 598 2146 2160 2217">
     <span class='ocr_line' id='line_1_24' title="bbox 598 2146 2160 2217; baseline 0 -18"><span class='ocrx_word' id='word_1_188' title='bbox 598 2158 857 2201; x_wconf 68' lang='lat' dir='ltr'><strong>creaturae</strong></span> <span class='ocrx_word' id='word_1_189' title='bbox 888 2147 1266 2217; x_wconf 84' lang='lat' dir='ltr'><strong>primordialis.</strong></span> <span class='ocrx_word' id='word_1_190' title='bbox 1317 2146 1385 2202; x_wconf 91' lang='lat' dir='ltr'><strong>ad</strong></span> <span class='ocrx_word' id='word_1_191' title='bbox 1423 2146 1635 2203; x_wconf 89' lang='lat' dir='ltr'><strong>laudem</strong></span> <span class='ocrx_word' id='word_1_192' title='bbox 1663 2147 1960 2202; x_wconf 88' lang='lat' dir='ltr'><strong>conditoris</strong></span> <span class='ocrx_word' id='word_1_193' title='bbox 2013 2155 2160 2200; x_wconf 90' lang='lat' dir='ltr'><strong>retu-</strong></span> 
     </span>
    </p>
   </div>
   <div class='ocr_carea' id='block_1_25' title="bbox 598 2223 2157 2308">
    <p class='ocr_par' dir='ltr' id='par_1_25' title="bbox 598 2223 2157 2308">
     <span class='ocr_line' id='line_1_25' title="bbox 598 2223 2157 2308; baseline 0 -20"><span class='ocrx_word' id='word_1_194' title='bbox 598 2234 722 2290; x_wconf 84' lang='lat' dir='ltr'><strong>lisse</strong></span> <span class='ocrx_word' id='word_1_195' title='bbox 749 2244 972 2290; x_wconf 89' lang='lat' dir='ltr'><strong>testatur</strong></span> <span class='ocrx_word' id='word_1_196' title='bbox 999 2237 1109 2306; x_wconf 89' lang='lat' dir='ltr'><strong>ipse</strong></span> <span class='ocrx_word' id='word_1_197' title='bbox 1136 2237 1401 2303; x_wconf 88' lang='lat' dir='ltr'><strong>conditor,</strong></span> <span class='ocrx_word' id='word_1_198' title='bbox 1418 2239 1511 2308; x_wconf 90' lang='lat' dir='ltr'><strong>qui</strong></span> <span class='ocrx_word' id='word_1_199' title='bbox 1537 2223 1762 2308; x_wconf 66' lang='lat' dir='ltr'><strong>lo&lt;juens</strong></span> <span class='ocrx_word' id='word_1_200' title='bbox 1783 2237 1851 2291; x_wconf 87' lang='lat' dir='ltr'><strong>ad</strong></span> <span class='ocrx_word' id='word_1_201' title='bbox 1868 2235 1967 2291; x_wconf 82' lang='lat' dir='ltr'><strong>Job</strong></span> <span class='ocrx_word' id='word_1_202' title='bbox 1988 2236 2122 2290; x_wconf 84' lang='lat' dir='ltr'><strong>dixit</strong></span> <span class='ocrx_word' id='word_1_203' title='bbox 2145 2253 2157 2288; x_wconf 88' lang='lat'><strong>:</strong></span> 
     </span>
    </p>
   </div>
   <div class='ocr_carea' id='block_1_26' title="bbox 599 2325 2158 2397">
    <p class='ocr_par' dir='ltr' id='par_1_26' title="bbox 599 2325 2158 2397">
     <span class='ocr_line' id='line_1_26' title="bbox 599 2325 2158 2397; baseline 0 -18"><span class='ocrx_word' id='word_1_204' title='bbox 599 2326 695 2380; x_wconf 84' lang='lat' dir='ltr'><strong>Lbi</strong></span> <span class='ocrx_word' id='word_1_205' title='bbox 733 2344 847 2380; x_wconf 87' lang='lat' dir='ltr'><strong>eras</strong></span> <span class='ocrx_word' id='word_1_206' title='bbox 878 2329 1084 2397; x_wconf 83' lang='lat' dir='ltr'><strong>quando</strong></span> <span class='ocrx_word' id='word_1_207' title='bbox 1114 2327 1366 2396; x_wconf 78' lang='lat' dir='ltr'><strong>ponebam</strong></span> <span class='ocrx_word' id='word_1_208' title='bbox 1419 2327 1764 2396; x_wconf 77' lang='lat' dir='ltr'><strong>fundamenta</strong></span> <span class='ocrx_word' id='word_1_209' title='bbox 1815 2338 1968 2381; x_wconf 78' lang='lat' dir='ltr'><strong>terra:</strong></span> <span class='ocrx_word' id='word_1_210' title='bbox 2015 2325 2158 2397; x_wconf 76' lang='lat' dir='ltr'><strong>(Job.</strong></span> 
     </span>
    </p>
   </div>
   <div class='ocr_carea' id='block_1_27' title="bbox 600 2417 2159 2488">
    <p class='ocr_par' dir='ltr' id='par_1_27' title="bbox 600 2417 2159 2488">
     <span class='ocr_line' id='line_1_27' title="bbox 600 2417 2159 2488; baseline 0.001 -18"><span class='ocrx_word' id='word_1_211' title='bbox 600 2433 828 2482; x_wconf 77' lang='lat' dir='ltr'><strong>xxxvtn,</strong></span> <span class='ocrx_word' id='word_1_212' title='bbox 858 2418 943 2488; x_wconf 73' lang='lat' dir='ltr'><strong>b);</strong></span> <span class='ocrx_word' id='word_1_213' title='bbox 975 2426 1027 2471; x_wconf 88' lang='lat' dir='ltr'><strong>et</strong></span> <span class='ocrx_word' id='word_1_214' title='bbox 1054 2426 1173 2487; x_wconf 92' lang='lat' dir='ltr'><strong>post</strong></span> <span class='ocrx_word' id='word_1_215' title='bbox 1201 2417 1357 2486; x_wconf 89' lang='lat' dir='ltr'><strong>paulo</strong></span> <span class='ocrx_word' id='word_1_216' title='bbox 1389 2435 1400 2472; x_wconf 91' lang='lat'><strong>:</strong></span> <span class='ocrx_word' id='word_1_217' title='bbox 1434 2430 1550 2471; x_wconf 86' lang='lat' dir='ltr'><strong>cum</strong></span> <span class='ocrx_word' id='word_1_218' title='bbox 1574 2435 1654 2471; x_wconf 87' lang='lat' dir='ltr'><strong>me</strong></span> <span class='ocrx_word' id='word_1_219' title='bbox 1679 2418 1954 2471; x_wconf 83' lang='lat' dir='ltr'><strong>laudarent</strong></span> <span class='ocrx_word' id='word_1_220' title='bbox 1982 2433 2159 2471; x_wconf 85' lang='lat' dir='ltr'><strong>omnes</strong></span> 
     </span>
    </p>
   </div>
   <div class='ocr_carea' id='block_1_28' title="bbox 593 2508 2162 2582">
    <p class='ocr_par' dir='ltr' id='par_1_28' title="bbox 593 2508 2162 2582">
     <span class='ocr_line' id='line_1_28' title="bbox 593 2508 2162 2582; baseline 0.004 -22"><span class='ocrx_word' id='word_1_221' title='bbox 593 2509 693 2576; x_wconf 74' lang='lat' dir='ltr'><strong>ﬁlii</strong></span> <span class='ocrx_word' id='word_1_222' title='bbox 719 2508 815 2564; x_wconf 84' lang='lat' dir='ltr'><strong>Dei</strong></span> <span class='ocrx_word' id='word_1_223' title='bbox 845 2509 1028 2580; x_wconf 87' lang='lat' dir='ltr'><strong>(Ibid.,</strong></span> <span class='ocrx_word' id='word_1_224' title='bbox 1057 2527 1104 2565; x_wconf 77' lang='grc' dir='ltr'><strong>υ.</strong></span> <span class='ocrx_word' id='word_1_225' title='bbox 1137 2509 1211 2582; x_wconf 85' lang='grc'><strong>5).</strong></span> <span class='ocrx_word' id='word_1_226' title='bbox 1250 2510 1438 2565; x_wconf 78' lang='lat' dir='ltr'><strong>Merito</strong></span> <span class='ocrx_word' id='word_1_227' title='bbox 1477 2512 1658 2582; x_wconf 87' lang='lat' dir='ltr'><strong>itaque</strong></span> <span class='ocrx_word' id='word_1_228' title='bbox 1685 2510 1880 2566; x_wconf 72' lang='lat' dir='ltr'><strong>cmlum</strong></span> <span class='ocrx_word' id='word_1_229' title='bbox 1909 2510 2029 2564; x_wconf 73' lang='lat' dir='ltr'><strong>cmli</strong></span> <span class='ocrx_word' id='word_1_230' title='bbox 2053 2526 2162 2566; x_wconf 91' lang='lat' dir='ltr'><strong>non</strong></span> 
     </span>
    </p>
   </div>
   <div class='ocr_carea' id='block_1_29' title="bbox 599 2601 2160 2661">
    <p class='ocr_par' dir='ltr' id='par_1_29' title="bbox 599 2601 2160 2661">
     <span class='ocr_line' id='line_1_29' title="bbox 599 2601 2160 2661; baseline 0.003 -4"><span class='ocrx_word' id='word_1_231' title='bbox 599 2601 758 2658; x_wconf 89' lang='lat' dir='ltr'><strong>inane</strong></span> <span class='ocrx_word' id='word_1_232' title='bbox 785 2603 867 2657; x_wconf 84' lang='lat' dir='ltr'><strong>vel</strong></span> <span class='ocrx_word' id='word_1_233' title='bbox 894 2619 1120 2658; x_wconf 90' lang='lat' dir='ltr'><strong>vacuum</strong></span> <span class='ocrx_word' id='word_1_234' title='bbox 1161 2619 1282 2659; x_wconf 90' lang='lat' dir='ltr'><strong>esse</strong></span> <span class='ocrx_word' id='word_1_235' title='bbox 1310 2603 1509 2658; x_wconf 89' lang='lat' dir='ltr'><strong>factum</strong></span> <span class='ocrx_word' id='word_1_236' title='bbox 1539 2613 1871 2659; x_wconf 89' lang='lat' dir='ltr'><strong>memoratur</strong></span> <span class='ocrx_word' id='word_1_237' title='bbox 1901 2623 1914 2658; x_wconf 87' lang='lat'><strong>:</strong></span> <span class='ocrx_word' id='word_1_238' title='bbox 1946 2606 2038 2660; x_wconf 90' lang='lat' dir='ltr'><strong>sed</strong></span> <span class='ocrx_word' id='word_1_239' title='bbox 2061 2622 2160 2661; x_wconf 89' lang='lat' dir='ltr'><strong>nec</strong></span> 
     </span>
    </p>
   </div>
   <div class='ocr_carea' id='block_1_30' title="bbox 596 2694 2158 2768">
    <p class='ocr_par' dir='ltr' id='par_1_30' title="bbox 596 2694 2158 2768">
     <span class='ocr_line' id='line_1_30' title="bbox 596 2694 2158 2768; baseline 0.003 -20"><span class='ocrx_word' id='word_1_240' title='bbox 596 2695 833 2750; x_wconf 87' lang='lat' dir='ltr'><strong>tenebris</strong></span> <span class='ocrx_word' id='word_1_241' title='bbox 858 2695 1014 2758; x_wconf 89' lang='lat' dir='ltr'><strong>ineo,</strong></span> <span class='ocrx_word' id='word_1_242' title='bbox 1045 2694 1126 2748; x_wconf 91' lang='lat' dir='ltr'><strong>vel</strong></span> <span class='ocrx_word' id='word_1_243' title='bbox 1156 2696 1350 2766; x_wconf 85' lang='lat' dir='ltr'><strong>abysso</strong></span> <span class='ocrx_word' id='word_1_244' title='bbox 1378 2696 1529 2752; x_wconf 89' lang='lat' dir='ltr'><strong>locus</strong></span> <span class='ocrx_word' id='word_1_245' title='bbox 1552 2711 1829 2752; x_wconf 87' lang='lat' dir='ltr'><strong>remanere</strong></span> <span class='ocrx_word' id='word_1_246' title='bbox 1854 2697 1993 2752; x_wconf 89' lang='lat' dir='ltr'><strong>ullus</strong></span> <span class='ocrx_word' id='word_1_247' title='bbox 2032 2713 2158 2768; x_wconf 67' lang='lat' dir='ltr'><strong>pero</strong></span> 
     </span>
    </p>
   </div>
   <div class='ocr_carea' id='block_1_31' title="bbox 600 2773 2158 2860">
    <p class='ocr_par' dir='ltr' id='par_1_31' title="bbox 600 2773 2158 2860">
     <span class='ocr_line' id='line_1_31' title="bbox 600 2773 2158 2860; baseline 0.003 -20"><span class='ocrx_word' id='word_1_248' title='bbox 600 2773 834 2850; x_wconf 80' lang='lat' dir='ltr'><strong>hibetur,</strong></span> <span class='ocrx_word' id='word_1_249' title='bbox 860 2788 998 2855; x_wconf 92' lang='lat' dir='ltr'><strong>quod</strong></span> <span class='ocrx_word' id='word_1_250' title='bbox 1024 2787 1279 2842; x_wconf 88' lang='lat' dir='ltr'><strong>Dominus</strong></span> <span class='ocrx_word' id='word_1_251' title='bbox 1307 2788 1445 2844; x_wconf 88' lang='lat' dir='ltr'><strong>Deus</strong></span> <span class='ocrx_word' id='word_1_252' title='bbox 1469 2803 1679 2860; x_wconf 88' lang='lat' dir='ltr'><strong>semper</strong></span> <span class='ocrx_word' id='word_1_253' title='bbox 1700 2790 1768 2845; x_wconf 74' lang='lat' dir='ltr'><strong>ab</strong></span> <span class='ocrx_word' id='word_1_254' title='bbox 1790 2790 1908 2860; x_wconf 93' lang='lat' dir='ltr'><strong>ipso</strong></span> <span class='ocrx_word' id='word_1_255' title='bbox 1937 2790 2158 2845; x_wconf 85' lang='lat' dir='ltr'><strong>exordio</strong></span> 
     </span>
    </p>
   </div>
   <div class='ocr_carea' id='block_1_32' title="bbox 552 2876 2158 2949">
    <p class='ocr_par' dir='ltr' id='par_1_32' title="bbox 552 2876 2158 2949">
     <span class='ocr_line' id='line_1_32' title="bbox 552 2876 2158 2949; baseline 0.005 -25"><span class='ocrx_word' id='word_1_256' title='bbox 552 2921 556 2924; x_wconf 84' lang='lat'><strong>.</strong></span> <span class='ocrx_word' id='word_1_257' title='bbox 600 2876 881 2941; x_wconf 89' lang='lat' dir='ltr'><strong>illuminat,</strong></span> <span class='ocrx_word' id='word_1_258' title='bbox 911 2877 1042 2946; x_wconf 89' lang='lat' dir='ltr'><strong>ipse,</strong></span> <span class='ocrx_word' id='word_1_259' title='bbox 1071 2878 1160 2947; x_wconf 93' lang='lat' dir='ltr'><strong>qui</strong></span> <span class='ocrx_word' id='word_1_260' title='bbox 1189 2887 1271 2934; x_wconf 89' lang='lat' dir='ltr'><strong>cst</strong></span> <span class='ocrx_word' id='word_1_261' title='bbox 1301 2879 1389 2932; x_wconf 82' lang='lat' dir='ltr'><strong>lux</strong></span> <span class='ocrx_word' id='word_1_262' title='bbox 1415 2896 1541 2933; x_wconf 88' lang='lat' dir='ltr'><strong>vera</strong></span> <span class='ocrx_word' id='word_1_263' title='bbox 1563 2919 1578 2945; x_wconf 95' lang='lat'><strong>,</strong></span> <span class='ocrx_word' id='word_1_264' title='bbox 1629 2881 1910 2949; x_wconf 88' lang='lat' dir='ltr'><strong>lucemque</strong></span> <span class='ocrx_word' id='word_1_265' title='bbox 1948 2879 2158 2933; x_wconf 86' lang='lat' dir='ltr'><strong>habitat</strong></span> 
     </span>
    </p>
   </div>
   <div class='ocr_carea' id='block_1_33' title="bbox 598 2969 2217 3037">
    <p class='ocr_par' dir='ltr' id='par_1_33' title="bbox 598 2969 2217 3037">
     <span class='ocr_line' id='line_1_33' title="bbox 598 2969 2217 3037; baseline 0.002 -16"><span class='ocrx_word' id='word_1_266' title='bbox 598 2969 1049 3034; x_wconf 78' lang='lat' dir='ltr'><strong>inaccessibilem;</strong></span> <span class='ocrx_word' id='word_1_267' title='bbox 1084 2969 1236 3037; x_wconf 85' lang='lat' dir='ltr'><strong>cujus</strong></span> <span class='ocrx_word' id='word_1_268' title='bbox 1261 2970 1568 3025; x_wconf 90' lang='lat' dir='ltr'><strong>beatissima</strong></span> <span class='ocrx_word' id='word_1_269' title='bbox 1603 2971 1804 3025; x_wconf 83' lang='lat' dir='ltr'><strong>visione</strong></span> <span class='ocrx_word' id='word_1_270' title='bbox 1831 2986 1954 3024; x_wconf 84' lang='lat' dir='ltr'><strong>mox</strong></span> <span class='ocrx_word' id='word_1_271' title='bbox 1985 2971 2154 3025; x_wconf 88' lang='lat' dir='ltr'><strong>creati</strong></span> <span class='ocrx_word' id='word_1_272' title='bbox 2182 2969 2217 3037; x_wconf 69' lang='grc' dir='ltr'><strong>,ζ</strong></span> 
     </span>
    </p>
   </div>
   <div class='ocr_carea' id='block_1_34' title="bbox 2178 3018 2228 3080">
    <p class='ocr_par' dir='ltr' id='par_1_34' title="bbox 2178 3018 2228 3080">
     <span class='ocr_line' id='line_1_34' title="bbox 2178 3018 2228 3080; baseline 0 0"><span class='ocrx_word' id='word_1_273' title='bbox 2178 3018 2228 3080; x_wconf 84' lang='lat' dir='ltr'><strong><em>C</em></strong></span> 
     </span>
    </p>
   </div>
   <div class='ocr_carea' id='block_1_35' title="bbox 596 3059 2156 3133">
    <p class='ocr_par' dir='ltr' id='par_1_35' title="bbox 596 3059 2156 3133">
     <span class='ocr_line' id='line_1_35' title="bbox 596 3059 2156 3133; baseline 0.003 -21"><span class='ocrx_word' id='word_1_274' title='bbox 596 3060 648 3114; x_wconf 90' lang='lat' dir='ltr'><strong>in</strong></span> <span class='ocrx_word' id='word_1_275' title='bbox 694 3059 843 3115; x_wconf 71' lang='lat' dir='ltr'><strong>cmlis</strong></span> <span class='ocrx_word' id='word_1_276' title='bbox 886 3061 1141 3114; x_wconf 70' lang='lat' dir='ltr'><strong>ctelorum</strong></span> <span class='ocrx_word' id='word_1_277' title='bbox 1191 3061 1363 3131; x_wconf 78' lang='lat' dir='ltr'><strong>angeli</strong></span> <span class='ocrx_word' id='word_1_278' title='bbox 1403 3059 1513 3130; x_wconf 89' lang='lat' dir='ltr'><strong>jam</strong></span> <span class='ocrx_word' id='word_1_279' title='bbox 1543 3060 1744 3131; x_wconf 81' lang='lat' dir='ltr'><strong>perfrui</strong></span> <span class='ocrx_word' id='word_1_280' title='bbox 1779 3071 2073 3133; x_wconf 62' lang='lat' dir='ltr'><strong>coeperant,</strong></span> <span class='ocrx_word' id='word_1_281' title='bbox 2101 3062 2156 3116; x_wconf 88' lang='lat' dir='ltr'><strong>in</strong></span> 
     </span>
    </p>
   </div>
   <div class='ocr_carea' id='block_1_36' title="bbox 594 3148 2159 3219">
    <p class='ocr_par' dir='ltr' id='par_1_36' title="bbox 594 3148 2159 3219">
     <span class='ocr_line' id='line_1_36' title="bbox 594 3148 2159 3219; baseline 0.003 -20"><span class='ocrx_word' id='word_1_282' title='bbox 594 3163 702 3214; x_wconf 92' lang='lat' dir='ltr'><strong>quo</strong></span> <span class='ocrx_word' id='word_1_283' title='bbox 732 3163 850 3203; x_wconf 83' lang='lat' dir='ltr'><strong>mox</strong></span> <span class='ocrx_word' id='word_1_284' title='bbox 871 3148 1106 3216; x_wconf 83' lang='lat' dir='ltr'><strong>perfecte</strong></span> <span class='ocrx_word' id='word_1_285' title='bbox 1136 3151 1315 3204; x_wconf 86' lang='lat' dir='ltr'><strong>omnia</strong></span> <span class='ocrx_word' id='word_1_286' title='bbox 1362 3149 1620 3219; x_wconf 86' lang='lat' dir='ltr'><strong>disposita</strong></span> <span class='ocrx_word' id='word_1_287' title='bbox 1672 3148 1912 3219; x_wconf 88' lang='lat' dir='ltr'><strong>Spiritus</strong></span> <span class='ocrx_word' id='word_1_288' title='bbox 1941 3159 2159 3205; x_wconf 88' lang='lat' dir='ltr'><strong>sanctus</strong></span> 
     </span>
    </p>
   </div>
   <div class='ocr_carea' id='block_1_37' title="bbox 597 3238 2158 3310">
    <p class='ocr_par' dir='ltr' id='par_1_37' title="bbox 597 3238 2158 3310">
     <span class='ocr_line' id='line_1_37' title="bbox 597 3238 2158 3310; baseline 0.001 -19"><span class='ocrx_word' id='word_1_289' title='bbox 597 3238 914 3302; x_wconf 82' lang='lat' dir='ltr'><strong>illustrabat,</strong></span> <span class='ocrx_word' id='word_1_290' title='bbox 947 3256 1049 3294; x_wconf 92' lang='lat' dir='ltr'><strong>non</strong></span> <span class='ocrx_word' id='word_1_291' title='bbox 1076 3249 1134 3293; x_wconf 90' lang='lat' dir='ltr'><strong>ut</strong></span> <span class='ocrx_word' id='word_1_292' title='bbox 1163 3241 1214 3293; x_wconf 90' lang='lat' dir='ltr'><strong>in</strong></span> <span class='ocrx_word' id='word_1_293' title='bbox 1246 3239 1591 3296; x_wconf 88' lang='lat' dir='ltr'><strong>inferioribus</strong></span> <span class='ocrx_word' id='word_1_294' title='bbox 1621 3241 1686 3294; x_wconf 89' lang='lat' dir='ltr'><strong>ad</strong></span> <span class='ocrx_word' id='word_1_295' title='bbox 1720 3239 2021 3310; x_wconf 88' lang='lat' dir='ltr'><strong>perfectum</strong></span> <span class='ocrx_word' id='word_1_296' title='bbox 2066 3242 2158 3295; x_wconf 84' lang='lat' dir='ltr'><strong>de-</strong></span> 
     </span>
    </p>
   </div>
   <div class='ocr_carea' id='block_1_38' title="bbox 596 3328 2158 3401">
    <p class='ocr_par' dir='ltr' id='par_1_38' title="bbox 596 3328 2158 3401">
     <span class='ocr_line' id='line_1_38' title="bbox 596 3328 2158 3401; baseline 0.001 -20"><span class='ocrx_word' id='word_1_297' title='bbox 596 3328 792 3383; x_wconf 89' lang='lat' dir='ltr'><strong>ducere</strong></span> <span class='ocrx_word' id='word_1_298' title='bbox 819 3328 1144 3391; x_wconf 87' lang='lat' dir='ltr'><strong>intendebat,</strong></span> <span class='ocrx_word' id='word_1_299' title='bbox 1181 3330 1319 3384; x_wconf 91' lang='lat' dir='ltr'><strong>sicut</strong></span> <span class='ocrx_word' id='word_1_300' title='bbox 1353 3331 1610 3401; x_wconf 90' lang='lat' dir='ltr'><strong>scriptum</strong></span> <span class='ocrx_word' id='word_1_301' title='bbox 1634 3339 1719 3385; x_wconf 88' lang='lat' dir='ltr'><strong>est</strong></span> <span class='ocrx_word' id='word_1_302' title='bbox 1755 3349 1766 3383; x_wconf 94' lang='lat'><strong>:</strong></span> <span class='ocrx_word' id='word_1_303' title='bbox 1798 3328 2023 3401; x_wconf 82' lang='lat' dir='ltr'><strong>Spiritus</strong></span> <span class='ocrx_word' id='word_1_304' title='bbox 2052 3329 2158 3383; x_wconf 87' lang='lat' dir='ltr'><strong>Do-</strong></span> 
     </span>
    </p>
   </div>
   <div class='ocr_carea' id='block_1_39' title="bbox 594 3418 2160 3492">
    <p class='ocr_par' dir='ltr' id='par_1_39' title="bbox 594 3418 2160 3492">
     <span class='ocr_line' id='line_1_39' title="bbox 594 3418 2160 3492; baseline 0.001 -20"><span class='ocrx_word' id='word_1_305' title='bbox 594 3419 723 3472; x_wconf 77' lang='lat' dir='ltr'><strong>mini</strong></span> <span class='ocrx_word' id='word_1_306' title='bbox 743 3418 1004 3488; x_wconf 79' lang='lat' dir='ltr'><strong>ferebatur</strong></span> <span class='ocrx_word' id='word_1_307' title='bbox 1021 3436 1175 3489; x_wconf 83' lang='lat' dir='ltr'><strong>super</strong></span> <span class='ocrx_word' id='word_1_308' title='bbox 1199 3437 1360 3490; x_wconf 80' lang='lat' dir='ltr'><strong>aquas</strong></span> <span class='ocrx_word' id='word_1_309' title='bbox 1392 3418 1544 3492; x_wconf 81' lang='lat' dir='ltr'><strong>(Gen.</strong></span> <span class='ocrx_word' id='word_1_310' title='bbox 1579 3437 1629 3487; x_wconf 86' lang='grc' dir='ltr'><strong>ι,</strong></span> <span class='ocrx_word' id='word_1_311' title='bbox 1660 3421 1714 3492; x_wconf 67' lang='lat'><strong>2)</strong></span> <span class='ocrx_word' id='word_1_312' title='bbox 1743 3438 1757 3485; x_wconf 89' lang='lat'><strong>;</strong></span> <span class='ocrx_word' id='word_1_313' title='bbox 1789 3435 1885 3474; x_wconf 89' lang='lat' dir='ltr'><strong>sua</strong></span> <span class='ocrx_word' id='word_1_314' title='bbox 1917 3419 2160 3475; x_wconf 75' lang='lat' dir='ltr'><strong>videlicet</strong></span> 
     </span>
    </p>
   </div>
   <div class='ocr_carea' id='block_1_40' title="bbox 597 3511 2155 3584">
    <p class='ocr_par' dir='ltr' id='par_1_40' title="bbox 597 3511 2155 3584">
     <span class='ocr_line' id='line_1_40' title="bbox 597 3511 2155 3584; baseline 0.001 -21"><span class='ocrx_word' id='word_1_315' title='bbox 597 3511 817 3576; x_wconf 89' lang='lat' dir='ltr'><strong>virtute,</strong></span> <span class='ocrx_word' id='word_1_316' title='bbox 847 3512 1047 3566; x_wconf 84' lang='lat' dir='ltr'><strong>habens</strong></span> <span class='ocrx_word' id='word_1_317' title='bbox 1073 3514 1124 3566; x_wconf 89' lang='lat' dir='ltr'><strong>in</strong></span> <span class='ocrx_word' id='word_1_318' title='bbox 1152 3514 1365 3584; x_wconf 82' lang='lat' dir='ltr'><strong>prepria</strong></span> <span class='ocrx_word' id='word_1_319' title='bbox 1393 3521 1686 3584; x_wconf 85' lang='lat' dir='ltr'><strong>potestate,</strong></span> <span class='ocrx_word' id='word_1_320' title='bbox 1720 3513 1884 3568; x_wconf 90' lang='lat' dir='ltr'><strong>veluti</strong></span> <span class='ocrx_word' id='word_1_321' title='bbox 1911 3511 2155 3576; x_wconf 88' lang='lat' dir='ltr'><strong>Creator,</strong></span> 
     </span>
    </p>
   </div>
   <div class='ocr_carea' id='block_1_41' title="bbox 595 3603 2208 3672">
    <p class='ocr_par' dir='ltr' id='par_1_41' title="bbox 595 3603 2208 3672">
     <span class='ocr_line' id='line_1_41' title="bbox 595 3603 2208 3672; baseline 0.004 -18"><span class='ocrx_word' id='word_1_322' title='bbox 595 3603 809 3672; x_wconf 89' lang='lat' dir='ltr'><strong>quando</strong></span> <span class='ocrx_word' id='word_1_323' title='bbox 833 3618 923 3658; x_wconf 88' lang='lat' dir='ltr'><strong>eas</strong></span> <span class='ocrx_word' id='word_1_324' title='bbox 952 3606 1003 3658; x_wconf 90' lang='lat' dir='ltr'><strong>in</strong></span> <span class='ocrx_word' id='word_1_325' title='bbox 1029 3603 1202 3659; x_wconf 90' lang='lat' dir='ltr'><strong>locum</strong></span> <span class='ocrx_word' id='word_1_326' title='bbox 1230 3614 1537 3661; x_wconf 87' lang='lat' dir='ltr'><strong>secerneret</strong></span> <span class='ocrx_word' id='word_1_327' title='bbox 1562 3621 1726 3659; x_wconf 91' lang='lat' dir='ltr'><strong>unum</strong></span> <span class='ocrx_word' id='word_1_328' title='bbox 1746 3646 1760 3669; x_wconf 91' lang='lat'><strong>,</strong></span> <span class='ocrx_word' id='word_1_329' title='bbox 1801 3612 1861 3658; x_wconf 90' lang='lat' dir='ltr'><strong>ut</strong></span> <span class='ocrx_word' id='word_1_330' title='bbox 1897 3611 2038 3658; x_wconf 85' lang='lat' dir='ltr'><strong>terra</strong></span> <span class='ocrx_word' id='word_1_331' title='bbox 2066 3618 2157 3672; x_wconf 86' lang='lat' dir='ltr'><strong>ap-</strong></span> <span class='ocrx_word' id='word_1_332' title='bbox 2199 3650 2208 3661; x_wconf 88' lang='lat'><strong>.</strong></span> 
     </span>
    </p>
   </div>
   <div class='ocr_carea' id='block_1_42' title="bbox 598 3692 2156 3763">
    <p class='ocr_par' dir='ltr' id='par_1_42' title="bbox 598 3692 2156 3763">
     <span class='ocr_line' id='line_1_42' title="bbox 598 3692 2156 3763; baseline 0 -18"><span class='ocrx_word' id='word_1_333' title='bbox 598 3701 834 3763; x_wconf 85' lang='lat' dir='ltr'><strong>pareret.</strong></span> <span class='ocrx_word' id='word_1_334' title='bbox 875 3693 1176 3762; x_wconf 77' lang='lat' dir='ltr'><strong>Sttperferri</strong></span> <span class='ocrx_word' id='word_1_335' title='bbox 1207 3695 1351 3748; x_wconf 91' lang='lat' dir='ltr'><strong>enim</strong></span> <span class='ocrx_word' id='word_1_336' title='bbox 1376 3695 1592 3757; x_wconf 89' lang='lat' dir='ltr'><strong>dicitur,</strong></span> <span class='ocrx_word' id='word_1_337' title='bbox 1632 3710 1738 3748; x_wconf 91' lang='lat' dir='ltr'><strong>non</strong></span> <span class='ocrx_word' id='word_1_338' title='bbox 1767 3694 2032 3762; x_wconf 86' lang='lat' dir='ltr'><strong>positione</strong></span> <span class='ocrx_word' id='word_1_339' title='bbox 2053 3692 2156 3747; x_wconf 90' lang='lat' dir='ltr'><strong>loci</strong></span> 
     </span>
    </p>
   </div>
   <div class='ocr_carea' id='block_1_43' title="bbox 600 3782 2159 3853">
    <p class='ocr_par' dir='ltr' id='par_1_43' title="bbox 600 3782 2159 3853">
     <span class='ocr_line' id='line_1_43' title="bbox 600 3782 2159 3853; baseline -0.003 -15"><span class='ocrx_word' id='word_1_340' title='bbox 600 3786 692 3839; x_wconf 85' lang='lat' dir='ltr'><strong>sed</strong></span> <span class='ocrx_word' id='word_1_341' title='bbox 714 3791 844 3837; x_wconf 93' lang='lat' dir='ltr'><strong>nutu</strong></span> <span class='ocrx_word' id='word_1_342' title='bbox 867 3783 1166 3853; x_wconf 66' lang='lat' dir='ltr'><strong>prtecellere</strong></span> <span class='ocrx_word' id='word_1_343' title='bbox 1195 3785 1537 3852; x_wconf 82' lang='lat' dir='ltr'><strong>disponendis</strong></span> <span class='ocrx_word' id='word_1_344' title='bbox 1561 3785 1824 3838; x_wconf 87' lang='lat' dir='ltr'><strong>creaturis</strong></span> <span class='ocrx_word' id='word_1_345' title='bbox 1855 3798 1868 3834; x_wconf 92' lang='lat'>:</span> <span class='ocrx_word' id='word_1_346' title='bbox 1894 3784 1946 3836; x_wconf 91' lang='lat' dir='ltr'><strong>in</strong></span> <span class='ocrx_word' id='word_1_347' title='bbox 1972 3782 2159 3836; x_wconf 89' lang='lat' dir='ltr'><strong>simili-</strong></span> 
     </span>
    </p>
   </div>
   <div class='ocr_carea' id='block_1_44' title="bbox 580 3869 2160 3942">
    <p class='ocr_par' dir='ltr' id='par_1_44' title="bbox 580 3869 2160 3942">
     <span class='ocr_line' id='line_1_44' title="bbox 580 3869 2160 3942; baseline -0.007 -9"><span class='ocrx_word' id='word_1_348' title='bbox 580 3877 838 3934; x_wconf 89' lang='lat' dir='ltr'><strong>.tudinem</strong></span> <span class='ocrx_word' id='word_1_349' title='bbox 866 3873 1068 3929; x_wconf 87' lang='lat' dir='ltr'><strong>scilicet</strong></span> <span class='ocrx_word' id='word_1_350' title='bbox 1093 3873 1251 3938; x_wconf 87' lang='lat' dir='ltr'><strong>fabri,</strong></span> <span class='ocrx_word' id='word_1_351' title='bbox 1274 3871 1424 3942; x_wconf 84' lang='lat' dir='ltr'><strong>cujus</strong></span> <span class='ocrx_word' id='word_1_352' title='bbox 1451 3872 1698 3927; x_wconf 80' lang='lat' dir='ltr'><strong>voluntas</strong></span> <span class='ocrx_word' id='word_1_353' title='bbox 1721 3872 1821 3932; x_wconf 85' lang='lat' dir='ltr'><strong>bis,</strong></span> <span class='ocrx_word' id='word_1_354' title='bbox 1849 3885 1967 3940; x_wconf 71' lang='lat' dir='ltr'><strong>qua:</strong></span> <span class='ocrx_word' id='word_1_355' title='bbox 1993 3869 2160 3922; x_wconf 88' lang='lat' dir='ltr'><strong>fabri-</strong></span> 
     </span>
    </p>
   </div>
   <div class='ocr_carea' id='block_1_45' title="bbox 596 3961 2159 4034">
    <p class='ocr_par' dir='ltr' id='par_1_45' title="bbox 596 3961 2159 4034">
     <span class='ocr_line' id='line_1_45' title="bbox 596 3961 2159 4034; baseline -0.006 -12"><span class='ocrx_word' id='word_1_356' title='bbox 596 3968 779 4023; x_wconf 75' lang='lat' dir='ltr'><strong>canda:</strong></span> <span class='ocrx_word' id='word_1_357' title='bbox 807 3974 947 4031; x_wconf 89' lang='lat' dir='ltr'><strong>sunt,</strong></span> <span class='ocrx_word' id='word_1_358' title='bbox 978 3965 1138 4020; x_wconf 84' lang='lat' dir='ltr'><strong>rebus</strong></span> <span class='ocrx_word' id='word_1_359' title='bbox 1167 3964 1299 4019; x_wconf 85' lang='lat' dir='ltr'><strong>solet</strong></span> <span class='ocrx_word' id='word_1_360' title='bbox 1323 3962 1634 4034; x_wconf 84' lang='lat' dir='ltr'><strong>superferri.</strong></span> <span class='ocrx_word' id='word_1_361' title='bbox 1663 3961 1808 4016; x_wconf 86' lang='lat' dir='ltr'><strong>lllius</strong></span> <span class='ocrx_word' id='word_1_362' title='bbox 1830 3975 2040 4030; x_wconf 90' lang='lat' dir='ltr'><strong>quoque</strong></span> <span class='ocrx_word' id='word_1_363' title='bbox 2070 3975 2159 4013; x_wconf 87' lang='lat' dir='ltr'><strong>su-</strong></span> 
     </span>
    </p>
   </div>
   <div class='ocr_carea' id='block_1_46' title="bbox 599 4053 2157 4130">
    <p class='ocr_par' dir='ltr' id='par_1_46' title="bbox 599 4053 2157 4130">
     <span class='ocr_line' id='line_1_46' title="bbox 599 4053 2157 4130; baseline -0.004 -14"><span class='ocrx_word' id='word_1_364' title='bbox 599 4060 828 4130; x_wconf 89' lang='lat' dir='ltr'><strong>perioris</strong></span> <span class='ocrx_word' id='word_1_365' title='bbox 857 4068 909 4114; x_wconf 90' lang='lat' dir='ltr'><strong>et</strong></span> <span class='ocrx_word' id='word_1_366' title='bbox 944 4058 1226 4114; x_wconf 79' lang='lat' dir='ltr'><strong>invisibilis</strong></span> <span class='ocrx_word' id='word_1_367' title='bbox 1265 4067 1529 4112; x_wconf 69' lang='lat' dir='ltr'><strong>creaturae</strong></span> <span class='ocrx_word' id='word_1_368' title='bbox 1582 4065 1799 4112; x_wconf 84' lang='lat' dir='ltr'><strong>sanctus</strong></span> <span class='ocrx_word' id='word_1_369' title='bbox 1847 4053 2075 4110; x_wconf 88' lang='lat' dir='ltr'><strong>Basilius</strong></span> <span class='ocrx_word' id='word_1_370' title='bbox 2105 4055 2157 4109; x_wconf 90' lang='lat' dir='ltr'><strong>in</strong></span> 
     </span>
    </p>
   </div>
   <div class='ocr_carea' id='block_1_47' title="bbox 597 4145 2174 4222">
    <p class='ocr_par' dir='ltr' id='par_1_47' title="bbox 597 4145 2174 4222">
     <span class='ocr_line' id='line_1_47' title="bbox 597 4145 2174 4222; baseline -0.002 -20"><span class='ocrx_word' id='word_1_371' title='bbox 597 4150 734 4205; x_wconf 91' lang='lat' dir='ltr'><strong>libro</strong></span> <span class='ocrx_word' id='word_1_372' title='bbox 763 4150 1127 4206; x_wconf 77' lang='lat' dir='ltr'><strong>Hexaemeron</strong></span> <span class='ocrx_word' id='word_1_373' title='bbox 1150 4150 1382 4206; x_wconf 83' lang='lat' dir='ltr'><strong>secundo</strong></span> <span class='ocrx_word' id='word_1_374' title='bbox 1399 4151 1469 4205; x_wconf 88' lang='lat' dir='ltr'><strong>ita</strong></span> <span class='ocrx_word' id='word_1_375' title='bbox 1494 4147 1650 4222; x_wconf 66' lang='grc'><strong>411</strong></span> <span class='ocrx_word' id='word_1_376' title='bbox 1678 4145 2116 4202; x_wconf 83' lang='lat' dir='ltr'><strong>mcminitdiccns</strong></span> <span class='ocrx_word' id='word_1_377' title='bbox 2142 4165 2174 4199; x_wconf 84' lang='lat'><strong>:-</strong></span> 
     </span>
    </p>
   </div>
   <div class='ocr_carea' id='block_1_48' title="bbox 606 4237 2158 4309">
    <p class='ocr_par' dir='ltr' id='par_1_48' title="bbox 606 4237 2158 4309">
     <span class='ocr_line' id='line_1_48' title="bbox 606 4237 2158 4309; baseline 0.003 -23"><span class='ocrx_word' id='word_1_378' title='bbox 606 4256 623 4286; x_wconf 76' lang='grc' dir='ltr'>ι</span> <span class='ocrx_word' id='word_1_379' title='bbox 652 4237 991 4292; x_wconf 81' lang='lat' dir='ltr'><strong>Arbitramur</strong></span> <span class='ocrx_word' id='word_1_380' title='bbox 1027 4240 1170 4292; x_wconf 90' lang='lat' dir='ltr'><strong>cnim</strong></span> <span class='ocrx_word' id='word_1_381' title='bbox 1193 4280 1208 4304; x_wconf 91' lang='lat'><strong>,</strong></span> <span class='ocrx_word' id='word_1_382' title='bbox 1252 4239 1297 4292; x_wconf 90' lang='lat' dir='ltr'><strong>si</strong></span> <span class='ocrx_word' id='word_1_383' title='bbox 1328 4237 1427 4293; x_wconf 89' lang='lat' dir='ltr'><strong>fuit</strong></span> <span class='ocrx_word' id='word_1_384' title='bbox 1455 4239 1730 4309; x_wconf 89' lang='lat' dir='ltr'><strong>quidpiam</strong></span> <span class='ocrx_word' id='word_1_385' title='bbox 1777 4246 1900 4291; x_wconf 90' lang='lat' dir='ltr'><strong>ante</strong></span> <span class='ocrx_word' id='word_1_386' title='bbox 1945 4237 2158 4305; x_wconf 56' lang='lat' dir='ltr'><strong>institu;</strong></span> 
     </span>
    </p>
   </div>
   <div class='ocr_carea' id='block_1_49' title="bbox 596 4323 2158 4396">
    <p class='ocr_par' dir='ltr' id='par_1_49' title="bbox 596 4323 2158 4396">
     <span class='ocr_line' id='line_1_49' title="bbox 596 4323 2158 4396; baseline 0.001 -17"><span class='ocrx_word' id='word_1_387' title='bbox 596 4327 794 4380; x_wconf 87' lang='lat' dir='ltr'><strong>tionem</strong></span> <span class='ocrx_word' id='word_1_388' title='bbox 820 4325 1088 4380; x_wconf 90' lang='lat' dir='ltr'><strong>sensibilis</strong></span> <span class='ocrx_word' id='word_1_389' title='bbox 1117 4326 1274 4394; x_wconf 85' lang='lat' dir='ltr'><strong>hujus</strong></span> <span class='ocrx_word' id='word_1_390' title='bbox 1296 4334 1350 4380; x_wconf 88' lang='lat' dir='ltr'><strong>et</strong></span> <span class='ocrx_word' id='word_1_391' title='bbox 1373 4325 1741 4395; x_wconf 85' lang='lat' dir='ltr'><strong>corruptibilis</strong></span> <span class='ocrx_word' id='word_1_392' title='bbox 1779 4323 1987 4390; x_wconf 90' lang='lat' dir='ltr'><strong>mundi,</strong></span> <span class='ocrx_word' id='word_1_393' title='bbox 2034 4342 2158 4396; x_wconf 90' lang='lat' dir='ltr'><strong>pro-</strong></span> 
     </span>
    </p>
   </div>
   <div class='ocr_carea' id='block_1_50' title="bbox 597 4397 2232 4491">
    <p class='ocr_par' dir='ltr' id='par_1_50' title="bbox 597 4397 2232 4491">
     <span class='ocr_line' id='line_1_50' title="bbox 597 4397 2232 4491; baseline 0.003 -21"><span class='ocrx_word' id='word_1_394' title='bbox 597 4419 738 4472; x_wconf 76' lang='lat' dir='ltr'><strong>iecto</strong></span> <span class='ocrx_word' id='word_1_395' title='bbox 764 4417 815 4471; x_wconf 89' lang='lat' dir='ltr'><strong>in</strong></span> <span class='ocrx_word' id='word_1_396' title='bbox 845 4415 961 4470; x_wconf 89' lang='lat' dir='ltr'><strong>luce</strong></span> <span class='ocrx_word' id='word_1_397' title='bbox 994 4415 1111 4470; x_wconf 89' lang='lat' dir='ltr'><strong>fuit.</strong></span> <span class='ocrx_word' id='word_1_398' title='bbox 1157 4414 1341 4485; x_wconf 83' lang='lat' dir='ltr'><strong>Neque</strong></span> <span class='ocrx_word' id='word_1_399' title='bbox 1370 4417 1513 4469; x_wconf 90' lang='lat' dir='ltr'><strong>enim</strong></span> <span class='ocrx_word' id='word_1_400' title='bbox 1564 4418 1792 4487; x_wconf 78' lang='lat' dir='ltr'><strong>dignitas</strong></span> <span class='ocrx_word' id='word_1_401' title='bbox 1842 4418 2153 4491; x_wconf 81' lang='lat' dir='ltr'><strong>angelorum</strong></span> <span class='ocrx_word' id='word_1_402' title='bbox 2184 4397 2232 4455; x_wconf 72' lang='grc' dir='ltr'><strong>ι)</strong></span> 
     </span>
    </p>
   </div>
   <div class='ocr_carea' id='block_1_51' title="bbox 596 4504 2154 4579">
    <p class='ocr_par' dir='ltr' id='par_1_51' title="bbox 596 4504 2154 4579">
     <span class='ocr_line' id='line_1_51' title="bbox 596 4504 2154 4579; baseline -0.001 -16"><span class='ocrx_word' id='word_1_403' title='bbox 596 4524 694 4565; x_wconf 88' lang='lat' dir='ltr'><strong>nec</strong></span> <span class='ocrx_word' id='word_1_404' title='bbox 713 4507 948 4563; x_wconf 89' lang='lat' dir='ltr'><strong>omnium</strong></span> <span class='ocrx_word' id='word_1_405' title='bbox 967 4505 1268 4563; x_wconf 66' lang='lat' dir='ltr'><strong>caelestium</strong></span> <span class='ocrx_word' id='word_1_406' title='bbox 1286 4504 1509 4569; x_wconf 66' lang='lat' dir='ltr'><strong>militim,</strong></span> <span class='ocrx_word' id='word_1_407' title='bbox 1534 4506 1615 4558; x_wconf 90' lang='lat' dir='ltr'><strong>vel</strong></span> <span class='ocrx_word' id='word_1_408' title='bbox 1642 4507 1768 4576; x_wconf 91' lang='lat' dir='ltr'><strong>quid</strong></span> <span class='ocrx_word' id='word_1_409' title='bbox 1793 4517 1878 4562; x_wconf 89' lang='lat' dir='ltr'><strong>est</strong></span> <span class='ocrx_word' id='word_1_410' title='bbox 1907 4511 2154 4579; x_wconf 85' lang='lat' dir='ltr'><strong>nomina-</strong></span> 
     </span>
    </p>
   </div>
   <div class='ocr_carea' id='block_1_52' title="bbox 593 4593 2152 4667">
    <p class='ocr_par' dir='ltr' id='par_1_52' title="bbox 593 4593 2152 4667">
     <span class='ocr_line' id='line_1_52' title="bbox 593 4593 2152 4667; baseline -0.003 -11"><span class='ocrx_word' id='word_1_411' title='bbox 593 4609 706 4656; x_wconf 75' lang='lat' dir='ltr'><strong>tum</strong></span> <span class='ocrx_word' id='word_1_412' title='bbox 737 4605 827 4652; x_wconf 91' lang='lat' dir='ltr'><strong>aut</strong></span> <span class='ocrx_word' id='word_1_413' title='bbox 856 4593 1300 4667; x_wconf 87' lang='lat' dir='ltr'><strong>iucompellabile,</strong></span> <span class='ocrx_word' id='word_1_414' title='bbox 1334 4602 1426 4648; x_wconf 88' lang='lat' dir='ltr'><strong>aut</strong></span> <span class='ocrx_word' id='word_1_415' title='bbox 1465 4594 1644 4663; x_wconf 89' lang='lat' dir='ltr'><strong>aliqua</strong></span> <span class='ocrx_word' id='word_1_416' title='bbox 1672 4596 2007 4652; x_wconf 86' lang='lat' dir='ltr'><strong>rationabilis</strong></span> <span class='ocrx_word' id='word_1_417' title='bbox 2038 4599 2152 4652; x_wconf 90' lang='lat' dir='ltr'><strong>vir-</strong></span> 
     </span>
    </p>
   </div>
   <div class='ocr_carea' id='block_1_53' title="bbox 561 4685 2154 4760">
    <p class='ocr_par' dir='ltr' id='par_1_53' title="bbox 561 4685 2154 4760">
     <span class='ocr_line' id='line_1_53' title="bbox 561 4685 2154 4760; baseline 0 -17"><span class='ocrx_word' id='word_1_418' title='bbox 561 4705 564 4710; x_wconf 72' lang='lat'><strong>&#39;</strong></span> <span class='ocrx_word' id='word_1_419' title='bbox 595 4700 683 4747; x_wconf 88' lang='lat' dir='ltr'><strong>tus</strong></span> <span class='ocrx_word' id='word_1_420' title='bbox 727 4689 812 4745; x_wconf 85' lang='lat' dir='ltr'><strong>vel</strong></span> <span class='ocrx_word' id='word_1_421' title='bbox 840 4689 1172 4746; x_wconf 79' lang='lat' dir='ltr'><strong>ministrator</strong></span> <span class='ocrx_word' id='word_1_422' title='bbox 1217 4686 1439 4757; x_wconf 85' lang='lat' dir='ltr'><strong>spiritus</strong></span> <span class='ocrx_word' id='word_1_423' title='bbox 1476 4685 1670 4756; x_wconf 82' lang='lat' dir='ltr'><strong>degere</strong></span> <span class='ocrx_word' id='word_1_424' title='bbox 1701 4695 1886 4760; x_wconf 84' lang='lat' dir='ltr'><strong>posset</strong></span> <span class='ocrx_word' id='word_1_425' title='bbox 1923 4687 1976 4740; x_wconf 92' lang='lat' dir='ltr'><strong>in</strong></span> <span class='ocrx_word' id='word_1_426' title='bbox 2007 4695 2154 4750; x_wconf 75' lang='lat' dir='ltr'><strong>tene-</strong></span> 
     </span>
    </p>
   </div>
   <div class='ocr_carea' id='block_1_54' title="bbox 595 4776 2152 4843">
    <p class='ocr_par' dir='ltr' id='par_1_54' title="bbox 595 4776 2152 4843">
     <span class='ocr_line' id='line_1_54' title="bbox 595 4776 2152 4843; baseline 0 -11"><span class='ocrx_word' id='word_1_427' title='bbox 595 4780 709 4833; x_wconf 87' lang='lat' dir='ltr'><strong>bris</strong></span> <span class='ocrx_word' id='word_1_428' title='bbox 731 4820 746 4843; x_wconf 97' lang='lat'><strong>,</strong></span> <span class='ocrx_word' id='word_1_429' title='bbox 773 4780 867 4833; x_wconf 90' lang='lat' dir='ltr'><strong>sed</strong></span> <span class='ocrx_word' id='word_1_430' title='bbox 896 4779 947 4833; x_wconf 90' lang='lat' dir='ltr'><strong>in</strong></span> <span class='ocrx_word' id='word_1_431' title='bbox 979 4779 1097 4832; x_wconf 91' lang='lat' dir='ltr'><strong>lucc</strong></span> <span class='ocrx_word' id='word_1_432' title='bbox 1143 4786 1198 4832; x_wconf 88' lang='lat' dir='ltr'><strong>et</strong></span> <span class='ocrx_word' id='word_1_433' title='bbox 1243 4776 1426 4832; x_wconf 74' lang='lat' dir='ltr'><strong>hetitia</strong></span> <span class='ocrx_word' id='word_1_434' title='bbox 1454 4777 1733 4833; x_wconf 80' lang='lat' dir='ltr'><strong>decentem</strong></span> <span class='ocrx_word' id='word_1_435' title='bbox 1763 4777 1862 4831; x_wconf 91' lang='lat' dir='ltr'><strong>sibi</strong></span> <span class='ocrx_word' id='word_1_436' title='bbox 1909 4778 2152 4834; x_wconf 86' lang='lat' dir='ltr'><strong>habitum</strong></span> 
     </span>
    </p>
   </div>
   <div class='ocr_carea' id='block_1_55' title="bbox 595 4867 2155 4940">
    <p class='ocr_par' dir='ltr' id='par_1_55' title="bbox 595 4867 2155 4940">
     <span class='ocr_line' id='line_1_55' title="bbox 595 4867 2155 4940; baseline 0 -19"><span class='ocrx_word' id='word_1_437' title='bbox 595 4867 902 4937; x_wconf 85' lang='lat' dir='ltr'><strong>possidebat</strong></span> <span class='ocrx_word' id='word_1_438' title='bbox 925 4881 971 4922; x_wconf 80' lang='grc' dir='ltr'><strong>ι.</strong></span> <span class='ocrx_word' id='word_1_439' title='bbox 1005 4889 1024 4921; x_wconf 71' lang='grc' dir='ltr'><strong><em>ι</em></strong></span> <span class='ocrx_word' id='word_1_440' title='bbox 1062 4870 1202 4925; x_wconf 87' lang='lat' dir='ltr'><strong>Bene</strong></span> <span class='ocrx_word' id='word_1_441' title='bbox 1229 4883 1358 4940; x_wconf 85' lang='lat' dir='ltr'><strong>ergo</strong></span> <span class='ocrx_word' id='word_1_442' title='bbox 1393 4869 1593 4925; x_wconf 88' lang='lat' dir='ltr'><strong>dictum</strong></span> <span class='ocrx_word' id='word_1_443' title='bbox 1641 4878 1721 4924; x_wconf 86' lang='lat' dir='ltr'><strong>est</strong></span> <span class='ocrx_word' id='word_1_444' title='bbox 1753 4887 1765 4922; x_wconf 89' lang='lat'><strong>:</strong></span> <span class='ocrx_word' id='word_1_445' title='bbox 1813 4867 1878 4922; x_wconf 81' lang='lat' dir='ltr'><strong>In</strong></span> <span class='ocrx_word' id='word_1_446' title='bbox 1901 4870 2155 4940; x_wconf 84' lang='lat' dir='ltr'><strong>principio</strong></span> 
     </span>
    </p>
   </div>
   <div class='ocr_carea' id='block_1_56' title="bbox 598 4953 2158 5030">
    <p class='ocr_par' dir='ltr' id='par_1_56' title="bbox 598 4953 2158 5030">
     <span class='ocr_line' id='line_1_56' title="bbox 598 4953 2158 5030; baseline 0.003 -21"><span class='ocrx_word' id='word_1_447' title='bbox 598 4956 738 5010; x_wconf 79' lang='lat' dir='ltr'><strong>Deus</strong></span> <span class='ocrx_word' id='word_1_448' title='bbox 763 4953 883 5024; x_wconf 78' lang='lat' dir='ltr'><strong>fecit</strong></span> <span class='ocrx_word' id='word_1_449' title='bbox 913 4955 1093 5010; x_wconf 68' lang='lat' dir='ltr'><strong>cwlum</strong></span> <span class='ocrx_word' id='word_1_450' title='bbox 1128 4967 1177 5011; x_wconf 85' lang='lat' dir='ltr'><strong>et</strong></span> <span class='ocrx_word' id='word_1_451' title='bbox 1223 4968 1413 5012; x_wconf 78' lang='lat' dir='ltr'><strong>terram</strong></span> <span class='ocrx_word' id='word_1_452' title='bbox 1445 4956 1598 5030; x_wconf 82' lang='lat' dir='ltr'><strong>(Gen.</strong></span> <span class='ocrx_word' id='word_1_453' title='bbox 1633 4976 1684 5025; x_wconf 82' lang='lat' dir='ltr'><strong>l,</strong></span> <span class='ocrx_word' id='word_1_454' title='bbox 1729 4958 1800 5029; x_wconf 72' lang='grc' dir='ltr'><strong>ί).</strong></span> <span class='ocrx_word' id='word_1_455' title='bbox 1856 4957 1925 5013; x_wconf 89' lang='lat' dir='ltr'><strong>Ut</strong></span> <span class='ocrx_word' id='word_1_456' title='bbox 1970 4965 2158 5028; x_wconf 83' lang='lat' dir='ltr'><strong>aperte</strong></span> 
     </span>
    </p>
   </div>
   <div class='ocr_carea' id='block_1_57' title="bbox 593 5041 2157 5117">
    <p class='ocr_par' dir='ltr' id='par_1_57' title="bbox 593 5041 2157 5117">
     <span class='ocr_line' id='line_1_57' title="bbox 593 5041 2157 5117; baseline 0.003 -20"><span class='ocrx_word' id='word_1_457' title='bbox 593 5045 754 5098; x_wconf 83' lang='lat' dir='ltr'><strong>detur</strong></span> <span class='ocrx_word' id='word_1_458' title='bbox 785 5041 1041 5112; x_wconf 88' lang='lat' dir='ltr'><strong>intelligi,</strong></span> <span class='ocrx_word' id='word_1_459' title='bbox 1069 5046 1192 5113; x_wconf 83' lang='lat' dir='ltr'><strong>quia</strong></span> <span class='ocrx_word' id='word_1_460' title='bbox 1230 5056 1519 5117; x_wconf 87' lang='lat' dir='ltr'><strong>utrumque</strong></span> <span class='ocrx_word' id='word_1_461' title='bbox 1546 5047 1706 5103; x_wconf 85' lang='lat' dir='ltr'><strong>simul</strong></span> <span class='ocrx_word' id='word_1_462' title='bbox 1753 5049 1822 5102; x_wconf 90' lang='lat' dir='ltr'><strong>ab</strong></span> <span class='ocrx_word' id='word_1_463' title='bbox 1847 5062 1912 5102; x_wconf 90' lang='lat' dir='ltr'><strong>eo</strong></span> <span class='ocrx_word' id='word_1_464' title='bbox 1955 5046 2157 5102; x_wconf 89' lang='lat' dir='ltr'><strong>factum</strong></span> 
     </span>
    </p>
   </div>
   <div class='ocr_carea' id='block_1_58' title="bbox 591 5134 2157 5205">
    <p class='ocr_par' dir='ltr' id='par_1_58' title="bbox 591 5134 2157 5205">
     <span class='ocr_line' id='line_1_58' title="bbox 591 5134 2157 5205; baseline 0.003 -17"><span class='ocrx_word' id='word_1_465' title='bbox 591 5145 711 5199; x_wconf 84' lang='lat' dir='ltr'><strong>est,</strong></span> <span class='ocrx_word' id='word_1_466' title='bbox 743 5134 990 5205; x_wconf 82' lang='lat' dir='ltr'><strong>quamvis</strong></span> <span class='ocrx_word' id='word_1_467' title='bbox 1018 5143 1301 5204; x_wconf 87' lang='lat' dir='ltr'><strong>utrumque</strong></span> <span class='ocrx_word' id='word_1_468' title='bbox 1346 5137 1500 5196; x_wconf 85' lang='lat' dir='ltr'><strong>simul</strong></span> <span class='ocrx_word' id='word_1_469' title='bbox 1543 5139 1612 5194; x_wconf 90' lang='lat' dir='ltr'><strong>ab</strong></span> <span class='ocrx_word' id='word_1_470' title='bbox 1655 5139 1874 5194; x_wconf 87' lang='lat' dir='ltr'><strong>homine</strong></span> <span class='ocrx_word' id='word_1_471' title='bbox 1900 5138 2005 5194; x_wconf 89' lang='lat' dir='ltr'><strong>dici</strong></span> <span class='ocrx_word' id='word_1_472' title='bbox 2048 5153 2157 5192; x_wconf 90' lang='lat' dir='ltr'><strong>non</strong></span> 
     </span>
    </p>
   </div>
   <div class='ocr_carea' id='block_1_59' title="bbox 593 5225 2158 5298">
    <p class='ocr_par' dir='ltr' id='par_1_59' title="bbox 593 5225 2158 5298">
     <span class='ocr_line' id='line_1_59' title="bbox 593 5225 2158 5298; baseline -0.001 -15"><span class='ocrx_word' id='word_1_473' title='bbox 593 5227 786 5298; x_wconf 79' lang='lat' dir='ltr'><strong>possit.</strong></span> <span class='ocrx_word' id='word_1_474' title='bbox 831 5225 973 5282; x_wconf 88' lang='lat' dir='ltr'><strong>Dicit</strong></span> <span class='ocrx_word' id='word_1_475' title='bbox 1019 5227 1162 5280; x_wconf 86' lang='lat' dir='ltr'><strong>enim</strong></span> <span class='ocrx_word' id='word_1_476' title='bbox 1213 5227 1702 5298; x_wconf 78' lang='lat' dir='ltr'><strong>psalmographus:</strong></span> <span class='ocrx_word' id='word_1_477' title='bbox 1747 5227 1905 5283; x_wconf 82' lang='lat' dir='ltr'><strong>Initio</strong></span> <span class='ocrx_word' id='word_1_478' title='bbox 1935 5239 2014 5292; x_wconf 78' lang='lat' dir='ltr'><strong>tu,</strong></span> <span class='ocrx_word' id='word_1_479' title='bbox 2048 5227 2158 5282; x_wconf 85' lang='lat' dir='ltr'><strong>Do-</strong></span> 
     </span>
    </p>
   </div>
   <div class='ocr_carea' id='block_1_60' title="bbox 565 5308 2158 5390">
    <p class='ocr_par' dir='ltr' id='par_1_60' title="bbox 565 5308 2158 5390">
     <span class='ocr_line' id='line_1_60' title="bbox 565 5308 2158 5390; baseline 0.002 -20"><span class='ocrx_word' id='word_1_480' title='bbox 565 5308 577 5316; x_wconf 82' lang='grc'><strong>’</strong></span> <span class='ocrx_word' id='word_1_481' title='bbox 601 5320 760 5382; x_wconf 84' lang='lat' dir='ltr'><strong>mine,</strong></span> <span class='ocrx_word' id='word_1_482' title='bbox 798 5327 990 5372; x_wconf 82' lang='lat' dir='ltr'><strong>terram</strong></span> <span class='ocrx_word' id='word_1_483' title='bbox 1019 5317 1252 5388; x_wconf 74' lang='lat' dir='ltr'><strong>fundasti</strong></span> <span class='ocrx_word' id='word_1_484' title='bbox 1299 5313 1483 5388; x_wconf 71' lang='lat' dir='ltr'><strong>(Prol.</strong></span> <span class='ocrx_word' id='word_1_485' title='bbox 1535 5335 1617 5384; x_wconf 71' lang='lat' dir='ltr'><strong>cr,</strong></span> <span class='ocrx_word' id='word_1_486' title='bbox 1664 5318 1790 5389; x_wconf 79' lang='lat'><strong>26).</strong></span> <span class='ocrx_word' id='word_1_487' title='bbox 1823 5319 2034 5390; x_wconf 75' lang='lat' dir='ltr'><strong>Moyses</strong></span> <span class='ocrx_word' id='word_1_488' title='bbox 2066 5334 2158 5372; x_wconf 92' lang='lat' dir='ltr'><strong>au-</strong></span> 
     </span>
    </p>
   </div>
   <div class='ocr_carea' id='block_1_61' title="bbox 595 5404 2158 5480">
    <p class='ocr_par' dir='ltr' id='par_1_61' title="bbox 595 5404 2158 5480">
     <span class='ocr_line' id='line_1_61' title="bbox 595 5404 2158 5480; baseline 0.001 -21"><span class='ocrx_word' id='word_1_489' title='bbox 595 5415 703 5460; x_wconf 77' lang='lat' dir='ltr'><strong>tem</strong></span> <span class='ocrx_word' id='word_1_490' title='bbox 738 5425 753 5464; x_wconf 90' lang='lat'><strong>:</strong></span> <span class='ocrx_word' id='word_1_491' title='bbox 784 5406 846 5463; x_wconf 77' lang='lat' dir='ltr'><strong>In</strong></span> <span class='ocrx_word' id='word_1_492' title='bbox 877 5409 1128 5480; x_wconf 79' lang='lat' dir='ltr'><strong>principio</strong></span> <span class='ocrx_word' id='word_1_493' title='bbox 1161 5408 1280 5478; x_wconf 74' lang='lat' dir='ltr'><strong>fecit</strong></span> <span class='ocrx_word' id='word_1_494' title='bbox 1327 5404 1467 5458; x_wconf 76' lang='lat' dir='ltr'><strong>Deus</strong></span> <span class='ocrx_word' id='word_1_495' title='bbox 1491 5406 1696 5459; x_wconf 70' lang='lat' dir='ltr'><strong>calum.</strong></span> <span class='ocrx_word' id='word_1_496' title='bbox 1748 5407 1901 5463; x_wconf 85' lang='lat' dir='ltr'><strong>Unde</strong></span> <span class='ocrx_word' id='word_1_497' title='bbox 1957 5408 2158 5478; x_wconf 89' lang='lat' dir='ltr'><strong>liquido</strong></span> 
     </span>
    </p>
   </div>
   <div class='ocr_carea' id='block_1_62' title="bbox 591 5495 2153 5569">
    <p class='ocr_par' dir='ltr' id='par_1_62' title="bbox 591 5495 2153 5569">
     <span class='ocr_line' id='line_1_62' title="bbox 591 5495 2153 5569; baseline 0.001 -21"><span class='ocrx_word' id='word_1_498' title='bbox 591 5495 881 5568; x_wconf 83' lang='lat' dir='ltr'><strong>colligitur,</strong></span> <span class='ocrx_word' id='word_1_499' title='bbox 936 5499 1060 5569; x_wconf 88' lang='lat' dir='ltr'><strong>quia</strong></span> <span class='ocrx_word' id='word_1_500' title='bbox 1113 5498 1317 5554; x_wconf 83' lang='lat' dir='ltr'><strong>factura</strong></span> <span class='ocrx_word' id='word_1_501' title='bbox 1350 5495 1629 5564; x_wconf 85' lang='lat' dir='ltr'><strong>utriusque</strong></span> <span class='ocrx_word' id='word_1_502' title='bbox 1681 5498 1886 5563; x_wconf 85' lang='lat' dir='ltr'><strong>pariter</strong></span> <span class='ocrx_word' id='word_1_503' title='bbox 1941 5498 2153 5568; x_wconf 83' lang='lat' dir='ltr'><strong>expleta</strong></span> 
     </span>
    </p>
   </div>
   <div class='ocr_carea' id='block_1_63' title="bbox 2277 427 3832 496">
    <p class='ocr_par' dir='ltr' id='par_1_63' title="bbox 2277 427 3832 496">
     <span class='ocr_line' id='line_1_63' title="bbox 2277 427 3832 496; baseline 0.006 -15"><span class='ocrx_word' id='word_1_504' title='bbox 2277 427 2401 481; x_wconf 86' lang='lat' dir='ltr'><strong>dum</strong></span> <span class='ocrx_word' id='word_1_505' title='bbox 2452 427 2684 496; x_wconf 86' lang='lat' dir='ltr'><strong>primum</strong></span> <span class='ocrx_word' id='word_1_506' title='bbox 2735 427 2914 481; x_wconf 88' lang='lat' dir='ltr'><strong>mundi</strong></span> <span class='ocrx_word' id='word_1_507' title='bbox 2979 429 3248 483; x_wconf 87' lang='lat' dir='ltr'><strong>nascentis</strong></span> <span class='ocrx_word' id='word_1_508' title='bbox 3300 440 3630 486; x_wconf 86' lang='lat' dir='ltr'><strong>momentum</strong></span> <span class='ocrx_word' id='word_1_509' title='bbox 3687 446 3832 490; x_wconf 80' lang='lat' dir='ltr'><strong>esset</strong></span> 
     </span>
    </p>
   </div>
   <div class='ocr_carea' id='block_1_64' title="bbox 2276 529 2674 573">
    <p class='ocr_par' dir='ltr' id='par_1_64' title="bbox 2276 529 2674 573">
     <span class='ocr_line' id='line_1_64' title="bbox 2276 529 2674 573; baseline -0.005 -1"><span class='ocrx_word' id='word_1_510' title='bbox 2276 529 2674 573; x_wconf 86' lang='lat' dir='ltr'><strong>transcensum.</strong></span> 
     </span>
    </p>
   </div>
   <div class='ocr_carea' id='block_1_65' title="bbox 2345 609 3835 686">
    <p class='ocr_par' dir='ltr' id='par_1_65' title="bbox 2345 609 3835 686">
     <span class='ocr_line' id='line_1_65' title="bbox 2345 609 3835 686; baseline 0.005 -22"><span class='ocrx_word' id='word_1_511' title='bbox 2345 609 2455 664; x_wconf 79' lang='lat' dir='ltr'><strong>XL.</strong></span> <span class='ocrx_word' id='word_1_512' title='bbox 2497 610 2594 665; x_wconf 83' lang='lat' dir='ltr'><strong>His</strong></span> <span class='ocrx_word' id='word_1_513' title='bbox 2626 612 2699 664; x_wconf 91' lang='lat' dir='ltr'><strong>ita</strong></span> <span class='ocrx_word' id='word_1_514' title='bbox 2736 611 2966 676; x_wconf 86' lang='lat' dir='ltr'><strong>auditis,</strong></span> <span class='ocrx_word' id='word_1_515' title='bbox 3014 610 3152 665; x_wconf 87' lang='lat' dir='ltr'><strong>absit</strong></span> <span class='ocrx_word' id='word_1_516' title='bbox 3196 622 3254 666; x_wconf 91' lang='lat' dir='ltr'><strong>ut</strong></span> <span class='ocrx_word' id='word_1_517' title='bbox 3306 613 3585 668; x_wconf 87' lang='lat' dir='ltr'><strong>sinistrum</strong></span> <span class='ocrx_word' id='word_1_518' title='bbox 3635 615 3835 686; x_wconf 88' lang='lat' dir='ltr'><strong>aliquid</strong></span> 
     </span>
    </p>
   </div>
   <div class='ocr_carea' id='block_1_66' title="bbox 2273 702 3834 772">
    <p class='ocr_par' dir='ltr' id='par_1_66' title="bbox 2273 702 3834 772">
     <span class='ocr_line' id='line_1_66' title="bbox 2273 702 3834 772; baseline 0.004 -15"><span class='ocrx_word' id='word_1_519' title='bbox 2273 703 2405 757; x_wconf 83' lang='lat' dir='ltr'><strong>mihi</strong></span> <span class='ocrx_word' id='word_1_520' title='bbox 2437 703 2696 772; x_wconf 87' lang='lat' dir='ltr'><strong>suspicari</strong></span> <span class='ocrx_word' id='word_1_521' title='bbox 2725 702 2890 757; x_wconf 88' lang='lat' dir='ltr'><strong>libeat</strong></span> <span class='ocrx_word' id='word_1_522' title='bbox 2919 704 2989 758; x_wconf 88' lang='lat' dir='ltr'><strong>de</strong></span> <span class='ocrx_word' id='word_1_523' title='bbox 3022 705 3200 762; x_wconf 80' lang='lat' dir='ltr'><strong>verbis</strong></span> <span class='ocrx_word' id='word_1_524' title='bbox 3227 705 3503 760; x_wconf 87' lang='lat' dir='ltr'><strong>doctorum</strong></span> <span class='ocrx_word' id='word_1_525' title='bbox 3525 746 3540 771; x_wconf 91' lang='lat'><strong>,</strong></span> <span class='ocrx_word' id='word_1_526' title='bbox 3594 715 3739 760; x_wconf 90' lang='lat' dir='ltr'><strong>tanta</strong></span> <span class='ocrx_word' id='word_1_527' title='bbox 3768 709 3834 763; x_wconf 84' lang='lat' dir='ltr'><strong>de</strong></span> 
     </span>
    </p>
   </div>
   <div class='ocr_carea' id='block_1_67' title="bbox 2273 792 3834 872">
    <p class='ocr_par' dir='ltr' id='par_1_67' title="bbox 2273 792 3834 872">
     <span class='ocr_line' id='line_1_67' title="bbox 2273 792 3834 872; baseline 0.008 -26"><span class='ocrx_word' id='word_1_528' title='bbox 2273 793 2498 847; x_wconf 88' lang='lat' dir='ltr'><strong>summis</strong></span> <span class='ocrx_word' id='word_1_529' title='bbox 2520 792 2685 847; x_wconf 83' lang='lat' dir='ltr'><strong>rebus</strong></span> <span class='ocrx_word' id='word_1_530' title='bbox 2723 792 3072 862; x_wconf 88' lang='lat' dir='ltr'><strong>loquentium.</strong></span> <span class='ocrx_word' id='word_1_531' title='bbox 3125 795 3274 851; x_wconf 89' lang='lat' dir='ltr'><strong>Licet</strong></span> <span class='ocrx_word' id='word_1_532' title='bbox 3297 796 3525 869; x_wconf 83' lang='lat' dir='ltr'><strong>Moyses,</strong></span> <span class='ocrx_word' id='word_1_533' title='bbox 3576 816 3698 857; x_wconf 85' lang='lat' dir='ltr'><strong>cum</strong></span> <span class='ocrx_word' id='word_1_534' title='bbox 3726 818 3834 872; x_wconf 89' lang='lat' dir='ltr'><strong>quo</strong></span> 
     </span>
    </p>
   </div>
   <div class='ocr_carea' id='block_1_68' title="bbox 2272 881 3834 959">
    <p class='ocr_par' dir='ltr' id='par_1_68' title="bbox 2272 881 3834 959">
     <span class='ocr_line' id='line_1_68' title="bbox 2272 881 3834 959; baseline 0.01 -24"><span class='ocrx_word' id='word_1_535' title='bbox 2272 881 2412 937; x_wconf 90' lang='lat' dir='ltr'><strong>Deus</strong></span> <span class='ocrx_word' id='word_1_536' title='bbox 2438 883 2645 938; x_wconf 86' lang='lat' dir='ltr'><strong>locutus</strong></span> <span class='ocrx_word' id='word_1_537' title='bbox 2675 893 2779 948; x_wconf 91' lang='lat' dir='ltr'><strong>est,</strong></span> <span class='ocrx_word' id='word_1_538' title='bbox 2812 885 2925 939; x_wconf 73' lang='lat' dir='ltr'><strong>hmo</strong></span> <span class='ocrx_word' id='word_1_539' title='bbox 2956 900 3094 956; x_wconf 88' lang='lat' dir='ltr'><strong>pene</strong></span> <span class='ocrx_word' id='word_1_540' title='bbox 3117 887 3315 943; x_wconf 89' lang='lat' dir='ltr'><strong>intacta</strong></span> <span class='ocrx_word' id='word_1_541' title='bbox 3342 889 3635 959; x_wconf 85' lang='lat' dir='ltr'><strong>reliquerit.</strong></span> <span class='ocrx_word' id='word_1_542' title='bbox 3669 891 3834 950; x_wconf 79' lang='lat' dir='ltr'><strong>Video</strong></span> 
     </span>
    </p>
   </div>
   <div class='ocr_carea' id='block_1_69' title="bbox 2270 972 3833 1046">
    <p class='ocr_par' dir='ltr' id='par_1_69' title="bbox 2270 972 3833 1046">
     <span class='ocr_line' id='line_1_69' title="bbox 2270 972 3833 1046; baseline 0.007 -22"><span class='ocrx_word' id='word_1_543' title='bbox 2270 973 2414 1025; x_wconf 90' lang='lat' dir='ltr'><strong>enim</strong></span> <span class='ocrx_word' id='word_1_544' title='bbox 2445 972 2552 1026; x_wconf 82' lang='lat' dir='ltr'><strong>Deo</strong></span> <span class='ocrx_word' id='word_1_545' title='bbox 2582 973 2903 1043; x_wconf 88' lang='lat' dir='ltr'><strong>promissum</strong></span> <span class='ocrx_word' id='word_1_546' title='bbox 2933 988 3055 1028; x_wconf 89' lang='lat' dir='ltr'><strong>esse</strong></span> <span class='ocrx_word' id='word_1_547' title='bbox 3078 975 3376 1046; x_wconf 90' lang='lat' dir='ltr'><strong>impletum,</strong></span> <span class='ocrx_word' id='word_1_548' title='bbox 3411 979 3501 1046; x_wconf 89' lang='lat' dir='ltr'><strong>qui</strong></span> <span class='ocrx_word' id='word_1_549' title='bbox 3534 979 3693 1034; x_wconf 91' lang='lat' dir='ltr'><strong>dicit:</strong></span> <span class='ocrx_word' id='word_1_550' title='bbox 3729 979 3833 1046; x_wconf 83' lang='lat' dir='ltr'><strong>Qui</strong></span> 
     </span>
    </p>
   </div>
   <div class='ocr_carea' id='block_1_70' title="bbox 2269 1063 3833 1141">
    <p class='ocr_par' dir='ltr' id='par_1_70' title="bbox 2269 1063 3833 1141">
     <span class='ocr_line' id='line_1_70' title="bbox 2269 1063 3833 1141; baseline 0.008 -26"><span class='ocrx_word' id='word_1_551' title='bbox 2269 1063 2431 1118; x_wconf 83' lang='lat' dir='ltr'><strong>credit</strong></span> <span class='ocrx_word' id='word_1_552' title='bbox 2460 1063 2514 1117; x_wconf 80' lang='lat' dir='ltr'><strong>in</strong></span> <span class='ocrx_word' id='word_1_553' title='bbox 2538 1081 2641 1128; x_wconf 86' lang='lat' dir='ltr'><strong>me,</strong></span> <span class='ocrx_word' id='word_1_554' title='bbox 2667 1065 2887 1141; x_wconf 74' lang='lat' dir='ltr'><strong>ﬂumina</strong></span> <span class='ocrx_word' id='word_1_555' title='bbox 2908 1065 2972 1120; x_wconf 81' lang='lat' dir='ltr'><strong>de</strong></span> <span class='ocrx_word' id='word_1_556' title='bbox 2995 1077 3167 1121; x_wconf 83' lang='lat' dir='ltr'><strong>uentre</strong></span> <span class='ocrx_word' id='word_1_557' title='bbox 3198 1069 3312 1134; x_wconf 79' lang='lat' dir='ltr'><strong>eius</strong></span> <span class='ocrx_word' id='word_1_558' title='bbox 3336 1071 3497 1138; x_wconf 78' lang='lat' dir='ltr'><strong>ﬂuent</strong></span> <span class='ocrx_word' id='word_1_559' title='bbox 3533 1088 3683 1141; x_wconf 66' lang='lat' dir='ltr'><strong>aqua</strong></span> <span class='ocrx_word' id='word_1_560' title='bbox 3708 1074 3833 1128; x_wconf 70' lang='lat' dir='ltr'><strong>viva</strong></span> 
     </span>
    </p>
   </div>
   <div class='ocr_carea' id='block_1_71' title="bbox 2269 1137 3832 1225">
    <p class='ocr_par' dir='ltr' id='par_1_71' title="bbox 2269 1137 3832 1225">
     <span class='ocr_line' id='line_1_71' title="bbox 2269 1137 3832 1225; baseline 0.007 -20"><span class='ocrx_word' id='word_1_561' title='bbox 2269 1151 2450 1221; x_wconf 82' lang='lat' dir='ltr'><strong>(Joan.</strong></span> <span class='ocrx_word' id='word_1_562' title='bbox 2483 1168 2579 1216; x_wconf 88' lang='lat' dir='ltr'><strong>vn,</strong></span> <span class='ocrx_word' id='word_1_563' title='bbox 2605 1154 2716 1224; x_wconf 74' lang='lat'><strong>58).</strong></span> <span class='ocrx_word' id='word_1_564' title='bbox 2778 1137 2929 1210; x_wconf 79' lang='lat' dir='ltr'><strong>Unde</strong></span> <span class='ocrx_word' id='word_1_565' title='bbox 2955 1156 3242 1212; x_wconf 82' lang='lat' dir='ltr'><strong>modernos</strong></span> <span class='ocrx_word' id='word_1_566' title='bbox 3277 1137 3434 1213; x_wconf 89' lang='lat' dir='ltr'><strong>laudo</strong></span> <span class='ocrx_word' id='word_1_567' title='bbox 3477 1137 3744 1225; x_wconf 80' lang='lat' dir='ltr'><strong>doctores,</strong></span> <span class='ocrx_word' id='word_1_568' title='bbox 3776 1172 3832 1216; x_wconf 87' lang='lat' dir='ltr'><strong>et</strong></span> 
     </span>
    </p>
   </div>
   <div class='ocr_carea' id='block_1_72' title="bbox 2266 1241 3926 1318">
    <p class='ocr_par' dir='ltr' id='par_1_72' title="bbox 2266 1241 3926 1318">
     <span class='ocr_line' id='line_1_72' title="bbox 2266 1241 3926 1318; baseline 0.008 -25"><span class='ocrx_word' id='word_1_569' title='bbox 2266 1255 2455 1294; x_wconf 89' lang='lat' dir='ltr'><strong>eorum</strong></span> <span class='ocrx_word' id='word_1_570' title='bbox 2476 1242 2674 1311; x_wconf 89' lang='lat' dir='ltr'><strong>scripta</strong></span> <span class='ocrx_word' id='word_1_571' title='bbox 2699 1241 2929 1297; x_wconf 86' lang='lat' dir='ltr'><strong>libenter</strong></span> <span class='ocrx_word' id='word_1_572' title='bbox 2961 1243 3162 1311; x_wconf 90' lang='lat' dir='ltr'><strong>lectito,</strong></span> <span class='ocrx_word' id='word_1_573' title='bbox 3212 1246 3303 1315; x_wconf 92' lang='lat' dir='ltr'><strong>qui</strong></span> <span class='ocrx_word' id='word_1_574' title='bbox 3333 1247 3458 1302; x_wconf 91' lang='lat' dir='ltr'><strong>dum</strong></span> <span class='ocrx_word' id='word_1_575' title='bbox 3490 1250 3830 1318; x_wconf 87' lang='lat' dir='ltr'><strong>antiquorum</strong></span> <span class='ocrx_word' id='word_1_576' title='bbox 3923 1275 3926 1278; x_wconf 60' lang='grc' dir='ltr'><em>ι</em></span> 
     </span>
    </p>
   </div>
   <div class='ocr_carea' id='block_1_73' title="bbox 2267 1331 3833 1396">
    <p class='ocr_par' dir='ltr' id='par_1_73' title="bbox 2267 1331 3833 1396">
     <span class='ocr_line' id='line_1_73' title="bbox 2267 1331 3833 1396; baseline 0.004 -10"><span class='ocrx_word' id='word_1_577' title='bbox 2267 1332 2407 1386; x_wconf 90' lang='lat' dir='ltr'><strong>dicta</strong></span> <span class='ocrx_word' id='word_1_578' title='bbox 2436 1331 2738 1396; x_wconf 88' lang='lat' dir='ltr'><strong>revolvunt,</strong></span> <span class='ocrx_word' id='word_1_579' title='bbox 2770 1349 2835 1388; x_wconf 79' lang='lat' dir='ltr'><strong>ex</strong></span> <span class='ocrx_word' id='word_1_580' title='bbox 2863 1333 3148 1388; x_wconf 91' lang='lat' dir='ltr'><strong>multorum</strong></span> <span class='ocrx_word' id='word_1_581' title='bbox 3177 1335 3406 1391; x_wconf 89' lang='lat' dir='ltr'><strong>lectione</strong></span> <span class='ocrx_word' id='word_1_582' title='bbox 3435 1338 3670 1393; x_wconf 89' lang='lat' dir='ltr'><strong>radicem</strong></span> <span class='ocrx_word' id='word_1_583' title='bbox 3695 1340 3833 1394; x_wconf 85' lang='lat' dir='ltr'><strong>veri-</strong></span> 
     </span>
    </p>
   </div>
   <div class='ocr_carea' id='block_1_74' title="bbox 2266 1417 3827 1493">
    <p class='ocr_par' dir='ltr' id='par_1_74' title="bbox 2266 1417 3827 1493">
     <span class='ocr_line' id='line_1_74' title="bbox 2266 1417 3827 1493; baseline 0.008 -24"><span class='ocrx_word' id='word_1_584' title='bbox 2266 1417 2390 1472; x_wconf 89' lang='lat' dir='ltr'><strong>tatis</strong></span> <span class='ocrx_word' id='word_1_585' title='bbox 2412 1417 2656 1472; x_wconf 87' lang='lat' dir='ltr'><strong>rimando</strong></span> <span class='ocrx_word' id='word_1_586' title='bbox 2679 1419 2974 1473; x_wconf 88' lang='lat' dir='ltr'><strong>inveniuut.</strong></span> <span class='ocrx_word' id='word_1_587' title='bbox 3009 1419 3220 1488; x_wconf 86' lang='lat' dir='ltr'><strong>Quanto</strong></span> <span class='ocrx_word' id='word_1_588' title='bbox 3252 1423 3392 1477; x_wconf 91' lang='lat' dir='ltr'><strong>enim</strong></span> <span class='ocrx_word' id='word_1_589' title='bbox 3421 1434 3546 1479; x_wconf 89' lang='lat' dir='ltr'><strong>sunt</strong></span> <span class='ocrx_word' id='word_1_590' title='bbox 3566 1425 3827 1493; x_wconf 81' lang='lat' dir='ltr'><strong>juniores.</strong></span> 
     </span>
    </p>
   </div>
   <div class='ocr_carea' id='block_1_75' title="bbox 2264 1508 3831 1586">
    <p class='ocr_par' dir='ltr' id='par_1_75' title="bbox 2264 1508 3831 1586">
     <span class='ocr_line' id='line_1_75' title="bbox 2264 1508 3831 1586; baseline 0.007 -24"><span class='ocrx_word' id='word_1_591' title='bbox 2264 1516 2412 1563; x_wconf 79' lang='lat' dir='ltr'><strong>tanto</strong></span> <span class='ocrx_word' id='word_1_592' title='bbox 2430 1508 2871 1579; x_wconf 88' lang='lat' dir='ltr'><strong>perspicaciores,</strong></span> <span class='ocrx_word' id='word_1_593' title='bbox 2897 1518 2948 1565; x_wconf 90' lang='lat' dir='ltr'><strong>et</strong></span> <span class='ocrx_word' id='word_1_594' title='bbox 2971 1526 3035 1567; x_wconf 88' lang='lat' dir='ltr'><strong>eo</strong></span> <span class='ocrx_word' id='word_1_595' title='bbox 3059 1513 3228 1582; x_wconf 83' lang='lat' dir='ltr'><strong>magis</strong></span> <span class='ocrx_word' id='word_1_596' title='bbox 3251 1513 3439 1569; x_wconf 68' lang='lat' dir='ltr'><strong>florent</strong></span> <span class='ocrx_word' id='word_1_597' title='bbox 3470 1516 3703 1586; x_wconf 87' lang='lat' dir='ltr'><strong>ingenio,</strong></span> <span class='ocrx_word' id='word_1_598' title='bbox 3725 1532 3831 1586; x_wconf 91' lang='lat' dir='ltr'><strong>quo</strong></span> 
     </span>
    </p>
   </div>
   <div class='ocr_carea' id='block_1_76' title="bbox 2263 1596 3826 1672">
    <p class='ocr_par' dir='ltr' id='par_1_76' title="bbox 2263 1596 3826 1672">
     <span class='ocr_line' id='line_1_76' title="bbox 2263 1596 3826 1672; baseline 0.007 -21"><span class='ocrx_word' id='word_1_599' title='bbox 2263 1599 2330 1652; x_wconf 91' lang='lat' dir='ltr'><strong>de</strong></span> <span class='ocrx_word' id='word_1_600' title='bbox 2349 1597 2590 1667; x_wconf 89' lang='lat' dir='ltr'><strong>pluribus</strong></span> <span class='ocrx_word' id='word_1_601' title='bbox 2611 1596 2849 1653; x_wconf 88' lang='lat' dir='ltr'><strong>fontibus</strong></span> <span class='ocrx_word' id='word_1_602' title='bbox 2871 1599 3187 1655; x_wconf 87' lang='lat' dir='ltr'><strong>hauserunt.</strong></span> <span class='ocrx_word' id='word_1_603' title='bbox 3236 1602 3402 1672; x_wconf 77' lang='lat' dir='ltr'><strong>igitur</strong></span> <span class='ocrx_word' id='word_1_604' title='bbox 3430 1620 3497 1660; x_wconf 82' lang='lat' dir='ltr'><strong>ex</strong></span> <span class='ocrx_word' id='word_1_605' title='bbox 3521 1605 3606 1661; x_wconf 88' lang='lat' dir='ltr'><strong>bis</strong></span> <span class='ocrx_word' id='word_1_606' title='bbox 3634 1606 3826 1672; x_wconf 88' lang='lat' dir='ltr'><strong>tribus,</strong></span> 
     </span>
    </p>
   </div>
   <div class='ocr_carea' id='block_1_77' title="bbox 2191 1682 3825 1771">
    <p class='ocr_par' dir='ltr' id='par_1_77' title="bbox 2191 1682 3825 1771">
     <span class='ocr_line' id='line_1_77' title="bbox 2191 1682 3825 1771; baseline 0.007 -28"><span class='ocrx_word' id='word_1_607' title='bbox 2191 1682 2243 1740; x_wconf 80' lang='grc' dir='ltr'><strong>’Β</strong></span> <span class='ocrx_word' id='word_1_608' title='bbox 2267 1708 2388 1762; x_wconf 82' lang='lat' dir='ltr'><strong>quae</strong></span> <span class='ocrx_word' id='word_1_609' title='bbox 2419 1693 2719 1762; x_wconf 83' lang='lat' dir='ltr'><strong>posuimus,</strong></span> <span class='ocrx_word' id='word_1_610' title='bbox 2746 1693 2875 1763; x_wconf 81' lang='lat' dir='ltr'><strong>quid</strong></span> <span class='ocrx_word' id='word_1_611' title='bbox 2899 1695 3075 1749; x_wconf 90' lang='lat' dir='ltr'><strong>verius</strong></span> <span class='ocrx_word' id='word_1_612' title='bbox 3107 1696 3195 1760; x_wconf 90' lang='lat' dir='ltr'><strong>sit,</strong></span> <span class='ocrx_word' id='word_1_613' title='bbox 3233 1711 3334 1767; x_wconf 84' lang='lat' dir='ltr'><strong>ego</strong></span> <span class='ocrx_word' id='word_1_614' title='bbox 3356 1712 3461 1752; x_wconf 90' lang='lat' dir='ltr'><strong>non</strong></span> <span class='ocrx_word' id='word_1_615' title='bbox 3489 1697 3702 1771; x_wconf 80' lang='lat' dir='ltr'><strong>indago,</strong></span> <span class='ocrx_word' id='word_1_616' title='bbox 3730 1715 3825 1756; x_wconf 89' lang='lat' dir='ltr'><strong>ne-</strong></span> 
     </span>
    </p>
   </div>
   <div class='ocr_carea' id='block_1_78' title="bbox 2265 1785 3826 1863">
    <p class='ocr_par' dir='ltr' id='par_1_78' title="bbox 2265 1785 3826 1863">
     <span class='ocr_line' id='line_1_78' title="bbox 2265 1785 3826 1863; baseline 0.004 -24"><span class='ocrx_word' id='word_1_617' title='bbox 2265 1800 2368 1854; x_wconf 91' lang='lat' dir='ltr'><strong>que</strong></span> <span class='ocrx_word' id='word_1_618' title='bbox 2405 1785 2630 1851; x_wconf 77' lang='lat' dir='ltr'><strong>dimnio,</strong></span> <span class='ocrx_word' id='word_1_619' title='bbox 2655 1800 2778 1841; x_wconf 85' lang='lat' dir='ltr'><strong>cum</strong></span> <span class='ocrx_word' id='word_1_620' title='bbox 2823 1787 2924 1841; x_wconf 90' lang='lat' dir='ltr'><strong>sim</strong></span> <span class='ocrx_word' id='word_1_621' title='bbox 2945 1789 3250 1858; x_wconf 88' lang='lat' dir='ltr'><strong>parvissimi</strong></span> <span class='ocrx_word' id='word_1_622' title='bbox 3301 1789 3551 1846; x_wconf 86' lang='lat' dir='ltr'><strong>bomulus</strong></span> <span class='ocrx_word' id='word_1_623' title='bbox 3605 1792 3826 1863; x_wconf 86' lang='lat' dir='ltr'><strong>ingenii,</strong></span> 
     </span>
    </p>
   </div>
   <div class='ocr_carea' id='block_1_79' title="bbox 2264 1876 3825 1954">
    <p class='ocr_par' dir='ltr' id='par_1_79' title="bbox 2264 1876 3825 1954">
     <span class='ocr_line' id='line_1_79' title="bbox 2264 1876 3825 1954; baseline 0.004 -23"><span class='ocrx_word' id='word_1_624' title='bbox 2264 1877 2357 1931; x_wconf 89' lang='lat' dir='ltr'><strong>sed</strong></span> <span class='ocrx_word' id='word_1_625' title='bbox 2393 1876 2613 1946; x_wconf 83' lang='lat' dir='ltr'><strong>Spiritui</strong></span> <span class='ocrx_word' id='word_1_626' title='bbox 2635 1887 2821 1934; x_wconf 87' lang='lat' dir='ltr'><strong>sancto</strong></span> <span class='ocrx_word' id='word_1_627' title='bbox 2843 1879 3106 1949; x_wconf 90' lang='lat' dir='ltr'><strong>relinquo,</strong></span> <span class='ocrx_word' id='word_1_628' title='bbox 3133 1881 3284 1949; x_wconf 81' lang='lat' dir='ltr'><strong>juxta</strong></span> <span class='ocrx_word' id='word_1_629' title='bbox 3319 1881 3485 1935; x_wconf 90' lang='lat' dir='ltr'><strong>illud:</strong></span> <span class='ocrx_word' id='word_1_630' title='bbox 3518 1880 3575 1937; x_wconf 88' lang='lat' dir='ltr'><strong>Si</strong></span> <span class='ocrx_word' id='word_1_631' title='bbox 3597 1883 3721 1954; x_wconf 81' lang='lat' dir='ltr'><strong>quid</strong></span> <span class='ocrx_word' id='word_1_632' title='bbox 3747 1901 3825 1938; x_wconf 80' lang='lat' dir='ltr'><strong>re-</strong></span> 
     </span>
    </p>
   </div>
   <div class='ocr_carea' id='block_1_80' title="bbox 2263 1969 3830 2049">
    <p class='ocr_par' dir='ltr' id='par_1_80' title="bbox 2263 1969 3830 2049">
     <span class='ocr_line' id='line_1_80' title="bbox 2263 1969 3830 2049; baseline 0.006 -27"><span class='ocrx_word' id='word_1_633' title='bbox 2263 1969 2474 2022; x_wconf 76' lang='lat' dir='ltr'><strong>siduum</strong></span> <span class='ocrx_word' id='word_1_634' title='bbox 2501 1979 2596 2033; x_wconf 81' lang='lat' dir='ltr'><strong>est,</strong></span> <span class='ocrx_word' id='word_1_635' title='bbox 2632 1969 2750 2040; x_wconf 82' lang='lat' dir='ltr'><strong>igne</strong></span> <span class='ocrx_word' id='word_1_636' title='bbox 2792 1972 3100 2026; x_wconf 74' lang='lat' dir='ltr'><strong>comburetis</strong></span> <span class='ocrx_word' id='word_1_637' title='bbox 3136 1972 3330 2043; x_wconf 73' lang='lat' dir='ltr'><strong>(Exod.</strong></span> <span class='ocrx_word' id='word_1_638' title='bbox 3375 1990 3472 2039; x_wconf 81' lang='lat' dir='ltr'><strong>xu,</strong></span> <span class='ocrx_word' id='word_1_639' title='bbox 3509 1976 3617 2049; x_wconf 75' lang='grc'><strong>10).</strong></span> <span class='ocrx_word' id='word_1_640' title='bbox 3689 1977 3830 2045; x_wconf 89' lang='lat' dir='ltr'><strong>Deus</strong></span> 
     </span>
    </p>
   </div>
   <div class='ocr_carea' id='block_1_81' title="bbox 2264 2061 3829 2136">
    <p class='ocr_par' dir='ltr' id='par_1_81' title="bbox 2264 2061 3829 2136">
     <span class='ocr_line' id='line_1_81' title="bbox 2264 2061 3829 2136; baseline 0.005 -23"><span class='ocrx_word' id='word_1_641' title='bbox 2264 2075 2494 2129; x_wconf 86' lang='lat' dir='ltr'><strong>namque</strong></span> <span class='ocrx_word' id='word_1_642' title='bbox 2524 2069 2607 2115; x_wconf 87' lang='lat' dir='ltr'><strong>est</strong></span> <span class='ocrx_word' id='word_1_643' title='bbox 2643 2061 2784 2132; x_wconf 85' lang='lat' dir='ltr'><strong>ignis</strong></span> <span class='ocrx_word' id='word_1_644' title='bbox 2807 2062 3090 2117; x_wconf 85' lang='lat' dir='ltr'><strong>invisibilis</strong></span> <span class='ocrx_word' id='word_1_645' title='bbox 3109 2070 3165 2118; x_wconf 88' lang='lat' dir='ltr'><strong>et</strong></span> <span class='ocrx_word' id='word_1_646' title='bbox 3204 2063 3572 2135; x_wconf 85' lang='lat' dir='ltr'><strong>incorporeus,</strong></span> <span class='ocrx_word' id='word_1_647' title='bbox 3609 2068 3698 2136; x_wconf 93' lang='lat' dir='ltr'><strong>qui</strong></span> <span class='ocrx_word' id='word_1_648' title='bbox 3734 2083 3829 2122; x_wconf 87' lang='lat' dir='ltr'><strong>no-</strong></span> 
     </span>
    </p>
   </div>
   <div class='ocr_carea' id='block_1_82' title="bbox 2261 2149 3829 2212">
    <p class='ocr_par' dir='ltr' id='par_1_82' title="bbox 2261 2149 3829 2212">
     <span class='ocr_line' id='line_1_82' title="bbox 2261 2149 3829 2212; baseline 0.004 -8"><span class='ocrx_word' id='word_1_649' title='bbox 2261 2149 2346 2204; x_wconf 88' lang='lat' dir='ltr'><strong>bis</strong></span> <span class='ocrx_word' id='word_1_650' title='bbox 2380 2150 2637 2206; x_wconf 90' lang='lat' dir='ltr'><strong>omniain</strong></span> <span class='ocrx_word' id='word_1_651' title='bbox 2685 2150 2773 2204; x_wconf 90' lang='lat' dir='ltr'><strong>illa</strong></span> <span class='ocrx_word' id='word_1_652' title='bbox 2817 2151 2934 2206; x_wconf 89' lang='lat' dir='ltr'><strong>luce</strong></span> <span class='ocrx_word' id='word_1_653' title='bbox 2965 2167 3108 2208; x_wconf 69' lang='lat' dir='ltr'><strong>vera:</strong></span> <span class='ocrx_word' id='word_1_654' title='bbox 3142 2153 3380 2212; x_wconf 77' lang='lat' dir='ltr'><strong>scientia:</strong></span> <span class='ocrx_word' id='word_1_655' title='bbox 3416 2155 3673 2210; x_wconf 87' lang='lat' dir='ltr'><strong>revelabit</strong></span> <span class='ocrx_word' id='word_1_656' title='bbox 3707 2156 3829 2210; x_wconf 84' lang='lat' dir='ltr'><strong>abs-</strong></span> 
     </span>
    </p>
   </div>
   <div class='ocr_carea' id='block_1_83' title="bbox 2263 2239 3824 2321">
    <p class='ocr_par' dir='ltr' id='par_1_83' title="bbox 2263 2239 3824 2321">
     <span class='ocr_line' id='line_1_83' title="bbox 2263 2239 3824 2321; baseline 0.004 -27"><span class='ocrx_word' id='word_1_657' title='bbox 2263 2240 2501 2294; x_wconf 89' lang='lat' dir='ltr'><strong>condita.</strong></span> <span class='ocrx_word' id='word_1_658' title='bbox 2560 2239 2675 2295; x_wconf 82' lang='lat' dir='ltr'><strong>Non</strong></span> <span class='ocrx_word' id='word_1_659' title='bbox 2707 2241 2886 2321; x_wconf 83' lang='lat' dir='ltr'><strong>solum</strong></span> <span class='ocrx_word' id='word_1_660' title='bbox 2908 2250 3087 2318; x_wconf 83' lang='lat' dir='ltr'><strong>autem</strong></span> <span class='ocrx_word' id='word_1_661' title='bbox 3133 2243 3197 2300; x_wconf 88' lang='lat' dir='ltr'><strong>de</strong></span> <span class='ocrx_word' id='word_1_662' title='bbox 3231 2255 3599 2300; x_wconf 88' lang='lat' dir='ltr'><strong>creaturarum</strong></span> <span class='ocrx_word' id='word_1_663' title='bbox 3628 2246 3824 2310; x_wconf 87' lang='lat' dir='ltr'><strong>causis,</strong></span> 
     </span>
    </p>
   </div>
   <div class='ocr_carea' id='block_1_84' title="bbox 2260 2329 3829 2406">
    <p class='ocr_par' dir='ltr' id='par_1_84' title="bbox 2260 2329 3829 2406">
     <span class='ocr_line' id='line_1_84' title="bbox 2260 2329 3829 2406; baseline 0.006 -22"><span class='ocrx_word' id='word_1_664' title='bbox 2260 2330 2353 2385; x_wconf 88' lang='lat' dir='ltr'><strong>sed</strong></span> <span class='ocrx_word' id='word_1_665' title='bbox 2373 2331 2536 2385; x_wconf 89' lang='lat' dir='ltr'><strong>etiam</strong></span> <span class='ocrx_word' id='word_1_666' title='bbox 2559 2329 2722 2401; x_wconf 90' lang='lat' dir='ltr'><strong>(quod</strong></span> <span class='ocrx_word' id='word_1_667' title='bbox 2745 2335 3086 2402; x_wconf 61' lang='lat' dir='ltr'><strong>praestantius</strong></span> <span class='ocrx_word' id='word_1_668' title='bbox 3108 2336 3210 2406; x_wconf 89' lang='lat' dir='ltr'><strong>est)</strong></span> <span class='ocrx_word' id='word_1_669' title='bbox 3235 2336 3299 2391; x_wconf 91' lang='lat' dir='ltr'><strong>de</strong></span> <span class='ocrx_word' id='word_1_670' title='bbox 3321 2338 3434 2406; x_wconf 83' lang='lat' dir='ltr'><strong>ipso</strong></span> <span class='ocrx_word' id='word_1_671' title='bbox 3450 2345 3698 2393; x_wconf 82' lang='lat' dir='ltr'><strong>creatore</strong></span> <span class='ocrx_word' id='word_1_672' title='bbox 3721 2337 3829 2393; x_wconf 88' lang='lat' dir='ltr'><strong>illic</strong></span> 
     </span>
    </p>
   </div>
   <div class='ocr_carea' id='block_1_85' title="bbox 2260 2419 3824 2492">
    <p class='ocr_par' dir='ltr' id='par_1_85' title="bbox 2260 2419 3824 2492">
     <span class='ocr_line' id='line_1_85' title="bbox 2260 2419 3824 2492; baseline 0.005 -18"><span class='ocrx_word' id='word_1_673' title='bbox 2260 2419 2413 2476; x_wconf 91' lang='lat' dir='ltr'><strong>nobis</strong></span> <span class='ocrx_word' id='word_1_674' title='bbox 2448 2421 2622 2492; x_wconf 89' lang='lat' dir='ltr'><strong>palam</strong></span> <span class='ocrx_word' id='word_1_675' title='bbox 2665 2425 3087 2480; x_wconf 83' lang='lat' dir='ltr'><strong>annuntiabitur.</strong></span> <span class='ocrx_word' id='word_1_676' title='bbox 3158 2424 3415 2482; x_wconf 90' lang='lat' dir='ltr'><strong>Conditor</strong></span> <span class='ocrx_word' id='word_1_677' title='bbox 3448 2427 3592 2481; x_wconf 91' lang='lat' dir='ltr'><strong>enim</strong></span> <span class='ocrx_word' id='word_1_678' title='bbox 3618 2435 3824 2492; x_wconf 88' lang='lat' dir='ltr'><strong>noster,</strong></span> 
     </span>
    </p>
   </div>
   <div class='ocr_carea' id='block_1_86' title="bbox 2259 2513 3828 2584">
    <p class='ocr_par' dir='ltr' id='par_1_86' title="bbox 2259 2513 3828 2584">
     <span class='ocr_line' id='line_1_86' title="bbox 2259 2513 3828 2584; baseline 0.006 -19"><span class='ocrx_word' id='word_1_679' title='bbox 2259 2527 2380 2566; x_wconf 88' lang='lat' dir='ltr'><strong>cum</strong></span> <span class='ocrx_word' id='word_1_680' title='bbox 2406 2513 2516 2583; x_wconf 92' lang='lat' dir='ltr'><strong>jam</strong></span> <span class='ocrx_word' id='word_1_681' title='bbox 2547 2513 2702 2571; x_wconf 86' lang='lat' dir='ltr'><strong>nobis</strong></span> <span class='ocrx_word' id='word_1_682' title='bbox 2733 2529 2830 2584; x_wconf 91' lang='lat' dir='ltr'><strong>per</strong></span> <span class='ocrx_word' id='word_1_683' title='bbox 2848 2515 3083 2584; x_wconf 89' lang='lat' dir='ltr'><strong>speciem</strong></span> <span class='ocrx_word' id='word_1_684' title='bbox 3118 2516 3454 2582; x_wconf 78' lang='lat' dir='ltr'><strong>ostendetur,</strong></span> <span class='ocrx_word' id='word_1_685' title='bbox 3493 2527 3619 2573; x_wconf 90' lang='lat' dir='ltr'><strong>tunc</strong></span> <span class='ocrx_word' id='word_1_686' title='bbox 3644 2517 3828 2574; x_wconf 50' lang='lat' dir='ltr'><strong>docto.</strong></span> 
     </span>
    </p>
   </div>
   <div class='ocr_carea' id='block_1_87' title="bbox 2260 2603 3827 2676">
    <p class='ocr_par' dir='ltr' id='par_1_87' title="bbox 2260 2603 3827 2676">
     <span class='ocr_line' id='line_1_87' title="bbox 2260 2603 3827 2676; baseline 0.006 -21"><span class='ocrx_word' id='word_1_687' title='bbox 2260 2618 2381 2656; x_wconf 89' lang='lat' dir='ltr'><strong>rum</strong></span> <span class='ocrx_word' id='word_1_688' title='bbox 2436 2603 2598 2657; x_wconf 89' lang='lat' dir='ltr'><strong>verba</strong></span> <span class='ocrx_word' id='word_1_689' title='bbox 2634 2603 3040 2659; x_wconf 85' lang='lat' dir='ltr'><strong>subtrahentur.</strong></span> <span class='ocrx_word' id='word_1_690' title='bbox 3102 2603 3221 2676; x_wconf 84' lang='lat' dir='ltr'><strong>Ipsa</strong></span> <span class='ocrx_word' id='word_1_691' title='bbox 3273 2605 3595 2662; x_wconf 81' lang='lat' dir='ltr'><strong>vivificatrix</strong></span> <span class='ocrx_word' id='word_1_692' title='bbox 3634 2607 3827 2672; x_wconf 79' lang='lat' dir='ltr'><strong>virtus,</strong></span> 
     </span>
    </p>
   </div>
   <div class='ocr_carea' id='block_1_88' title="bbox 2257 2696 3829 2769">
    <p class='ocr_par' dir='ltr' id='par_1_88' title="bbox 2257 2696 3829 2769">
     <span class='ocr_line' id='line_1_88' title="bbox 2257 2696 3829 2769; baseline 0.006 -23"><span class='ocrx_word' id='word_1_693' title='bbox 2257 2709 2378 2762; x_wconf 65' lang='lat' dir='ltr'><strong>qua:</strong></span> <span class='ocrx_word' id='word_1_694' title='bbox 2407 2696 2628 2762; x_wconf 87' lang='lat' dir='ltr'><strong>spiritus</strong></span> <span class='ocrx_word' id='word_1_695' title='bbox 2653 2696 2850 2751; x_wconf 78' lang='lat' dir='ltr'><strong>format</strong></span> <span class='ocrx_word' id='word_1_696' title='bbox 2869 2697 3203 2766; x_wconf 82' lang='lat' dir='ltr'><strong>angelorum,</strong></span> <span class='ocrx_word' id='word_1_697' title='bbox 3239 2699 3504 2767; x_wconf 89' lang='lat' dir='ltr'><strong>quomodo</strong></span> <span class='ocrx_word' id='word_1_698' title='bbox 3529 2699 3668 2753; x_wconf 89' lang='lat' dir='ltr'><strong>Deus</strong></span> <span class='ocrx_word' id='word_1_699' title='bbox 3695 2715 3829 2769; x_wconf 71' lang='lat' dir='ltr'><strong>prae-</strong></span> 
     </span>
    </p>
   </div>
   <div class='ocr_carea' id='block_1_89' title="bbox 2259 2785 3827 2860">
    <p class='ocr_par' dir='ltr' id='par_1_89' title="bbox 2259 2785 3827 2860">
     <span class='ocr_line' id='line_1_89' title="bbox 2259 2785 3827 2860; baseline 0.003 -21"><span class='ocrx_word' id='word_1_700' title='bbox 2259 2786 2328 2839; x_wconf 89' lang='lat' dir='ltr'><strong>sit</strong></span> <span class='ocrx_word' id='word_1_701' title='bbox 2358 2785 2543 2842; x_wconf 88' lang='lat' dir='ltr'><strong>electis</strong></span> <span class='ocrx_word' id='word_1_702' title='bbox 2576 2787 2885 2857; x_wconf 89' lang='lat' dir='ltr'><strong>spiritibus,</strong></span> <span class='ocrx_word' id='word_1_703' title='bbox 2919 2790 3231 2845; x_wconf 86' lang='lat' dir='ltr'><strong>insinuabit.</strong></span> <span class='ocrx_word' id='word_1_704' title='bbox 3298 2787 3577 2855; x_wconf 85' lang='lat' dir='ltr'><strong>Quomodo</strong></span> <span class='ocrx_word' id='word_1_705' title='bbox 3627 2789 3827 2860; x_wconf 86' lang='lat' dir='ltr'><strong>aliquid</strong></span> 
     </span>
    </p>
   </div>
   <div class='ocr_carea' id='block_1_90' title="bbox 2259 2879 3826 2947">
    <p class='ocr_par' dir='ltr' id='par_1_90' title="bbox 2259 2879 3826 2947">
     <span class='ocr_line' id='line_1_90' title="bbox 2259 2879 3826 2947; baseline 0.002 -17"><span class='ocrx_word' id='word_1_706' title='bbox 2259 2893 2356 2932; x_wconf 92' lang='lat' dir='ltr'><strong>nos</strong></span> <span class='ocrx_word' id='word_1_707' title='bbox 2379 2879 2575 2947; x_wconf 86' lang='lat' dir='ltr'><strong>poterit</strong></span> <span class='ocrx_word' id='word_1_708' title='bbox 2598 2880 2784 2944; x_wconf 89' lang='lat' dir='ltr'><strong>latere,</strong></span> <span class='ocrx_word' id='word_1_709' title='bbox 2833 2895 2954 2935; x_wconf 89' lang='lat' dir='ltr'><strong>cum</strong></span> <span class='ocrx_word' id='word_1_710' title='bbox 2993 2880 3133 2934; x_wconf 92' lang='lat' dir='ltr'><strong>Deus</strong></span> <span class='ocrx_word' id='word_1_711' title='bbox 3163 2894 3327 2933; x_wconf 89' lang='lat' dir='ltr'><strong>causa</strong></span> <span class='ocrx_word' id='word_1_712' title='bbox 3358 2894 3665 2946; x_wconf 89' lang='lat' dir='ltr'><strong>causarum,</strong></span> <span class='ocrx_word' id='word_1_713' title='bbox 3718 2879 3826 2934; x_wconf 88' lang='lat' dir='ltr'><strong>vita</strong></span> 
     </span>
    </p>
   </div>
   <div class='ocr_carea' id='block_1_91' title="bbox 2257 2969 3828 3040">
    <p class='ocr_par' dir='ltr' id='par_1_91' title="bbox 2257 2969 3828 3040">
     <span class='ocr_line' id='line_1_91' title="bbox 2257 2969 3828 3040; baseline 0.002 -20"><span class='ocrx_word' id='word_1_714' title='bbox 2257 2969 2570 3033; x_wconf 82' lang='lat' dir='ltr'><strong>viventium,</strong></span> <span class='ocrx_word' id='word_1_715' title='bbox 2617 2977 2672 3024; x_wconf 88' lang='lat' dir='ltr'><strong>et</strong></span> <span class='ocrx_word' id='word_1_716' title='bbox 2695 2971 2833 3025; x_wconf 90' lang='lat' dir='ltr'><strong>ratio</strong></span> <span class='ocrx_word' id='word_1_717' title='bbox 2865 2969 3258 3038; x_wconf 86' lang='lat' dir='ltr'><strong>rationabilium</strong></span> <span class='ocrx_word' id='word_1_718' title='bbox 3291 2972 3638 3040; x_wconf 88' lang='lat' dir='ltr'><strong>semetipsum</strong></span> <span class='ocrx_word' id='word_1_719' title='bbox 3675 2970 3828 3026; x_wconf 86' lang='lat' dir='ltr'><strong>nobis</strong></span> 
     </span>
    </p>
   </div>
   <div class='ocr_carea' id='block_1_92' title="bbox 2261 3058 3829 3131">
    <p class='ocr_par' dir='ltr' id='par_1_92' title="bbox 2261 3058 3829 3131">
     <span class='ocr_line' id='line_1_92' title="bbox 2261 3058 3829 3131; baseline -0.001 -17"><span class='ocrx_word' id='word_1_720' title='bbox 2261 3059 2407 3114; x_wconf 86' lang='lat' dir='ltr'><strong>clara</strong></span> <span class='ocrx_word' id='word_1_721' title='bbox 2436 3059 2639 3115; x_wconf 87' lang='lat' dir='ltr'><strong>visione</strong></span> <span class='ocrx_word' id='word_1_722' title='bbox 2669 3058 3049 3124; x_wconf 86' lang='lat' dir='ltr'><strong>manifestabit,</strong></span> <span class='ocrx_word' id='word_1_723' title='bbox 3074 3061 3184 3131; x_wconf 85' lang='lat' dir='ltr'><strong>jam</strong></span> <span class='ocrx_word' id='word_1_724' title='bbox 3210 3061 3422 3131; x_wconf 91' lang='lat' dir='ltr'><strong>penitus</strong></span> <span class='ocrx_word' id='word_1_725' title='bbox 3446 3063 3658 3117; x_wconf 87' lang='lat' dir='ltr'><strong>detersa</strong></span> <span class='ocrx_word' id='word_1_726' title='bbox 3688 3074 3829 3113; x_wconf 88' lang='lat' dir='ltr'><strong>men-</strong></span> 
     </span>
    </p>
   </div>
   <div class='ocr_carea' id='block_1_93' title="bbox 2263 3149 3826 3222">
    <p class='ocr_par' dir='ltr' id='par_1_93' title="bbox 2263 3149 3826 3222">
     <span class='ocr_line' id='line_1_93' title="bbox 2263 3149 3826 3222; baseline 0 -18"><span class='ocrx_word' id='word_1_727' title='bbox 2263 3151 2332 3205; x_wconf 90' lang='lat' dir='ltr'><strong>tis</strong></span> <span class='ocrx_word' id='word_1_728' title='bbox 2364 3158 2563 3206; x_wconf 76' lang='lat' dir='ltr'><strong>nostra:</strong></span> <span class='ocrx_word' id='word_1_729' title='bbox 2597 3149 2859 3222; x_wconf 84' lang='lat' dir='ltr'><strong>caligine?</strong></span> <span class='ocrx_word' id='word_1_730' title='bbox 2905 3150 3017 3208; x_wconf 82' lang='lat' dir='ltr'><strong>Hoc</strong></span> <span class='ocrx_word' id='word_1_731' title='bbox 3052 3159 3231 3206; x_wconf 89' lang='lat' dir='ltr'><strong>autem</strong></span> <span class='ocrx_word' id='word_1_732' title='bbox 3287 3160 3372 3208; x_wconf 89' lang='lat' dir='ltr'><strong>est</strong></span> <span class='ocrx_word' id='word_1_733' title='bbox 3421 3150 3560 3220; x_wconf 89' lang='lat' dir='ltr'><strong>quod</strong></span> <span class='ocrx_word' id='word_1_734' title='bbox 3619 3149 3826 3205; x_wconf 71' lang='lat' dir='ltr'><strong>Veritas</strong></span> 
     </span>
    </p>
   </div>
   <div class='ocr_carea' id='block_1_94' title="bbox 2264 3238 3828 3310">
    <p class='ocr_par' dir='ltr' id='par_1_94' title="bbox 2264 3238 3828 3310">
     <span class='ocr_line' id='line_1_94' title="bbox 2264 3238 3828 3310; baseline -0.001 -16"><span class='ocrx_word' id='word_1_735' title='bbox 2264 3241 2421 3294; x_wconf 88' lang='lat' dir='ltr'><strong>dicit:</strong></span> <span class='ocrx_word' id='word_1_736' title='bbox 2476 3238 2622 3293; x_wconf 85' lang='lat' dir='ltr'><strong>Venit</strong></span> <span class='ocrx_word' id='word_1_737' title='bbox 2642 3241 2793 3306; x_wconf 85' lang='lat' dir='ltr'><strong>hora,</strong></span> <span class='ocrx_word' id='word_1_738' title='bbox 2831 3257 2949 3294; x_wconf 85' lang='lat' dir='ltr'><strong>cum</strong></span> <span class='ocrx_word' id='word_1_739' title='bbox 2968 3243 3091 3310; x_wconf 86' lang='lat' dir='ltr'><strong>jam</strong></span> <span class='ocrx_word' id='word_1_740' title='bbox 3111 3259 3214 3296; x_wconf 84' lang='lat' dir='ltr'><strong>non</strong></span> <span class='ocrx_word' id='word_1_741' title='bbox 3247 3243 3303 3295; x_wconf 86' lang='lat' dir='ltr'><strong>in</strong></span> <span class='ocrx_word' id='word_1_742' title='bbox 3339 3239 3616 3310; x_wconf 73' lang='lat' dir='ltr'><strong>proverbiis</strong></span> <span class='ocrx_word' id='word_1_743' title='bbox 3640 3239 3828 3306; x_wconf 73' lang='lat' dir='ltr'><strong>loquar</strong></span> 
     </span>
    </p>
   </div>
   <div class='ocr_carea' id='block_1_95' title="bbox 2262 3329 3825 3401">
    <p class='ocr_par' dir='ltr' id='par_1_95' title="bbox 2262 3329 3825 3401">
     <span class='ocr_line' id='line_1_95' title="bbox 2262 3329 3825 3401; baseline 0.003 -19"><span class='ocrx_word' id='word_1_744' title='bbox 2262 3330 2422 3394; x_wconf 69' lang='lat' dir='ltr'><strong>vobis,</strong></span> <span class='ocrx_word' id='word_1_745' title='bbox 2466 3334 2556 3383; x_wconf 80' lang='lat' dir='ltr'><strong>sed</strong></span> <span class='ocrx_word' id='word_1_746' title='bbox 2595 3329 2773 3400; x_wconf 82' lang='lat' dir='ltr'><strong>palam</strong></span> <span class='ocrx_word' id='word_1_747' title='bbox 2821 3330 3148 3385; x_wconf 83' lang='lat' dir='ltr'><strong>annuntiabit</strong></span> <span class='ocrx_word' id='word_1_748' title='bbox 3182 3330 3322 3384; x_wconf 78' lang='lat' dir='ltr'><strong>vobis</strong></span> <span class='ocrx_word' id='word_1_749' title='bbox 3349 3329 3530 3401; x_wconf 77' lang='lat' dir='ltr'><strong>(Joan.</strong></span> <span class='ocrx_word' id='word_1_750' title='bbox 3557 3347 3641 3384; x_wconf 78' lang='lat' dir='ltr'><strong>xvi</strong></span> <span class='ocrx_word' id='word_1_751' title='bbox 3663 3372 3678 3396; x_wconf 90' lang='lat'><strong>,</strong></span> <span class='ocrx_word' id='word_1_752' title='bbox 3708 3331 3825 3401; x_wconf 70' lang='lat'><strong>25).</strong></span> 
     </span>
    </p>
   </div>
   <div class='ocr_carea' id='block_1_96' title="bbox 2262 3418 3826 3491">
    <p class='ocr_par' dir='ltr' id='par_1_96' title="bbox 2262 3418 3826 3491">
     <span class='ocr_line' id='line_1_96' title="bbox 2262 3418 3826 3491; baseline 0.003 -19"><span class='ocrx_word' id='word_1_753' title='bbox 2262 3419 2447 3473; x_wconf 87' lang='lat' dir='ltr'><strong>Palam</strong></span> <span class='ocrx_word' id='word_1_754' title='bbox 2483 3420 2677 3490; x_wconf 88' lang='lat' dir='ltr'><strong>quippe</strong></span> <span class='ocrx_word' id='word_1_755' title='bbox 2709 3420 2772 3474; x_wconf 91' lang='lat' dir='ltr'><strong>de</strong></span> <span class='ocrx_word' id='word_1_756' title='bbox 2807 3418 2966 3474; x_wconf 84' lang='lat' dir='ltr'><strong>Patre</strong></span> <span class='ocrx_word' id='word_1_757' title='bbox 3010 3434 3068 3474; x_wconf 90' lang='lat' dir='ltr'><strong>se</strong></span> <span class='ocrx_word' id='word_1_758' title='bbox 3103 3421 3419 3475; x_wconf 87' lang='lat' dir='ltr'><strong>annuntiare</strong></span> <span class='ocrx_word' id='word_1_759' title='bbox 3467 3418 3681 3488; x_wconf 82' lang='lat' dir='ltr'><strong>asserit,</strong></span> <span class='ocrx_word' id='word_1_760' title='bbox 3734 3422 3826 3491; x_wconf 89' lang='lat' dir='ltr'><strong>qui</strong></span> 
     </span>
    </p>
   </div>
   <div class='ocr_carea' id='block_1_97' title="bbox 2262 3506 3826 3581">
    <p class='ocr_par' dir='ltr' id='par_1_97' title="bbox 2262 3506 3826 3581">
     <span class='ocr_line' id='line_1_97' title="bbox 2262 3506 3826 3581; baseline 0.001 -20"><span class='ocrx_word' id='word_1_761' title='bbox 2262 3522 2360 3575; x_wconf 80' lang='lat' dir='ltr'><strong>per</strong></span> <span class='ocrx_word' id='word_1_762' title='bbox 2381 3506 2708 3578; x_wconf 79' lang='lat' dir='ltr'><strong>patefactam</strong></span> <span class='ocrx_word' id='word_1_763' title='bbox 2735 3524 2844 3565; x_wconf 70' lang='lat' dir='ltr'><strong>sua:</strong></span> <span class='ocrx_word' id='word_1_764' title='bbox 2873 3507 3168 3578; x_wconf 81' lang='lat' dir='ltr'><strong>majestatis</strong></span> <span class='ocrx_word' id='word_1_765' title='bbox 3191 3511 3445 3581; x_wconf 88' lang='lat' dir='ltr'><strong>speciem,</strong></span> <span class='ocrx_word' id='word_1_766' title='bbox 3484 3520 3540 3566; x_wconf 90' lang='lat' dir='ltr'><strong>et</strong></span> <span class='ocrx_word' id='word_1_767' title='bbox 3559 3511 3826 3581; x_wconf 89' lang='lat' dir='ltr'><strong>quomodo</strong></span> 
     </span>
    </p>
   </div>
   <div class='ocr_carea' id='block_1_98' title="bbox 2261 3600 3827 3671">
    <p class='ocr_par' dir='ltr' id='par_1_98' title="bbox 2261 3600 3827 3671">
     <span class='ocr_line' id='line_1_98' title="bbox 2261 3600 3827 3671; baseline 0 -17"><span class='ocrx_word' id='word_1_768' title='bbox 2261 3601 2374 3670; x_wconf 86' lang='lat' dir='ltr'><strong>ipse</strong></span> <span class='ocrx_word' id='word_1_769' title='bbox 2401 3600 2636 3671; x_wconf 86' lang='lat' dir='ltr'><strong>gignenti</strong></span> <span class='ocrx_word' id='word_1_770' title='bbox 2663 3600 2838 3670; x_wconf 90' lang='lat' dir='ltr'><strong>impar</strong></span> <span class='ocrx_word' id='word_1_771' title='bbox 2867 3616 2972 3655; x_wconf 92' lang='lat' dir='ltr'><strong>non</strong></span> <span class='ocrx_word' id='word_1_772' title='bbox 3002 3601 3090 3666; x_wconf 90' lang='lat' dir='ltr'><strong>sit,</strong></span> <span class='ocrx_word' id='word_1_773' title='bbox 3116 3609 3169 3657; x_wconf 90' lang='lat' dir='ltr'><strong>et</strong></span> <span class='ocrx_word' id='word_1_774' title='bbox 3190 3602 3455 3670; x_wconf 88' lang='lat' dir='ltr'><strong>quomodo</strong></span> <span class='ocrx_word' id='word_1_775' title='bbox 3478 3612 3827 3668; x_wconf 87' lang='lat' dir='ltr'><strong>utrorumque</strong></span> 
     </span>
    </p>
   </div>
   <div class='ocr_carea' id='block_1_99' title="bbox 2261 3688 3824 3760">
    <p class='ocr_par' dir='ltr' id='par_1_99' title="bbox 2261 3688 3824 3760">
     <span class='ocr_line' id='line_1_99' title="bbox 2261 3688 3824 3760; baseline 0.001 -15"><span class='ocrx_word' id='word_1_776' title='bbox 2261 3692 2479 3760; x_wconf 89' lang='lat' dir='ltr'><strong>spiritus</strong></span> <span class='ocrx_word' id='word_1_777' title='bbox 2501 3692 2713 3760; x_wconf 90' lang='lat' dir='ltr'><strong>utrique</strong></span> <span class='ocrx_word' id='word_1_778' title='bbox 2735 3699 3029 3745; x_wconf 76' lang='lat' dir='ltr'><strong>cozeternus</strong></span> <span class='ocrx_word' id='word_1_779' title='bbox 3041 3693 3314 3759; x_wconf 87' lang='lat' dir='ltr'><strong>procedat,</strong></span> <span class='ocrx_word' id='word_1_780' title='bbox 3339 3691 3589 3747; x_wconf 88' lang='lat' dir='ltr'><strong>ostendit.</strong></span> <span class='ocrx_word' id='word_1_781' title='bbox 3625 3688 3824 3759; x_wconf 67' lang='lat' dir='ltr'><strong>Aperte</strong></span> 
     </span>
    </p>
   </div>
   <div class='ocr_carea' id='block_1_100' title="bbox 2261 3779 3825 3851">
    <p class='ocr_par' dir='ltr' id='par_1_100' title="bbox 2261 3779 3825 3851">
     <span class='ocr_line' id='line_1_100' title="bbox 2261 3779 3825 3851; baseline 0.002 -19"><span class='ocrx_word' id='word_1_782' title='bbox 2261 3795 2493 3848; x_wconf 89' lang='lat' dir='ltr'><strong>namque</strong></span> <span class='ocrx_word' id='word_1_783' title='bbox 2517 3787 2642 3834; x_wconf 93' lang='lat' dir='ltr'><strong>tunc</strong></span> <span class='ocrx_word' id='word_1_784' title='bbox 2663 3779 2981 3845; x_wconf 88' lang='lat' dir='ltr'><strong>videbimus,</strong></span> <span class='ocrx_word' id='word_1_785' title='bbox 3005 3779 3269 3848; x_wconf 87' lang='lat' dir='ltr'><strong>quomodo</strong></span> <span class='ocrx_word' id='word_1_786' title='bbox 3295 3780 3416 3846; x_wconf 89' lang='lat' dir='ltr'><strong>hoc,</strong></span> <span class='ocrx_word' id='word_1_787' title='bbox 3441 3780 3583 3851; x_wconf 85' lang='lat' dir='ltr'><strong>quod</strong></span> <span class='ocrx_word' id='word_1_788' title='bbox 3604 3779 3825 3835; x_wconf 86' lang='lat' dir='ltr'><strong>orieudo</strong></span> 
     </span>
    </p>
   </div>
   <div class='ocr_carea' id='block_1_101' title="bbox 2260 3869 3828 3942">
    <p class='ocr_par' dir='ltr' id='par_1_101' title="bbox 2260 3869 3828 3942">
     <span class='ocr_line' id='line_1_101' title="bbox 2260 3869 3828 3942; baseline 0.003 -20"><span class='ocrx_word' id='word_1_789' title='bbox 2260 3878 2361 3933; x_wconf 89' lang='lat' dir='ltr'><strong>est,</strong></span> <span class='ocrx_word' id='word_1_790' title='bbox 2386 3870 2455 3934; x_wconf 88' lang='lat' dir='ltr'><strong>ei,</strong></span> <span class='ocrx_word' id='word_1_791' title='bbox 2492 3869 2557 3924; x_wconf 92' lang='lat' dir='ltr'><strong>de</strong></span> <span class='ocrx_word' id='word_1_792' title='bbox 2579 3884 2685 3938; x_wconf 91' lang='lat' dir='ltr'><strong>quo</strong></span> <span class='ocrx_word' id='word_1_793' title='bbox 2708 3869 2898 3934; x_wconf 88' lang='lat' dir='ltr'><strong>oritur,</strong></span> <span class='ocrx_word' id='word_1_794' title='bbox 2930 3871 3260 3939; x_wconf 88' lang='lat' dir='ltr'><strong>subsequens</strong></span> <span class='ocrx_word' id='word_1_795' title='bbox 3287 3887 3390 3926; x_wconf 91' lang='lat' dir='ltr'><strong>non</strong></span> <span class='ocrx_word' id='word_1_796' title='bbox 3423 3880 3534 3937; x_wconf 85' lang='lat' dir='ltr'><strong>est;</strong></span> <span class='ocrx_word' id='word_1_797' title='bbox 3559 3872 3828 3942; x_wconf 85' lang='lat' dir='ltr'><strong>quomodo</strong></span> 
     </span>
    </p>
   </div>
   <div class='ocr_carea' id='block_1_102' title="bbox 2262 3959 3828 4032">
    <p class='ocr_par' dir='ltr' id='par_1_102' title="bbox 2262 3959 3828 4032">
     <span class='ocr_line' id='line_1_102' title="bbox 2262 3959 3828 4032; baseline 0.002 -20"><span class='ocrx_word' id='word_1_798' title='bbox 2262 3960 2328 4024; x_wconf 92' lang='lat' dir='ltr'><strong>is,</strong></span> <span class='ocrx_word' id='word_1_799' title='bbox 2378 3960 2466 4029; x_wconf 91' lang='lat' dir='ltr'><strong>qui</strong></span> <span class='ocrx_word' id='word_1_800' title='bbox 2499 3975 2592 4029; x_wconf 89' lang='lat' dir='ltr'><strong>per</strong></span> <span class='ocrx_word' id='word_1_801' title='bbox 2625 3961 3022 4030; x_wconf 90' lang='lat' dir='ltr'><strong>processionem</strong></span> <span class='ocrx_word' id='word_1_802' title='bbox 3066 3959 3395 4032; x_wconf 91' lang='lat' dir='ltr'><strong>producitur,</strong></span> <span class='ocrx_word' id='word_1_803' title='bbox 3445 3978 3474 4017; x_wconf 89' lang='lat' dir='ltr'><strong>a</strong></span> <span class='ocrx_word' id='word_1_804' title='bbox 3506 3960 3828 4032; x_wconf 82' lang='lat' dir='ltr'><strong>proferenti-</strong></span> 
     </span>
    </p>
   </div>
   <div class='ocr_carea' id='block_1_103' title="bbox 2262 4048 3826 4120">
    <p class='ocr_par' dir='ltr' id='par_1_103' title="bbox 2262 4048 3826 4120">
     <span class='ocr_line' id='line_1_103' title="bbox 2262 4048 3826 4120; baseline 0.001 -18"><span class='ocrx_word' id='word_1_805' title='bbox 2262 4048 2360 4103; x_wconf 87' lang='lat' dir='ltr'><strong>bus</strong></span> <span class='ocrx_word' id='word_1_806' title='bbox 2381 4064 2490 4104; x_wconf 83' lang='lat' dir='ltr'><strong>non</strong></span> <span class='ocrx_word' id='word_1_807' title='bbox 2516 4050 2757 4120; x_wconf 69' lang='lat' dir='ltr'><strong>prmitur.</strong></span> <span class='ocrx_word' id='word_1_808' title='bbox 2831 4048 3027 4120; x_wconf 80' lang='lat' dir='ltr'><strong>Aperte</strong></span> <span class='ocrx_word' id='word_1_809' title='bbox 3056 4058 3179 4105; x_wconf 92' lang='lat' dir='ltr'><strong>tunc</strong></span> <span class='ocrx_word' id='word_1_810' title='bbox 3205 4051 3522 4114; x_wconf 89' lang='lat' dir='ltr'><strong>videbimus,</strong></span> <span class='ocrx_word' id='word_1_811' title='bbox 3561 4049 3826 4120; x_wconf 87' lang='lat' dir='ltr'><strong>quomodo</strong></span> 
     </span>
    </p>
   </div>
   <div class='ocr_carea' id='block_1_104' title="bbox 2260 4138 3826 4203">
    <p class='ocr_par' dir='ltr' id='par_1_104' title="bbox 2260 4138 3826 4203">
     <span class='ocr_line' id='line_1_104' title="bbox 2260 4138 3826 4203; baseline 0 -13"><span class='ocrx_word' id='word_1_812' title='bbox 2260 4147 2315 4190; x_wconf 88' lang='lat' dir='ltr'><strong>et</strong></span> <span class='ocrx_word' id='word_1_813' title='bbox 2350 4154 2511 4192; x_wconf 91' lang='lat' dir='ltr'><strong>unum</strong></span> <span class='ocrx_word' id='word_1_814' title='bbox 2537 4138 2876 4194; x_wconf 87' lang='lat' dir='ltr'><strong>divisibiliter</strong></span> <span class='ocrx_word' id='word_1_815' title='bbox 2925 4139 3026 4195; x_wconf 84' lang='lat' dir='ltr'><strong>tria</strong></span> <span class='ocrx_word' id='word_1_816' title='bbox 3055 4140 3183 4203; x_wconf 90' lang='lat' dir='ltr'><strong>sint,</strong></span> <span class='ocrx_word' id='word_1_817' title='bbox 3216 4147 3269 4193; x_wconf 92' lang='lat' dir='ltr'><strong>et</strong></span> <span class='ocrx_word' id='word_1_818' title='bbox 3301 4139 3694 4195; x_wconf 89' lang='lat' dir='ltr'><strong>indivisibiliter</strong></span> <span class='ocrx_word' id='word_1_819' title='bbox 3725 4138 3826 4192; x_wconf 88' lang='lat' dir='ltr'><strong>tria</strong></span> 
     </span>
    </p>
   </div>
   <div class='ocr_carea' id='block_1_105' title="bbox 2260 4227 3828 4302">
    <p class='ocr_par' dir='ltr' id='par_1_105' title="bbox 2260 4227 3828 4302">
     <span class='ocr_line' id='line_1_105' title="bbox 2260 4227 3828 4302; baseline 0 -20"><span class='ocrx_word' id='word_1_820' title='bbox 2260 4246 2446 4287; x_wconf 89' lang='lat' dir='ltr'><strong>unum.</strong></span> <span class='ocrx_word' id='word_1_821' title='bbox 2506 4229 2708 4302; x_wconf 88' lang='lat' dir='ltr'><strong>Lingua</strong></span> <span class='ocrx_word' id='word_1_822' title='bbox 2752 4240 2878 4285; x_wconf 90' lang='lat' dir='ltr'><strong>tunc</strong></span> <span class='ocrx_word' id='word_1_823' title='bbox 2908 4229 3176 4284; x_wconf 89' lang='lat' dir='ltr'><strong>narrantis</strong></span> <span class='ocrx_word' id='word_1_824' title='bbox 3222 4227 3316 4282; x_wconf 88' lang='lat' dir='ltr'><strong>Dei</strong></span> <span class='ocrx_word' id='word_1_825' title='bbox 3373 4236 3475 4293; x_wconf 90' lang='lat' dir='ltr'><strong>est,</strong></span> <span class='ocrx_word' id='word_1_826' title='bbox 3524 4229 3636 4283; x_wconf 86' lang='lat' dir='ltr'><strong>visa</strong></span> <span class='ocrx_word' id='word_1_827' title='bbox 3668 4228 3828 4282; x_wconf 81' lang='lat' dir='ltr'><strong>clari-</strong></span> 
     </span>
    </p>
   </div>
   <div class='ocr_carea' id='block_1_106' title="bbox 2262 4318 3822 4388">
    <p class='ocr_par' dir='ltr' id='par_1_106' title="bbox 2262 4318 3822 4388">
     <span class='ocr_line' id='line_1_106' title="bbox 2262 4318 3822 4388; baseline -0.001 -13"><span class='ocrx_word' id='word_1_828' title='bbox 2262 4331 2358 4376; x_wconf 88' lang='lat' dir='ltr'><strong>tas</strong></span> <span class='ocrx_word' id='word_1_829' title='bbox 2403 4322 2750 4376; x_wconf 84' lang='lat' dir='ltr'><strong>sublevantis.</strong></span> <span class='ocrx_word' id='word_1_830' title='bbox 2806 4320 2957 4375; x_wconf 92' lang='lat' dir='ltr'><strong>Unde</strong></span> <span class='ocrx_word' id='word_1_831' title='bbox 2988 4334 3101 4383; x_wconf 91' lang='lat' dir='ltr'><strong>eos,</strong></span> <span class='ocrx_word' id='word_1_832' title='bbox 3149 4319 3239 4388; x_wconf 88' lang='lat' dir='ltr'><strong>qui</strong></span> <span class='ocrx_word' id='word_1_833' title='bbox 3292 4318 3456 4372; x_wconf 88' lang='lat' dir='ltr'><strong>D&#39;cum</strong></span> <span class='ocrx_word' id='word_1_834' title='bbox 3515 4319 3713 4384; x_wconf 84' lang='lat' dir='ltr'><strong>dicunt,</strong></span> <span class='ocrx_word' id='word_1_835' title='bbox 3767 4319 3822 4374; x_wconf 92' lang='lat' dir='ltr'><strong>in</strong></span> 
     </span>
    </p>
   </div>
   <div class='ocr_carea' id='block_1_107' title="bbox 2260 4409 3818 4481">
    <p class='ocr_par' dir='ltr' id='par_1_107' title="bbox 2260 4409 3818 4481">
     <span class='ocr_line' id='line_1_107' title="bbox 2260 4409 3818 4481; baseline -0.001 -15"><span class='ocrx_word' id='word_1_836' title='bbox 2260 4413 2348 4467; x_wconf 85' lang='lat' dir='ltr'><strong>illa</strong></span> <span class='ocrx_word' id='word_1_837' title='bbox 2380 4427 2590 4481; x_wconf 90' lang='lat' dir='ltr'><strong>quoque</strong></span> <span class='ocrx_word' id='word_1_838' title='bbox 2613 4409 2955 4464; x_wconf 86' lang='lat' dir='ltr'><strong>beatitudinis</strong></span> <span class='ocrx_word' id='word_1_839' title='bbox 2999 4409 3214 4480; x_wconf 82' lang='lat' dir='ltr'><strong>regione</strong></span> <span class='ocrx_word' id='word_1_840' title='bbox 3251 4409 3303 4463; x_wconf 90' lang='lat' dir='ltr'><strong>in</strong></span> <span class='ocrx_word' id='word_1_841' title='bbox 3333 4409 3575 4465; x_wconf 90' lang='lat' dir='ltr'><strong>claritate</strong></span> <span class='ocrx_word' id='word_1_842' title='bbox 3604 4410 3818 4480; x_wconf 90' lang='lat' dir='ltr'><strong>quidem</strong></span> 
     </span>
    </p>
   </div>
   <div class='ocr_carea' id='block_1_108' title="bbox 2260 4495 3816 4572">
    <p class='ocr_par' dir='ltr' id='par_1_108' title="bbox 2260 4495 3816 4572">
     <span class='ocr_line' id='line_1_108' title="bbox 2260 4495 3816 4572; baseline 0.001 -17"><span class='ocrx_word' id='word_1_843' title='bbox 2260 4517 2355 4555; x_wconf 90' lang='lat' dir='ltr'><strong>sua</strong></span> <span class='ocrx_word' id='word_1_844' title='bbox 2407 4500 2666 4568; x_wconf 90' lang='lat' dir='ltr'><strong>conspici,</strong></span> <span class='ocrx_word' id='word_1_845' title='bbox 2718 4495 2811 4552; x_wconf 85' lang='lat' dir='ltr'><strong>sed</strong></span> <span class='ocrx_word' id='word_1_846' title='bbox 2858 4499 2911 4554; x_wconf 91' lang='lat' dir='ltr'><strong>in</strong></span> <span class='ocrx_word' id='word_1_847' title='bbox 2939 4509 3128 4556; x_wconf 86' lang='lat' dir='ltr'><strong>natura</strong></span> <span class='ocrx_word' id='word_1_848' title='bbox 3180 4501 3399 4557; x_wconf 87' lang='lat' dir='ltr'><strong>minime</strong></span> <span class='ocrx_word' id='word_1_849' title='bbox 3426 4503 3593 4556; x_wconf 88' lang='lat' dir='ltr'><strong>videri</strong></span> <span class='ocrx_word' id='word_1_850' title='bbox 3636 4515 3816 4572; x_wconf 89' lang='lat' dir='ltr'><strong>posse,</strong></span> 
     </span>
    </p>
   </div>
   <div class='ocr_carea' id='block_1_109' title="bbox 2261 4589 3825 4660">
    <p class='ocr_par' dir='ltr' id='par_1_109' title="bbox 2261 4589 3825 4660">
     <span class='ocr_line' id='line_1_109' title="bbox 2261 4589 3825 4660; baseline 0 -16"><span class='ocrx_word' id='word_1_851' title='bbox 2261 4590 2437 4644; x_wconf 89' lang='lat' dir='ltr'><strong>minor</strong></span> <span class='ocrx_word' id='word_1_852' title='bbox 2479 4589 2839 4660; x_wconf 88' lang='lat' dir='ltr'><strong>inquisitionis</strong></span> <span class='ocrx_word' id='word_1_853' title='bbox 2880 4589 3145 4646; x_wconf 89' lang='lat' dir='ltr'><strong>subtilitas</strong></span> <span class='ocrx_word' id='word_1_854' title='bbox 3168 4589 3375 4646; x_wconf 82' lang='lat' dir='ltr'><strong>fefellit.</strong></span> <span class='ocrx_word' id='word_1_855' title='bbox 3433 4592 3526 4646; x_wconf 85' lang='lat' dir='ltr'><strong>Isti</strong></span> <span class='ocrx_word' id='word_1_856' title='bbox 3561 4590 3696 4644; x_wconf 76' lang='lat' dir='ltr'><strong>tales</strong></span> <span class='ocrx_word' id='word_1_857' title='bbox 3724 4605 3825 4644; x_wconf 86' lang='lat' dir='ltr'><strong>nec</strong></span> 
     </span>
    </p>
   </div>
   <div class='ocr_carea' id='block_1_110' title="bbox 2261 4677 3824 4750">
    <p class='ocr_par' dir='ltr' id='par_1_110' title="bbox 2261 4677 3824 4750">
     <span class='ocr_line' id='line_1_110' title="bbox 2261 4677 3824 4750; baseline 0.001 -17"><span class='ocrx_word' id='word_1_858' title='bbox 2261 4679 2480 4750; x_wconf 79' lang='lat' dir='ltr'><strong>angelos</strong></span> <span class='ocrx_word' id='word_1_859' title='bbox 2501 4680 2846 4750; x_wconf 87' lang='lat' dir='ltr'><strong>suspicantur</strong></span> <span class='ocrx_word' id='word_1_860' title='bbox 2885 4682 3066 4738; x_wconf 83' lang='lat' dir='ltr'><strong>videre</strong></span> <span class='ocrx_word' id='word_1_861' title='bbox 3099 4681 3287 4738; x_wconf 90' lang='lat' dir='ltr'><strong>Deum.</strong></span> <span class='ocrx_word' id='word_1_862' title='bbox 3357 4679 3539 4749; x_wconf 84' lang='lat' dir='ltr'><strong>Neque</strong></span> <span class='ocrx_word' id='word_1_863' title='bbox 3573 4679 3716 4734; x_wconf 91' lang='lat' dir='ltr'><strong>enim</strong></span> <span class='ocrx_word' id='word_1_864' title='bbox 3749 4677 3824 4734; x_wconf 90' lang='lat' dir='ltr'><strong>i!li</strong></span> 
     </span>
    </p>
   </div>
   <div class='ocr_carea' id='block_1_111' title="bbox 2259 4756 3828 4841">
    <p class='ocr_par' dir='ltr' id='par_1_111' title="bbox 2259 4756 3828 4841">
     <span class='ocr_line' id='line_1_111' title="bbox 2259 4756 3828 4841; baseline 0.002 -18"><span class='ocrx_word' id='word_1_865' title='bbox 2259 4768 2487 4841; x_wconf 90' lang='lat' dir='ltr'><strong>simplici</strong></span> <span class='ocrx_word' id='word_1_866' title='bbox 2521 4779 2577 4825; x_wconf 85' lang='lat' dir='ltr'><strong>et</strong></span> <span class='ocrx_word' id='word_1_867' title='bbox 2605 4769 3025 4826; x_wconf 81' lang='lat' dir='ltr'><strong>inoommutabili</strong></span> <span class='ocrx_word' id='word_1_868' title='bbox 3067 4770 3315 4825; x_wconf 71' lang='lat' dir='ltr'><strong>essentia:</strong></span> <span class='ocrx_word' id='word_1_869' title='bbox 3348 4768 3490 4823; x_wconf 89' lang='lat' dir='ltr'><strong>aliud</strong></span> <span class='ocrx_word' id='word_1_870' title='bbox 3540 4778 3623 4824; x_wconf 89' lang='lat' dir='ltr'><strong>est</strong></span> <span class='ocrx_word' id='word_1_871' title='bbox 3669 4756 3828 4826; x_wconf 77' lang='lat' dir='ltr'><strong>clari-</strong></span> 
     </span>
    </p>
   </div>
   <div class='ocr_carea' id='block_1_112' title="bbox 2261 4858 3825 4933">
    <p class='ocr_par' dir='ltr' id='par_1_112' title="bbox 2261 4858 3825 4933">
     <span class='ocr_line' id='line_1_112' title="bbox 2261 4858 3825 4933; baseline 0.003 -21"><span class='ocrx_word' id='word_1_872' title='bbox 2261 4869 2361 4924; x_wconf 82' lang='lat' dir='ltr'><strong>tas,</strong></span> <span class='ocrx_word' id='word_1_873' title='bbox 2418 4859 2563 4918; x_wconf 86' lang='lat' dir='ltr'><strong>aliud</strong></span> <span class='ocrx_word' id='word_1_874' title='bbox 2586 4870 2796 4926; x_wconf 91' lang='lat' dir='ltr'><strong>natura,</strong></span> <span class='ocrx_word' id='word_1_875' title='bbox 2834 4858 2926 4915; x_wconf 84' lang='lat' dir='ltr'><strong>sed</strong></span> <span class='ocrx_word' id='word_1_876' title='bbox 2952 4860 3064 4929; x_wconf 89' lang='lat' dir='ltr'><strong>ipsa</strong></span> <span class='ocrx_word' id='word_1_877' title='bbox 3092 4867 3284 4913; x_wconf 86' lang='lat' dir='ltr'><strong>natura</strong></span> <span class='ocrx_word' id='word_1_878' title='bbox 3312 4875 3406 4915; x_wconf 83' lang='lat' dir='ltr'><strong>sua</strong></span> <span class='ocrx_word' id='word_1_879' title='bbox 3430 4860 3670 4927; x_wconf 85' lang='lat' dir='ltr'><strong>claritas,</strong></span> <span class='ocrx_word' id='word_1_880' title='bbox 3711 4863 3825 4933; x_wconf 82' lang='lat' dir='ltr'><strong>ipsa</strong></span> 
     </span>
    </p>
   </div>
   <div class='ocr_carea' id='block_1_113' title="bbox 2257 4946 3828 5022">
    <p class='ocr_par' dir='ltr' id='par_1_113' title="bbox 2257 4946 3828 5022">
     <span class='ocr_line' id='line_1_113' title="bbox 2257 4946 3828 5022; baseline 0.001 -16"><span class='ocrx_word' id='word_1_881' title='bbox 2257 4951 2477 5008; x_wconf 85' lang='lat' dir='ltr'><strong>claritas</strong></span> <span class='ocrx_word' id='word_1_882' title='bbox 2497 4961 2688 5007; x_wconf 87' lang='lat' dir='ltr'><strong>natura</strong></span> <span class='ocrx_word' id='word_1_883' title='bbox 2707 4946 2809 5014; x_wconf 86' lang='lat' dir='ltr'><strong>ést,</strong></span> <span class='ocrx_word' id='word_1_884' title='bbox 2843 4949 2982 5005; x_wconf 90' lang='lat' dir='ltr'><strong>sicut</strong></span> <span class='ocrx_word' id='word_1_885' title='bbox 3004 4949 3218 5005; x_wconf 81' lang='lat' dir='ltr'><strong>Veritas</strong></span> <span class='ocrx_word' id='word_1_886' title='bbox 3260 4953 3522 5022; x_wconf 90' lang='lat' dir='ltr'><strong>promittit</strong></span> <span class='ocrx_word' id='word_1_887' title='bbox 3550 4971 3564 5008; x_wconf 89' lang='lat'><strong>:</strong></span> <span class='ocrx_word' id='word_1_888' title='bbox 3596 4953 3828 5022; x_wconf 71' lang='lat' dir='ltr'><strong>Manife-</strong></span> 
     </span>
    </p>
   </div>
   <div class='ocr_carea' id='block_1_114' title="bbox 2258 5037 3822 5114">
    <p class='ocr_par' dir='ltr' id='par_1_114' title="bbox 2258 5037 3822 5114">
     <span class='ocr_line' id='line_1_114' title="bbox 2258 5037 3822 5114; baseline 0 -18"><span class='ocrx_word' id='word_1_889' title='bbox 2258 5042 2504 5098; x_wconf 78' lang='lat' dir='ltr'><strong>stabome</strong></span> <span class='ocrx_word' id='word_1_890' title='bbox 2524 5041 2603 5097; x_wconf 87' lang='lat' dir='ltr'><strong>illi</strong></span> <span class='ocrx_word' id='word_1_891' title='bbox 2633 5040 2812 5112; x_wconf 83' lang='lat' dir='ltr'><strong>(Joon.</strong></span> <span class='ocrx_word' id='word_1_892' title='bbox 2841 5053 2952 5104; x_wconf 77' lang='lat' dir='ltr'><strong>xrv,</strong></span> <span class='ocrx_word' id='word_1_893' title='bbox 2991 5037 3102 5109; x_wconf 73' lang='lat'><strong>21).</strong></span> <span class='ocrx_word' id='word_1_894' title='bbox 3165 5039 3245 5095; x_wconf 80' lang='lat' dir='ltr'><strong>Ac</strong></span> <span class='ocrx_word' id='word_1_895' title='bbox 3271 5041 3316 5096; x_wconf 90' lang='lat' dir='ltr'><strong>si</strong></span> <span class='ocrx_word' id='word_1_896' title='bbox 3349 5051 3599 5114; x_wconf 88' lang='lat' dir='ltr'><strong>patenter</strong></span> <span class='ocrx_word' id='word_1_897' title='bbox 3639 5043 3782 5098; x_wconf 90' lang='lat' dir='ltr'><strong>dicat</strong></span> <span class='ocrx_word' id='word_1_898' title='bbox 3808 5059 3822 5097; x_wconf 86' lang='lat'><strong>:</strong></span> 
     </span>
    </p>
   </div>
   <div class='ocr_carea' id='block_1_115' title="bbox 2257 5129 3828 5202">
    <p class='ocr_par' dir='ltr' id='par_1_115' title="bbox 2257 5129 3828 5202">
     <span class='ocr_line' id='line_1_115' title="bbox 2257 5129 3828 5202; baseline 0 -14"><span class='ocrx_word' id='word_1_899' title='bbox 2257 5132 2360 5202; x_wconf 87' lang='lat' dir='ltr'><strong>Qui</strong></span> <span class='ocrx_word' id='word_1_900' title='bbox 2391 5133 2445 5189; x_wconf 90' lang='lat' dir='ltr'><strong>in</strong></span> <span class='ocrx_word' id='word_1_901' title='bbox 2475 5141 2655 5188; x_wconf 79' lang='lat' dir='ltr'><strong>vestra</strong></span> <span class='ocrx_word' id='word_1_902' title='bbox 2689 5143 2775 5184; x_wconf 87' lang='lat' dir='ltr'><strong>me</strong></span> <span class='ocrx_word' id='word_1_903' title='bbox 2798 5129 3038 5195; x_wconf 89' lang='lat' dir='ltr'><strong>cernitis,</strong></span> <span class='ocrx_word' id='word_1_904' title='bbox 3085 5139 3253 5187; x_wconf 80' lang='lat' dir='ltr'><strong>restat</strong></span> <span class='ocrx_word' id='word_1_905' title='bbox 3273 5142 3332 5188; x_wconf 92' lang='lat' dir='ltr'><strong>ut</strong></span> <span class='ocrx_word' id='word_1_906' title='bbox 3375 5134 3431 5188; x_wconf 89' lang='lat' dir='ltr'><strong>in</strong></span> <span class='ocrx_word' id='word_1_907' title='bbox 3466 5148 3583 5188; x_wconf 88' lang='lat' dir='ltr'><strong>mea</strong></span> <span class='ocrx_word' id='word_1_908' title='bbox 3619 5148 3706 5188; x_wconf 89' lang='lat' dir='ltr'><strong>me</strong></span> <span class='ocrx_word' id='word_1_909' title='bbox 3735 5148 3828 5188; x_wconf 54' lang='lat' dir='ltr'><strong>na.</strong></span> 
     </span>
    </p>
   </div>
   <div class='ocr_carea' id='block_1_116' title="bbox 2260 5222 2652 5278">
    <p class='ocr_par' dir='ltr' id='par_1_116' title="bbox 2260 5222 2652 5278">
     <span class='ocr_line' id='line_1_116' title="bbox 2260 5222 2652 5278; baseline -0.01 0"><span class='ocrx_word' id='word_1_910' title='bbox 2260 5233 2381 5278; x_wconf 89' lang='lat' dir='ltr'><strong>tura</strong></span> <span class='ocrx_word' id='word_1_911' title='bbox 2407 5222 2652 5278; x_wconf 86' lang='lat' dir='ltr'><strong>videatis.</strong></span> 
     </span>
    </p>
   </div>
   <div class='ocr_carea' id='block_1_117' title="bbox 2331 5307 3821 5380">
    <p class='ocr_par' dir='ltr' id='par_1_117' title="bbox 2331 5307 3821 5380">
     <span class='ocr_line' id='line_1_117' title="bbox 2331 5307 3821 5380; baseline 0 -15"><span class='ocrx_word' id='word_1_912' title='bbox 2331 5309 2465 5366; x_wconf 81' lang='lat' dir='ltr'><strong>XLI.</strong></span> <span class='ocrx_word' id='word_1_913' title='bbox 2507 5310 2648 5379; x_wconf 84' lang='lat' dir='ltr'><strong>Ergo</strong></span> <span class='ocrx_word' id='word_1_914' title='bbox 2674 5322 2795 5363; x_wconf 88' lang='lat' dir='ltr'><strong>cum</strong></span> <span class='ocrx_word' id='word_1_915' title='bbox 2820 5307 2887 5361; x_wconf 86' lang='lat' dir='ltr'><strong>ad</strong></span> <span class='ocrx_word' id='word_1_916' title='bbox 2911 5308 3080 5380; x_wconf 89' lang='lat' dir='ltr'><strong>ipsum</strong></span> <span class='ocrx_word' id='word_1_917' title='bbox 3110 5308 3309 5366; x_wconf 89' lang='lat' dir='ltr'><strong>fontem</strong></span> <span class='ocrx_word' id='word_1_918' title='bbox 3339 5312 3462 5366; x_wconf 66' lang='lat' dir='ltr'><strong>vitae</strong></span> <span class='ocrx_word' id='word_1_919' title='bbox 3497 5311 3821 5371; x_wconf 88' lang='lat' dir='ltr'><strong>venerimus.</strong></span> 
     </span>
    </p>
   </div>
   <div class='ocr_carea' id='block_1_118' title="bbox 2259 5395 3824 5472">
    <p class='ocr_par' dir='ltr' id='par_1_118' title="bbox 2259 5395 3824 5472">
     <span class='ocr_line' id='line_1_118' title="bbox 2259 5395 3824 5472; baseline -0.001 -18"><span class='ocrx_word' id='word_1_920' title='bbox 2259 5402 2530 5457; x_wconf 86' lang='lat' dir='ltr'><strong>critnobis</strong></span> <span class='ocrx_word' id='word_1_921' title='bbox 2554 5395 2938 5454; x_wconf 87' lang='lat' dir='ltr'><strong>delectabiliter</strong></span> <span class='ocrx_word' id='word_1_922' title='bbox 2967 5401 3224 5470; x_wconf 84' lang='lat' dir='ltr'><strong>impressa</strong></span> <span class='ocrx_word' id='word_1_923' title='bbox 3245 5399 3364 5456; x_wconf 84' lang='lat' dir='ltr'><strong>sitis</strong></span> <span class='ocrx_word' id='word_1_924' title='bbox 3388 5412 3547 5472; x_wconf 88' lang='lat' dir='ltr'><strong>atque</strong></span> <span class='ocrx_word' id='word_1_925' title='bbox 3568 5400 3824 5457; x_wconf 82' lang='lat' dir='ltr'><strong>satietas:</strong></span> 
     </span>
    </p>
   </div>
   <div class='ocr_carea' id='block_1_119' title="bbox 2259 5490 3827 5566">
    <p class='ocr_par' dir='ltr' id='par_1_119' title="bbox 2259 5490 3827 5566">
     <span class='ocr_line' id='line_1_119' title="bbox 2259 5490 3827 5566; baseline -0.001 -18"><span class='ocrx_word' id='word_1_926' title='bbox 2259 5495 2351 5548; x_wconf 87' lang='lat' dir='ltr'><strong>sed</strong></span> <span class='ocrx_word' id='word_1_927' title='bbox 2405 5494 2556 5561; x_wconf 87' lang='lat' dir='ltr'><strong>longe</strong></span> <span class='ocrx_word' id='word_1_928' title='bbox 2600 5490 2752 5544; x_wconf 85' lang='lat' dir='ltr'><strong>abest</strong></span> <span class='ocrx_word' id='word_1_929' title='bbox 2814 5506 2842 5544; x_wconf 90' lang='lat' dir='ltr'><strong>a</strong></span> <span class='ocrx_word' id='word_1_930' title='bbox 2869 5493 2956 5547; x_wconf 90' lang='lat' dir='ltr'><strong>siti</strong></span> <span class='ocrx_word' id='word_1_931' title='bbox 2993 5494 3299 5559; x_wconf 81' lang='lat' dir='ltr'><strong>necessitas,</strong></span> <span class='ocrx_word' id='word_1_932' title='bbox 3340 5491 3492 5566; x_wconf 80' lang='lat' dir='ltr'><strong>longe</strong></span> <span class='ocrx_word' id='word_1_933' title='bbox 3527 5510 3554 5548; x_wconf 91' lang='lat' dir='ltr'><strong>a</strong></span> <span class='ocrx_word' id='word_1_934' title='bbox 3579 5493 3827 5549; x_wconf 83' lang='lat' dir='ltr'><strong>satietate</strong></span> 
     </span>
    </p>
   </div>
   <div class='ocr_carea' id='block_1_120' title="bbox 666 5605 3004 5680">
    <p class='ocr_par' dir='ltr' id='par_1_120' title="bbox 666 5605 3004 5680">
     <span class='ocr_line' id='line_1_120' title="bbox 666 5605 3004 5680; baseline -0.002 -16"><span class='ocrx_word' id='word_1_935' title='bbox 666 5625 688 5649; x_wconf 72' lang='grc' dir='ltr'><strong>ε·</strong></span> <span class='ocrx_word' id='word_1_936' title='bbox 716 5612 959 5680; x_wconf 82' lang='lat' dir='ltr'><strong>Basilius,</strong></span> <span class='ocrx_word' id='word_1_937' title='bbox 992 5615 1143 5669; x_wconf 79' lang='lat' dir='ltr'><strong>llum.</strong></span> <span class='ocrx_word' id='word_1_938' title='bbox 1177 5615 1208 5666; x_wconf 68' lang='grc' dir='ltr'>ἓ</span> <span class='ocrx_word' id='word_1_939' title='bbox 1240 5615 1288 5666; x_wconf 92' lang='lat' dir='ltr'><strong>in</strong></span> <span class='ocrx_word' id='word_1_940' title='bbox 1318 5610 1702 5666; x_wconf 70' lang='lat' dir='ltr'><strong>Hexaemeron.</strong></span> <span class='ocrx_word' id='word_1_941' title='bbox 1730 5610 1891 5676; x_wconf 79' lang='lat' dir='ltr'><strong>paulo</strong></span> <span class='ocrx_word' id='word_1_942' title='bbox 1907 5620 2023 5678; x_wconf 76' lang='lat' dir='ltr'><strong>post</strong></span> <span class='ocrx_word' id='word_1_943' title='bbox 2048 5609 2296 5663; x_wconf 80' lang='lat' dir='ltr'><strong>medium.</strong></span> <span class='ocrx_word' id='word_1_944' title='bbox 2332 5607 2482 5660; x_wconf 84' lang='lat' dir='ltr'><strong>Tom.</strong></span> <span class='ocrx_word' id='word_1_945' title='bbox 2525 5605 2750 5672; x_wconf 63' lang='lat' dir='ltr'><strong>10pm,</strong></span> <span class='ocrx_word' id='word_1_946' title='bbox 2790 5623 2908 5678; x_wconf 73' lang='lat' dir='ltr'><strong>pag.</strong></span> <span class='ocrx_word' id='word_1_947' title='bbox 2949 5609 3004 5661; x_wconf 82' lang='lat' dir='ltr'><strong>l7</strong></span> 
     </span>
    </p>
   </div>
  </div>
