4254 6198
394 246 417 302 Ι
427 242 528 297 085

1062 234 1209 291 OPP.
1249 234 1475 290 DUBIA.
1514 262 1582 272 —
1622 228 1845 287 ALBlNl
1882 218 2263 283 CONFESSIO
2299 224 2499 279 FIDEI.
2537 256 2605 264 -—
2644 220 2825 277 PARS
2864 222 2949 276 iV.

3490 219 3630 278 £086

390 355 684 417 fastidium,
717 348 841 420 quia
871 354 927 401 et
947 347 1187 401 sitientes
1216 345 1571 409 satiabuntur,
1603 351 1657 398 et
1680 340 1859 397 satiati
1884 340 1959 392 si-
1985 339 2033 395 Δ
2059 343 2114 389 et
2134 320 2283 392 caste
2312 338 2506 406 pieque
2528 336 2830 390 viventibus
2856 341 3176 405 praeparata.
3231 333 3335 389 Sed
3370 343 3630 388 :cternam

392 450 608 504 tiemns.
659 436 970 519 Videbimus
990 438 1152 509 igitur
1177 437 1365 499 Deum,
1422 437 1642 506 ipseque
1681 435 1789 488 erit
1816 446 1956 501 prze-

392 538 560 597 mium
591 534 792 591 laboris
839 531 1009 587 nostri
1031 571 1046 594 ,
1080 536 1139 583 ut
1170 535 1292 596 post
1317 525 1658 580 mortalitatis
1686 522 1841 592 hujus
1874 530 1956 575 te-

391 629 616 691 nebras,
673 637 893 679 accessa
935 622 1052 691 ejus
1081 620 1200 675 luce
1233 617 1578 689 gaudeamus.
1635 615 1746 670 Nec
1777 623 1957 669 tamen

393 722 490 785 ita,
528 720 669 779 sicut
694 716 839 771 videt
867 715 999 783 ipsc,
1031 711 1155 779 quia
1194 724 1261 764 eo
1307 710 1423 778 ipso
1463 708 1698 777 pondere
1731 707 1960 761 circum-

393 812 701 875 scribimur,
728 824 835 878 quo
854 815 1099 862 creatura
1134 818 1339 858 sumus.
1397 800 1527 866 Quae
1548 800 1798 854 nimirum
1822 797 1960 851 visio

393 919 537 959 nunc
569 903 671 958 ﬁde
720 902 1020 960 inchoatur,
1056 895 1151 952 sed
1191 902 1318 949 tunc
1353 894 1407 947 in
1451 891 1628 960 specie
1660 888 1957 960 perﬁcitur,

394 994 611 1064 quando
646 1001 969 1048 cozeternam
994 987 1090 1044 Dei
1115 984 1453 1056 sapientiam,
1497 995 1661 1052 quam
1684 978 1844 1064 modo
1865 991 1961 1047 per

391 1060 490 1144 ora
516 1067 799 1143 doctorum
820 1082 1102 1144 sumimus,
1128 1079 1182 1132 in
1212 1079 1332 1147 ipso
1354 1090 1452 1130 suo
1478 1072 1626 1129 fonte
1646 1060 1973 1126 biberimus.

391 1179 453 1235 In
489 1178 623 1249 ipsis
644 1190 773 1247 ergo
794 1171 1151 1229 invisibilibus
1180 1176 1221 1222 a'
1246 1166 1357 1221 Deo
1385 1163 1635 1226 conditis,
1663 1174 1782 1231 quae
1813 1173 1963 1212 com-

392 1269 656 1342 prehendi
678 1282 783 1322 non
817 1270 1061 1337 possunt,
1122 1260 1331 1315 discere
1354 1255 1632 1339 valemus,
1660 1256 1961 1305 creatorem

394 1361 631 1417 omnium
666 1333 868 1428 quanta
914 1352 1214 1409 humilitate
1244 1333 1561 1403 veneremur
1585 1385 1600 1409 ,
1650 1350 1710 1396 ut
1767 1341 1822 1395 in
1858 1341 1963 1394 hac

393 1451 505 1506 vita
535 1463 794 1519 usurpare
823 1445 924 1502 sibi
958 1444 1025 1499 de
1046 1443 1138 1497 Dei
1188 1436 1570 1509 omnipotentis
1596 1434 1775 1503 specie
1808 1445 1963 1487 mens

396 1543 631 1597 humana
683 1536 759 1591 nil
794 1533 1010 1596 audeat,
1066 1530 1208 1599 quod
1238 1528 1410 1584 solum
1463 1524 1651 1580 electis
1684 1523 1797 1577 suis
1827 1536 1966 1591 prte-

394 1629 650 1688 miumiu
700 1621 1051 1693 subsequenti
1100 1617 1534 1674 remuneratione
1584 1620 1782 1668 servat.
1838 1610 1965 1664 Haec

394 1727 478 1785 est
502 1716 686 1788 procul
718 1688 1012 1772 dubio-vita
1044 1710 1156 1776 illa,
1179 1724 1299 1779 qute
1320 1708 1517 1763 dicitur
1545 1714 1770 1767 teterna,
1803 1717 1965 1771 quam
1994 1688 2038 1745 Β

394 1809 683 1871 credimus,
711 1818 1012 1876 speramus,
1044 1808 1438 1871 exspectamus,
1473 1806 1527 1852 et
1557 1796 1625 1851 ad
1649 1809 1812 1874 quam
1840 1809 1966 1863 per-

394 1899 583 1955 venire
629 1896 1019 1957 desideramus,
1066 1893 1192 1962 quia
1222 1890 1348 1945 dum
1390 1904 1574 1945 sumus
1615 1888 1671 1943 in
1720 1900 1964 1955 corpore,

394 1990 801 2067 peregrinamur
834 2001 865 2039 a
888 1984 1132 2040 Domino.
1188 1968 1478 2038 ln‘divinis
1510 1995 1639 2051 ergo
1660 1978 1971 2045 promissio-

394 2079 555 2137 uibus
582 2078 714 2134 nihil
740 2090 1013 2133 terrenum
1036 2074 1121 2130 vel
1153 2072 1524 2129 transitorium
1569 2069 1965 2141 pnnstolamur,

395 2188 506 2231 non
529 2173 836 2244 nuptiarum
872 2169 1134 2241 copulam,
1170 2181 1275 2222 non
1298 2165 1439 2235 quod
1462 2164 1530 2217 ad
1564 2163 1743 2217 cibum
1772 2162 1857 2215 vel
1880 2177 1969 2231 po-

396 2274 511 2323 tum
543 2265 798 2336 pertinet,
836 2277 943 2315 non
976 2274 1199 2329 regnum
1221 2256 1421 2313 Christi
1448 2254 1501 2308 in
1540 2262 1683 2308 terra
1707 2252 1966 2315 futurum,

376 2371 504 2411 non
533 2354 677 2409 aliud
700 2352 902 2423 aliquid
924 2352 1184 2406 caducum
1209 2355 1265 2401 et
1287 2346 1412 2401 huic
1438 2358 1578 2398 vano
1602 2342 1799 2397 smculo
1825 2358 1972 2396 com-

398 2462 579 2511 mune,
627 2446 767 2501 sicut
796 2442 948 2498 multi
990 2440 1364 2496 haereticorum
1398 2438 1716 2500 docuerunt,
1766 2432 1972 2501 sedre-

397 2552 560 2609 gnum
607 2535 867 2591 caelorum
900 2532 955 2587 in
983 2530 1338 2603 promissione
1368 2535 1641 2581 tenemus:
1679 2523 1805 2593 quia
1851 2530 1973 2592 post

398 2626 879 2689 resurrectionem,
916 2622 1283 2692 plenissimam
1314 2618 1635 2686 recipientes
1678 2614 1970 2669 beatitudi-

399 2737 546 2786 nem,
590 2718 822 2788 aequales
856 2714 1057 2786 angelis
1092 2711 1285 2775 eﬁ‘ecti,
1319 2724 1441 2765 cum
1472 2709 1581 2764 Deo
1623 2709 1679 2762 in
1706 2705 1857 2761 ctelis
1888 2720 1973 2759 re-

398 2813 610 2884 gnaturi
640 2825 824 2866 sumus
850 2808 968 2864 sine
995 2806 1119 2860 ﬁne.
1172 2804 1378 2859 Revera
1410 2802 1593 2855 vivent
1619 2814 1741 2854 cum
1754 2797 1972 2853 Christo

400 2906 455 2960 in
484 2904 643 2967 calo,
676 2904 767 2972 qui
802 2903 1049 2955 vixerunt
1082 2898 1373 2952 secundum
1399 2895 1491 2948 Dei
1521 2900 1790 2963 praecepta
1814 2898 1868 2945 et
1883 2889 1973 2959 ju-

401 2993 577 3049 stitias
613 2992 665 3046 in
689 2993 791 3046 hoc
827 2988 1045 3044 mundo.
1081 2987 1186 3041 lste
1234 2985 1378 3040 enim
1408 2998 1524 3043 rex,
1547 2982 1769 3051 virginis
1805 2980 1964 3044 ﬁlius,

400 3083 507 3139 erit
532 3082 684 3137 nobis
702 3079 845 3150 jugis
874 3074 1274 3144 contemplatio,
1306 3086 1368 3126 ac
1390 3086 1488 3140 per
1509 3071 1611 3124 hoc
1634 3070 1750 3138 ipse
1782 3076 1968 3121 nostra

404 3171 706 3236 delectatio,
749 3170 922 3229 cibus,
968 3166 1083 3220 laus
1116 3171 1393 3236 perpetua,
1429 3169 1484 3216 et
1530 3158 1816 3214 exsultatio
1860 3158 1977 3211 sine

406 3260 512 3317 ﬁne
540 3276 815 3315 mansura.
881 3257 1192 3313 Videbimus
1221 3268 1341 3308 eum
1375 3251 1533 3305 sicuti
1556 3259 1657 3314 est,
1706 3248 1798 3303 sed
1828 3256 1977 3302 tanta

406 3351 663 3405 duntaxat
691 3335 1161 3417 contemplatione,
1187 3352 1387 3414 quanta
1411 3359 1441 3397 a
1463 3350 1709 3395 creatura
1734 3340 1799 3394 ad
1829 3355 1980 3394 crea-

409 3452 581 3497 turam
606 3441 721 3495 ﬁeri
747 3447 940 3509 potest.
969 3436 1121 3492 Tunc
1142 3438 1283 3495 Deus
1296 3436 1398 3491 erit
1419 3434 1597 3488 omnia
1622 3433 1675 3486 in
1706 3431 1974 3485 omnibus.

408 3514 559 3588 Tunc
594 3532 682 3586 illa
737 3544 968 3599 superna
1000 3529 1193 3583 civitas
1227 3543 1293 3581 ex
1333 3525 1537 3595 angelis
1576 3531 1630 3576 et
1668 3522 1978 3576 hominibus

342 3689 345 3692 ἠ
406 3638 513 3679 una
536 3622 813 3685 efﬁcietur,
837 3620 1043 3675 habens
1072 3617 1454 3687 sempiternum
1471 3613 1817 3668 beatitudinis
1842 3626 1977 3682 pne-

407 3714 594 3776 mium,
645 3711 812 3772 solam
858 3709 1149 3765 conditoris
1189 3706 1640 3779 conjunctionem,
1689 3713 1849 3774 atque
1899 3704 1979 3758 eis

407 3803 1118 3861 inenarrabilemvisionem.
1149 3799 1274 3855 Haec
1290 3808 1373 3855 est
1386 3809 1583 3853 mterna
1616 3806 1671 3852 et
1687 3797 1847 3852 beata
1869 3797 1978 3851 vita

406 3893 514 3955 illa,
552 3908 716 3962 quam
747 3891 916 3947 credit
938 3899 993 3945 et
1015 3891 1282 3959 patienter
1309 3897 1585 3957 exspectat.
1614 3866 1980 3939 materEccle-

385 3985 509 4049 ,sia,
534 3997 651 4051 quze
671 3982 759 4037 hic
790 3982 967 4035 adhuc
990 3991 1088 4050 per
1126 3979 1285 4033 ﬁdem
1319 3978 1575 4032 ambulat.
1629 3976 1727 4030 llic
1756 3975 1977 4029 fructus

406 4077 572 4132 totius
616 4074 736 4129 ﬁdei
770 4082 825 4128 et
854 4072 1007 4127 bona:
1031 4069 1474 4126 conversationis.
1526 4068 1650 4123 Haec
1680 4083 1823 4138 spes,
1848 4082 1975 4138 pro-

404 4178 525 4241 pter
558 4182 718 4238 quam
746 4164 1039 4229 nascimur,
1073 4162 1340 4218 credimus
1372 4168 1425 4218 et
1457 4160 1809 4217 renascimur.
1846 4160 1978 4217 Pro-

408 4268 530 4331 pter
551 4260 692 4315 hanc
714 4259 885 4315 sancti
914 4255 1007 4312 Dei
1029 4264 1208 4311 tantos
1228 4254 1441 4309 labores
1466 4254 1611 4324 passi
1630 4261 1773 4308 sunt.
1808 4252 1977 4328 llujus

2058 441 2306 495 mortem,
2338 444 2459 499 qua:
2503 428 2608 483 erit
2631 428 2842 484 diabolo
2870 434 2923 482 et
2948 427 3151 499 angelis
3180 426 3318 495 ejus,
3378 427 3478 497 ipsi
3514 441 3633 479 cor-

2056 535 2158 590 pus
2176 519 2338 591 512
2360 520 2530 589 ipsius
2559 518 2737 573 effecti
2766 534 2865 588 per
2893 518 3087 572 malam
3113 518 3505 587 operationem,
3534 513 3635 570 ha-

2056 610 2276 663 bebunt.
2337 608 2445 664 Sed
2471 608 2515 663 si
2548 620 2694 672 sunt,
2726 609 2817 679 qui
2842 607 3006 662 velint
3030 606 3325 677 intelligere
3350 604 3495 660 illam
3527 605 3631 658 im-

2059 701 2441 757 mortalitatem
2463 708 2519 754 et
2544 709 2871 770 perpetuam
2889 696 3480 753 incommutabilitatem
3514 708 3636 749 esse

2060 792 2200 846 hanc
2220 792 2385 845 vitam
2410 800 2689 853 aeternam,
2727 804 2889 858 quam
2918 788 3210 852 credimus,
3243 802 3343 859 ego
3364 787 3485 842 licet
3508 801 3635 841 cono

2062 884 2282 938 tendere
2319 883 2506 947 nolim,
2558 898 2645 937 me
2705 891 2882 935 tamen
2938 880 3110 951 magis
3151 879 3383 935 delectat
3413 879 3634 939 sentire,

2061 972 2230 1027 Deum
2264 989 2384 1028 esse
2408 975 2548 1028 hanc
2572 972 2760 1036 vitam,
2799 986 2866 1025 ex
2904 968 3056 1037 cujus
3086 968 3557 1039 contemplatione,
3584 973 3640 1020 et

2062 1063 2322 1118 societate
2369 1062 2651 1131 provenire
2706 1060 2889 1123 nobis,
2928 1058 3199 1129 quidquid
3234 1059 3360 1113 boni
3408 1058 3635 1118 erimus,

2063 1155 2281 1209 dubium
2307 1169 2413 1207 non
2438 1161 2542 1207 est.
2608 1152 2700 1204 Illa
2730 1152 2873 1205 enim
2908 1165 3123 1220 semper
3143 1150 3353 1205 vivendi
3381 1147 3631 1213 felicitas,

2063 1259 2272 1299 summa
2298 1244 2415 1297 sine
2448 1242 2609 1297 dubio
2634 1240 2917 1295 infelicitas
2940 1248 3105 1305 esset,
3137 1241 3180 1295 si
3204 1239 3425 1293 visionis
3446 1238 3639 1292 divinze

2064 1334 2231 1403 gloria
2262 1341 2491 1387 careret.
2556 1330 2679 1385 Sola
2707 1331 2890 1399 itaque
2918 1329 3014 1384 Dei
3045 1329 3331 1384 manifesta
3379 1328 3516 1382 visio
3548 1327 3638 1381 illa

2064 1424 2167 1479 erit
2194 1422 2348 1478 nobis
2379 1422 2660 1491 praemium
2701 1421 2867 1474 totius
2891 1418 3259 1481 beatitudinis.
3315 1417 3439 1471 lmle
3479 1417 3640 1487 plena

2065 1518 2345 1580 securitas,
2372 1525 2429 1569 et
2453 1529 2639 1570 secura
2666 1514 3047 1583 tranquillitas,
3072 1523 3125 1569 et
3138 1512 3425 1583 tranquilla
3447 1512 3638 1582 jucun-

2065 1608 2225 1672 ditas,
2247 1614 2301 1660 et
2317 1606 2553 1676 jucunda
2571 1604 2813 1665 felicitas,
2833 1613 2888 1658 et
2912 1604 3342 1669 fclixteternitas,
3364 1612 3416 1659 et
3438 1612 3639 1657 aeterna

2069 1700 2599 1763 incommutabilitas,
2628 1707 2686 1751 ut
2709 1697 2929 1752 alterius
2952 1712 3051 1751 nec
3076 1697 3322 1761 velimus,
3351 1710 3448 1751 nec
3471 1696 3643 1766 possi-

2069 1810 2189 1849 mus
2220 1793 2361 1863 aliud
2381 1807 2502 1847 esse
2526 1806 2692 1860 quam
2719 1790 2865 1853 boni,
2902 1805 3062 1858 quam
3103 1788 3304 1843 felices.
3360 1786 3508 1842 Sicut
3540 1788 3641 1858 igi-

2070 1897 2157 1941 tur
2174 1900 2340 1957 unam
2369 1884 2709 1945 Trinitatem,
2759 1896 2923 1936 unam
2956 1880 3134 1947 ﬁdem,
3160 1896 3323 1935 unum
3354 1882 3640 1951 baptisma,

2068 1992 2230 2051 unam
2275 1975 2571 2045 Ecclesiam
2603 1983 2831 2028 matrem
2852 2014 2865 2037 ,
2918 1982 2973 2028 et
3007 1987 3168 2026 unam
3200 1973 3379 2026 carnis
3410 1985 3647 2026 resurre.

2070 2069 2302 2123 ctionem
2326 2067 2487 2121 credo
2529 2073 2585 2120 et
2607 2064 2886 2129 conﬁteor,
2935 2065 3006 2117 ita
3034 2071 3087 2118 et
3120 2078 3242 2119 esse
3279 2078 3441 2117 unam
3472 2063 3640 2117 vitam

2069 2168 2414 2213 sanctorum:
2440 2158 2565 2226 quia
2594 2154 2682 2209 illa
2712 2153 2992 2210 ineﬁ'abilis
3026 2150 3286 2218 Trinitas,
3316 2154 3487 2207 virtus
3514 2168 3641 2216 una,

2070 2260 2125 2305 et
2151 2250 2441 2319 indiscreta
2475 2247 2753 2316 majestas,
2783 2244 3011 2299 videnda
3031 2245 3136 2299 erit
3160 2243 3228 2299 ab
3248 2243 3496 2298 omnibus
3525 2258 3647 2297 san-

2071 2345 2191 2399 ctis.
2259 2343 2365 2397 Sed
2393 2342 2515 2397 dico
2534 2340 2756 2412 praemia
2786 2354 2885 2410 pro
2914 2337 3097 2393 labore
3127 2338 3361 2403 diversa,
3397 2338 3522 2407 quia
3556 2335 3646 2391 alii

2069 2436 2207 2506 plus,
2227 2436 2314 2490 alii
2348 2434 2525 2488 minus
2558 2431 2819 2487 videbunt
2843 2430 3033 2485 Deum.
3093 2428 3471 2499 Unusquisque
3496 2434 3647 2480 tanto

2070 2528 2238 2600 magis
2273 2526 2569 2580 intuebitur
2618 2537 2772 2586 eum,
2827 2530 3029 2592 quanto
3072 2520 3160 2575 hic
3193 2520 3381 2592 purius
3428 2520 3641 2581 vixerit,

2070 2617 2153 2672 vel
2183 2614 2409 2688 amplius
2455 2612 2765 2669 certaverit.
2848 2610 2953 2666 Sed
3004 2610 3469 2681 percharitatcm,
3526 2623 3645 2677 quac

2070 2708 2197 2767 illic,
2235 2687 2471 2777 perlecta
2494 2705 2615 2769 erit,
2645 2702 2817 2759 sancti
2855 2687 3044 2756 Omnes
3080 2707 3269 2755 cuncta
3301 2698 3459 2755 simul
3505 2697 3643 2753 bona

2068 2798 2435 2869 possidebunt.
2472 2796 2709 2850 Dicimus
2728 2800 2824 2847 ete
2843 2791 3114 2846 contrario
3137 2790 3348 2845 diversa
3368 2802 3466 2858 pro
3485 2785 3647 2842 modo

2069 2883 2383 2946 delictorum
2396 2887 2675 2957 supplicia.
2698 2884 2847 2939 Unus
2859 2892 2943 2938 est
2957 2884 3099 2940 enim
3114 2884 3370 2953 gehennae
3386 2878 3643 2951 ignis,sed

2071 2983 2296 3037 miseros
2320 2981 2375 3033 in
2397 2994 2453 3033 se
2481 2977 2686 3048 positos
2707 2975 2919 3030 diverse
2940 2975 3224 3037 cruciabit,
3250 2972 3381 3026 alios
3400 2969 3619 3041 quidem

2076 3075 2215 3146 plus,
2244 3072 2376 3126 alios
2402 3080 2582 3125 autem
2621 3069 2837 3123 minus:
2864 3081 3304 3137 unumquemque
3337 3081 3465 3120 vero
3482 3063 3639 3133 juxta

2077 3167 2351 3230 meritum,
2377 3164 2519 3234 quod
2546 3162 2646 3218 sibi
2672 3162 2725 3216 in
2748 3162 2923 3232 pmnis
2946 3159 3191 3215 debetur.
3233 3156 3369 3226 Quid
3396 3171 3521 3226 ergo
3550 3155 3649 3209 mi-

2077 3276 2221 3325 rum,
2243 3260 2286 3314 si
2310 3273 2473 3313 unum
2498 3256 2664 3311 Deum
2686 3255 2883 3310 diversi
2908 3253 3116 3307 diverse
3162 3250 3435 3309 videbunt.
3481 3263 3647 3302 unus-

2078 3354 2306 3421 quisque
2335 3356 2644 3405 sanctorum
2672 3343 2963 3402 secundum
2992 3341 3294 3398 mercedem
3327 3338 3533 3409 proprii
3568 3337 3647 3391 la-

2077 3446 2245 3500 boris.
2289 3442 2453 3497 Plene
2479 3450 2657 3496 tamen
2693 3433 2942 3500 sufﬁciet,
2969 3434 3109 3502 quod
3165 3432 3531 3499 unusquisque
3552 3430 3649 3484 ha-

2077 3533 2244 3596 bebit,
2272 3547 2373 3585 nec
2406 3528 2633 3597 amplius
2658 3522 3150 3594 poterit‘velcupiet
3182 3519 3510 3574 desiderare.
3554 3515 3651 3572 Ille

2076 3635 2216 3675 unus
2242 3619 2512 3682 denarius,
2534 3617 2623 3685 qui
2641 3614 2850 3671 cunctis
2878 3613 2932 3667 in
2958 3612 3112 3667 vinea
3129 3609 3496 3663 laborantibus
3524 3608 3642 3663 dari

2069 3712 2252 3781 jussus
2286 3698 2388 3775 est,
2420 3710 2560 3763 hanc
2584 3722 2746 3761 unam
2793 3712 3101 3761 sanctorum
3140 3700 3406 3773 signiﬁcat
3458 3699 3648 3765 vitam,

2078 3818 2238 3875 quam
2264 3802 2423 3856 unius
2450 3800 2545 3854 Dei
2584 3797 2845 3853 visionem
2869 3795 3117 3857 dicimus,
3162 3790 3364 3847 sanctis
3398 3788 3649 3844 omnibus

2076 3910 2175 3965 pro
2210 3895 2417 3949 meritis
2449 3892 2701 3947 dandam.

2149 4001 2174 4030 ι
2212 3987 2292 4042 Ad
2320 3989 2461 4041 hanc
2490 3964 2745 4039 nimirum
2777 3994 3021 4035 securam
3054 3986 3110 4032 et
3136 3973 3522 4044 sempiternam
3564 3972 3648 4025 vi—

2077 4086 2186 4132 tam
2210 4076 2349 4130 inter
2379 4074 2583 4141 reliqua
2606 4078 2944 4147 sacramenta
2966 4066 3241 4129 Ecclesia,
3265 4063 3393 4119 illud
3416 4064 3649 4119 maxime

2075 4170 2310 4241 pertinet
2338 4166 2559 4239 cmleste
2586 4146 2961 4232 viviﬁcumque
2988 4157 3322 4231 mysterium,
3372 4156 3515 4227 quod
3545 4146 3652 4211 Do-

2078 4260 2255 4314 minus
2291 4264 2474 4311 noster
2508 4252 2665 4308 Jcsus
2688 4251 2934 4307 Christus
2961 4248 3209 4310 instituit,
3240 4253 3296 4302 et
3323 4247 3439 4318 ipse
3467 4244 3647 4302 offerri
3698 4272 3699 4275 η

408 4364 591 4405 amore
616 4359 881 4420 martyres
911 4350 1049 4403 inter
1083 4355 1346 4402 tormenta
1377 4352 1705 4409 constantes,
1745 4354 1972 4399 mortem
2007 4380 2054 4440 Β
2077 4349 2329 4421 praecepit
2354 4348 2405 4401 in
2438 4344 2754 4400 memoriam
2785 4342 2868 4398 sui
2915 4357 3015 4413 pro
3056 4341 3228 4397 salute
3275 4347 3478 4395 nostra.
3529 4336 3644 4392 Imo

407 4451 531 4494 cum
552 4439 746 4509 gaudio
770 4446 1139 4507 susceperunt.
1192 4436 1361 4507 Hujus
1396 4435 1519 4490 vitat
1553 4446 1826 4506 respectus
1856 4436 1975 4490 lon-

409 4529 653 4600 ganimes
678 4527 853 4582 reddit
875 4527 969 4580 Dei
1002 4542 1209 4582 servos.

480 4620 637 4676 XLI].
675 4619 823 4675 lianc
850 4620 1014 4674 vitam
1048 4633 1147 4673 nec
1188 4618 1401 4688 gentilis
1442 4618 1679 4687 habebit,
1730 4636 1827 4675 nec
1880 4619 1976 4675 Ju-

411 4710 558 4766 dxus
590 4710 894 4766 incredulus
921 4708 1230 4780 possidebit,
1288 4707 1382 4763 sed
1404 4720 1504 4762 nec
1550 4708 1697 4764 vitiis
1730 4712 1977 4766 nec-cri-

414 4798 649 4853 minibus
677 4800 915 4854 servicns
938 4788 1293 4864 Christianus,
1326 4796 1451 4867 quia
1475 4796 1603 4852 solis
1624 4806 1709 4852 est
1732 4798 1979 4856 ﬁdelibus

488 4940 515 4969 ·
552 4927 824 4985 Transitio
852 4929 919 4984 ad
937 4940 1144 5000 partem
1165 4946 1279 5003 seq.

426 5072 1439 5099 m—

1791 5177 2034 5255 PARS

2082 4444 2255 4513 ipsum
2280 4446 2675 4495 sacramentum
2701 4436 2805 4491 dici
2829 4448 2986 4505 posse
3011 4431 3247 4488 arbitror
3278 4432 3442 4485 vitam
3494 4436 3661 4483 artero-

2079 4549 2227 4599 nam,
2262 4548 2379 4603 qua:
2401 4531 2608 4587 scilicet
2633 4528 2722 4584 hic
2750 4527 3023 4598 incipitur,
3053 4524 3163 4580 illic
3192 4522 3488 4595 perﬁcitur.
3550 4519 3649 4574 llic

2079 4625 2223 4681 enim
2246 4624 2632 4678 manducamus
2662 4620 2853 4680 Deum,
2879 4616 2989 4672 illic
3011 4613 3151 4670 facie
3185 4612 3254 4668 ad
3278 4612 3472 4668 faciem
3499 4610 3650 4665 vide-

2081 4717 2259 4774 bimus
2288 4731 2432 4772 eum.
2456 4714 2531 4769 De
2549 4726 2655 4781 quo
2676 4724 2805 4765 sane
2828 4706 3102 4778 mysterio,
3115 4719 3235 4777 qua
3254 4717 3374 4760 mea
3396 4702 3467 4759 sit
3492 4699 3647 4768 ﬁdes,

2083 4817 2263 4864 tacere
2290 4820 2395 4861 non
2431 4803 2599 4859 debeo

2457 5047 3642 5083 ——-—-—-———-—-———-———‘--—-‘-—-—-———-—--O

2115 5177 2251 5254 1V.

909 5339 999 5395 DE
1032 5334 1351 5393 CORPORIS
1390 5337 1473 5392 ET
1513 5335 1857 5393 SANGUINE
1894 5335 2150 5399 DOMlNl,
2190 5332 2275 5388 AC
2314 5331 2404 5385 DE
2443 5328 2759 5386 PROPBIIS
2797 5324 3125 5382 DELlCTlS.

488 5524 528 5578 l.
569 5522 773 5579 Crura
792 5516 1005 5587 quidem
1034 5504 1279 5585 superius
1304 5514 1459 5581 posui
1476 5500 1635 5582 juxta
1667 5521 1865 5569 rectam
1890 5529 1977 5568 ec-

425 5612 708 5670 clesiastici
727 5607 989 5679 dogmatis
1016 5605 1269 5677 regulam.
1325 5601 1473 5658 Nunc
1502 5619 1626 5659 vero
1661 5606 1712 5660 in
1738 5614 1977 5661 extrema

2083 5526 2265 5567 eorum
2284 5487 2462 5581 parte,
2483 5508 2610 5579 quid
2638 5507 2703 5561 de
2728 5508 2830 5561 hoc
2856 5504 3103 5567 sentiam,
3134 5504 3380 5561 conﬁteri
3413 5514 3560 5576 opto,
3586 5514 3650 5563 ut

2086 5602 2225 5660 istud
2252 5602 2562 5672 opusculum
2590 5597 2940 5670 confessionis
2973 5597 3247 5654 fidci‘mctc
3274 5598 3377 5653 hac
3404 5599 3641 5654 clausula
