4254 6240
563 216 700 274 1087

1388 217 1448 273 u.
1491 218 1550 274 r.
1595 217 1815 274 ALBINI
1857 167 1987 274 seu
2027 214 2302 273 arcum
2338 213 2624 273 OPERUM
2661 197 2839 274 eius
2872 217 3010 274 vni.

3674 217 3820 272 £088

561 328 896 384 tcrminetur.
967 329 1072 385 Sed
1099 328 1220 400 quis
1251 345 1369 402 ego,
1415 331 1499 387 vel
1520 340 1772 401 quantus,
1830 340 1888 386 ut
1915 336 1981 386 de
2023 337 2130 382 tam
2160 328 2207 389 Α
2233 327 2496 394 eatioues,
2547 334 2802 396 tanquam
2829 328 2895 383 de
2920 325 3133 381 sublimi
3182 326 3377 392 altare,
3418 325 3615 383 divina
3639 330 3815 396 maje-

563 423 710 488 miri,
764 423 1152 493 ineffabilisque
1207 425 1449 495 mysterii
1502 425 1868 495 profunditate
1919 425 2130 495 loquar.

561 513 780 576 Sufﬁcit
824 514 968 569 enim
1007 515 1162 580 mihi,
1218 515 1263 571 si
1295 514 1477 582 ﬁdem,
1540 531 1702 587 quam
1733 516 1898 573 corde
1952 523 2132 580 teneo,

553 603 736 660 verbis
776 603 1114 673 aliquatenus
1150 605 1452 674 exprimere
1487 605 1657 671 valeo,
1689 613 1751 660 ut
1775 605 1890 675 ipsa
1925 603 2136 661 confes-

547 693 648 762 sio,
665 694 860 748 anima:
886 709 1021 749 mea:
1047 694 1331 763 proveniat
1377 696 1444 751 ad
1467 694 1716 752 salutem.
1777 695 1949 767 Magis
1972 709 2137 751 vene-

545 783 780 838 randum
806 792 888 838 est
911 791 963 838 et
976 785 1304 854 pavendum,
1325 801 1486 854 quam
1509 785 1930 842 discutiendum.
1965 784 2136 841 Nemo

554 885 706 930 certe
753 877 1214 946 comprehendere
1264 877 1482 942 sufﬁcit,
1517 893 1678 935 nemo
1702 877 1828 935 inde
1850 879 2009 950 digne
2037 879 2135 934 ali-

551 965 683 1034 quid
730 965 984 1037 loquitur.
1056 967 1190 1025 Fide
1241 969 1561 1040 capiendum
1610 979 1715 1036 est,
1769 986 1876 1026 non
1919 971 2131 1026 ratione

551 1058 920 1127 quaerendum,
957 1068 1051 1114 aut
1077 1059 1477 1116 inveniendum.
1541 1051 1739 1119 Beatus
1769 1073 1946 1118 tamen
1994 1064 2129 1119 Gre-
2164 1098 2172 1104 -

551 1147 755 1217 gorius,
773 1150 996 1206 idoneus
1020 1151 1152 1206 tanti
1169 1155 1492 1208 sacramenti
1516 1154 1802 1226 interpres,
1828 1154 1880 1209 in
1903 1156 2133 1224 quodam

551 1235 670 1292 loco
693 1237 895 1308 aliquid
924 1241 989 1296 de
1011 1241 1120 1304 illo,
1139 1250 1397 1312 tanquam
1419 1245 1486 1299 de
1513 1259 1571 1298 re
1594 1244 1872 1310 ineffabili,
1889 1261 2028 1316 pene
2051 1247 2135 1300 in-

551 1327 839 1384 cffabiliter
864 1329 1146 1399 loquitur:
1203 1350 1222 1383 ι
1264 1331 1396 1400 Quis
1445 1334 1589 1388 enim
1623 1334 1880 1400 fidelium,
1939 1335 2134 1406 inquit,

556 1416 761 1472 habere
787 1417 1006 1473 dubium
1033 1421 1222 1489 possit,
1255 1423 1308 1476 in
1340 1423 1454 1493 ipsa
1491 1423 1874 1479 immolationis
1905 1424 2039 1479 hora
2066 1424 2135 1478 ad

551 1505 847 1562 sacerdotis
899 1497 1084 1562 vocem
1125 1508 1291 1564 cwlos
1325 1511 1546 1581 aperiri,
1570 1513 1624 1567 in
1656 1513 1747 1569 illo
1780 1512 1906 1569 Jesu
1933 1513 2136 1569 Christi

555 1596 812 1667 mysterio
841 1597 1151 1669 angelorum
1187 1598 1381 1655 choros
1407 1601 1615 1666 adesse,
1650 1618 1858 1657 summa
1891 1603 2015 1658 imis
2051 1617 2138 1657 so-

2232 416 2389 472 statis
2437 417 2814 486 conspectibus
2855 416 3135 472 oﬁ‘eratur.
3177 416 3234 473 Si
3261 418 3406 472 enim
3459 425 3544 474 est
3569 416 3628 472 in
3649 419 3817 475 duino

2233 507 2322 562 illa
2352 509 2692 580 sempiterna:
2718 508 3042 564 sacriﬁcium
3082 507 3257 563 laudis
3297 517 3354 563 et
3385 509 3637 572 sacerdos
3670 523 3814 564 sem-

2233 600 2502 673 piternus,
2549 607 2714 654 estet
2740 598 2993 654 sacerdos
3017 598 3398 669 sempiternus,
3439 607 3526 653 est
3553 607 3608 654 et
3639 598 3822 656 altare

2233 692 2620 762 sempiternum
2676 690 2731 746 in
2765 690 2937 753 caelis,
2970 704 3078 744 non
3114 704 3462 758 corporeum,
3509 689 3605 745 sed
3651 690 3825 744 ratio-

2234 783 2358 839 nale
2404 792 2461 838 et
2533 782 2888 854 intelligibilc,
2930 782 2996 836 ad
3019 781 3162 852 quod
3180 780 3384 838 oblatio
3409 783 3513 838 ista
3550 780 3818 837 defertur.

2238 875 2390 932 Unde
2422 877 2477 931 in
2501 875 2615 948 ipsa
2657 875 3039 932 immolationis
3065 877 3199 932 hora
3221 891 3343 931 cum
3365 867 3671 933 astantibus
3709 876 3819 932 sibi

2236 971 2499 1026 ministris
2517 969 2826 1026 ctelestibus
2836 968 3105 1033 Christus,
3136 978 3194 1024 ut
3218 970 3492 1040 proposita
3506 978 3818 1035 consecret,

2235 1059 2397 1132 413
2427 1060 2616 1115 adesse
2638 1059 2936 1139 credepdus
2961 1067 3066 1115 est.
3133 1060 3208 1116 De
3254 1075 3362 1130 qua
3390 1076 3450 1116 re
3491 1060 3654 1116 Pater
3679 1060 3818 1116 Amo

2236 1151 2449 1207 brosius
2480 1165 2496 1205 :
2535 1169 2554 1202 ι
2589 1150 2706 1208 Non
2729 1151 2963 1215 dubites.
3015 1152 3206 1220 inquit,
3254 1153 3513 1208 assistere
3535 1151 3810 1224 angelum,

2239 1225 2454 1312 quando
2493 1241 2745 1298 Christus
2785 1243 3030 1306 assistit,
3067 1240 3314 1297 Christus
3366 1242 3677 1298 immolatur
3701 1242 3754 1294 δ.
3789 1262 3810 1294 ι

2244 1335 2368 1391 Haec
2402 1345 2488 1391 est
2513 1335 2660 1390 enim
2703 1350 2836 1390 vera
2875 1333 3094 1401 oblatio,
3153 1335 3204 1390 in
3241 1351 3348 1405 qua
3373 1335 3544 1391 Filius
3573 1334 3817 1399 oﬁ'ertur,

2243 1425 2404 1480 Pater
2427 1425 2822 1482 reconciliatur.
2873 1426 2997 1483 Haec
3038 1436 3121 1482 est
3162 1443 3291 1483 vera
3316 1435 3370 1482 et
3398 1435 3599 1484 teterna
3620 1426 3817 1492 hostia,

2242 1516 2370 1588 quia
2388 1532 2512 1572 vera
2540 1526 2595 1573 et
2619 1525 2820 1574 :eterna
2848 1518 2897 1572 ei
2927 1528 3010 1573 est
3046 1520 3237 1584 virtus,
3265 1535 3395 1575 vera
3423 1528 3480 1576 et
3501 1527 3700 1574 tcterna
3722 1535 3818 1590 per

2239 1625 2355 1664 eam
2369 1611 2645 1680 perﬁcitur
2667 1611 2828 1666 salus.
2879 1611 3005 1668 Haec
3019 1620 3102 1667 est
3127 1612 3382 1668 salutaris
3400 1612 3637 1673 victima,
3663 1611 3819 1681 plena

552 1686 709 1751 ciari,
728 1695 926 1741 terram
949 1688 1260 1745 ctelestibus
1280 1689 1455 1761 jungi,
1477 1708 1642 1746 unum
1669 1693 1800 1764 quid
1822 1709 1886 1748 ex
1911 1693 2133 1749 visibili-
2161 1684 2210 1746 Β
2241 1701 2486 1768 rationis,
2514 1702 2670 1771 plena
2692 1703 2954 1773 mysterii,
3004 1717 3124 1771 quae
3147 1702 3413 1772 spirituali
3447 1704 3656 1757 ratione
3680 1703 3811 1758 eele~

553 1780 657 1834 bus
681 1787 843 1850 atque
876 1780 1236 1836 invisibilibus
1269 1781 1388 1837 fieri
1413 1794 1437 1822 α
1465 1784 1488 1837 ?
1519 1803 1536 1836 ι
1603 1785 1744 1856 Ergo
1777 1785 1902 1840 licet
1932 1785 2000 1840 ab
2031 1786 2131 1840 ho—

555 1868 699 1942 mine
743 1869 1027 1937 offeratur,
1077 1887 1233 1928 amen
1271 1885 1668 1930 sacramentum
1716 1876 1818 1931 hoc
1843 1891 1931 1931 res
1954 1877 2133 1931 divina

551 1965 654 2012 est.
685 1959 748 2014 Et
772 1961 816 2015 si
843 1977 931 2016 res
947 1962 1127 2017 divina
1154 1973 1256 2028 est,
1289 1965 1398 2028 imo
1419 1965 1545 2034 quia
1574 1966 1649 2020 ita
1672 1977 1774 2031 est,
1791 1968 1932 2023 absit
1954 1977 2014 2022 ut
2037 1968 2138 2042 ali:

559 2049 689 2118 quid
719 2050 792 2105 ibt
832 2050 1009 2118 aliter,
1036 2054 1139 2110 nisi
1181 2053 1362 2111 divine
1398 2064 1453 2112 et
1484 2057 1835 2126 spiritualiter
1871 2061 2138 2133 intelliga-

557 2151 671 2223 tur.
717 2141 842 2199 Ideo
886 2146 1134 2214 quamvis
1191 2149 1465 2216 corporeis
1515 2149 1685 2206 oculis
1736 2152 1808 2206 ibi
1844 2153 1912 2207 ad
1968 2153 2139 2214 altare

556 2231 770 2287 Domini
795 2235 1003 2291 videam
1029 2238 1384 2305 sacerdotem,
1409 2254 1602 2308 panem
1625 2251 1680 2296 et
1707 2241 1888 2296 vinum
1909 2243 2139 2299 ofl'eren~

558 2334 685 2387 tem,
718 2332 893 2380 tamen
925 2327 1120 2382 intuitu
1145 2327 1289 2393 ﬁdei,
1317 2337 1370 2385 et
1391 2345 1527 2400 pum
1551 2331 1753 2386 lumine
1777 2334 1955 2388 cordis
1981 2334 2141 2403 inspi-

555 2418 642 2473 cio
665 2418 812 2473 illum
837 2434 1106 2476 summum
1131 2423 1487 2488 sacerdotem,
1503 2439 1801 2494 verumque
1831 2424 2138 2494 pontiﬁcem

558 2509 844 2564 Dominum
876 2508 1057 2566 Jesum
1087 2511 1382 2578 Christum,
1420 2512 1735 2570 offerentem
1765 2516 2024 2585 seipsum,
2076 2515 2142 2570 de

557 2598 710 2665 cujus
747 2616 908 2656 carne
957 2610 1013 2657 et
1044 2604 1305 2674 sanguine
1339 2614 1394 2659 et
1438 2605 1730 2674 pascimur,
1759 2613 1842 2659 'et
1867 2613 2140 2677 potamur,

558 2698 718 2760 atque
743 2693 908 2747 abluti
933 2703 986 2749 et
1012 2697 1215 2758 satiati,
1237 2706 1292 2750 et
1324 2698 1675 2763 sanctificati,
1705 2698 1865 2752 unius
1893 2715 2144 2754 summa:-

557 2795 662 2848 que
712 2782 1005 2838 divinitatis
1031 2787 1324 2857 participes
1355 2787 1646 2842 efficimur.
2019 2771 2026 2774 ”

631 2871 693 2925 II.
734 2873 850 2942 Ipse
899 2883 986 2929 est
1017 2886 1179 2956 certe
1229 2878 1503 2943 sacerdos,
1556 2878 1669 2948 ipse
1714 2877 2060 2942 sacriﬁcium,
2091 2887 2147 2932 et

558 2962 762 3018 idcirco
793 2963 906 3021 lucc
953 2966 1209 3022 salutaris
1245 2969 1461 3024 victima
1502 2986 1776 3041 nunquam
1793 2980 1846 3026 et
1879 2986 2142 3040 nusquam

557 3056 822 3136 minuitur
869 3058 952 3112 vel
1006 3069 1269 3130 augetur,
1333 3062 1693 3118 deterioratur
1744 3063 1827 3119 vel
1878 3037 2218 3131 mutatur,C

560 3147 673 3200 sive
699 3145 899 3214 justus,
945 3151 1056 3204 sive
1080 3152 1404 3208 criminosus
1436 3155 1689 3209 sacerdos
1723 3153 1856 3209 foris
1881 3156 1948 3210 ad
1969 3156 2143 3211 altare

563 3235 808 3301 accedat,
861 3237 953 3292 sed
1013 3255 1228 3310 semper
1258 3251 1312 3296 et
1361 3245 1558 3313 ubique
1605 3256 2001 3302 sacramentum
2044 3248 2146 3305 hoc

561 3326 704 3381 idem
735 3328 981 3399 idemque
1014 3341 1211 3388 manet.
1253 3333 1453 3390 Christi
1483 3338 1628 3391 enim
1657 3339 1857 3394 virtute
1885 3349 1940 3396 et
1967 3342 2145 3396 verbis

561 3420 716 3488 panis
741 3419 828 3476 ille
852 3429 908 3474 et
951 3422 1088 3477 calix
1120 3423 1188 3478 ab
1227 3425 1378 3479 initio
1399 3429 1750 3483 cense‘cratus
1799 3439 1899 3484 est.
1943 3430 2144 3484 Christi

559 3513 774 3568 virtute.
798 3522 854 3569 et
882 3513 1058 3570 verbis
1081 3526 1432 3572 consecratur
1480 3533 1714 3589 semper,
1776 3527 1828 3573 et
1859 3535 2145 3576 consecra-

528 3604 727 3657 ‘bitur.
769 3603 885 3674 Ipse
944 3605 998 3660 in
1030 3606 1142 3662 suis
1195 3608 1566 3665 sacerdotibus
1595 3610 1832 3679 quotidie
1885 3611 2145 3681 loquitur.

563 3693 710 3749 Illius
735 3711 914 3750 sermo
941 3707 1045 3761 est,
1071 3699 1158 3766 qui
1181 3699 1419 3755 ccelestia
1439 3713 1775 3757 sacramenta
1820 3706 2144 3761 sanctiﬁcat.

567 3785 890 3842 Sacerdotes
947 3785 1241 3858 funguntur
1284 3790 1481 3853 ofﬁcio,
1545 3793 1639 3848 sed
1677 3793 1921 3850 Christus
1983 3795 2148 3864 maje-

566 3889 704 3934 state
737 3879 930 3934 divime
961 3881 1242 3948 potestatis
1275 3891 1546 3950 operatur.
1629 3883 1747 3953 Ipse
1774 3894 1856 3938 est
1880 3887 2022 3940 enim
2062 3887 2150 3942 ille

565 3988 728 4028 verus
758 3972 1163 4039 .IlelehiSedcch,
1210 3976 1300 4044 qui
1348 3966 1538 4030 sancta
1569 3978 1833 4032 sacriﬁcia
1863 4020 1876 4043 ,
1911 3996 2028 4047 qum
2061 3981 2148 4036 ille

567 4070 620 4122 in
662 4070 916 4140 mysterio
973 4078 1097 4125 tunc
1139 4069 1520 4140 prtcfiguravit,
1576 4086 1672 4140 per
1712 4072 2039 4127 oblationem
2063 4076 2146 4130 sui

570 4163 813 4227 corporis
850 4165 1038 4233 suique
1068 4165 1343 4235 sanguinis
1393 4166 1670 4235 adimplet,
1726 4175 1779 4223 et
1823 4183 2034 4238 semper
2081 4169 2150 4225 ab

572 4249 687 4316 Ipso
713 4251 882 4315 initio,
931 4271 1039 4323 quo
1085 4256 1336 4322 instituit,
1385 4259 1714 4328 adimplevit.
1766 4261 1905 4331 “Ipse
1937 4278 1998 4316 ea
2025 4261 2151 4332 Spi-

571 4344 708 4396 ritus
734 4345 993 4412 paraeleti
1037 4347 1253 4409 virtute,
1286 4357 1338 4402 et
1366 4350 1569 4404 caelesti
1601 4351 1989 4408 benedictione
2027 4369 2152 4409 san-

570 4445 715 4490 ctum
745 4451 939 4506 corpus
982 4445 1036 4491 et
1075 4437 1392 4508 sanguinem
1433 4454 1588 4494 suum
1623 4457 1744 4496 esse
1792 4443 2020 4512 perﬁcit.
2092 4444 2149 4499 In
2179 4418 2224 4476 θ

572 4528 674 4582 hac
697 4526 859 4597 igitur
882 4536 1225 4583 sacrosancta
1282 4527 1552 4584 oblatione
1575 4531 1824 4599 corporis
1860 4541 1916 4586 et
1937 4535 2153 4603 sangui-

574 4623 656 4677 uis
706 4623 990 4688 Dominici,
1040 4623 1340 4679 communis
1387 4623 1617 4679 servitus
1674 4624 1967 4680 exhibetur
2019 4627 2154 4692 Deo,

573 4723 684 4770 tam
709 4731 739 4768 a
779 4717 1170 4781 sacerdotibus,
1215 4732 1374 4787 quam
1416 4733 1445 4771 a
1478 4724 1669 4772 cuncta
1720 4715 1925 4771 familia
1963 4717 2155 4774 domus

577 4805 689 4858 Dei.
766 4805 889 4860 li:ec
948 4816 1125 4860 autem
1169 4818 1251 4862 est
1288 4810 1518 4863 servitus
1555 4807 1672 4873 Dei,
1716 4824 1838 4877 quae
1864 4808 1995 4863 nulli
2058 4807 2153 4863 alii

577 4897 821 4962 debetur,
855 4911 953 4949 nec
991 4901 1190 4953 sanctis
1232 4901 1452 4971 angelis,
1482 4917 1580 4956 nec
1615 4900 1817 4956 sanctis
1847 4900 2150 4965 animabus,

580 4988 680 5042 nisi
714 4987 803 5040 uni
851 4987 960 5041 Deo
1011 4989 1131 5043 vivo
1159 4999 1213 5043 et.
1237 5006 1383 5045 vero.
1449 4991 1600 5046 Unde
1650 4993 1731 5046 isti
1763 4993 1815 5046 in
1845 4990 2155 5046 coelestibus

580 5079 797 5133 sedilms
838 5077 1138 5142 constituti,
1202 5079 1387 5134 nolunt
1423 5096 1520 5137 nos
1550 5082 1650 5137 sibi
1689 5082 2017 5145 sacriﬁcare,
2059 5079 2152 5134 sed

583 5170 690 5223 Deo
737 5171 858 5234 soli,
909 5168 1059 5237 cujus
1098 5180 1150 5223 et
1171 5169 1270 5239 ipsi
1301 5182 1353 5223 et
1379 5188 1474 5226 nos
1504 5187 1690 5227 sumus
1712 5185 1978 5228 creatura.
2017 5173 2151 5227 Cum

581 5263 711 5330 ipsis
741 5264 884 5316 enim
917 5278 1100 5317 sumus
1116 5279 1215 5316 una
1243 5263 1559 5324 civitasDei,
1595 5264 1745 5330 cujus
1768 5281 1892 5333 pars
1926 5265 1974 5318 in
2000 5263 2155 5318 nobis

581 5355 977 5424 peregrinatur,
1011 5371 1134 5424 pars
1160 5355 1211 5409 in
1242 5354 1346 5408 illis
1376 5355 1689 5424 opitulatur.
1755 5356 1901 5412 IIanc
1925 5364 2156 5427 partem,

586 5462 843 5516 supernos
881 5446 1129 5500 videlicet
1175 5448 1355 5507 cives,
1428 5447 1553 5507 huic
1601 5446 1858 5500 interesse
1905 5449 2159 5518 mysterio

589 5553 691 5589 nun
750 5539 955 5603 dubito,
997 5549 1052 5592 ut
1100 5557 1193 5608 per
1231 5540 1469 5609 angelica
1520 5539 1816 5592 ministeria
1866 5548 1914 5591 et
1961 5542 2157 5611 suppli-

658 5665 682 5690 ι
726 5649 882 5717 Grcg.
923 5652 1036 5704 libr.
1075 5672 1122 5705 iv
1154 5655 1331 5723 Dialng
1365 5697 1373 5716 ,
1403 5671 1519 5723 cap.
1552 5654 1636 5707 ὃς.

2149 6173 2306 6192 1......-
2345 6171 2440 6182 ιιι-...η-
2453 6170 2560 6179 .—-—
2581 6170 2594 6173 -

2235 1794 2442 1855 bratur,
2469 1791 2590 1848 ﬁdei
2619 1792 2854 1861 puritate
2876 1793 3177 1848 exhibetur.
3236 1793 3306 1847 lit
3325 1793 3471 1849 enim
3496 1794 3658 1848 corda
3683 1792 3814 1848 ﬁde-

2235 1882 2366 1936 lium
2388 1881 2581 1937 ﬁerent
2599 1881 2857 1947 ctelestia,
2900 1883 3205 1938 rationabili
3238 1883 3510 1939 oblatione
3565 1883 3815 1939 mandari

2237 1975 2558 2032 debuerunt.

2305 2067 2390 2123 III.
2438 2067 2541 2123 Per
2577 2067 2680 2122 hoc
2704 2082 2935 2135 namque
2967 2067 3283 2138 mysterium
3324 2066 3546 2122 Christo
3588 2065 3820 2136 partici-

2237 2171 2461 2231 pantes,
2490 2175 2655 2215 unum
2684 2174 2874 2214 omnes
2897 2174 3083 2213 sumus
3111 2158 3165 2211 in
3205 2157 3326 2223 illo;
3361 2174 3465 2212 non
3505 2167 3586 2213 est
3613 2173 3827 2212 mascu-

2239 2253 2324 2308 lus
2353 2266 2529 2321 neque
2559 2251 2780 2315 femina,
2807 2266 2911 2305 non
2939 2263 3129 2305 servus
3150 2265 3325 2318 neque
3348 2250 3501 2305 liber.
3532 2249 3681 2303 Hane
3707 2249 3828 2302 uni-

2241 2352 2406 2398 tatem
2440 2344 2494 2396 in
2526 2341 3014 2397 communicatione
3045 2341 3204 2410 hujus
3232 2340 3557 2395 sacramenti
3595 2340 3830 2394 maxime

2241 2433 2558 2501 accipimus,
2591 2431 2846 2499 quoniam
2875 2446 3012 2484 unus
3039 2431 3215 2500 panis,
3252 2446 3418 2484 unum
3446 2443 3642 2499 corpus
3671 2431 3826 2485 multi

2242 2539 2450 2586 sumus,
2479 2537 2776 2592 omnesque
2813 2521 2877 2574 de
2909 2536 3015 2575 uno
3045 2535 3181 2589 pane
3213 2519 3619 2589 participamus.
3656 2518 3829 2573 Tanta

2243 2615 2385 2669 enim
2413 2622 2498 2668 est
2526 2612 2782 2668 Ecclesize
2809 2612 2861 2665 in
2889 2611 3105 2666 Christo
3130 2611 3329 2675 unitas,
3351 2599 3415 2664 ut
3437 2610 3703 2679 quomodo
3723 2624 3829 2663 una

2245 2705 2400 2769 ﬁdes,
2426 2713 2480 2758 et
2507 2718 2672 2758 unum
2695 2702 2993 2770 baptisma,
3027 2708 3080 2755 et
3117 2716 3281 2757 unum
3323 2699 3520 2760 altare,
3569 2699 3643 2752 ita
3690 2714 3831 2752 unus

2246 2795 2445 2862 ubique
2474 2795 2546 2848 sit
2571 2794 2726 2862 panis
2761 2793 3003 2860 corporis
3031 2790 3338 2853 Christi,'et
3368 2805 3510 2844 unus
3535 2789 3674 2844 calix
3705 2805 3834 2844 san-

2247 2887 2424 2957 guinis
2450 2885 2582 2954 ejus.
2616 2885 2748 2939 Illud
2790 2895 2937 2939 certe
2978 2883 3120 2952 quod
3163 2884 3362 2954 legitur
3395 2901 3407 2936 :
3451 2881 3699 2938 Christus
3739 2868 3848 2952 per,

2251 2977 2510 3047 Spiritum
2556 2983 2794 3030 sanctum
2834 2976 3167 3043 semetipsum
3205 2973 3392 3028 obtulit
3434 2971 3831 3027 immaculatum

2249 3071 2358 3124 Deo
2390 3069 2545 3138 (Heb.
2581 3085 2658 3132 ix,
2690 3067 2801 3138 H),
2851 3075 2907 3122 et
2937 3066 3066 3121 illud
3103 3083 3114 3119 :
3157 3066 3398 3120 Christus
3427 3063 3610 3118 dilexit
3655 3079 3748 3117 nos
3781 3072 3831 3115 et

2248 3160 2466 3214 tradidit
2487 3159 2819 3228 semetipsum
2841 3174 2934 3226 pro
2957 3139 3103 3210 nobis
3125 3155 3438 3209 oblationem
3459 3162 3508 3206 et
3535 3153 3754 3206 hostium
3777 3153 3833 3208 in

2249 3251 2464 3302 odorem
2488 3248 2761 3302 suavitatis
2790 3247 2901 3300 Deo
2926 3245 3141 3314 (Ephea.
3166 3259 3220 3305 ν,
3247 3241 3325 3313 2),
3357 3240 3528 3307 Patri,
3552 3242 3706 3296 nobis
3733 3243 3836 3295 hoc

2251 3339 2305 3394 in
2330 3349 2670 3394 sacramento
2697 3338 2937 3405 corporis
2961 3343 3016 3389 et
3039 3334 3316 3404 sanguinis
3337 3331 3459 3386 Filii
3480 3332 3570 3414 Dei
3596 3332 3850 3402 quotidie».

2251 3433 2607 3488 instauratur.
2638 3428 2749 3482 IIoc
2776 3443 2992 3497 corpus,
3021 3435 3074 3482 et
3101 3426 3191 3480 hic
3223 3425 3464 3494 sanguis,
3503 3439 3608 3478 non
3644 3425 3694 3478 in
3727 3425 3837 3493 spi-

2251 3523 2329 3578 cis
2356 3522 2482 3576 etin
2509 3521 2798 3576 sarmentis
2822 3519 3106 3588 colligitur,
3138 3515 3230 3571 sed
3254 3525 3401 3570 certa
3427 3514 3837 3570 consecratione

2251 3615 2513 3683 mysticus
2545 3611 2606 3665 ﬁt
2631 3612 2818 3675 nobis;
2850 3626 2955 3663 non
2983 3608 3245 3669 nascitur,
3277 3620 3399 3662 cum
3436 3605 3592 3675 panis
3629 3612 3686 3656 et
3725 3602 3835 3657 vini

2251 3711 2503 3766 creatura
2544 3702 2597 3754 in
2639 3708 3034 3754 sacramentum
3072 3698 3253 3752 carnis
3289 3706 3345 3751 et
3382 3695 3659 3764 sanguinis
3696 3693 3842 3763 ejus.-

2252 3791 2508 3861 ineffabili
2539 3790 2775 3858 Spiritus
2807 3787 3232 3842 sanctiﬁcatione
3258 3785 3603 3840 transfertur.
3638 3784 3834 3840 Totum

2251 3901 2380 3955 ergo
2417 3883 2561 3954 quod
2599 3884 2653 3937 in
2697 3884 2798 3936 hac
2832 3875 3101 3936 oblatione
3141 3881 3336 3951 agitur,
3375 3879 3688 3952 mysterium
3729 3888 3834 3943 est,

2253 3978 2393 4048 quod
2425 3975 2685 4046 simplicis
2717 3974 2836 4028 ﬁdei
2866 3973 3100 4043 puritate
3127 3973 3243 4042 capi
3269 3973 3449 4037 debet,
3479 3988 3585 4026 non
3614 3971 3837 4026 rationis
3894 4002 3901 4009 -

2253 4069 2550 4126 subtilitate
2579 4066 2961 4135 comprehendi
3004 4074 3200 4134 potest.
3237 4064 3394 4118 Aliud
3424 4065 3568 4118 enim
3599 4064 3832 4126 videtur,

2253 4160 2397 4217 aliud
2442 4157 2777 4228 intelligitur.
2813 4151 2964 4223 Quod
2999 4157 3227 4219 videtur,
3255 4155 3488 4224 speciem
3528 4153 3688 4208 habet
3717 4168 3836 4206 cor-

2252 4254 2513 4325 poralem,
2531 4252 2672 4321 quod
2694 4250 3034 4319 intelligitur;
3052 4246 3283 4324 ructum
3299 4246 3462 4298 habet
3475 4244 3829 4314 spiritualem,

2254 4345 2495 4400 divinum
2523 4342 2747 4397 scilicet.
2775 4339 2962 4392 Altare
2985 4336 3232 4390 Christus
3253 4334 3452 4402 implet,
3487 4343 3540 4389 et
3568 4344 3838 4404 praeparat

2254 4449 2311 4488 se
2336 4433 2536 4487 cibum.
2572 4429 2837 4483 Mactatur
2875 4441 2981 4481 non
3012 4426 3297 4491 occiditur,
3340 4425 3694 4482 manducatur
3730 4440 3836 4480 non

2255 4524 2535 4587 minuitur,
2564 4520 2739 4575 reficit
2760 4537 2863 4575 non
2889 4520 3104 4583 deficit,
3134 4508 3488 4574 manducatu's
3515 4518 3678 4583 vivit,
3707 4509 3835 4588 quia

2256 4612 2555 4670 resurrexit
2579 4627 2608 4666 a
2629 4612 2874 4667 mortuis.
2909 4609 2953 4665 Ο
2977 4627 3063 4668 res
3089 4611 3222 4665 mira
3246 4619 3299 4664 et
3323 4608 3632 4674 iiieﬁabilis!
3655 4606 3702 4662 Ο
3722 4622 3836 4677 my-

2255 4702 2480 4759 sterium
2526 4701 2676 4757 ﬁdei!
2721 4685 2918 4758 Omnes
2954 4701 3282 4756 manducant
3319 4713 3384 4750 ex
3414 4711 3510 4759 eo,
3545 4696 3634 4750 sed
3675 4711 3837 4749 unus-

2256 4794 2484 4865 quisque
2511 4802 2680 4850 totum
2719 4794 3025 4848 manducat.
3054 4789 3323 4844 Dividitur
3362 4803 3459 4858 per
3497 4783 3713 4858 partes,
3745 4790 3836 4844 sed

2258 4898 2405 4943 totus
2434 4889 2485 4942 in
2515 4888 2778 4960 partibus.
2805 4885 3154 4939 Manducatus
3183 4883 3249 4937 ab
3269 4882 3414 4937 omni
3435 4884 3649 4954 populo,
3675 4898 3839 4939 sanus

2259 4990 2314 5037 et
2347 4981 2554 5052 iuteg'er
2594 4986 2791 5034 manet.
2827 4977 2996 5032 Totus
3033 4974 3085 5028 in
3114 4975 3282 5040 ccelo,
3321 4984 3462 5031 totus
3500 4976 3553 5030 in
3588 4976 3837 5031 cordibus

2261 5073 2518 5136 fidelium,
2549 5071 2656 5125 vita
2687 5068 3058 5128 manducatur,
3088 5078 3304 5135 peccata
3337 5076 3549 5137 purgat,
3583 5083 3727 5124 mors
3756 5067 3836 5122 vi-

2261 5163 2459 5225 viﬁcat,
2493 5162 2706 5215 infirma
2732 5158 3062 5222 corroborat,
3091 5175 3220 5211 sana
3250 5168 3551 5214 conservat.
3720 5161 3722 5164 ’

2334 5259 2419 5319 IV.
2463 5262 2588 5316 Haec
2623 5273 2855 5327 namque
2893 5258 3234 5329 singulariter
3271 5260 3486 5313 victima
3524 5260 3589 5313 ab
3619 5258 3838 5313 interitu

2262 5368 2460 5411 :eterno
2491 5355 2724 5408 animam
2756 5350 2943 5413 salvat,
2976 5368 3094 5420 qua:
3126 5352 3267 5406 illam
3298 5352 3450 5406 nobis
3473 5361 3698 5405 mortem
3722 5352 3840 5404 uui-

2264 5448 2428 5520 geniti
2473 5461 2567 5515 per
2607 5442 2919 5512 mysterium
2969 5453 3210 5512 reparat,
3265 5445 3353 5511 qui
3389 5444 3515 5498 licet
3556 5458 3781 5521 surgens
3811 5458 3838 5494 a

2265 5540 2509 5598 mortuis,
2544 5538 2593 5589 in
2624 5551 2680 5588 se.
2705 5535 2815 5602 ipso
2841 5536 3210 5591 immortaliter
3235 5545 3392 5603 atque
3422 5533 3837 5602 incormptiliilu

2296 5710 2301 5714 ,
2339 5655 2362 5692 l'
2396 5651 2704 5704 Atulnnsius
2737 5653 2785 5704 in
2817 5669 2928 5720 cap.
2961 5669 2993 5714 ι,
3025 5651 3193 5714 laute,
3234 5667 3283 5702 ιι.
3321 5652 3388 5703 ‘28
