4254 6214
418 294 569 355 1089

1100 287 1250 343 orr.
1294 283 1518 341 orata.
1550 314 1618 324 —
1656 280 1881 337 AthlNl
1919 272 2300 335 cosmssro
2334 230 2538 331 l‘lblit.
2567 304 2634 314 -
2677 274 2854 328 inuis
2892 273 2977 328 tv.

3544 246 3676 322 tum)

418 415 503 460 tor
536 403 711 471 vivat,
749 413 846 470 pro
880 397 1033 452 nobis
1074 398 1264 451 iterum
1302 397 1502 451 in‘hoc
1527 394 1787 468 mysterio
1822 405 1990 448 sacra:
2019 392 2068 450 Α
2094 387 2300 442 locutus
2339 404 2454 441 sum
2505 386 2681 451 vobis,
2728 387 2941 457 spiritus
2982 395 3028 439 et
3071 387 3172 439 vita
3222 394 3376 448 sunt,
3426 386 3517 439 sed
3558 395 3680 439 sunt

418 491 706 550 oblationis
729 480 1055 545 immolatur.
1095 486 1224 557 Ejus
1252 486 1446 556 quippe
1484 484 1558 540 ibi
1596 497 1792 563 corpus
1827 480 1994 537 sumi-

2094 477 2308 551 quidam
2333 493 2399 532 ea:
2427 477 2586 540 vobis,
2626 477 2716 548 qui
2759 494 2863 530 non
2900 477 3135 531 credunt.
3180 474 3432 532 Ostendit
3465 492 3523 531 se
3561 492 3678 530 ma-

421 596 531 652 ιιιιο,
556 584 674 655 ejus
702 596 830 637 caro
857 581 911 635 in
937 578 1118 650 populi
1155 577 1326 655 salute
1349 575 1607 646 partitur,
1636 574 1754 645 ejus
1777 572 1996 643 sanguis
2096 582 2257 638 gnum
2290 567 2492 622 dixisse
2515 565 2855 637 mysterium,
2880 582 3003 620 cum
3029 566 3103 620 ait
3133 581 3148 619 :
3179 564 3509 637 l"erba,,qme
3540 566 3681 621 locu-

422 692 453 731 a
481 674 729 731 ﬁdelibus
754 670 977 726 bibitur.
1008 668 1114 723 Sed
1142 667 1410 737 quomodo
1439 665 1542 721 hoc
1571 664 1667 718 ﬁat
1697 663 1819 734 quis
1841 668 1994 718 com-

2096 667 2179 712 tus
2215 673 2332 712 sum
2361 656 2522 721 vobis,
2562 657 2779 727 spiritus
2814 666 2862 710 et
2898 657 3002 711 vita
3038 666 3179 711 sunt.
3210 655 3343 711 Cum
3380 664 3558 712 autem
3587 656 3685 712 ad—

420 760 757 837 prehendere
782 768 978 831 potest,
1010 760 1093 814 vel
1132 756 1408 813 absolvere
1433 753 1701 825 profunda
1738 752 1996 824 mysteria
2034 806 2037 809 λ
2092 748 2271 822 jungit
2303 769 2316 805 :
2348 748 2453 805 Sed
2493 758 2614 804 sunt
2651 750 2869 822 quidam
2906 766 2972 803 ea:
3000 748 3173 814 vobis,
3210 751 3298 821 qui
3324 766 3428 803 non
3464 749 3683 805 credunt

422 854 588 925 hujus
611 849 893 923 sacriﬁcii,
917 849 1059 918 quod
1089 862 1188 919 pro
1214 845 1548 901 absolutione
1582 851 1765 901 nostra
1792 843 2000 914 passio-

423 959 546 999 nem
570 939 832 1013 unigeniti
856 938 979 994 Filii
1020 928 1522 1009 semperimitatur.
1558 933 1710 990 Sicut
1738 934 1882 987 enim
1909 947 1999 987 sa-

424 1041 761 1090 cramentum
790 1040 991 1087 sanctze
1014 1028 1324 1092 Trinitatis,
1363 1014 1437 1081 ita
1465 1034 1519 1081 ct
1550 1025 1868 1096 mysterium
1898 1023 2003 1077 Do.

425 1125 639 1181 mihiea:
685 1123 951 1193 passionis
993 1129 1047 1175 et
1100 1120 1330 1183 mortis,
1384 1117 1528 1188 quod
1580 1117 1683 1172 hac
1734 1115 2003 1171 oblatione

398 1216 822 1287 'frequentatur,
875 1212 1155 1281 mqualiter
1202 1208 1565 1264 necessarium
1616 1206 1683 1261 ad
1734 1205 1959 1261 salutem
1987 1246 2001 1269 ,

426 1304 699 1376 :equaliter
726 1304 780 1357 in
809 1302 1133 1358 conscientia
1161 1315 1295 1371 pura
1334 1306 1418 1353 est
1443 1296 1758 1376 sumendum
1786 1309 1848 1350 ac
1878 1295 2003 1348 reti-

428 1395 684 1465 nendum.
730 1393 898 1449 Nemo
941 1393 1153 1461 quidem
1198 1390 1432 1445 ﬁdelium
1472 1388 1720 1453 dubitare
1752 1386 1914 1465 debet
1939 1385 2006 1440 de

428 1488 567 1544 tanti
607 1487 848 1564 mysterii
873 1484 1132 1549 veritate,
1161 1496 1279 1554 qua:
1317 1490 1425 1535 tam
1464 1479 1645 1534 multis
1684 1477 2006 1533 testimoniis

430 1580 655 1649 probata
676 1586 789 1640 est,
826 1586 882 1630 et
922 1588 1306 1643 nonnunquam
1335 1572 1512 1626 divina
1550 1569 1876 1627 revelationc
1910 1566 2007 1621 ali-

430 1669 625 1740 quibus
656 1665 996 1722 manifestata
1015 1673 1116 1719 est.
1162 1663 1273 1732 Ego
1295 1670 1470 1716 autem
1499 1660 1739 1715 omnium
1771 1658 2005 1714 ﬁdelium

2100 840 2282 913 (Joan.
2329 856 2406 905 Vl,
2449 840 2545 906 64,
2587 839 2697 911 65).
2738 838 2988 896 Ostendit
3029 840 3176 895 istud
3218 838 3534 910 mysterium
3573 855 3681 895 non

2100 947 2220 988 esse
2246 934 2351 989 nisi
2382 932 2528 997 ﬁdei,
2557 941 2612 987 et
2636 932 2897 997 ﬁdelium,
2922 932 3013 1003 qui
3042 931 3128 987 illa
3157 933 3321 987 verba
3350 930 3578 986 ﬁdeliter
3601 947 3686 987 ca-

2101 1023 2274 1101 piunt,
2308 1033 2363 1080 et
2389 1025 2512 1081 ideo
2535 1026 2614 1079 eis
2643 1026 2867 1095 spiritus
2894 1032 2949 1080 et
2976 1025 3085 1079 vita
3115 1033 3272 1089 sunt,
3300 1024 3422 1094 quia
3448 1040 3543 1079 eos
3572 1026 3709 1103 spi-_

2103 1113 2369 1170 ritualiter
2392 1115 2667 1171 intellectu
2699 1116 2991 1170 viviﬁcant.
3019 1114 3178 1170 Fides
3206 1131 3312 1170 non
3337 1115 3498 1170 habet
3523 1116 3686 1170 meri-

2105 1212 2239 1270 tum,
2268 1207 2354 1261 cui
2376 1206 2609 1261 humana
2633 1207 2772 1262 ratio
2798 1208 2999 1277 prtebet
3026 1207 3473 1276 experimentum.
3501 1205 3689 1262 Melior

2104 1304 2187 1351 est
2215 1295 2376 1361 ﬁdes,
2406 1312 2568 1365 quam
2601 1298 2759 1361 ratio,
2790 1298 2915 1367 quia
2956 1297 3021 1350 ad
3052 1297 3435 1367 perfectionem
3472 1297 3687 1370 plenam

2105 1402 2213 1439 non
2240 1387 2550 1456 pervenitur
2585 1387 2686 1441 nisi
2717 1401 2811 1457 per
2848 1386 3038 1449 ﬁdem,
3076 1388 3215 1442 sicut
3255 1390 3512 1458 scriptum
3555 1396 3640 1444 est
3670 1404 3684 1441 :

2111 1475 2229 1529 Nisi
2251 1475 2597 1540 credideritis,
2622 1494 2723 1530 non
2741 1475 3184 1547 intelligetisUsa.
3203 1493 3297 1545 vn,
3320 1478 3353 1533 9
3375 1496 3476 1532 sec.
3494 1476 3688 1549 LXX),

2107 1576 2162 1621 et
2184 1566 2309 1622 alibi
2337 1586 2348 1620 :
2374 1567 2558 1622 Justus
2580 1578 2752 1622 autent
2780 1586 2925 1622 meus
2949 1552 3013 1623 ea:
3038 1569 3142 1638 ﬁde
3168 1571 3285 1623 ririt
3310 1569 3465 1641 (Ileb.
3492 1586 3549 1636 ι,
3572 1571 3685 1640 38).

2107 1659 2269 1713 Pauci
2300 1668 2422 1714 Sunt
2450 1674 2700 1728 namque.
2743 1660 2833 1727 qui
2867 1660 3084 1715 ﬁrmare
3120 1672 3362 1731 possunt,
3392 1663 3532 1731 quod
3565 1677 3688 1719 cre-

433 1731 707 1823 minimus,
734 1749 870 1812 nihil
893 1757 958 1812 de
989 1756 1079 1811 illo
1109 1754 1334 1825 (gratias
1356 1751 1486 1825 Deo)
1512 1751 1566 1805 in
1594 1750 1776 1821 aliquo
1800 1748 2005 1813 dubito,
2040 1731 2085 1791 Β
2112 1749 2263 1803 dunt.
2300 1747 2451 1804 Unde
2481 1748 2633 1802 multi
2668 1748 2909 1812 illorum,
2942 1750 3032 1818 qui
3063 1758 3385 1819 putaverunt
3413 1767 3471 1806 se
3506 1766 3689 1822 posse,

435 1853 529 1908 sed
556 1867 623 1908 ex
655 1858 765 1905 toto
800 1864 919 1903 meo
945 1848 1107 1903 corde
1132 1846 1315 1910 credo,
1342 1852 1397 1898 et
1430 1838 1579 1898 certa
1614 1842 1724 1897 oris
1751 1840 2011 1895 relatione

434 1943 715 2007 conﬁteor,
755 1942 928 2010 ipsum
972 1937 1167 1993 divina
1210 1945 1265 1991 et
1303 1934 1527 1990 viviﬁci:
1572 1932 1788 2007 virtutis
1833 1945 2013 1986 sacra-

436 2040 677 2087 mentum
699 2070 714 2095 ,
738 2044 927 2086 veram
956 2028 1160 2085 Christi
1189 2042 1405 2082 carnem
1434 2041 1582 2090 esse,
1610 2040 1677 2079 ex
1701 2036 1807 2093 qua
1834 2022 2009 2092 pasci-

436 2137 581 2188 mur,
598 2118 655 2176 et
678 2135 867 2175 verum
891 2118 1008 2189 ejus
1024 2120 1359 2197 sanguinem,
1376 2132 1443 2171 ex
1465 2131 1571 2185 quo
1596 2124 1862 2185 putamur.
1888 2112 2013 2168 limo

439 2227 671 2283 namque
706 2212 880 2268 hostia
908 2226 1104 2281 corpus
1135 2218 1190 2265 et
1216 2210 1431 2281 sanguis
1455 2217 1568 2275 est,
1597 2216 1659 2263 ut
1691 2208 1881 2263 beatus
1916 2204 2016 2259 Pe-

442 2312 560 2359 trus
586 2305 709 2359 ait:
750 2300 1163 2357 Iucoutaminati
1209 2300 1330 2369 agni
1372 2308 1419 2352 et
1458 2295 1783 2351 immaculati
1819 2293 2015 2353 Christi

442 2394 493 2465 (1
519 2394 663 2450 Petr.
690 2410 731 2459 ι,
763 2392 873 2463 l9).
905 2391 1067 2448 Panis
1095 2389 1236 2445 enim
1282 2388 1397 2453 ille,
1426 2388 1582 2458 panis
1620 2394 1675 2442 et
1701 2387 1823 2441 vita:
1858 2394 2016 2441 aeter-

443 2501 555 2550 nte;
587 2494 642 2540 et
668 2485 807 2541 calix
835 2485 943 2549 ille,
971 2479 1323 2539 calix‘salutis
1350 2487 1640 2551 perpetuas.
1676 2479 1754 2533 Ex
1776 2478 1863 2534 his
1889 2493 2016 2534 sane

443 2576 640 2631 divinis
677 2576 948 2647 mysteriis
990 2574 1342 2635 mundamur,
1388 2580 1442 2627 et
1474 2569 1911 2634 sanctiﬁcamur,
1963 2577 2021 2624 et

443 2666 605 2721 unius
648 2665 945 2720 divinitatis
980 2664 1271 2735 participes
1306 2660 1585 2725 efﬁcimur,
1627 2661 1753 2730 quia
1783 2661 1924 2714 Deus
1963 2660 2015 2713 in

444 2754 621 2821 nobis,
650 2763 705 2809 et
745 2768 843 2808 nos
880 2754 934 2807 in
972 2753 1083 2808 Deo
1120 2767 1416 2806 manemus.
1452 2751 1625 2805 Audio
1664 2750 1793 2821 quid
1824 2750 1892 2805 de
1932 2750 2018 2804 his

2112 1839 2342 1908 turpiter
2369 1837 2532 1910 414
2558 1846 2902 1905 erraverunt,
2931 1840 3056 1894 dum
3083 1841 3444 1910 relinquentes
3481 1842 3694 1897 humili-

2113 1938 2278 1984 tatem
2320 1928 2477 1992 ﬁdei,
2509 1930 2717 1985 ratione
2745 1946 2908 2000 supra
2939 1946 2998 1985 se
3024 1934 3317 2002 ascendere
3340 1948 3695 2005 praesumpse-

2113 2026 2256 2073 runt.
2322 2018 2455 2073 Cum
2502 2028 2708 2083 certum
2763 2020 2835 2072 sit
2885 2017 3159 2075 Christum
3209 2021 3590 2077 immortaliter
3638 2032 3696 2076 et

2114 2108 2592 2178 incorruptibilitcr
2618 2109 2797 2162 vivere
2823 2108 2876 2162 in
2908 2124 2971 2163 se
3010 2110 3155 2179 ipso,
3184 2112 3305 2179 quis
3334 2120 3416 2164 est
3435 2152 3448 2173 ,
3490 2112 3579 2180 qui
3609 2127 3694 2165 ra-

2115 2198 2258 2252 tione
2284 2212 2479 2267 capere
2498 2197 2694 2261 valeat,
2720 2197 2987 2266 quomodo
3004 2213 3222 2252 carnem
3253 2215 3404 2253 suam
3429 2201 3518 2254 det
3539 2203 3694 2256 nobis
3784 2218 3791 2223 ·

2114 2286 2181 2341 ad
2215 2286 2682 2342 manducandum?
2710 2284 3045 2342 Sacriﬁcium
3082 2289 3225 2344 enim
3258 2287 3397 2345 istud
3427 2291 3691 2355 mirabile,

2094 2370 2387 2434 Christum
2413 2394 2522 2433 non
2557 2377 2811 2443 dandum,
2835 2380 2929 2433 sed
2956 2380 3137 2434 datum
3159 2422 3172 2444 ,
3200 2396 3306 2435 non
3345 2384 3694 2439 occidendum

2115 2475 2209 2527 sed
2232 2470 2470 2535 occisum
2492 2511 2505 2534 ,
2542 2485 2646 2524 non
2677 2470 3018 2526 redimendos
3059 2488 3157 2527 nos
3186 2471 3326 2546 [sed]
3371 2476 3694 2545 redemptos,

2114 2563 2269 2619 nobis
2296 2563 2350 2617 in
2377 2562 2608 2617 veritate
2635 2569 2928 2625 mnstrat;
2961 2563 3094 2616 sicut
3140 2565 3335 2618 veteris
3375 2564 3507 2634 legis
3546 2567 3697 2620 victi-

2116 2667 2217 2707 ma:
2253 2652 2368 2705 hac
2395 2652 2578 2704 omnia
2606 2658 2834 2705 ventura
2868 2653 3319 2719 prmnuntiahant.
3354 2652 3458 2707 Sed
3487 2657 3575 2724 qui
3606 2672 3698 2708 ve—
3742 2642 3749 2651 ’

2116 2734 2237 2798 rum
2256 2758 2455 2814 corpus
2473 2759 2649 2807 suum,
2672 2743 2812 2814 quod
2837 2745 3118 2799 suscitavit
3139 2747 3204 2800 de
3220 2748 3485 2816 sepulcro,
3502 2750 3698 2818 potuit,

448 2846 561 2915 ipsa
591 2845 803 2900 Veritas
849 2844 1103 2914 loquitur,
1154 2852 1209 2897 et
1252 2843 1365 2896 sine
1401 2842 1562 2896 dubio
1599 2841 1759 2896 credo
1784 2839 1863 2904 ei,
1900 2854 2019 2909 quae
2098 2835 2291 2904 ianuis
2313 2836 2534 2899 clausis,
2565 2837 2682 2891 sine
2709 2839 3054 2907 corruptione
3082 2846 3136 2892 et
3166 2838 3340 2908 aliqua
3373 2843 3452 2895 sui
3482 2842 3700 2897 fossione

448 2937 663 2993 mentiri
689 2952 794 2991 non
825 2944 1019 3006 potest.
1062 2934 1351 3010 Respondit
1391 2936 1533 2988 enim
1576 2933 1905 3005 litigantibus
1928 2932 2020 2987 Ju-

449 3028 608 3092 dsels,
637 3042 828 3096 panem
863 3028 1161 3082 concordiae
1195 3028 1565 3097 ignorantibus
1595 3035 1754 3098 atque
1796 3024 2019 3081 dicenti-

450 3120 551 3175 bus
581 3137 593 3173 :
625 3118 894 3184 Quomodo
917 3128 1082 3189 potest
1106 3118 1252 3171 nobis
1279 3120 1363 3170 hic
1390 3134 1597 3171 carnem
1624 3134 1773 3171 suam
1801 3114 2020 3170 dare‘ad

450 3209 871 3262 manducandum
914 3208 1105 3279 (Joan.
1153 3224 1237 3271 vt,
1284 3208 1350 3260 53
1393 3207 1557 3275 seq.)?
1586 3205 1798 3271 Quibus
1833 3219 1931 3274 per
1964 3218 2020 3257 se

452 3299 626 3367 ipsum
656 3299 791 3353 dixit
820 3318 832 3352 :
864 3298 1063 3363 Amen,
1092 3314 1242 3352 amen
1268 3297 1383 3350 dico
1413 3296 1553 3349 vobis
1572 3337 1583 3357 ,
1610 3297 1707 3348 nisi
1738 3295 2022 3349 manduca-

454 3390 627 3444 veritis
665 3407 871 3443 carnem
914 3387 1043 3444 Filii
1070 3389 1319 3453 hominis,
1345 3399 1392 3441 et
1416 3388 1640 3442 biberitis
1667 3389 1779 3457 ejus
1817 3388 2028 3455 sangui-

455 3490 594 3544 nem,
622 3497 724 3533 non
747 3480 945 3533 habetis
972 3480 1126 3537 vitam
1156 3480 1210 3532 in
1231 3480 1386 3532 uobis.
1422 3479 1525 3542 Qui
1550 3478 1828 3531 manducet
1859 3493 2024 3530 meam

451 3585 667 3633 comem
696 3579 743 3623 et
771 3569 894 3622 bibit
923 3586 1093 3624 meum
1120 3570 1454 3636 sanguinem,
1490 3567 1637 3620 habet
1680 3570 1835 3621 vitam
1872 3577 2025 3620 teter-

457 3676 599 3720 uum.
630 3659 765 3712 Caro
793 3660 927 3712 enim
969 3675 1083 3713 mea
1127 3674 1239 3711 vere
1266 3658 1407 3710 cibus
1441 3668 1537 3721 est,
1573 3667 1621 3710 et
1642 3660 1855 3727 sanguis
1884 3675 2027 3712 meus

456 3765 569 3804 vere
592 3758 666 3802 est
702 3758 870 3818 potus.
913 3746 1016 3813 Qui
1048 3748 1526 3801 manducat'meam
1552 3764 1759 3801 carnem
1779 3788 1793 3813 ,
1823 3758 1870 3802 et
1904 3750 2029 3803 bibit

455 3855 628 3894 meum
652 3839 983 3909 sanguinem,
1015 3840 1070 3892 in
1098 3855 1177 3913 me
1204 3848 1404 3902 manet,
1444 3847 1492 3891 et
1524 3855 1617 3909 ego
1642 3838 1694 3891 in
1733 3838 1823 3892 illo
1851 3854 1868 3890 :
1896 3840 2027 3893 sicut
2058 3912 2063 3916 ἓ

456 3946 540 3983 me
569 3930 706 3983 misit
732 3930 898 3984 virens
930 3928 1107 3993 Pater,
1137 3939 1183 3982 et
1220 3944 1310 3998 ego
1350 3931 1454 3983 viro
1484 3940 1690 3999 propter
1720 3927 1949 3992 Patrem,
1982 3940 2030 3983 et

454 4019 547 4088 qui
568 4018 849 4072 manduca:
869 4034 967 4081 me,
1002 4019 1106 4087 ipse
1131 4020 1249 4074 vivit
1273 4029 1476 4088 propter
1504 4036 1601 4072 me.
1634 4018 1736 4072 Hic
1763 4031 1835 4073 est
1855 4023 2028 4090 panis,

463 4108 551 4179 qui
573 4108 638 4164 de
664 4108 788 4162 calo
815 4106 1096 4161 descendit.
1131 4106 1232 4172 Qui
1260 4109 1537 4162 manducet
1559 4108 1705 4161 hunc
1726 4125 1932 4177 panem,
1957 4112 2033 4163 si—

464 4209 543 4253 uet
572 4199 627 4252 in
657 4209 927 4258 tetemum.
1016 4252 1029 4265 κ

538 4294 599 4351 ν.
626 4293 857 4351 Advorte
875 4294 989 4365 jam
1010 4295 1242 4357 tandem,
1269 4307 1300 4346 ο
1324 4292 1765 4361 pravissimarum
1793 4296 2030 4366 gentium

2121 2930 2464 2983 iutroluccrc
2519 2930 2584 2982 ad
2638 2927 2963 3000 discipulos,
3018 2940 3193 3001 potest
3243 2934 3425 3001 utique
3479 2949 3698 2988 carnem

2123 3034 2275 3073 suam
2303 3018 2431 3072 dare
2457 3020 2612 3073 nobis
2639 3020 2704 3071 ad
2742 3021 3173 3075 manducandum
3204 3023 3321 3076 sine
3354 3034 3447 3078 sua
3482 3022 3701 3080 lmsiono
3730 3066 3741 3073 .

2124 3119 2179 3164 et
2210 3111 2554 3174 detrimento.
3326 3097 3330 3102 ’

2162 3218 2168 3229 ’
2194 3219 2280 3272 V'l.
2318 3217 2424 3272 iste
2451 3226 2553 3281 est,
2581 3219 2668 3288 qui
2711 3234 2817 3272 non
2855 3228 3042 3289 aperto
3072 3228 3226 3276 utero
3248 3221 3469 3293 virginis
3500 3225 3704 3296 ingres—

2126 3325 2217 3367 sus
2243 3317 2325 3362 est
2352 3309 2633 3375 mundum,
2656 3309 2746 3379 qui
2782 3324 2903 3364 cum
2932 3325 3062 3365 vero
3090 3327 3317 3383 corpore
3352 3331 3510 3385 supra
3556 3334 3705 3373 mare

2127 3398 2438 3464 ambulavit,
2467 3399 2556 3469 qui
2594 3399 2850 3469 pauculas
2880 3404 3401 3461 escaeransitorias
3436 3416 3490 3460 et
3527 3409 3707 3463 visibi-

2127 3490 2204 3543 les
2246 3489 2346 3543 sub
2388 3489 2637 3545 dentibus
2685 3490 2956 3545 edentium
3002 3496 3183 3565 augeri
3225 3494 3367 3550 fecit.
3403 3496 3539 3563 Quid
3577 3508 3707 3570 ergo

2127 3578 2361 3643 dubitas,
2390 3594 2512 3632 cum
2550 3579 2663 3648 ipse
2690 3579 2833 3632 dicat
2865 3580 2958 3633 tibi
2998 3596 3012 3632 :
3056 3581 3158 3645 Qui
3199 3584 3479 3650 manduca!
3519 3604 3618 3651 me,
3658 3598 3707 3641 et

2126 3669 2233 3737 ipse
2260 3669 2380 3721 vivit
2407 3676 2618 3738 propter
2654 3683 2734 3720 me
2777 3667 2956 3736 (Joan.
2998 3669 3110 3740 vi)?
3151 3671 3291 3726 Deus
3334 3681 3416 3728 est
3449 3675 3536 3744 qui
3580 3675 3708 3732 facit

2128 3770 2318 3827 magna
2346 3764 2399 3809 et
2426 3754 2712 3819 mirabilia,
2739 3764 2791 3809 et
2819 3756 3203 3825 iuscrutabilia,
3234 3772 3459 3830 quorum
3490 3780 3594 3818 non
3624 3775 3709 3819 est

2129 3863 2403 3910 numerus.
2438 3845 2513 3901 Ne
2536 3845 2689 3911 velis,
2724 3862 2926 3916 qureso,
2953 3848 3053 3902 hoc
3079 3850 3283 3905 ratione
3308 3851 3581 3923 indagare.
3607 3853 3707 3909 Su-

2130 3952 2225 4007 pra
2262 3946 2316 3991 te
2338 3944 2423 3992 est
2453 3936 2743 4007 negotium,
2768 3938 2934 3999 nimis
2958 3939 3168 3993 excedit
3194 3939 3335 3993 vires
3370 3949 3505 3997 tuas.
3540 3934 3708 3999 Nemo

2129 4029 2274 4083 enim
2320 4034 2497 4097 potest
2532 4028 2773 4096 corporis
2805 4036 2859 4080 et
2891 4028 3166 4097 sanguinis
3188 4026 3419 4093 Christi,
3464 4048 3559 4102 pro
3597 4051 3707 4088 ma-

2122 4119 2320 4187 jestate
2355 4118 2454 4181 rei,
2488 4126 2829 4171 sacramenta
2863 4130 3205 4185 cognoscere.
3238 4118 3518 4176 Praebeant
3548 4123 3704 4186 ﬁdem

2035 4256 2044 4261 .
2131 4205 2391 4260 mirabilia
2446 4204 2816 4268 mirabilibus,
2878 4207 3437 4277 incomprehensibilia
3499 4213 3704 4266 incom—

2130 4295 2594 4366 prehensibilibus.
2633 4295 2823 4349 Divina
2862 4298 3124 4367 operatio,
3157 4300 3201 4354 si
3231 4288 3437 4354 ratione
3468 4314 3728 4371 compre—'

465 4401 717 4457 perversa
743 4387 1008 4454 doctrina,
1026 4394 1079 4441 et
1100 4384 1204 4441 noli
1226 4387 1385 4459 surda
1411 4403 1538 4442 aure
1562 4396 1618 4443 et
1657 4387 2031 4443 incircumciso
2057 4404 2111 4464 ο
2136 4385 2403 4449 henditur,
2438 4400 2544 4438 non
2569 4393 2649 4439 est
2678 4386 2811 4440 adeo
2837 4387 3185 4453 admirabilis.
3214 4388 3417 4444 Desiste
3443 4405 3703 4460 qumrere.

463 4478 629 4533 corde
659 4479 963 4547 praterire,
1001 4480 1145 4547 quod
1180 4476 1378 4532 dicitur
1424 4496 1437 4530 :
1484 4477 1585 4543 Qui
1614 4480 1896 4534 manduca!
1930 4496 2030 4542 me,

468 4581 620 4622 suam
643 4566 896 4621 nimirum
914 4573 978 4644 et
1001 4581 1109 4620 non
1140 4567 1296 4619 aliam
1330 4582 1544 4621 carnem
1584 4568 1932 4624 demonstrat.
1977 4568 2033 4624 Si

468 4656 612 4711 enim
636 4655 735 4709 hoc
757 4668 861 4708 non
880 4661 1041 4718 esset,
1070 4668 1405 4724 nequaquam
1434 4658 1745 4726 mysterium
1776 4658 1904 4713 illud
1926 4666 2034 4712 tam

471 4747 744 4812 mirabile,
783 4755 837 4801 et
862 4745 1153 4813 ineﬁ‘abile,
1183 4754 1343 4817 atque
1367 4747 1899 4816 incomprehensibile
1929 4751 2036 4805 dici

471 4845 671 4907 posset.
695 4836 796 4902 Qui
817 4837 981 4891 Deum
1000 4835 1169 4891 credit
1192 4836 1629 4906 omnipotentem,
1659 4838 1830 4891 credit
1852 4840 2039 4909 utique

470 4940 597 4983 cum
625 4925 779 4979 facile
799 4938 956 4994 posse
983 4925 1050 4979 de
1079 4941 1136 4981 re
1170 4927 1345 4997 aliqua
1364 4967 1377 4990 ,
1408 4927 1547 4997 quod
1578 4926 1708 4991 vult,
1747 4925 1942 4981 facere.
1979 4928 2036 4982 Si
2062 4932 2067 4939 '

471 5016 574 5076 hoc
602 5020 744 5069 esset
771 5014 865 5080 ita,
888 5017 1265 5084 comprehendi
1293 5031 1451 5072 sensu
1477 5026 1531 5072 et
1560 5016 1737 5071 verbis
1758 5017 1866 5072 diei
1892 5026 2039 5072 certe

473 5103 750 5173 potuisset.
783 5103 981 5157 Verum
1016 5103 1141 5171 quia
1178 5103 1332 5175 longe
1368 5105 1524 5160 aliter
1553 5119 1612 5161 se
1644 5106 1803 5160 habet
1836 5105 2039 5161 veritas

472 5194 609 5252 tanti
636 5193 899 5265 mysterii,
919 5207 1079 5265 quam
1103 5201 1161 5248 tu
1184 5195 1437 5252 hteretico
1460 5197 1712 5267 deceptus
1737 5195 1926 5266 spiritu
1952 5210 2039 5248 ar-

473 5285 713 5351 bitraris,
745 5292 893 5339 recte
919 5283 1116 5340 dicitur
1138 5278 1449 5354 mysterium
1476 5286 1617 5342 ﬁdei.
1642 5285 1758 5341 Non
1781 5286 1923 5341 enim
1942 5286 2040 5341 hu-

472 5389 637 5431 manu
655 5374 929 5437 intellectu
957 5374 1335 5444 comprehendi
1371 5382 1425 5430 et
1466 5376 1649 5431 subtili
1674 5376 1889 5432 ratione
1909 5390 2037 5445 per-

475 5467 631 5537 pendi
661 5465 823 5531 valet,
848 5465 944 5519 sed
975 5464 1236 5535 simplicis
1269 5463 1390 5521 ﬁdei
1428 5465 1766 5522 devotisslma
1807 5468 2038 5536 puritate

474 5561 613 5630 capi.
643 5560 795 5617 Unde
821 5559 1081 5615 Dominus
1113 5560 1181 5614 de
1212 5560 1315 5615 hoc
1350 5571 1688 5618 sacramento
1720 5562 2036 5631 quibusdam

479 5650 750 5722 discipulis
773 5643 887 5707 ‘non
910 5648 1250 5705 credentibus
1280 5650 1519 5720 loquens,
1549 5653 1628 5706 ait
1652 5667 1665 5706 :
1712 5650 1892 5717 l'erbe,
1921 5668 2039 5725 qut!

2134 4475 2306 4530 Crede
2338 4488 2551 4529 mecum
2582 4482 2791 4531 tantum
2812 4518 2826 4542 ,
2858 4478 2980 4547 quia
3011 4477 3253 4540 Christus
3288 4478 3441 4533 nobis
3470 4484 3710 4551 quotidie

2136 4566 2489 4621 ministratur.
2540 4565 2788 4623 Christus
2838 4576 2923 4621 est
2968 4567 3116 4623 cibus
3146 4574 3199 4623 et
3241 4575 3398 4636 potus
3437 4571 3708 4632 Ecclesim.
3764 4605 3770 4612 -

2136 4656 2275 4711 Caro
2320 4657 2504 4723 cibus,
2559 4671 2777 4728 sanguis
2828 4665 3005 4726 potus.
3057 4656 3264 4725 Cujus?
3307 4661 3524 4718 Christi.
3576 4666 3710 4722 Audi

2137 4746 2311 4816 ipsum
2355 4745 2623 4802 dicentem
2672 4759 2688 4798 :
2738 4743 2849 4797 Hoc
2895 4754 2970 4798 est
3018 4762 3205 4816 corpus
3255 4766 3427 4804 meum
3477 4754 3496 4823 (
3520 4731 3709 4810 Matth.

2138 4854 2289 4903 xxxx,
2333 4837 2466 4910 26),
2509 4846 2602 4891 et:
2640 4835 2750 4904 Ego
2789 4850 2902 4888 sum
2934 4836 3086 4904 punis
3112 4839 3229 4893 vita:
3260 4839 3450 4911 (Joan.
3488 4860 3567 4908 vr,
3597 4845 3707 4914 48).

2142 4926 2254 4981 Hoc
2278 4927 2434 4995 facite
2450 4928 2505 4981 in
2523 4943 2690 4979 meam
2711 4930 3249 4987 commemorationem
3266 4931 3416 5004 (Luc.
3444 4949 3572 4998 xm,
3599 4935 3707 5005 19).

2139 5017 2252 5071 Hoc
2278 5032 2408 5086 ergo
2437 5014 2731 5086 agendum,
2760 5012 2864 5070 hoc
2893 5013 3337 5086 frequentandum
3371 5026 3712 5078 commenda-

2141 5107 2216 5160 vit
2270 5106 2556 5167 Ecclesia,
2607 5116 2886 5173 quousque
2935 5106 3117 5161 Veniat
3173 5107 3226 5161 in
3282 5107 3441 5162 finem
3494 5113 3709 5177 steculi,

2138 5196 2353 5267 quando
2372 5195 2476 5249 erit
2504 5202 2817 5249 sanctorum
2850 5195 3095 5266 requies;
3121 5212 3226 5253 non
3254 5198 3427 5254 adhuc
3456 5197 3508 5254 in
3532 5215 3713 5255 sacra-

2139 5298 2357 5351 mento,
2385 5300 2493 5357 quo
2527 5286 2582 5340 in
2629 5286 2732 5343 hoc
2766 5294 3008 5358 tempore
3053 5289 3392 5344 consociatur
3433 5289 3674 5347 Ecclesia
3697 5333 3711 5357 ,

2139 5377 2375 5448 quandiu
2404 5376 2623 5443 bibitur,
2648 5379 2789 5447 quod
2815 5379 2881 5433 de
2907 5378 3105 5436 Christi
3140 5379 3306 5450 latere
3332 5382 3585 5445 manavit,
3618 5384 3715 5440 sed

2139 5480 2318 5523 tamen
2352 5468 2405 5521 in
2442 5468 2558 5537 ipsa
2586 5467 2918 5538 perfectione
2954 5469 3140 5524 salutis
3170 5476 3415 5534 :eternm,
3443 5487 3565 5526 cum
3603 5483 3715 5529 tra-

2140 5563 2294 5614 detur
2324 5573 2547 5629 regnum
2590 5559 2700 5615 Deo
2740 5560 2919 5623 Patri,
2952 5568 3011 5613 ut
3045 5560 3097 5614 in
3141 5559 3227 5613 illa
3268 5562 3546 5631 perspicua
3587 5580 3714 5618 ron-

2140 5648 2482 5719 templatione
2507 5651 2956 5706 incommutabilis
2988 5651 3229 5705 veritatis
3265 5650 3421 5706 nullis
3448 5659 3713 5727 mysteriis
