4254 6200
673 325 803 380 i091

669 456 941 511 egeamus.
981 439 1094 493 Noli
1141 440 1326 506 itaque
1347 436 1601 498 diﬁidcrc,
1639 449 1811 503 neque
1847 432 2076 495 ditliteri,
2113 444 2232 482 cum
2267 433 2308 483 A

670 531 850 587 cernis
879 523 1180 584 creaturam
1213 528 1366 597 panis
1407 535 1460 580 et
1491 527 1600 579 vini
1624 527 1689 579 de
1724 521 2053 591 simplicibus
2085 529 2240 573 teme

671 621 913 692 frugibus
956 630 1242 689 sumptam.
1288 618 1501 674 intuere
1543 615 1986 685 omnipotentiam
2039 611 2133 666 Dei
2186 619 2241 663 et

673 713 881 768 Domini
916 712 1084 766 nostri
1109 709 1236 764 Jesu
1263 709 1485 771 Christi,
1511 708 1600 776 qui
1629 721 1824 776 corpus
1850 713 1904 757 et
1927 703 2239 773 sanguinem

672 819 828 858 suum
857 802 969 856 solo
1005 809 1137 855 nutu
1166 798 1324 853 efﬁcit
1361 795 1477 852 sine
1508 797 1684 865 aliqua
1719 791 1868 848 mora
1900 808 1960 846 ex
2006 794 2106 845 eis.
2135 789 2242 843 Sed

672 907 781 948 non
830 892 945 946 sine
988 906 1150 946 causa
1201 889 1284 959 agi
1329 889 1490 944 debes
1521 887 1768 941 credere.
1814 883 2028 953 quando
2062 881 2242 934 vinum

671 996 811 1052 aqua
857 984 1072 1037 mistum
1116 980 1293 1035 oﬁ’erri
1318 981 1484 1034 vides.
1524 979 1598 1033 De
1637 978 1804 1031 latere
1841 975 1981 1029 enim
2020 972 2242 1035 Christi,

672 1076 774 1147 qui
807 1075 942 1129 vitis
969 1084 1051 1128 est
1094 1089 1250 1136 vera,
1283 1072 1494 1141 quando
1541 1069 1859 1124 transﬁxum
1908 1078 1990 1121 est
2038 1067 2240 1126 lancea,

674 1182 810 1236 aqua
846 1180 965 1221 cum
1001 1165 1260 1233 sanguine
1294 1171 1376 1216 est
1409 1176 1645 1232 egressa.
1689 1159 1779 1214 llle
1814 1158 2030 1227 sanguis
2073 1157 2122 1211 in
2161 1173 2246 1211 rc-

674 1259 981 1314 missionem
1030 1254 1330 1326 peccatoris
1375 1253 1526 1306 fusus
1561 1260 1663 1306 est.
1697 1250 1848 1319 Aqua
1884 1249 1970 1303 illa
2013 1247 2247 1301 salutare

675 1353 940 1414 temperat
961 1343 1228 1414 poculum.
1255 1341 1379 1394 Haec
1412 1350 1465 1393 et
1494 1340 1766 1394 lavacrum
1799 1346 2036 1408 praestat,
2073 1343 2128 1388 et
2157 1349 2250 1404 po-

679 1446 810 1490 tum.
850 1432 973 1497 Haec
1005 1441 1129 1484 sunt
1161 1431 1304 1505 enim
1329 1437 1662 1483 sacramenta
1690 1427 1960 1490 Εεαῐεείιε,
1992 1425 2108 1480 sine
2132 1423 2248 1493 qui-

678 1525 778 1580 bus
813 1523 880 1576 ad
916 1536 1095 1575 veram
1120 1522 1282 1588 vitam
1303 1535 1407 1572 non
1443 1518 1691 1580 intratur,
1716 1516 1839 1584 quia
1862 1514 2025 1568 nimia
2050 1513 2250 1582 pietate

679 1623 735 1668 et
779 1627 960 1667 amore
1010 1612 1307 1679 timoreque
1355 1623 1548 1677 magno
1591 1607 1792 1676 agenda
1823 1612 1985 1668 sunt,
2016 1614 2069 1659 et
2111 1601 2252 1657 acci-

679 1703 890 1771 pienda.
932 1701 1140 1756 Accede
1193 1698 1417 1753 ﬁdeliter
1466 1698 1531 1752 ad
1568 1698 1710 1762 hac,
1759 1695 1890 1750 nihil
1937 1694 2251 1757 discutiens,

1495 327 1552 379 Β.
1593 325 1654 378 F.
1698 322 1917 378 ALBINI
1959 319 2088 374 ΒΕΖιῖ
2130 314 2401 371 ALCUINI
2456 311 2735 370 OPERL'M
2777 310 2952 364 PARS
2991 307 3119 361 Vill.

3763 300 3914 356 1099.

2463 427 2628 484 Agnus
2656 423 2929 471 honoranda
2952 433 3089 466 sacer
3116 419 3191 484 hic
3212 422 3446 484 mactatur
3470 419 3515 484 in
3541 429 3621 464 ara

2526 486 2734 533 Czeditur
2763 487 2809 530 in
2836 490 3022 542 partes;
3052 481 3270 542 partibus
3285 482 3450 542 rmnnis
3468 481 3611 526 inest.

2462 547 2502 595 Μ
2523 548 2704 593 inditur
2731 541 2850 590 alma
2871 555 3002 601 caro,
3029 541 3228 602 sanguis
3248 541 3527 598 bibiturque
3551 545 3766 587 sacratus

2523 606 2722 667 Integer
2750 608 2853 664 ipse
2877 611 3037 651 tamen
3063 605 3198 662 Vlvll,
3226 602 3406 662 ubique
3429 613 3642 649 umens.

2412 689 2538 742 Vill.
2581 687 2705 742 Haec
2733 694 2816 739 est
2849 685 3011 754 igitur
3033 683 3172 737 ﬁdes
3197 697 3314 738 mea
3335 690 3390 736 et
3414 698 3556 751 spes,
3583 697 3700 751 qua:
3731 682 3785 738 in
3818 697 3913 737 me

2339 779 2479 834 dono
2514 774 2890 830 misericordiae
2915 773 3007 827 Dei
3034 782 3135 827 est.
3170 772 3274 827 Pro
3304 787 3404 841 qua
3435 773 3665 825 maxime
3687 782 3911 842 paratos

2343 886 2440 924 nos
2467 883 2586 924 esse
2611 868 2824 931 debere,
2859 867 3044 920 beatus
3082 865 3272 920 Petrus
3297 865 3556 934 praecipit,
3590 866 3654 918 ad
3682 879 3909 935 respon—

2343 962 2570 1017 dendum
2597 959 2740 1013 omni
2775 958 3013 1026 poscenti
3047 973 3143 1012 nos
3177 956 3460 1010 rationem.
3496 955 3618 1009 Haec
3649 964 3732 1008 est
3761 964 3912 1008 certe

2347 1053 2496 1116 ﬁdes,
2534 1066 2692 1120 quam
2728 1049 2886 1103 corde
2918 1059 3101 1112 teneo,
3133 1062 3227 1101 ore
3252 1046 3525 1116 proﬁteor,
3549 1061 3670 1100 cum
3697 1045 3800 1100 hac
3829 1046 3913 1099 vi.

2347 1157 2471 1196 vere
2507 1157 2592 1196 me
2624 1150 2782 1210 opto,
2817 1154 2938 1193 cum
2973 1139 3086 1209 ipsa
3115 1146 3242 1191 ante
3279 1135 3508 1190 tribunal
3546 1134 3741 1189 Christi
3779 1133 3916 1188 assi-

2347 1244 2507 1288 stere.
2549 1233 2653 1288 Per
2688 1233 2826 1286 hanc
2868 1245 2896 1284 a
2935 1231 3167 1300 peccatis
3201 1229 3332 1282 meis
3369 1227 3570 1282 absolvi
3610 1241 3696 1280 me
3727 1227 3909 1282 credo.

2349 1325 2472 1379 llzce
2503 1332 2564 1377 ut
2593 1324 2645 1376 in
2671 1337 2789 1387 me,
2811 1320 2950 1391 quod
2973 1322 3167 1376 bonum
3197 1328 3300 1384 est,
3329 1333 3426 1388 per
3447 1319 3797 1372 humilitatem
3831 1317 3915 1371 di-

2349 1410 2738 1482 lectionemque
2767 1426 2982 1480 semper
3013 1403 3181 1478 usque
3213 1411 3266 1464 in
3302 1408 3460 1466 ﬁnem
3489 1419 3759 1479 operetur,
3785 1419 3916 1479 opto

2347 1504 2718 1566 vehementer,
2756 1508 2811 1554 et
2849 1499 3058 1554 Domini
3089 1499 3510 1554 misericordiam
3544 1514 3752 1569 precor.
3789 1499 3916 1553 llaec

2352 1591 2484 1645 ﬁdes
2505 1599 2587 1643 est
2608 1588 2830 1642 baculus
2859 1586 3179 1642 defensionis
3208 1603 3360 1651 mea,
3393 1603 3498 1656 quo
3524 1588 3744 1643 callidos
3767 1597 3820 1642 et
3841 1590 3919 1642 si-

2347 1681 2644 1735 mulatores
2679 1680 2731 1732 in
2763 1679 2943 1747 lingua
2979 1676 3166 1732 feriam
3199 1676 3491 1743 falsidicos,
3514 1678 3605 1746 qui
3641 1679 3795 1734 nobis
3817 1694 3920 1748 per

680 1769 805 1862 quia
845 1791 1151 1862 mysterium
1201 1798 1284 1843 est,
1319 1788 1459 1842 ﬁdei,
1495 1787 1702 1841 Accede
1743 1792 1962 1855 pacate,
2001 1784 2124 1852 quia
2157 1799 2249 1838 sa-
2280 1769 2326 1827 B
2351 1776 2492 1830 viam
2517 1775 2673 1842 hujus
2693 1773 2871 1829 saeculi
2897 1773 3294 1827 transeuntibus
3320 1772 3658 1862 insidiantur.
3830 1780 3922 1827 est

682 1890 1015 1936 cramentum
1038 1887 1122 1932 est
1143 1878 1363 1931 unitatis
1401 1894 1413 1929 :
1449 1875 1554 1930 ﬁde
1579 1885 1633 1930 et
1671 1890 1832 1945 opere
1854 1875 2033 1929 unitus
2059 1889 2252 1928 esma—

684 1971 753 2024 tri
798 1969 1070 2024 Ecclesize.
1117 1968 1228 2022 [loc
1276 1975 1452 2020 autem
1500 1968 1711 2037 signant
1757 1966 1912 2035 panis
1957 1980 2024 2018 ex
2070 1964 2252 2018 multis

684 2061 883 2128 granis,
912 2068 966 2113 et
990 2061 1170 2112 vinum
1205 2073 1266 2111 ex
1300 2057 1480 2111 multis
1513 2056 1702 2111 acinis.
1740 2057 1946 2110 Accede
1976 2070 2096 2109 cum
2124 2069 2249 2124 gra-

685 2154 878 2206 tiarum
905 2151 1131 2213 actione,
1158 2151 1281 2218 quia
1303 2149 1613 2218 mysterium
1635 2156 1717 2201 est
1743 2147 2041 2200 charitatis.

757 2237 864 2290 Vll.
905 2236 1047 2290 Illius
1091 2236 1245 2305 panis
1281 2243 1334 2288 et
1374 2234 1556 2288 ealicis
1597 2233 1797 2286 oblatio
1834 2233 2021 2287 mortis
2051 2232 2251 2286 Christi

687 2335 771 2380 est
799 2325 1234 2381 commemoratio
1262 2333 1315 2378 et
1345 2323 1695 2377 annuntiatio.
1722 2321 1850 2388 Quae
1872 2337 1976 2375 non
2008 2329 2116 2374 tam
2141 2336 2254 2373 ver-

687 2419 770 2472 bis
789 2434 948 2487 quam
973 2416 1240 2485 mysteriis
1266 2416 1394 2484 ipsis
1416 2416 1608 2485 agitur,
1637 2429 1730 2483 per
1751 2428 1868 2481 qua:
1889 2413 2085 2465 nostris
2106 2427 2227 2464 men

688 2509 828 2562 tibus
850 2522 993 2560 mors
1015 2506 1100 2558 illa
1122 2507 1352 2575 pretiosa
1375 2506 1533 2558 altius
1551 2514 1603 2558 et
1624 2503 1814 2558 fortius
1831 2503 2250 2557 commendatur.

687 2595 809 2648 Ideo
833 2594 935 2648 hoc
963 2602 1352 2648 sacramentum
1378 2592 1650 2662 discipulis
1671 2591 1916 2645 ultimum
1938 2591 2173 2666 tradidit,
2197 2600 2258 2644 ut

689 2684 962 2738 memoria:
983 2691 1142 2737 tanta:
1163 2682 1460 2746 charitatis,
1483 2697 1588 2751 qua
1609 2697 1706 2736 nos
1725 2681 1802 2735 sic
1824 2681 2038 2744 amavit,
2061 2681 2140 2735 sic
2158 2680 2260 2734 salo

687 2773 852 2836 vavit,
887 2772 1097 2827 illorum
1131 2780 1187 2826 et
1215 2773 1412 2827 nostris
1446 2771 1714 2826 mentibus
1738 2771 1895 2825 altius
1921 2770 2255 2839 imprimere-

690 2871 796 2917 tur.
825 2861 1032 2916 Accede
1054 2869 1202 2914 casto
1237 2868 1293 2915 et
1327 2861 1523 2914 mundo
1552 2861 1732 2914 corde.
1767 2858 1824 2912 Si
1857 2859 2098 2913 cecidisti
2130 2874 2256 2927 gra-

691 2952 847 3016 viter,
881 2951 925 3005 si
950 2951 1124 3005 adhuc
1146 2950 1393 3004 affectum
1428 2949 1682 3019 peccandi
1716 2948 1909 3013 habes,
1936 2963 2032 3017 age
2054 2948 2260 3004 fructus

694 3045 880 3110 dignos
909 3042 1252 3112 prnitentim.
1288 3041 1477 3095 Munda
1504 3041 1650 3110 prius
1687 3042 2091 3096 conscientiam.
2124 3041 2260 3095 Gra-

693 3134 805 3187 vari
848 3132 1080 3202 poteris,
1127 3147 1230 3187 non
1274 3133 1568 3196 sublevari,
1599 3133 1644 3186 si
1685 3133 1988 3187 immundus
2028 3135 2254 3189 accedis.

694 3224 864 3277 Tanta
893 3231 977 3276 est
1003 3225 1170 3277 virtus
1193 3222 1350 3291 hujus
1375 3224 1645 3289 sacriﬁcii,
1684 3233 1742 3277 ut
1776 3224 1901 3278 solis
1917 3223 2076 3290 justis
2107 3224 2258 3296 [non]

693 3311 1066 3381 peccatoribus
1097 3329 1291 3382 corpus
1328 3315 1398 3367 sit
1435 3323 1490 3368 et
1531 3315 1749 3383 sanguis
1787 3313 2007 3368 Christi.
2047 3314 2264 3368 Mundat

693 3409 942 3470 peccata,
971 3401 1085 3456 sine
1111 3402 1301 3471 quibus
1330 3402 1441 3456 hare
1477 3404 1582 3456 vita
1612 3402 1792 3472 peragi
1835 3417 1939 3456 non
1982 3411 2175 3473 potest.
2219 3404 2263 3458 Ο

699 3500 1093 3545 sacramentum
1134 3492 1375 3560 pietatis!
1414 3491 1546 3556 Quia
1585 3492 1824 3545 Christus
1867 3492 2134 3560 prmseivit
2167 3507 2265 3545 nos

698 3588 1011 3649 peccaturos
1034 3589 1154 3649 post
1187 3580 1347 3645 illam,
1381 3595 1482 3649 qua
1507 3595 1604 3632 nos
1627 3579 1870 3642 redemit,
1895 3579 2259 3643 salvationem,

697 3667 992 3722 instituitur
1014 3669 1114 3724 hoc
1145 3668 1406 3723 ineﬂ’abiie
1429 3678 1821 3723 sacramentum
1840 3709 1854 3732 ,
1887 3667 2038 3734 cujus
2065 3670 2263 3723 sancti-

699 3759 946 3813 ﬁcatione
995 3761 1109 3813 sine
1155 3761 1546 3816 intermissione
1588 3761 1948 3829 expiarentur.
1992 3759 2114 3814 ideo
2149 3760 2264 3828 qui-

699 3849 924 3902 busdam
955 3849 1198 3917 provenit
1223 3849 1289 3902 ad
1319 3850 1687 3905 remissionem
1713 3857 2077 3916 peccatorum,
2112 3858 2165 3901 et
2199 3847 2266 3901 ad

702 3948 1042 4006 augmentum
1077 3939 1330 3991 virtutum
1369 3955 1380 3990 :
1410 3938 1728 4006 quibusdam
1760 3938 1824 3991 ad
1852 3936 2037 4005 judicii
2060 3937 2267 4006 pondus

701 4034 757 4076 et
777 4027 1060 4079 maxiniam
1105 4027 1474 4096 perditionem.
1500 4025 1710 4079 Accede
1740 4036 2046 4080 reverenter
2069 4034 2121 4079 et
2147 4041 2266 4080 cum

705 4123 934 4166 tremore
959 4115 1140 4180 multo,
1165 4116 1288 4184 quia
1316 4131 1420 4168 non
1455 4115 1614 4180 aliud,
1645 4115 1736 4168 sed
1759 4113 2004 4168 Christus
2025 4115 2181 4168 datur
2202 4115 2268 4168 ad

706 4204 1149 4259 manducandum.
1196 4206 1270 4259 Ne
1318 4207 1541 4269 timeas,
1580 4221 1701 4258 cum
1746 4204 1910 4258 Deum
1956 4207 2264 4259 manducas.

705 4296 818 4364 ipse
844 4296 1115 4366 prmcepit.
1143 4295 1272 4350 Cum
1295 4297 1539 4352 Christus
1562 4297 1930 4361 manducatur,
1959 4298 2087 4365 quid
2106 4298 2265 4362 aliud,

706 4390 862 4452 quam
908 4386 1013 4438 vita
1056 4384 1438 4438 manducatur?
1477 4385 1532 4439 Si
1580 4387 1930 4440 manducatur
1961 4387 2097 4449 vita,
2146 4387 2265 4450 hoc,

707 4472 847 4541 quod
874 4488 976 4526 non
999 4474 1240 4537 moritur,
1266 4472 1450 4541 procul
1481 4474 1639 4527 dubio
1666 4475 2031 4530 manducatur.
2058 4476 2268 4530 Accede

708 4559 955 4612 credulus
987 4569 1040 4612 et
1087 4562 1328 4615 mundus.
1377 4561 1632 4617 Manduca
1674 4563 1874 4625 vitam,
1921 4564 2041 4618 bibe
2082 4567 2264 4619 vitam.

713 4648 860 4702 Tunc
879 4656 1052 4700 autem
1084 4647 1184 4701 hoc
1208 4651 1329 4711 erit,
1363 4651 1412 4704 id
1437 4661 1538 4714 est,
1571 4652 1680 4705 vita
1713 4651 1998 4722 unicuique
2029 4654 2130 4709 erit
2155 4670 2272 4708 cor-

710 4754 809 4806 pus
834 4748 887 4792 et
915 4740 1128 4809 sanguis
1150 4739 1369 4803 Christi,
1403 4742 1446 4794 si
1479 4744 1622 4810 quod
1657 4744 1710 4797 in
1739 4759 2071 4801 sacramento
2091 4748 2272 4801 visibi-

712 4828 833 4882 liter
869 4829 1110 4894 sumitur,
1138 4831 1188 4884 in
1223 4831 1332 4900 ipsa
1355 4831 1580 4886 veritate
1603 4834 1948 4901 spiritualiter
1983 4838 2270 4890 manduce-

715 4925 822 4978 tur,
859 4918 1201 4986 spiritualitcr
1236 4921 1463 4975 bibatur.
1503 4921 1633 4975 Illud
1667 4923 1845 4976 bibere
1881 4925 2007 4990 quid
2049 4936 2131 4977 est
2171 4929 2271 4982 nisi

714 5007 928 5060 vivere?
954 5006 1080 5061 illud
1115 5011 1454 5074 manducare,
1482 5011 1627 5066 reﬁci
1654 5023 1758 5066 est.
1786 5012 1887 5066 Sed
1910 5013 1986 5065 sic
2018 5013 2269 5080 reﬁceris,

717 5103 775 5147 ut
800 5109 900 5147 non
930 5095 1168 5156 deﬁciat,
1205 5099 1342 5151 unde
1376 5101 1630 5156 reﬁceris.
1664 5104 1890 5158 Habebis
1916 5104 2060 5158 enim
2087 5104 2269 5167 vitam,

717 5189 771 5233 et
798 5182 997 5250 integra
1019 5185 1248 5238 estvita.
1275 5185 1497 5255 Suscipe
1517 5188 1794 5244 Dominum
1813 5191 1995 5245 Jesum
2017 5200 2108 5245 tuo
2129 5205 2277 5244 men-

718 5273 787 5325 tis
821 5270 1068 5340 hospitio.
1111 5274 1211 5328 Ubi
1253 5290 1448 5346 corpus
1477 5277 1611 5346 ejus,
1647 5277 1718 5330 ibi
1752 5279 1996 5335 Christus
2026 5289 2104 5334 est
2128 5293 2273 5332 vere.

720 5360 853 5414 Hinc
873 5359 1089 5428 quidam
1116 5364 1244 5418 tanti
1270 5366 1505 5434 mysterii
1530 5367 1875 5420 admiratione
1900 5380 1950 5420 et
1975 5385 2153 5423 amore
2172 5370 2280 5438 ple-

722 5467 816 5502 nus
847 5453 944 5504 hos
975 5448 1159 5515 edidit,
1170 5453 1457 5510 versiculos

843 5580 880 5626 Ο
906 5594 989 5626 res
1013 5583 1132 5628 min
1158 5581 1321 5629 nimis!
1349 5583 1463 5639 Quis
1488 5582 1630 5641 huius
1657 5594 1861 5632 cernere
1890 5590 2036 5642 possit

909 5643 1075 5691 latim:
1101 5643 1335 5703 mysterii,
1361 5644 1485 5702 quod
1513 5642 1655 5691 Jesus
1682 5645 1924 5694 instituit?

2301 4445 2348 4501 D

2349 1872 2560 1917 scutum
2593 1877 2771 1916 meum
2791 1903 2805 1924 ,
2839 1877 2945 1930 quo
2978 1869 3236 1915 venenata
3271 1860 3520 1914 animalia
3551 1871 3605 1914 et
3634 1861 3922 1932 pestiferas

2349 1950 2414 2003 de
2444 1950 2690 2006 cavernis
2725 1957 3070 2018 erumpentes
3107 1948 3357 2003 bestiolas
3391 1948 3648 2018 repellere
3685 1951 3917 2016 valeam,

2351 2055 2413 2093 ac
2445 2036 2636 2104 vitare,
2675 2054 2741 2092 ne
2774 2039 2986 2106 aliquod
3013 2055 3066 2092 in
3095 2054 3182 2093 me
3205 2046 3391 2108 patens
3414 2038 3740 2104 membrum,
3770 2049 3825 2094 et
3849 2041 3921 2094 de

2349 2139 2679 2199 protectione
2727 2131 2848 2185 ﬁdei
2885 2133 3113 2196 nudum,
3162 2131 3363 2186 framea
3399 2133 3662 2196 hostium,
3692 2148 3818 2202 qute
3850 2132 3921 2186 ad

2351 2218 2674 2272 saeviendum
2707 2219 3021 2281 destinatur,
3053 2219 3307 2272 inveniat.
3344 2220 3442 2274 Hic
3473 2230 3658 2275 noster
3689 2220 3920 2283 libellus,

2351 2307 2439 2361 hie
2471 2307 2632 2379 415
2662 2307 2783 2362 ﬁdei
2821 2323 2952 2363 mete
2988 2309 3300 2373 thesaurus,
3339 2326 3505 2380 quem
3549 2311 3923 2390 in‘catholica:

2352 2398 2604 2452 Ecclesiae
2638 2413 2765 2466 agro
2787 2399 2920 2453 bene
2945 2399 3088 2453 culto
3111 2401 3304 2469 reperi.
3334 2399 3459 2455 Hinc
3478 2409 3562 2456 est
3581 2400 3735 2466 ﬁdes,
3757 2417 3922 2472 quam

2355 2484 2407 2537 in
2441 2487 2560 2539 sinu
2589 2489 2778 2541 matris
2801 2488 3050 2543 Ecclesiae
3082 2505 3170 2544 me
3203 2490 3402 2545 Christi
3430 2491 3600 2560 gratia
3631 2491 3830 2557 docuit,
3866 2501 3918 2545 et

2355 2576 2494 2631 hanc
2515 2579 2644 2632 mihi
2664 2594 2695 2631 a
2716 2587 2953 2649 tempore
2979 2581 3225 2650 baptismi
3249 2596 3462 2650 semper
3485 2596 3683 2652 augere
3704 2583 3920 2652 dignata

2355 2677 2454 2724 est.
2491 2669 2580 2726 Sic
2606 2687 2786 2726 coram
2813 2675 2922 2728 Deo
2954 2675 3252 2738 credimus,
3291 2675 3370 2730 sic
3403 2691 3584 2730 coram
3616 2677 3922 2732 boinibus

2355 2759 2512 2816 labiis
2532 2763 2870 2828 conﬁtemur,
2895 2774 2954 2819 ut
2980 2774 3035 2819 et
3055 2765 3359 2820 hominibus
3383 2766 3619 2835 cognitio
3642 2782 3738 2821 sua
3762 2767 3920 2822 ﬁdem

2357 2848 2536 2916 faciat,
2566 2860 2622 2906 et
2642 2853 2752 2907 Deo
2787 2854 2962 2923 imago
2997 2870 3092 2909 sua
3132 2856 3496 2909 testimonium
3536 2856 3743 2910 reddat.
3776 2856 3920 2913 Hane

2359 2938 2414 2992 in
2435 2941 2620 2995 statuti
2652 2941 2822 3010 legem
2855 2952 2930 3007 tu,
2961 2944 3032 2997 mi
3057 2943 3288 3009 Christe,
3313 2945 3468 2999 unica
3491 2960 3634 3015 spes,
3669 2955 3725 3000 et
3751 2946 3920 3002 virtus

2361 3033 2547 3087 salutis
2583 3049 2744 3099 mete,
2788 3046 3006 3105 protege
3038 3051 3266 3106 semper,
3300 3045 3460 3107 atque
3483 3039 3720 3104 custodi,
3746 3055 3812 3095 ne
3836 3040 3919 3094 ille

2362 3124 2680 3180 durissimus
2706 3128 2885 3196 praedo
2912 3136 2968 3182 et
2987 3144 3076 3183 rex
3106 3129 3428 3185 confusionis
3448 3147 3684 3201 unquam
3704 3148 3734 3186 ι
3761 3135 3920 3189 corde

2363 3230 2483 3269 meo
2505 3217 2777 3286 surripiat.

2431 3307 2523 3360 lx.
2568 3307 2625 3362 In
2667 3324 2774 3377 quo
2812 3311 3058 3366 videlicet
3102 3313 3224 3367 ﬁdei
3271 3328 3405 3369 mea
3451 3315 3727 3385 opusculo,
3775 3317 3917 3387 quod

2362 3399 2548 3467 pietati
2589 3407 2692 3454 ture
2717 3401 2917 3466 ollero,
2948 3404 2992 3457 si
3021 3405 3197 3459 minus
3225 3405 3395 3474 perite
3429 3417 3523 3461 aut
3544 3423 3734 3476 parum
3766 3418 3918 3464 caute

2363 3480 2597 3557 positum
2619 3499 2704 3545 est
2736 3492 2933 3561 aliquid
2954 3534 2969 3552 .
2992 3510 3059 3548 ne
3086 3496 3362 3566 respicias,
3393 3513 3593 3567 quasso,
3627 3508 3832 3556 tantum
3857 3504 3921 3555 ad

2364 3579 2434 3642 id,
2459 3582 2600 3648 quod
2622 3582 2750 3645 dixi,
2784 3590 2839 3637 tu
2866 3584 3136 3652 inspector
3162 3587 3431 3652 eordium,
3467 3596 3724 3658 quantum
3752 3591 3819 3646 ad
3848 3592 3916 3655 id,

2364 3675 2508 3742 quod
2535 3674 2714 3731 dicere
2738 3676 2899 3729 volui.
2943 3677 3021 3730 'l‘u
3051 3679 3156 3732 scis
3173 3719 3185 3741 ,
3211 3679 3464 3744 Domi‘ne,
3491 3695 3650 3748 quem
3680 3681 3754 3736 nil
3775 3681 3918 3744 latet.

2365 3777 2524 3830 quam
2563 3780 2697 3833 pure
2740 3775 2797 3818 et
2835 3765 3060 3827 ﬁdeliter
3087 3771 3285 3832 omnia,
3312 3785 3431 3840 qua:
3467 3772 3535 3824 ad
3570 3773 3920 3829 rectissimam

2365 3852 2675 3906 orthodoxae
2704 3851 2823 3906 ﬁdei
2865 3869 3107 3908 normam
3153 3857 3441 3926 pertinent,
3492 3865 3547 3912 et
3582 3858 3802 3915 credere
3835 3877 3923 3916 co—

2366 3955 2481 3992 ram
2512 3948 2564 3993 te
2588 3981 2603 4003 ,
2647 3950 2700 3994 et
2723 3942 2964 3998 conﬁteri
3011 3960 3196 3999 coram
3219 3947 3458 4003 Ecclesia
3504 3957 3594 4003 tua
3631 3960 3815 4006 saneta
3859 3968 3921 4006 ex

2368 4035 2479 4083 toto
2505 4030 2668 4084 corde
2694 4031 2955 4087 desidero.
3019 4033 3142 4089 Haec
3169 4037 3413 4105 quidem,
3445 4055 3563 4108 quae
3591 4039 3656 4094 de
3683 4055 3797 4096 mea
3825 4041 3923 4096 fide

2367 4119 2584 4188 digessi,
2613 4123 2655 4176 si
2684 4133 2830 4177 recte
2858 4140 2916 4178 se
2943 4125 3159 4191 habent,
3177 4128 3290 4194 tibi,
3315 4131 3397 4184 cui
3423 4128 3700 4196 debentur,
3728 4134 3939 4203 gratias.

2371 4208 2552 4262 reddo.
2596 4210 2650 4262 Si
2682 4214 2822 4291 enim
2853 4214 2982 4267 nihil
3010 4231 3074 4268 ex
3111 4217 3262 4270 nobis
3292 4218 3414 4272 boni
3444 4228 3557 4285 est,
3599 4219 3731 4275 nihil
3759 4220 3924 4275 laudis

2369 4313 2434 4351 ex
2477 4301 2679 4355 nostris
2711 4302 2865 4355 bonis
2903 4304 3032 4358 dare
3079 4307 3235 4360 nobis
3275 4307 3549 4364 debemus.
3600 4310 3750 4377 Quod
3779 4312 3831 4366 si
3857 4326 3920 4366 ex

2371 4398 2424 4442 te
2448 4400 2639 4446 cuncta
2669 4402 2792 4446 sunt
2813 4395 2972 4460 bona,
3001 4397 3090 4466 qui
3119 4397 3264 4452 solus
3299 4413 3359 4452 es
3397 4399 3601 4462 bonus,
3643 4401 3740 4456 tibi
3782 4410 3924 4455 certe

2371 4489 2453 4534 est
2473 4497 2646 4544 omne,
2678 4484 2820 4551 quod
2851 4499 2969 4538 esse
3006 4495 3206 4553 potest,
3242 4489 3440 4542 bonum
3471 4487 3826 4547 referendum.
3867 4491 3919 4550 Si

2370 4585 2499 4624 vero
2544 4572 2719 4640 aliqua
2751 4588 2808 4626 re
2851 4589 2879 4626 a
2922 4573 3042 4628 ﬁdei
3080 4575 3258 4645 regula
3299 4575 3432 4632 forte
3463 4577 3769 4641 discordant
3801 4582 3920 4644 ista,

2373 4675 2492 4728 quae
2516 4663 2701 4730 posui,
2745 4677 2772 4715 a
2819 4664 2989 4718 servis
3017 4665 3123 4721 tuis
3150 4664 3379 4721 dominis
3403 4668 3537 4721 meis
3567 4678 3786 4736 paratus
3807 4684 3922 4724 sum

2373 4749 2666 4804 emendari.
2705 4749 2820 4806 Non
2851 4752 2920 4806 ita
2949 4768 3061 4811 sum
3084 4763 3290 4809 amator
3321 4756 3441 4817 mei,
3469 4763 3528 4808 ut
3553 4771 3614 4809 ea
3634 4771 3753 4825 quae
3778 4757 3920 4813 dixe-

2375 4837 2496 4900 rim,
2530 4839 2734 4894 meliori
2780 4843 3058 4896 sententias
3094 4843 3348 4913 praeferre
3383 4846 3721 4900 contendam.
3759 4845 3920 4901 Nemo

2373 4938 2456 4981 est
2508 4928 2791 4982 lizcreticus
2813 4970 2827 4992 ,
2875 4932 2973 4986 nisi
3003 4933 3345 4986 contentione
3372 4934 3462 4988 ﬁat
3494 4937 3789 4992 haereticus.
3829 4936 3919 4991 Ast

2373 5018 2464 5086 qui
2506 5020 2820 5088 reprehendi
2856 5035 2959 5073 non
2991 5023 3294 5085 erubescit,
3347 5037 3517 5094 neque
3546 5025 3743 5095 corrigi
3778 5024 3920 5078 dedi-

2375 5115 2587 5175 gnatur,
2633 5121 2966 5176 nequaquam
3012 5111 3114 5165 dici
3154 5121 3326 5182 potest
3376 5114 3672 5189 hau-etiam.
3733 5111 3835 5168 Sed
3875 5121 3923 5167 te

2378 5209 2530 5261 rogo,
2565 5194 2843 5249 doctorum
2876 5199 3079 5262 doctor,
3131 5201 3372 5263 Domine.
3420 5202 3550 5257 utsi
3587 5203 3684 5259 tibi
3724 5202 3918 5274 aliquid

2375 5285 2459 5337 vel
2479 5285 2537 5338 in
2558 5286 2719 5341 corde
2746 5300 2867 5343 meo
2887 5289 2969 5343 vel
2999 5291 3053 5345 in
3079 5291 3236 5345 dictis
3261 5292 3325 5346 de
3365 5291 3468 5347 ﬁde
3497 5308 3616 5349 mea
3657 5293 3917 5360 displicet,

2376 5384 2432 5430 tu
2457 5377 2721 5446 praecipue
2753 5380 3028 5445 emendes,
3050 5391 3106 5435 tu
3135 5384 3353 5449 doceas,
3387 5387 3558 5440 virtus
3584 5393 3639 5440 et
3664 5385 3918 5454 sapientia

2375 5465 2567 5520 Patris.
2591 5465 2667 5519 Tu
2687 5481 2770 5521 me
2792 5463 3081 5524 secundum
3108 5473 3431 5540 promissum
3457 5482 3604 5527 tuum
3634 5472 3685 5527 in
3714 5485 3916 5530 cuinam

2377 5555 2539 5609 ducas
2569 5557 2848 5618 veritatem
2873 5598 2888 5620 ,
2931 5574 3025 5628 per
3051 5558 3308 5630 Spiritum
3349 5568 3586 5615 sanctum
3620 5570 3795 5624 tuum,
3834 5561 3920 5631 qui

2377 5642 2531 5703 docet
2559 5637 2670 5697 sine
2691 5647 2913 5715 strepitu
2941 5649 3217 5701 verborum
3251 5662 3440 5702 servos
3466 5661 3610 5705 sues.
3653 5650 3730 5702 τι]
3763 5647 3942 5709 nosti.,
