4254 6218
414 300 552 384 rosa

1082 300 1233 355 (lPP.
1276 300 1502 357 DUBIA.
1541 329 1585 340 σ-
1650 297 1870 352 Αιυιχι
1908 295 2285 351 οοκιέδδιο
2325 296 2520 351 HDl-Zl.
2563 324 2629 335 —-
2666 295 2843 349 ιἈιιδ
2879 292 2943 347 IV

3512 285 3644 345 1094

410 418 498 488 pie
521 457 536 480 ,
584 416 708 486 quia
737 415 873 470 sicut
905 415 1103 468 veritas
1147 430 1204 472 se
1232 415 1394 469 habet
1424 414 1478 468 in
1518 414 1687 468 oculis
1714 414 1821 468 tuis
1841 454 1854 478 ,
1887 413 1976 481 qui
2004 412 2055 468 Α
2080 425 2199 464 mea
2224 409 2475 479 loquitur,
2502 422 2557 465 et
2584 426 2775 465 manus
2795 408 2996 479 scripto
3027 418 3271 471 testatur,
3297 409 3457 462 etiam
3490 411 3652 465 muri-

412 509 522 563 t'alli
557 523 663 563 non
690 514 922 577 possunt
942 504 995 559 in
1024 506 1138 560 veri
1165 507 1405 574 rectique
1424 506 1617 559 intuitu
1635 545 1651 569 ,
1682 506 1755 559 ita
1776 504 1843 559 de
1862 518 1994 557 σω·-

391 599 572 654 'nibus
600 605 655 652 et
685 597 907 652 credere
949 604 1003 651 et
1044 595 1293 651 conﬁteri
1319 597 1499 667 cupio.
1537 596 1605 650 Et
1633 598 1735 651 hoc
1770 609 1980 665 quoque

410 705 603 764 parum
632 690 764 744 mihi
792 690 1024 753 videtur,
1069 690 1195 761 quia
1225 706 1332 745 non
1367 691 1540 745 solum
1567 698 1713 745 recte
1737 689 1978 753 credere,

412 780 507 836 sed
542 780 707 834 etiam
733 780 871 835 bene
904 780 1085 834 vivere
1123 789 1269 849 opto.
1325 779 1566 834 Alterum
1590 778 1787 848 pendet
1810 793 1877 833 ex
1906 777 1981 830 al-

413 879 552 934 tero,
576 879 633 926 et
658 886 827 925 unum
854 871 951 925 tibi
983 871 1101 926 sine
1129 871 1236 925 alio
1266 885 1607 941 nequaquam
1646 871 1861 940 placere
1886 885 1982 940 po-

412 970 537 1015 test.
576 961 622 1017 0
659 978 820 1032 quam
868 962 1091 1033 pulchra
1131 978 1410 1035 compago,
1458 963 1505 1018 si
1554 972 1779 1032 utraque
1820 961 1984 1016 sinml

412 1053 542 1131 sint.
580 1054 691 1125 Ego
710 1055 853 1110 enim
876 1055 1388 1126 quamvispeccator
1411 1056 1529 1120 sim,
1557 1064 1738 1110 tamen
1764 1063 1985 1125 propter

415 1142 506 1199 illa
521 1158 685 1199 aurea
722 1154 873 1201 scuta
898 1146 1115 1216 triginta
1135 1157 1183 1209 ι,
1202 1160 1342 1201 εει-εει
1365 1144 1542 1200 facere
1562 1144 1704 1200 nolo.
1728 1144 1821 1198 llle
1839 1157 1981 1197 terea

412 1246 514 1303 pro
532 1234 713 1287 aureis
740 1232 902 1298 facit,
948 1235 1037 1303 qui
1062 1233 1237 1288 reddit
1270 1234 1520 1288 tinnitum
1546 1234 1699 1288 vocis
1721 1234 1838 1302 sine
1859 1231 1983 1287 effe-

412 1330 504 1376 ctu
527 1323 731 1391 operis,
762 1331 817 1377 et
843 1338 964 1377 cum
994 1324 1217 1381 devotus
1240 1323 1487 1377 videatur
1513 1323 1567 1377 in
1591 1336 1835 1385 numero,
1858 1335 1982 1375 reas

414 1409 687 1465 invenitur
730 1426 795 1466 ex
846 1411 1103 1483 ponderis
1146 1413 1339 1482 pretio.
1370 1468 1380 1480 ,
1408 1412 1627 1466 Scutum
1673 1410 1817 1464 enim
1859 1409 1981 1465 ﬁdei

414 1497 587 1555 forma
629 1509 755 1569 est,
782 1500 936 1569 juxta
960 1503 1274 1573 Apostolum
1309 1502 1521 1575 (Ephes.
1552 1517 1629 1566 vr,
1660 1502 1767 1573 l6).
1830 1498 1986 1555 Unde

413 1602 547 1657 rogo
569 1590 824 1659 pietatem
851 1598 1026 1655 tuam,
1052 1592 1377 1647 circumcide
1412 1591 1466 1646 in
1494 1604 1580 1645 me
1605 1590 1784 1645 omnia
1803 1588 1984 1643 cordis

413 1684 469 1731 et
508 1679 751 1747 corporis
786 1679 933 1733 vitia.
993 1680 1069 1737 Da
1109 1680 1237 1735 mihi
1269 1688 1656 1750 augmentum,
1698 1676 1982 1757 perfectio-

414 1742 645 1838 nemque
696 1770 977 1824 virtutum.
1038 1771 1113 1824 Da
1143 1771 1276 1825 mihi
1308 1742 1446 1825 bene
1484 1742 1788 1831 vivere,—et
1816 1768 1982 1823 multa
2019 1742 2061 1800 Β

413 1858 574 1913 seire.
615 1857 722 1912 Fac
747 1874 834 1913 me
874 1873 969 1929 per
1011 1860 1238 1929 gratiam
1266 1862 1447 1925 tuam,
1487 1875 1700 1930 semper
1720 1870 1775 1913 et
1801 1860 1853 1913 in
1885 1859 1988 1914 lide

414 1946 688 2011 stabilem,
713 1948 840 2003 etin
866 1963 1031 2017 opere
1051 1947 1346 2015 efﬁcacem,
1369 1961 1427 2004 ut
1449 1949 1608 2005 fidem
1632 1959 1799 2011 tuam,
1825 1964 1988 2019 quam

416 2036 596 2106 lingua
628 2052 755 2117 mea
770 2037 1028 2108 loquitur,
1054 2049 1112 2093 et
1142 2055 1332 2094 manus
1361 2042 1850 2117 scripto‘testatur,
1881 2040 1989 2094 vita

414 2124 518 2194 piis
541 2116 756 2180 actibus.
776 2126 1036 2197 bonisque
1066 2128 1303 2184 moribus
1329 2116 1583 2194 fateatur,
1609 2129 1697 2183 hic
1714 2139 1770 2183 et
1793 2129 1992 2198 ubique

416 2228 560 2287 nunc
578 2221 634 2267 et
654 2228 868 2283 semper
894 2226 950 2269 et
977 2217 1029 2270 in
1055 2217 1246 2273 secula
1277 2219 1611 2274 saeculorum.
1638 2220 1832 2275 Amen.

486 2302 553 2357 X.
592 2303 880 2374 [lucusque
924 2312 1262 2377 omnipotens
1309 2309 1451 2364 Deus
1484 2311 1761 2375 Trinitas,
1810 2313 1991 2379 cordis

311 2418 315 2425 ο
415 2392 522 2447 mei
546 2393 820 2464 inspector
840 2404 898 2450 et
928 2406 1231 2462 scrutator,
1284 2398 1564 2454 confessus
1593 2414 1711 2454 sum
1741 2398 1990 2470 omnipo-

417 2483 645 2539 tentiam
670 2486 973 2556 majestatis
1000 2497 1122 2554 tua,
1149 2498 1205 2543 et
1227 2490 1992 2561 majestatemomnipotentite

419 2579 542 2636 tum,
576 2577 868 2630 essentiam
895 2577 1158 2633 claritatis
1185 2587 1307 2645 tute,
1335 2589 1393 2634 et
1418 2579 1717 2636 claritatem
1740 2584 1993 2637 essentia:

395 2668 541 2715 .tuc.
583 2661 738 2718 Nune
775 2674 955 2720 autem
999 2668 1231 2736 qualiter
1272 2669 1510 2725 humano
1549 2673 1735 2742 generi
1784 2673 1837 2727 in
1884 2674 1991 2727 fine

418 2758 724 2821 temporum
746 2754 1033 2810 subvenire
1057 2746 1304 2826 dignatus
1332 2773 1393 2812 es
1410 2797 1426 2822 ,
1471 2761 1609 2814 sicut
1643 2762 1805 2816 corde
1830 2763 1991 2817 credo

418 2840 488 2894 ad
509 2838 798 2909 justitiam,
823 2842 897 2897 ita
921 2859 1014 2900 ore
1043 2860 1227 2900 coram
1253 2854 1305 2901 te
1332 2847 1596 2903 confiteor
1625 2849 1693 2904 ad
1725 2850 1987 2914 salutem;

418 2938 480 2983 ut
498 2929 771 3000 signatum
803 2946 965 3004 super
1014 2951 1114 2991 nos
1146 2935 1345 2992 lumen
1386 2937 1563 2993 vultus
1603 2937 1678 2992 tui
1722 2937 1816 2992 tibi
1861 2952 1993 2993 mea

2079 497 2181 553 bus
2203 498 2319 554 vita
2344 499 2535 571 (donec
2579 501 2663 555 his
2704 499 2983 569 fragilibus
3025 498 3261 554 subsiste
3291 498 3563 568 membris)
3594 501 3649 554 in

2080 591 2334 645 omnibus
2355 599 2412 645 et
2435 606 2531 661 per
2553 588 2735 645 omnia
2758 590 3007 646 fateatur.

2152 683 2240 738 XI.
2282 683 2709 740 Clementissime
2744 693 2800 739 et
2826 684 3210 753 benignissime
3238 693 3447 738 amator
3476 684 3651 737 homi-

2080 790 2207 828 num
2234 775 2397 838 Deus,
2440 776 2533 844 qui
2560 790 2656 845 per
2682 775 2875 829 Filium
2906 784 3055 829 tuum
3094 775 3376 829 Dominum
3411 785 3653 830 nostrum

2080 866 2263 920 Jesum
2294 863 2565 919 Christum
2585 904 2599 928 ,
2628 874 2682 919 et
2709 879 2829 918 cum
2853 865 3043 934 perditi
3070 864 3356 920 fuissemus
3376 864 3529 934 culpa
3555 879 3653 919 no-

2076 961 2192 1017 stra
2220 992 2237 1019 ,
2284 954 2484 1024 pietate
2509 963 2564 1008 et
2585 953 2825 1008 bonitate
2853 962 2942 1008 tua
2974 955 3289 1009 mirabiliter
3327 954 3652 1023 recuperasti

2082 1042 2213 1100 nos.’
2238 1043 2454 1101 Gratias
2484 1060 2585 1115 ago
2611 1045 2725 1111 tibi,
2756 1054 2812 1102 et
2836 1046 3033 1101 multas
3055 1048 3256 1116 gratias
3278 1045 3457 1101 refero
3484 1059 3549 1100 ex
3580 1057 3655 1100 to-

2085 1137 2152 1191 tis
2180 1138 2489 1206 prmeordiis
2537 1138 2709 1203 meis,
2777 1138 2903 1207 quia
2943 1139 3137 1192 misisti
3180 1138 3426 1192 eumdem
3467 1138 3654 1192 Filium

2086 1236 2231 1279 tuum
2263 1226 2327 1280 de
2358 1227 2475 1281 sinu
2500 1236 2590 1281 tuo
2615 1228 2681 1281 ad
2712 1227 2979 1297 publicum
3014 1237 3257 1290 nostrum
3276 1266 3292 1291 ,
3328 1227 3536 1281 salvare
3560 1221 3657 1281 nes

2082 1324 2431 1386 peccatores,
2484 1314 2622 1371 lilios
2666 1325 2795 1371 tunc
2825 1315 2917 1369 ira:
2960 1325 3014 1368 et
3053 1314 3385 1385 perditionis.
3444 1313 3658 1370 Gratias

2084 1406 2180 1460 tibi
2212 1421 2314 1474 ago
2358 1422 2455 1477 pro
2499 1414 2686 1461 sancta
2729 1408 3099 1461 incarnatione
3136 1414 3191 1460 et
3224 1407 3500 1461 nativitate
3524 1404 3657 1473 ejus,

2085 1514 2149 1553 ac
2171 1498 2403 1569 gloriosa
2434 1500 2692 1569 genitrice
2721 1499 2837 1568 ejus
2862 1500 3080 1553 domina
3107 1514 3260 1564 mea,
3302 1500 3370 1554 de
3411 1513 3517 1568 qua
3548 1499 3663 1569 ipse

2086 1574 2303 1645 carnem
2329 1604 2604 1646 assumere
2628 1588 2878 1659 dignatus
2903 1597 2988 1643 est
3015 1598 3236 1658 propter
3262 1600 3501 1643 nostram
3527 1588 3668 1643 salu-

2086 1683 2216 1731 tem.
2272 1675 2489 1731 Gratias
2529 1677 2621 1732 tibi
2659 1691 2760 1748 ago
2793 1693 2893 1747 pro
2926 1677 3173 1732 omnibus
3201 1677 3454 1745 operibus
3488 1687 3543 1731 et
3571 1678 3663 1731 do-

2086 1768 2353 1824 cumentis
2372 1767 2507 1836 ejus,
2538 1782 2766 1836 quorum
2788 1766 3033 1837 exemplo
3055 1768 3377 1821 instruimur
3399 1774 3454 1821 et
3492 1764 3662 1820 infor-

2087 1871 2298 1912 mamur
2340 1861 2410 1913 ad
2443 1858 2608 1912 vitam
2633 1858 2829 1913 bonam
2860 1858 3140 1927 agendam.
3206 1854 3420 1911 Gratias
3450 1856 3543 1910 tibi
3565 1870 3667 1925 ago

2087 1959 2187 2015 pro
2207 1946 2459 2016 passione
2486 1956 2540 2002 et
2564 1962 2725 2002 cruce
2754 1947 2892 2015 ejus,
2919 1962 3021 2016 pro
3045 1947 3345 2018 opprobriis
3369 1956 3425 2002 et
3449 1946 3669 2018 flagellis

2088 2035 2225 2104 ejus,
2252 2050 2351 2105 pro
2380 2035 2551 2105 sputis
2587 2044 2642 2089 et
2674 2034 2842 2105 alapis
2867 2036 2983 2104 ejus
3008 2075 3021 2099 ,
3071 2048 3172 2104 pro
3213 2045 3386 2091 morte
3408 2045 3463 2090 et
3486 2052 3668 2091 resur-

2090 2126 2326 2181 rectione
2354 2124 2488 2192 ejus,
2512 2140 2609 2193 pro
2638 2125 2953 2180 ascensione
2980 2124 3096 2193 ejus
3122 2124 3177 2177 in
3204 2123 3399 2178 cmlum
3416 2164 3430 2188 ,
3458 2133 3514 2178 et
3540 2124 3666 2179 sede

2091 2212 2386 2283 majestatis
2410 2214 2526 2284 ejus
2570 2214 2637 2267 ad
2675 2214 2949 2268 dexteram
2981 2224 3148 2267 tuam.
3201 2212 3415 2268 Gratias
3445 2214 3537 2268 tibi
3563 2230 3665 2284 ago

2089 2318 2190 2373 pro
2232 2300 2901 2358 sacratissima'eﬂusione
2943 2301 3161 2371 pretiosi
3208 2301 3485 2371 sanguinis
3526 2302 3663 2372 ejus,

2091 2408 2198 2462 quo
2224 2408 2411 2448 sumus
2438 2393 2734 2463 redempti,
2782 2401 2836 2446 et
2864 2404 2969 2461 pro
2998 2401 3348 2447 sacrosancto
3375 2400 3432 2447 et
3453 2391 3666 2448 vivilico

2092 2484 2347 2552 mysterio
2369 2486 2617 2553 corporis
2637 2495 2691 2537 et
2726 2484 3004 2553 sanguinis
3025 2484 3142 2555 ejus
3159 2525 3173 2549 ,
3212 2500 3320 2554 quo
3346 2486 3583 2557 quotidie
3610 2486 3665 2541 in

2091 2570 2330 2625 Ecclesia
2357 2580 2447 2625 tua
2469 2582 2657 2626 sancta
2702 2576 2976 2642 pascimur
3016 2583 3071 2631 et
3112 2584 3378 2644 potamur,
3403 2576 3669 2631 abluimur

2090 2671 2147 2714 et
2166 2660 2593 2726 sanctiﬁcamur,
2624 2669 2678 2716 et
2702 2662 2858 2717 unius
2883 2677 3212 2732 summaeque
3240 2664 3535 2720 divinitatis
3566 2673 3671 2719 tute

2090 2751 2380 2823 participes
2420 2750 2697 2805 ellicimur.
2760 2750 2976 2807 Gratias
3021 2752 3117 2807 tibi
3167 2752 3361 2816 refero,
3404 2754 3667 2824 piissime,

2090 2857 2191 2911 pro
2234 2840 2482 2897 omnlbus
2525 2842 2913 2897 misericordiis
2943 2843 3084 2908 tuis,
3130 2842 3322 2911 quibus
3355 2843 3673 2900 mirabiliter

2093 2932 2249 2987 nobis
2288 2932 2511 3002 perditis
2555 2921 2842 2988 subvenire
2880 2933 3134 3002 dignatus
3175 2950 3234 2989 es
3277 2950 3374 3004 per
3420 2935 3668 2992 eumdem

420 3015 543 3071 ﬁdei
587 3019 953 3121 testi-monium
995 3025 1201 3082 reddat.
1266 3026 1347 3081 'l‘u
1381 3027 1596 3098 quidem
1639 3026 1800 3082 Pater
1844 3026 1987 3082 Deus
2014 3060 2061 3121 ο
2091 3019 2256 3093 516
2274 3020 2467 3075 Filium
2493 3030 2663 3087 tuum,
2691 3020 3025 3078 Salvatorem
3049 3032 3105 3079 et
3123 3035 3553 3096 recuperatorem
3574 3042 3670 3083 no—

423 3121 685 3177 nusquam
708 3108 904 3179 legeris
929 3112 1143 3167 missus.
1180 3115 1258 3169 De
1275 3115 1412 3172 Filio
1440 3125 1620 3170 autem
1645 3125 1738 3171 tuo
1767 3117 1841 3171 ita
1855 3118 1991 3172 scri-

420 3197 499 3252 bit
535 3197 826 3274 Apostolus
865 3219 879 3254 :
923 3199 1051 3254 Cum
1080 3202 1211 3256 venit
1237 3202 1506 3273 plenitudo
1546 3194 1811 3273 temporis,
1852 3204 1994 3259 misit

423 3283 563 3339 Deus
592 3284 790 3363 Filium
818 3304 973 3342 suum
1015 3288 1155 3361 (Gal.
1189 3306 1264 3357 iv,
1292 3291 1371 3362 4).
1427 3291 1560 3348 Cum
1600 3292 1730 3347 dicit
1758 3332 1773 3356 ,
1826 3294 1992 3357 misit,

422 3375 556 3429 satis
576 3378 811 3431 ostendit
826 3418 844 3441 ,
908 3379 1048 3447 quod
1073 3380 1127 3434 in
1148 3381 1292 3435 hunc
1319 3382 1576 3436 mundum
1607 3382 1812 3437 missus
1834 3383 1997 3437 adve-

378 3458 385 3464 ’
426 3462 523 3516 nit.
564 3462 671 3517 Sed
699 3466 827 3534 quid
848 3475 963 3531 est,
1013 3470 1157 3537 quod
1186 3470 1252 3527 de
1276 3470 1367 3525 illo
1398 3471 1697 3542 prazcipuus
1726 3471 1997 3543 evangeli-

424 3560 634 3605 starum
653 3553 730 3606 ait
754 3572 769 3606 :
802 3554 871 3608 In
899 3557 1094 3611 mundo
1115 3568 1245 3621 erat,
1274 3570 1321 3612 et
1344 3560 1571 3613 mundus
1605 3576 1699 3629 per
1717 3561 1889 3629 ipsum
1914 3560 1999 3630 {a-

424 3652 539 3696 ctus
565 3651 641 3697 est
682 3642 863 3715 (Joan.
901 3661 939 3709 ι,
965 3646 1077 3715 10).
1129 3647 1259 3701 Illuc
1291 3662 1421 3718 ergo
1454 3650 1650 3703 missus
1678 3658 1763 3704 est
1782 3664 1879 3718 per
1906 3651 2001 3705 bu-

425 3733 763 3796 inanitatem,
796 3734 886 3791 ubi
925 3749 1155 3805 semper
1177 3736 1279 3791 fuit
1302 3754 1399 3808 per
1434 3738 1785 3793 divinitatem.
1825 3738 1997 3803 Quam

423 3821 677 3879 videlicet
704 3821 823 3878 Filii
854 3825 1162 3881 missionem
1181 3867 1196 3892 ,
1248 3828 1520 3897 mysteriis
1540 3827 1723 3883 multis
1755 3830 1995 3899 magnis-

425 3926 532 3979 que
554 3913 856 3982 gravidam,
889 3930 1024 3985 opus
1067 3930 1187 3971 esse
1210 3917 1376 3972 totius
1412 3926 1611 3972 sanctae
1635 3917 1919 3973 Trinitatis
1943 3927 1999 3973 et

427 4002 591 4056 corde
616 4000 799 4065 credo,
830 4012 885 4055 et
906 4018 1002 4067 ore
1027 4006 1308 4063 conﬁteor.
1350 4008 1539 4063 Dicere
1570 4008 1731 4077 igitur
1755 4007 1877 4077 quis
1902 4024 1997 4078 po-

345 4143 358 4156 ,
428 4101 569 4159 test,
606 4094 972 4164 quomodoet
996 4107 1256 4164 quantum
1301 4114 1401 4155 nos
1443 4099 1671 4164 amasti,
1701 4099 1787 4168 pie
1815 4098 1995 4164 Pater,

427 4183 517 4251 qui
557 4198 657 4254 pro
702 4184 963 4241 cbaritate
1005 4194 1231 4250 nostra,
1284 4187 1448 4241 etiam
1487 4188 1702 4261 proprio
1730 4185 1867 4243 Filio
1886 4204 1995 4243 non

428 4273 755 4343 pepercisti,
794 4275 888 4330 sed
925 4290 1025 4346 pro
1066 4275 1222 4341 nobis
1274 4276 1452 4345 impiis
1508 4276 1777 4331 tradidisti
1812 4276 1997 4333 illum?

2092 3122 2284 3176 strum,
2315 3112 2405 3180 qui
2429 3120 2674 3166 mortuus
2702 3120 2786 3166 est
2816 3120 3039 3181 propter
3062 3120 3279 3181 peccata
3301 3152 3316 3177 ,
3348 3120 3403 3167 et
3424 3128 3667 3169 resurre-

2092 3200 2171 3255 xit
2193 3209 2413 3270 propter
2435 3199 2856 3255 viviﬁcationem
2884 3210 3145 3267 matram,
3177 3210 3233 3255 et
3262 3215 3405 3256 nunc
3423 3202 3572 3258 sedet
3600 3203 3666 3257 ad

2092 3289 2368 3343 dexteram
2414 3298 2558 3343 tuam
2582 3329 2597 3356 ,
2626 3298 2682 3343 et
2708 3276 3010 3361 interpellat
3040 3306 3139 3361 pro
3183 3290 3337 3346 nobis
3372 3311 3384 3345 :
3416 3302 3472 3346 et
3508 3292 3682 3347 simul'

2094 3388 2271 3435 tecum
2305 3380 2627 3445 miseretur,
2669 3382 2794 3451 quia
2838 3381 2980 3437 Deus
3005 3390 3090 3439 est
3116 3397 3182 3437 ex
3228 3391 3282 3437 te
3319 3381 3496 3451 Patre,
3528 3400 3667 3441 eoa:-

2095 3478 2281 3526 ternus
2311 3471 2405 3527 tibi
2444 3479 2501 3525 et
2542 3471 3042 3536 consubstantialis;
3095 3474 3238 3527 unde
3278 3483 3457 3544 potest
3488 3492 3586 3532 nos
3604 3478 3668 3531 in
3764 3526 3767 3529 ,

2094 3567 2409 3629 perpetuum
2434 3559 2667 3614 salvaie.
2705 3559 2813 3615 Sed
2838 3567 2895 3614 et
2914 3561 3208 3615 secundum
3236 3561 3308 3625 id,
3338 3563 3481 3631 quod
3503 3564 3665 3618 homo

2095 3654 2199 3713 est,
2234 3647 2360 3702 data
2395 3656 2479 3701 est
2505 3648 2554 3701 ei
2584 3663 2615 3701 a
2647 3655 2698 3702 te
2724 3649 2891 3702 omnis
2914 3657 3138 3718 potestas
3163 3649 3218 3701 in
3239 3647 3365 3703 calo
3397 3659 3446 3703 et
3482 3652 3537 3704 in
3559 3662 3674 3706 ter-

2096 3752 2180 3801 ra,
2202 3745 2259 3789 ut
2287 3737 2344 3789 in
2376 3737 2581 3790 nomine
2604 3736 2733 3792 Iesu
2759 3753 2907 3791 omne
2921 3753 3056 3809 genu
3073 3738 3337 3807 ﬂectatur,
3361 3738 3663 3805 calestium,

2096 3827 2440 3892 terrestrium,
2481 3838 2529 3881 et
2552 3827 2904 3898 infernarum,
2936 3813 2983 3882 et
3017 3829 3184 3883 omnis
3211 3828 3390 3899 lingua
3426 3830 3673 3899 conﬁtea-

2054 3938 2055 3941 η
2097 3928 2185 3971 tur
2222 3919 2347 3989 quia
2376 3918 2632 3973 Dominus
2664 3918 2821 3976 Iesus
2861 3930 2936 3973 cst
2970 3920 3024 3974 in
3066 3919 3239 3990 gloria
3280 3931 3371 3975 tua
3420 3922 3440 3989 (
3473 3921 3663 3991 Philip.

2097 4027 2157 4073 ιι,
2192 4009 2258 4064 10
2282 4008 2436 4080 seq.),
2465 4009 2606 4064 Deus
2632 4007 2810 4070 Pater.
2850 4008 3115 4065 Benedico
3138 4024 3268 4080 ergo
3295 4026 3488 4069 nomen
3514 4019 3666 4065 tuum

2097 4107 2366 4164 sanctum,
2384 4109 2446 4155 et
2465 4099 2705 4169 gloriﬂco
2723 4114 2790 4155 ex
2824 4106 2935 4155 toto
2960 4100 3125 4157 corde
3149 4115 3299 4164 meo,
3330 4116 3427 4169 pro
3448 4100 3535 4155 illa
3560 4103 3663 4157 mi-

2098 4188 2253 4244 rabili
2273 4196 2328 4242 et
2349 4187 2691 4242 inenarrabili
2719 4187 3092 4255 conjunctione
3121 4189 3415 4244 divinitatis
3462 4200 3519 4245 et
3561 4192 3664 4246 bu-

2096 4275 2369 4340 manitatis
2392 4276 2447 4329 in
2469 4274 2671 4331 unitate
2698 4285 2961 4345 persenze,
3000 4285 3061 4332 ut
3102 4292 3207 4332 non
3235 4276 3371 4333 alter
3398 4277 3560 4343 Deus,
3588 4280 3667 4333 al-

429 4362 684 4419 Subditus
710 4364 797 4419 ille
823 4365 916 4419 tibi
942 4380 1111 4434 usque
1139 4365 1205 4420 ad
1232 4375 1457 4420 mortem
1485 4365 1680 4429 crucis,
1714 4380 1814 4435 pro
1837 4367 1995 4423 nobis
2026 4387 2075 4446 ο
2097 4374 2181 4420 ter
2212 4365 2395 4430 homo,
2446 4366 2539 4421 sed
2568 4382 2705 4422 unus
2742 4368 2989 4437 idemque
3019 4367 3157 4423 foret
3198 4367 3338 4423 Deus
3382 4376 3437 4423 et
3483 4369 3659 4434 homo,

427 4452 599 4507 victor
618 4464 677 4509 et
698 4456 913 4510 victima
938 4457 1095 4512 datus
1117 4466 1220 4522 est,
1244 4467 1301 4519 et
1328 4456 1448 4511 ideo
1471 4456 1661 4521 victor,
1687 4456 1813 4525 quia
1839 4456 2019 4510 victi--

428 4558 536 4598 ma.
567 4542 673 4599 Pro
699 4545 854 4601 nobis
900 4547 993 4600 tibi
1016 4546 1192 4603 factus
1228 4556 1313 4603 est
1357 4546 1609 4604 sacerdos
1647 4545 1995 4611 sacriﬁcium,

428 4640 485 4688 et
511 4635 630 4690 ideo
657 4635 927 4699 sacerdos.
958 4637 1084 4704 quia
1110 4628 1456 4713 sacriﬁcium.
1500 4638 1690 4694 lierito
1714 4638 1846 4694 mihi
1873 4652 2001 4708 spes

429 4726 605 4781 valida
648 4727 703 4780 in
756 4727 845 4781 illo
883 4735 1000 4790 est,
1050 4727 1191 4796 quod
1236 4729 1453 4782 sanabis
1490 4743 1680 4785 omnes
1712 4714 2000 4800 la'ngudres

432 4831 599 4880 meos,
626 4832 722 4886 per
746 4834 870 4873 eum
895 4820 986 4887 qui
1009 4818 1237 4873 sedetad
1255 4811 1542 4875 dexteram
1558 4828 1727 4884 tuam,
1751 4829 1806 4875 et
1830 4821 1997 4876 inter-

432 4905 593 4974 pellat
620 4921 716 4974 pro
764 4908 932 4962 nobis.
988 4909 1283 4978 Desperare
1322 4909 1505 4977 utique
1542 4909 1860 4978 potuissem,
1892 4911 1997 4966 nisi

436 4996 575 5051 l'leus
590 4993 821 5049 Verbum
842 5004 989 5051 tuum
1022 5013 1152 5053 caro
1179 4998 1334 5054 fieret
1361 5006 1418 5075 et
1442 4997 1707 5053 habitaret
1726 4992 1788 5050 in
1810 4998 1994 5063 nobis;

433 5084 529 5140 sed
553 5084 839 5153 desperare
857 5084 970 5153 jam
988 5102 1096 5143 non
1113 5090 1305 5153 audeo,
1328 5088 1451 5159 quia
1470 5103 1594 5145 cum
1615 5088 1820 5143 inimici
1848 5102 1995 5142 esse-

434 5188 572 5240 mus,
598 5174 927 5231 reconciliati
952 5191 1139 5231 sumus
1161 5192 1256 5245 per
1279 5186 1505 5233 mortem
1531 5175 1648 5243 ejus
1683 5174 1796 5241 tibi,
1822 5187 1995 5243 quau-

434 5275 489 5319 to
508 5264 685 5334 magis
710 5278 855 5322 nune
879 5264 1011 5321 salvi
1045 5263 1173 5319 facti
1198 5264 1267 5322 ab
1303 5267 1381 5322 ira
1420 5281 1517 5335 per
1544 5263 1752 5336 ipsum?
1791 5263 1851 5317 la
1877 5263 1995 5330 ejus

434 5354 653 5410 notitiae
677 5364 825 5409 tuam
847 5353 1270 5409 misericordiam
1306 5364 1469 5425 rogo,
1514 5353 1597 5409 fac
1625 5369 1717 5408 me
1740 5368 1837 5423 per
1874 5351 1997 5423 Spi-

437 5445 600 5499 ritum
619 5456 862 5503 snnetmn
889 5456 1042 5503 tuum
1066 5456 1127 5520 et
1144 5446 1202 5501 in
1238 5445 1354 5502 ﬁde
1380 5447 1649 5513 stabilem,
1677 5456 1731 5503 et
1756 5447 1812 5501 in
1830 5461 1994 5517 opere

435 5547 837 5608 perseveranter
855 5540 1155 5606 emcaeam,
1186 5549 1245 5593 ut
1272 5538 1430 5593 fidem
1460 5550 1800 5609 tiiam,qnam
1815 5538 1996 5608 lingua

2099 4456 2262 4512 homo
2288 4462 2343 4511 et
2376 4454 2546 4520 Deus,
2578 4472 2716 4511 unus
2742 4457 2908 4511 Filius
2938 4465 3061 4512 tuus
3090 4457 3348 4513 Dominus
3374 4465 3554 4514 noster
3577 4457 3666 4513 Je-

2098 4562 2192 4603 sus
2216 4545 2464 4605 Christus
2486 4587 2501 4613 ,
2546 4562 2613 4603 ex
2640 4549 2847 4619 duabus
2874 4548 3110 4605 existens
3136 4549 3481 4615 substantiis,
3528 4558 3579 4603 et
3610 4551 3664 4603 in

2099 4638 2359 4697 ambabus
2388 4654 2599 4711 semper
2620 4639 2922 4695 consistens
2946 4639 3061 4696 sine
3093 4642 3425 4698 confusione.

2168 4727 2278 4785 Ill.
2314 4727 2360 4785 Ο
2379 4728 2692 4784 admirabile
2714 4729 3052 4798 mysterium!
3079 4727 3124 4787 0
3142 4730 3494 4786 inenarrabile
3515 4728 3665 4785 com—

2099 4817 2390 4873 mercium!
2418 4816 2464 4872 0
2491 4816 2627 4871 mira
2652 4829 2972 4887 semperque
3015 4818 3260 4875 miranda
3293 4818 3499 4873 .divina:
3538 4833 3665 4889 pro.

2093 4906 2389 4975 pitiationis
2418 4903 2757 4973 benignitas!
2799 4903 2951 4959 Servi
2987 4905 3131 4975 digni
3180 4918 3284 4959 non
3327 4903 3524 4960 fuimus
3550 4945 3566 4970 ,
3610 4915 3664 4963 et

2095 5011 2241 5059 ecce,
2278 4995 2371 5049 lilii
2394 4993 2489 5047 Dei
2520 4992 2642 5047 facti
2669 4995 2886 5049 sumus!
2920 4992 3165 5049 Heredes
3194 4993 3399 5061 quidem
3425 4992 3541 5058 Dei,
3576 5011 3662 5048 τος

2094 5087 2322 5141 Ita-reda
2353 5093 2527 5139 autern
2561 5078 2757 5137 Christi
2810 5082 2995 5155 (ﬂant.
3028 5097 3147 5148 ml,
3180 5080 3294 5150 l7).
3367 5081 3517 5136 Unde
3560 5083 3662 5139 hoc

2096 5176 2272 5239 nobis,
2299 5183 2355 5237 et
2375 5173 2505 5243 quid
2536 5188 2636 5228 nos
2657 5174 2725 5229 ad
2759 5174 2917 5231 base?
2954 5172 3061 5229 Sed
3083 5186 3213 5242 rogo
3252 5180 3323 5237 te,
3351 5172 3654 5227 clementis-

2098 5270 2233 5324 sime
2265 5266 2425 5321 Pater
2467 5264 2639 5328 Deus,
2688 5280 2783 5334 per
2816 5266 2990 5337 ipsum
3013 5276 3278 5319 summum
3306 5264 3660 5329 saw-dotem,

2100 5369 2153 5416 et
2177 5372 2363 5416 verum
2384 5354 2711 5424 pontiﬁcem,
2732 5356 2826 5427 qui
2845 5371 2903 5411 se
2924 5355 3018 5410 tibi
3036 5353 3230 5412 obtulit
3247 5352 3300 5408 in
3315 5337 3671 5417 sacriﬁcium,

2098 5461 2302 5518 ponens
2340 5445 2574 5499 animam
2619 5460 2772 5500 suam
2814 5460 2916 5515 pro
2936 5458 3100 5519 grege
3120 5457 3255 5509 suo,
3281 5456 3379 5513 per
3403 5440 3579 5511 ipsum
3611 5449 3664 5495 te

2098 5555 2250 5609 rogo,
2276 5551 2345 5592 ne
2368 5536 2648 5607 permittas
2671 5552 2769 5594 nos
2789 5551 2908 5593 esse
2928 5536 3163 5605 ingratos
3188 5534 3351 5589 tantis
3365 5530 3662 5600 beneficiis,

507 5665 532 5694 ι
569 5649 678 5706 imo
732 5660 968 5707 trecenta
1027 5666 1093 5707 ex
1133 5651 1197 5706 lli
1236 5650 1367 5721 Reg.
1420 5663 1490 5717 ι,
1521 5651 1614 5717 l7,
1666 5662 1720 5706 et
1765 5651 1805 5704 ll
1837 5650 1957 5703 Par.
1997 5665 2073 5719 ιι,
2123 5650 2205 5705 ili.
