4254 6222
711 279 844 334 1095

1487 277 1545 332 Β.
1589 270 1929 332 F.'ALBI~.\'I
1970 275 2098 333 SEU
2139 274 2410 334 ALCUINI
2462 269 2741 329 OPERUM
2778 268 2951 325 PARS
2990 264 3118 325 Vill.

3783 263 3940 322 £096

704 399 758 443 et
782 389 1025 461 indignos
1045 400 1164 452 tam
1189 391 1365 445 multis
1403 390 1849 445 miserationibus.
1901 390 2122 444 infunde
2148 404 2258 444 cm-
2283 401 2330 457 Α
2356 386 2718 445 committere;
2746 382 2811 435 de
2832 380 3209 451 temporalibus
3227 392 3323 433 nec
3344 378 3685 449 gauderem
3702 376 3933 450 lugere;

706 478 831 533 litus
857 479 1104 547 cordibus
1132 483 1328 535 nostris
1349 480 1607 551 Spiritum
1637 489 1781 534 tuum
1800 488 2065 545 sanctum,
2096 489 2150 533 et
2178 481 2260 532 iac

707 586 806 626 nos
832 581 1037 625 tantum
1066 576 1377 641 mysterium
1404 584 1460 627 et
1488 571 1779 641 intelligere
1806 580 1861 625 et
1892 572 2159 635 revereri,
2188 572 2261 624 si-

706 672 797 719 cut
826 672 1041 735 oportet
1078 674 1131 719 et
1176 666 1375 720 decetr
1416 666 1523 720 Fae
1549 680 1647 719 nos
1686 662 2055 718 celsitudinem
2099 672 2262 715 tantae

707 755 980 824 dignitatis
1006 756 1342 826 piis-actibus
1373 765 1427 810 et
1453 757 1606 811 bonis
1637 755 1873 809 moribus
1901 752 2141 823 adipisci.
2184 753 2259 805 Da

705 846 860 899 nobis
888 855 1317 916 perseverantem
1346 848 1397 901 in
1428 856 1519 900 tua
1538 847 1808 901 voluntate
1833 845 2177 899 famulatum:
2208 852 2264 897 et

708 936 775 989 da
803 931 955 990 nobis
986 936 1195 989 tandem
1223 936 1358 990 bona
1380 943 1491 1000 tua,
1521 950 1640 1004 qua:
1664 932 1971 1004 praeparasti
1992 932 2260 1002 diligenti-

707 1024 805 1078 bus
825 1033 893 1080 te.
918 1025 1056 1079 Deus
1072 1025 1369 1089 inetl‘abiiis,
1392 1035 1445 1080 et
1461 1024 2166 1093 incircumscriptaznaturaz,
2182 1021 2263 1073 im

707 1115 923 1167 stitutor
940 1115 1177 1167 omnium
1202 1128 1379 1167 rerum
1397 1154 1411 1178 ,
1435 1122 1488 1167 et
1510 1114 1712 1167 Domini
1734 1112 1900 1167 nostri
1920 1110 2043 1166 Jesu
2065 1112 2262 1167 Christi

711 1207 884 1269 Pater,
906 1208 994 1277 qui
1019 1209 1260 1262 eumdem
1286 1208 1477 1262 Filium
1504 1217 1652 1261 tuum
1674 1206 1923 1261 dilectum
1939 1208 2002 1261 de
2024 1208 2140 1261 sinu
2168 1215 2263 1261 tuo

710 1295 897 1349 misisti
925 1296 991 1347 ad
1022 1296 1290 1364 publicum
1319 1306 1559 1349 nostrum
1579 1335 1594 1361 ,
1632 1297 1901 1366 suscipere
1928 1306 2161 1350 nostram
2180 1298 2260 1349 vi-

710 1392 835 1447 tam,
865 1394 923 1437 ut
944 1385 1091 1437 nobis
1121 1384 1344 1437 donaret
1372 1400 1540 1449 suam,
1564 1394 1809 1454 essetque
1838 1385 2103 1453 perfectus
2126 1385 2263 1439 Deus

709 1489 773 1525 ex
801 1474 974 1535 Patre,
1003 1484 1056 1527 et
1074 1476 1338 1543 perfectus
1360 1478 1599 1530 homost
1630 1485 1818 1538 matre,
1854 1486 1995 1529 totus
2016 1475 2174 1537 Deus,
2210 1484 2263 1530 et

710 1571 851 1617 totus
879 1565 1053 1626 homo,
1074 1580 1209 1617 unus
1241 1566 1484 1633 idemqite
1510 1565 1774 1627 Christus,
1802 1573 2030 1617 mtemus
2057 1574 2110 1617 et
2134 1575 2267 1617 tem-

710 1653 924 1721 poralis,
948 1653 1263 1705 immortalis
1292 1662 1344 1707 et
1370 1656 1676 1718 moriturus,
1708 1661 1921 1708 creator
1947 1664 2000 1706 et
2029 1663 2259 1716 creatus,

2360 488 2509 541 spem
2535 472 2587 524 in
2619 479 2674 523 te
2708 467 2821 525 solo
2844 482 3062 537 ponere.

2431 560 2565 623 XIV.
2596 561 2703 614 Fac
2724 575 2814 613 .me
2835 560 2973 612 Deus
2999 574 3170 621 meus,
3196 572 3397 625 quasso,
3419 573 3633 628 semper
3651 567 3708 613 et
3732 558 3787 613 in
3808 556 3936 613 ddo

2360 650 2626 713 stabilem,
2654 657 2711 702 et
2741 649 2794 700 in
2833 661 2995 715 opere
3028 644 3297 699 eilieaeem
3324 661 3338 708 ;
3392 646 3444 699 in
3470 646 3627 700 bouis
3668 661 3933 716 perseve-

2361 747 2587 802 rantem,
2620 752 2724 790 non
2757 751 2787 793 a
2814 735 3021 809 delictis
3059 735 3476 790 irrevocabiiem.
3531 736 3639 791 Fac
3678 752 3765 791 me
3799 738 3930 791 sine

2361 829 2589 882 elatione
2614 841 2876 891 veracem,
2907 826 3022 879 sine
3055 824 3267 879 ﬁctione
3304 826 3578 889 humilem,
3607 827 3723 882 sine
3747 827 3931 881 disso—

2362 919 2559 973 lutione
2585 917 2828 981 hilarem,
2861 916 2977 972 sine
2996 913 3293 983 dejectione
3316 916 3542 979 tristem,
3590 915 3707 970 sine
3732 928 3931 968 errore

2354 1010 2579 1079 justum,
2615 1007 3042 1075 sineimpietate
3073 1006 3318 1073 rigidum.
3350 1007 3465 1064 sine
3492 1005 3805 1061 crudelitate
3830 1004 3926 1060 di-

2362 1100 2630 1161 strictum,
2662 1097 2777 1155 siue
2804 1096 3124 1157 hebetudine
3146 1098 3359 1159 bonum,
3392 1096 3508 1150 siue
3535 1094 3794 1149 cil'usione
3819 1094 3929 1149 νῦν

2363 1187 2708 1250 sericordem,
2734 1187 2847 1243 sine
2867 1185 3123 1254 iactantia
3156 1185 3362 1245 mitem,
3398 1185 3517 1239 sine
3538 1184 3809 1239 simultate
3824 1197 3928 1252 po-

2362 1279 2592 1341 ciiicum,
2618 1276 2737 1331 sine
2751 1276 2957 1331 insania
2992 1276 3317 1344 vigilantem,
3352 1276 3467 1331 sine
3496 1276 3808 1332 inﬁrmitate
3831 1273 3924 1341 jo-

2357 1367 2653 1435 junantem,
2694 1367 2811 1424 sine
2841 1366 3133 1434 pertinacia
3177 1372 3531 1427 constantem,
3585 1365 3703 1418 sine
3729 1365 3927 1418 timum

2363 1460 2717 1521 obedientem,
2743 1460 2855 1515 sine
2878 1456 3285 1528 intemperantia
3313 1442 3625 1520 ferientem,
3651 1456 3764 1509 sine
3786 1472 3929 1524 pra.»

2364 1550 2671 1619 cipitationc
2713 1557 2978 1617 agentem,
3026 1550 3140 1602 sine
3188 1549 3553 1617 inquietudine
3608 1547 3925 1611 sollicitum,

2365 1638 2823 1705 sibe'procacitate
2852 1638 3099 1701 liberum,
3142 1638 3260 1691 sine
3289 1638 3513 1707 segnitie
3562 1647 3923 1701 mansuetum,

711 1740 861 1795 fortis
886 1751 937 1794 et
961 1742 1220 1807 inﬁrmus,
1250 1744 1548 1799 notritoret
1570 1745 1817 1807 nutritus,
1848 1752 2031 1813 pastor
2049 1752 2102 1797 et
2126 1744 2257 1808 oris,
2295 1730 2335 1787 Β
2364 1728 2477 1780 δίηθ

2329 1737 2335 1783 ι
2364 1728 2477 1780 sine
2506 1728 2715 1796 pigritia
2737 1728 2997 1795 quietum,
3042 1728 3158 1780 sine
3183 1726 3545 1795 indignatione
3576 1726 3925 1787 taciturnum.

711 1833 1072 1899 temporaliter
1100 1842 1360 1896 mortuus,
1392 1833 1485 1886 sed
1507 1841 1679 1887 tecum
1700 1833 1752 1886 in
1783 1842 2035 1886 maternum
2058 1834 2259 1897 vivens,

709 1920 823 1973 suis
843 1920 1181 1974 dilectoribus
1209 1922 1329 1975 vitae
1351 1922 1730 1991 municipatum
1756 1923 2072 1991 promittens
2098 1920 2258 1986 dedit,

630 2060 633 2061 ν
710 2021 767 2062 et
795 2009 946 2062 nobis
973 2010 1107 2062 dixit
1133 2027 1143 2060 :
1180 2002 1551 2080 Quodcunque
1578 2012 1826 2079 petieritis
1854 2010 2062 2063 Patrem
2086 2011 2139 2062 in
2171 2028 2264 2063 no-

711 2100 845 2152 mine
866 2116 991 2159 meo,
1016 2100 1158 2152 dabit
1184 2100 1321 2152 vobis
1345 2099 1521 2167 (Joan.
1552 2117 1639 2165 xv,
1670 2099 1775 2170 i6).
1829 2099 2060 2154 Obsecro
2085 2102 2263 2169 itaque

714 2200 784 2253 te,
826 2190 1065 2252 Domine,
1120 2191 1172 2241 in
1204 2191 1416 2243 nomine
1448 2191 1613 2259 ipsius
1652 2191 1826 2245 dilecti
1881 2190 1997 2243 Filii
2048 2192 2141 2254 tui,
2198 2191 2262 2243 da

712 2280 839 2333 mihi
878 2281 1191 2349 sapientiam
1220 2291 1273 2334 et
1302 2282 1648 2347 intellectum,
1701 2291 1761 2335 ut
1802 2293 1855 2337 te
1881 2298 2043 2336 unum
2096 2282 2262 2335 Deum

710 2386 831 2423 cum
864 2370 1047 2423 eodem
1079 2369 1214 2423 Filio
1251 2378 1357 2433 tuo,
1386 2378 1442 2423 et
1474 2369 1674 2439 Spiritu
1704 2380 1890 2425 sancto
1915 2360 2267 2425 essentinliter

712 2462 933 2529 sapiam,
984 2463 1290 2529 trinumquo
1324 2462 1674 2529 personaliter
1709 2452 1935 2530 capiam.
2000 2462 2263 2531 Quidquid

715 2552 954 2605 naturale
1001 2561 1081 2605 est
1129 2552 1504 2621 indisruptum,
1548 2554 1688 2622 quod
1744 2553 2020 2623 personale
2067 2564 2150 2608 est
2188 2556 2266 2609 in-

713 2638 1020 2693 confusum:
1055 2642 1287 2694 Verbum
1318 2649 1491 2695 autem
1524 2652 1670 2696 tuum
1699 2643 1924 2697 voluisse
1957 2644 2144 2697 Filium
2172 2646 2267 2699 bo-

716 2732 871 2785 minis
899 2732 1035 2795 ﬂeri,
1074 2740 1315 2785 neutram
1352 2741 1531 2786 tamen
1562 2732 1613 2786 in
1660 2734 1877 2789 alteram
1914 2737 2263 2790 substantiam

714 2824 1061 2876 commutari:
1110 2822 1390 2875 Trinitatis
1423 2824 1676 2891 mysterio
1714 2833 1956 2892 quartam
1988 2842 2089 2879 non
2145 2829 2263 2881 addi

715 2910 1021 2977 personam:
1056 2912 1214 2973 uniri,
1251 2925 1351 2964 non
1380 2912 1629 2965 confundi
1665 2912 1755 2983 Dei
1784 2915 2118 2990 hominisque
2147 2920 2266 2971 sub-

716 3003 987 3056 stantiam.

786 3176 916 3230 .\'l1l.
959 3178 1052 3239 Da,
1106 3179 1345 3241 Domine,
1382 3195 1479 3249 per
1532 3181 1701 3251 ipsum
1728 3188 1781 3234 et
1818 3195 1939 3233 eum
1970 3180 2083 3253 ipso
2135 3144 2267 3234 Filio

611 3325 624 3341 ,
718 3278 828 3331 tuo,
863 3270 985 3336 quia
1017 3285 1238 3337 quorum
1270 3286 1374 3323 una
1401 3279 1480 3323 est
1528 3273 1842 3333 substantia,
1895 3286 2055 3325 unum
2086 3280 2169 3326 est
2217 3281 2268 3323 et

719 3358 922 3411 datum.
985 3356 1060 3411 Da
1094 3360 1243 3421 mihi,
1306 3374 1449 3429 rogo,
1503 3376 1607 3413 non
1634 3362 1754 3429 plus
1781 3362 2058 3430 minusque
2085 3376 2269 3431 sapere

722 3446 866 3507 velle,
926 3462 1081 3514 quam
1114 3456 1195 3501 sat
1225 3455 1326 3511 est,
1377 3463 1479 3501 non
1514 3450 1729 3504 iiiudere
1758 3450 2140 3513 nescientibus,
2172 3467 2270 3505 nec

719 3539 1126 3605 sapientioribus
1154 3538 1425 3602 invidere;
1476 3550 1563 3591 tua
1595 3541 1689 3593 tibi
1719 3543 1852 3594 dona
1887 3541 2102 3605 referre,
2153 3555 2269 3595 mea

720 3630 847 3683 mihi
880 3639 1053 3683 errata
1080 3630 1326 3683 ﬂebiliter
1354 3632 1661 3701 increpare;
1703 3644 1820 3699 qua:
1845 3624 2044 3693 oderis,
2102 3635 2267 3697 odire,

720 3734 927 3789 semper
952 3736 1131 3773 amare
1152 3730 1267 3774 toto
1290 3710 1469 3783 cerdo,
1514 3737 1630 3789 qua:
1660 3721 1873 3797 diligis;
1911 3738 1972 3775 ex
2004 3721 2269 3789 fidejussa

722 3808 985 3874 complere
1018 3822 1199 3876 opera,
1235 3808 1326 3860 sed
1357 3807 1475 3861 fidei
1503 3812 1605 3860 non
1627 3810 1894 3876 puerone.
1954 3811 2271 3864 Patientiam

724 3897 939 3958 habere,
972 3911 1075 3949 non
1109 3897 1354 3950 duritiam
1381 3896 1717 3951 simulatione
1740 3898 2005 3967 patientiae
2026 3900 2269 3965 palliare;

724 3983 1084 4039 fortitudinem
1130 3992 1491 4054 temperanter
1514 4002 1620 4038 non
1669 3986 1955 4039 crudeliter
1984 4002 2271 4051 exercere;

722 4083 955 4128 astutum
1008 4090 1143 4139 esse,
1176 4091 1280 4128 non
1313 4074 1425 4129 ﬁeri
1468 4075 1892 4139 fraudulentum;
1940 4076 2273 4129 obedientem

721 4165 965 4227 existere,
984 4180 1083 4217 non
1100 4165 1493 4233 praecipientem
1504 4166 1665 4223 velle;
1687 4165 2003 4233 simplicitati
2019 4168 2271 4229 animum,

723 4268 827 4307 non
850 4254 1155 4307 hebetudi‘ni
1181 4257 1622 4317 accommodare;
1647 4266 1907 4323 nusquam
1924 4258 2166 4324 superbis
2192 4272 2277 4308 oe—

722 4343 868 4403 derc,
898 4342 986 4396 sed
1014 4350 1230 4411 propter
1256 4352 1305 4395 te
1336 4343 1621 4396 humilibus
1650 4343 1979 4405 consentire;
2019 4344 2272 4397 innocen-

724 4442 829 4486 tem
860 4431 992 4495 ﬂeri,
1032 4447 1135 4484 non
1183 4440 1478 4495 amentem;
1532 4432 1675 4500 pium
1706 4434 1957 4493 existere,
1986 4446 2088 4485 non
2138 4433 2275 4503 inju-

722 4528 891 4583 stum;
924 4522 1118 4574 malum
1144 4536 1415 4589 nunquam
1440 4536 1620 4575 amare
1648 4538 1841 4586 meum,
1876 4533 1979 4577 non
2022 4538 2274 4592 arrogan-

724 4621 805 4664 ter
834 4625 1055 4680 nrguere
1077 4612 1336 4676 alienum;
1392 4628 1477 4665 rue
1506 4614 1676 4681 magis
1702 4614 1755 4665 in
1787 4612 1988 4666 delictis
2003 4612 2276 4683 despicere

722 4716 881 4769 quam
911 4701 1241 4771 proximum;
1274 4710 1513 4756 meorum
1534 4717 1719 4755 eurum
1748 4712 1935 4770 gerere
1974 4690 2271 4763 vulnerum,

725 4806 826 4845 non
849 4790 1073 4844 aliorum
1104 4789 1345 4856 nequiter
1369 4788 1484 4842 ﬁeri
1512 4789 1811 4851 curiosum;
1844 4802 1944 4841 nec
1963 4790 2273 4857 suspicioni-

725 4881 823 4933 bus
850 4894 1171 4955 quemquam
1190 4877 1452 4946 judicare,
1481 4880 1783 4941 sed‘rebus;
1812 4879 2073 4932 sinceram
2100 4880 2279 4949 pacili-

726 4969 806 5022 cis
833 4980 1050 5033 servare
1070 4984 1274 5038 pacem,
1302 4981 1575 5035 nunquam
1600 4968 1683 5022 vel
1720 4968 1917 5038 tingere
1939 4969 2123 5033 malis;
2174 4985 2276 5025 non

726 5058 967 5111 homines
986 5059 1151 5118 odire,
1180 5060 1273 5112 sed
1301 5058 1527 5121 nmium;
1563 5069 1661 5110 nee
1682 5058 1907 5111 interire
1934 5059 2067 5113 velle
2099 5059 2275 5113 horni-

725 5162 842 5205 nes.
868 5145 960 5201 sed
982 5147 1279 5199 animatum
1308 5156 1615 5208 necaturas,
1640 5135 1783 5199 vitiis
1803 5144 2073 5212 resistere,
2106 5148 2275 5201 malo-

727 5251 843 5291 rum
873 5236 1109 5290 onrnium
1140 5235 1369 5287 radicem
1398 5242 1699 5303 amputare;
1746 5234 1967 5305 ﬂagello,
1998 5242 2119 5290 cum
2147 5240 2289 5292 irro-

646 5352 657 5362 -
726 5330 954 5400 gaveris,
988 5340 1091 5380 non
1119 5325 1404 5389 resultare;
1442 5339 1545 5380 nee
1564 5324 1741 5379 dolere
1771 5326 2169 5382 retributionem
2196 5329 2281 5395 ju-

2362 1817 2477 1869 sine
2500 1814 2783 1870 tenacitate
2807 1830 3049 1884 parcum,
3080 1815 3195 1869 sine
3219 1814 3509 1869 calliditate
3541 1823 3776 1879 cautum,
3806 1814 3928 1869 sine

2362 1908 2697 1961 simulatione
2724 1913 2989 1969 sanctum,
3020 1912 3073 1962 et
3101 1906 3216 1959 sine
3244 1903 3538 1967 manifestis
3564 1904 3727 1967 vitiis,
3758 1903 3930 1958 simu-

2363 1998 2589 2065 latisque
2616 1997 2903 2051 virtutibus
2931 2010 3027 2049 suo
3053 2011 3265 2065 semper
3291 1995 3509 2049 servitio
3541 1994 3797 2048 deditum.
3816 1995 3933 2050 Fac

2362 2100 2448 2140 me
2501 2085 2783 2153 providum
2813 2085 2879 2139 ad
2912 2085 3111 2149 omnia,
3150 2085 3439 2138 discretum
3482 2083 3538 2135 in
3565 2082 3819 2136 CllﬂCllS.’
3848 2083 3927 2137 Da

2364 2175 2494 2227 mihi
2517 2176 2650 2229 bene
2664 2176 2865 2239 virere,
2890 2182 2941 2227 et
2962 2173 3124 2229 multa
3143 2175 3301 2236 scire,
3322 2173 3536 2226 doctum
3556 2170 3771 2225 studere
3784 2172 3924 2235 fieri,

2366 2282 2469 2319 non
2497 2278 2838 2336 arrogantem
2861 2266 2999 2319 velle
3030 2265 3217 2319 videri.
3277 2264 3513 2319 Dociiem
3543 2277 3926 2331 nonnunquam

2365 2357 2431 2410 ad
2453 2358 2730 2412 scientiam
2753 2356 3126 2426 pertinentem,
3142 2369 3239 2423 pro
3264 2361 3354 2407 tua
3377 2367 3461 2406 me
3484 2351 3647 2407 tacito
3664 2352 3922 2405 bonitate.
3980 2402 3983 2409 ,

2366 2450 2440 2501 Da
2471 2448 2795 2517 intelligendi
2849 2461 3094 2511 acumen,
3132 2446 3373 2503 discendi
3429 2445 3761 2509 facilitatem,
3798 2440 3928 2500 reti-

2366 2540 2523 2593 nendi
2545 2540 2907 2592 tenacitatem.
2954 2537 3149 2594 Tribue
3170 2539 3400 2607 linguam
3426 2538 3712 2601 eruditum,
3738 2544 3792 2591 et
3808 2551 3929 2589 ver-

2365 2631 2557 2685 borum
2590 2629 2895 2684 facundiam
2928 2644 3048 2683 cum
3076 2637 3222 2683 tanta
3250 2637 3303 2682 et
3334 2636 3439 2681 tam
3466 2626 3728 2694 profunda
3755 2626 3927 2680 humi-

2367 2721 2537 2784 litate,
2564 2728 2620 2773 ut
2649 2720 2821 2773 nullus
2852 2722 2903 2773 in
2930 2735 3013 2773 me
3039 2728 3218 2789 pateat
3242 2720 3387 2773 locus
3406 2719 3720 2774 execrandas
3741 2731 3930 2788 δαμείς

2366 2810 2485 2869 ωε.
2553 2809 2753 2863 Praesta
2784 2809 2915 2877 legis
2960 2816 3061 2863 tua:
3086 2810 3353 2877 geminum
3386 2810 3801 2862 instrumentum
3837 2822 3929 2863 ca-

2330 2930 2337 2939 -
2367 2913 2516 2967 pere,
2545 2898 2648 2952 duo
2667 2906 2929 2965 pratecpta
2994 2898 3219 2951 ﬁdeliter
3248 2896 3484 2966 impiene.
3540 2895 3740 2964 Legem
3762 2896 3929 2950 Evam

2360 2990 2539 3055 δεξιῆς,
2576 2988 2860 3056 Evangelia
2892 2987 2992 3055 legi
3022 2996 3073 3041 et
3100 2988 3390 3054 prophetis,
3423 2987 3580 3041 nullis
3619 2997 3932 3042 controver-

2294 3062 2338 3121 (ἶ
2486 3076 2775 3140 dissidere;
2811 3079 2903 3130 sed
2932 3076 3258 3145 temporibus
3304 3079 3652 3146 congruentia
3686 3088 3739 3131 te
3766 3079 3929 3138 mini-

2368 3178 2565 3219 strasse
2594 3167 2744 3220 doce.

2436 3254 2549 3327 XV.
2591 3275 2685 3335 Da,
2738 3274 2981 3337 Domine,
3032 3274 3281 3328 affectum
3331 3281 3615 3341 actumque
3670 3272 3766 3327 tibi
3812 3271 3927 3341 pia-

2366 3362 2521 3414 cendi
2544 3362 2898 3425 consimilem,
2926 3370 3082 3430 atque
3107 3365 3155 3414 in
3188 3372 3239 3416 te
3261 3362 3639 3431 perseverandi
3666 3361 3929 3416 irrevoca-

2370 3448 2527 3501 lyiiem
2553 3450 2981 3513 destinationem,
3010 3460 3061 3504 et
3090 3451 3287 3504 nullam
3314 3464 3434 3505 eum
3462 3449 3763 3504 infidelibus
3803 3465 3926 3519 por-

2374 3534 2597 3595 tionem;
2634 3536 2796 3589 0mm
2832 3546 2881 3587 te
2912 3551 3113 3598 verum,
3162 3539 3410 3590 omnibus
3439 3542 3557 3606 qua:
3580 3536 3770 3599 fecisti,
3831 3552 3929 3591 no-

2372 3622 2553 3689 bisque
2611 3624 2738 3691 ipsis
2788 3624 3102 3687 timendum,
3155 3626 3432 3679 colendum
3466 3667 3479 3689 ,
3535 3628 3927 3696 amundumque

2371 3712 2526 3780 417
2564 3727 2895 3781 proponere:
2924 3714 3160 3767 omnium
3196 3728 3316 3780 qua!
3344 3714 3535 3777 fecisti,
3576 3726 3679 3769 non
3720 3726 3772 3768 te
3796 3716 3930 3768 indi-

2373 3803 2567 3869 guisse,
2596 3801 2684 3853 sed
2706 3802 2865 3853 etiam
2890 3800 3082 3857 futuris
3101 3818 3310 3870 semper
3324 3804 3604 3858 Dominum
3625 3805 3927 3869 exstitisse;

2376 3907 2477 3944 non
2532 3894 2597 3945 ad
2628 3893 2956 3945 iracundiam
2987 3896 3409 3948 murmuratione
3436 3905 3765 3963 provocare:
3812 3896 3927 3959 tibi,

2376 3992 2427 4035 ct
2464 3985 2587 4047 tuis,
2640 3984 2913 4052 inquibus
2956 3984 3051 4036 tibi
3077 3986 3208 4037 bene
3232 3986 3509 4051 placuerit,
3568 3986 3926 4056 complectare;

2375 4082 2427 4127 et
2455 4076 2545 4127 ubi
2582 4090 2686 4130 non
2706 4083 2790 4129 est
2812 4062 2973 4127 timor
2995 4084 3155 4129 causa
3188 4076 3261 4127 tui
3291 4076 3543 4139 nominis,
3574 4090 3680 4131 non
3708 4078 3924 4138 timere;

2376 4163 2611 4233 pulchris
2650 4165 2706 4216 in
2722 4152 2893 4217 rebus
2916 4165 3193 4219 laudandis
3216 4174 3513 4221 creatorem
3538 4162 3795 4220 bonorum
3822 4182 3929 4221 om<

2377 4257 2522 4307 nium
2558 4261 2606 4307 te
2636 4253 2908 4315 admirari,
2964 4264 3017 4306 et
3043 4256 3287 4309 rimandis
3311 4269 3583 4324 nunquam
3614 4254 3804 4309 talibus
3833 4256 3927 4308 im-

2376 4344 2593 4414 plicati;
2618 4344 2862 4397 universa
2890 4345 2944 4395 in
2976 4346 3330 4412 praesentibus
3351 4344 3629 4399 mutabilia
3657 4344 3803 4399 velut
3828 4358 3919 4412 pe-

2379 4439 2543 4489 ritura
2576 4436 2865 4504 despicere,
2898 4436 3089 4487 futurae
3116 4434 3460 4489 beatitudinis
3484 4434 3808 4503 perennibus
3836 4435 3927 4487 bo-

2374 4526 2457 4579 nis
2485 4523 2882 4591 infatigabiliter
2906 4522 3140 4585 inhiare;
3163 4521 3678 4589 hmcpmdestinatls
3696 4518 3924 4575 indebita

2376 4613 2737 4669 misericordia
2761 4613 3039 4680 impertiri,
3064 4612 3153 4665 sel
3182 4608 3699 4681 incomprehensiblll
3724 4613 3783 4661 et
3799 4606 3926 4661 ine-

2376 4699 2717 4773 prebcnsiiiili
2764 4700 2985 4767 justitia,
3022 4692 3305 4755 obstinatis
3329 4716 3437 4752 non
3464 4698 3610 4762 dari;
3665 4695 3924 4750 nominem

2378 4796 2493 4847 sine
2520 4792 2641 4854 nde,
2660 4806 2759 4861 qua
2779 4793 2917 4844 intra
2946 4800 3175 4845 matrem
3196 4790 3480 4843 ecclesiam
3498 4780 3743 4847 vivimus,
3778 4798 3925 4853 posse

2379 4882 2573 4937 salvari
2598 4872 2629 4943 ξ
2657 4882 2749 4934 sed
2794 4881 2985 4939 salvari
3035 4880 3349 4947 perditionis
3379 4877 3515 4931 ﬁlios
3560 4889 3667 4928 non
3715 4873 3933 4941 debere.

2380 4974 2614 5027 Scientia
2639 4970 2898 5043 spirituuli
2931 4974 3136 5041 augeri,
3166 4987 3270 5026 non
3300 4968 3497 5024 inﬂari.
3528 4966 3677 5021 Velle
3697 4965 3923 5020 animant

2377 5065 2509 5119 mori
2556 5063 3017 5125 sainbrltcrmihi,
3066 5076 3121 5117 ot
3165 5061 3347 5115 vivere
3372 5060 3498 5123 tibi;
3540 5054 3919 5128 pmnitudiuom

2376 5166 2471 5221 pro
2506 5152 2808 5206 commissis
2832 5150 3117 5207 etlloscltor
3147 5164 3351 5219 gerere,
3393 5163 3515 5206 eum
3557 5148 3726 5203 multa
3753 5148 3924 5201 cordis

2380 5240 2700 5296 contritione
2724 5248 2778 5293 et
2822 5236 3174 5310 laerymmum
3201 5241 3374 5305 fonto;
3413 5240 3661 5308 fugitivos
3702 5238 3925 5296 honores

2382 5341 2435 5385 et
2456 5330 2715 5399 perituras
2730 5343 2855 5399 opes
2867 5346 2967 5383 nec
2989 5338 3029 5399 ιτ
3038 5340 3243 5405 iterum,
3268 5342 3369 5384 nee
3384 5328 3708 5396 desiderare;
3725 5327 3821 5381 soil
3830 5327 3924 5382 uti-

729 5418 906 5482 stitltc,
927 5416 1019 5471 srd
1038 5428 1251 5469 causam
1273 5413 1517 5476 oll'eusse;
1539 5414 1862 5485 patientibus
1874 5419 2123 5484 oompati,
2146 5416 2286 5470 bene
2382 5420 2604 5482 litatem,
2626 5422 3125 5488 extremitatemquo
3140 5434 3354 5490 semper
3377 5431 3593 5481 amaro;
3616 5418 3935 5472 humanis

731 5507 1007 5575 agentibus
1030 5505 1279 5560 collatari
1303 5521 1314 5568 ;
1341 5518 1458 5557 cum
1480 5503 1727 5559 flentibus
1750 5504 1896 5568 item,
1920 5521 2037 5565 cum
2054 5508 2283 5575 gauden-

733 5597 873 5650 tibus
902 5599 1161 5662 gaudere;
1202 5595 1372 5650 danda
1404 5596 1524 5648 vitm
1556 5599 1875 5663 necessaria,
1934 5598 2153 5651 arbitrio
2195 5610 2281 5651 tuo

2386 5509 2756 5567 huiuluntium
2784 5509 3051 5577 obsequiis
3080 5520 3135 5562 et
3154 5511 3398 5578 impensa
3434 5522 3465 5562 λ
3489 5505 3747 5561 fratribus
3784 5517 3925 5559 rava.

2388 5599 2557 5653 rentia
2585 5612 2855 5665 nunquam
2879 5599 3079 5661 extolli,
3106 5600 3282 5654 omnia
3322 5600 3371 5658 in
3400 5597 3659 5655 charitatc
3692 5591 3923 5655 iacienda
