  <div class='ocr_page' id='page_1' title='image "/cluster/home/n/w/nwhite01/storage/ocr_20150623/101/uva.x000834944/554.png"; bbox 0 0 4254 6200; ppageno 0'>
   <div class='ocr_carea' id='block_1_1' title="bbox 403 329 540 418">
    <p class='ocr_par' dir='ltr' id='par_1_1' title="bbox 403 329 540 418">
     <span class='ocr_line' id='line_1_1' title="bbox 403 329 540 418; baseline -0.022 0"><span class='ocrx_word' id='word_1_1' title='bbox 403 329 540 418; x_wconf 58' lang='lat' dir='ltr'><strong>me</strong></span> 
     </span>
    </p>
   </div>
   <div class='ocr_carea' id='block_1_2' title="bbox 1068 355 2088 417">
    <p class='ocr_par' dir='ltr' id='par_1_2' title="bbox 1068 357 2054 417">
     <span class='ocr_line' id='line_1_2' title="bbox 1068 357 2054 417; baseline -0.003 -3"><span class='ocrx_word' id='word_1_2' title='bbox 1068 360 1217 416; x_wconf 77' lang='lat' dir='ltr'><strong>OPP.</strong></span> <span class='ocrx_word' id='word_1_3' title='bbox 1262 360 1490 416; x_wconf 70' lang='lat' dir='ltr'><strong>DI&#39;BIA.</strong></span> <span class='ocrx_word' id='word_1_4' title='bbox 1533 390 1600 402; x_wconf 86' lang='lat'><strong>--</strong></span> <span class='ocrx_word' id='word_1_5' title='bbox 1640 357 2054 417; x_wconf 79' lang='lat' dir='ltr'><strong>DISPUTATIO</strong></span> 
     </span>
    </p>
   </div>
   <div class='ocr_carea' id='block_1_3' title="bbox 2065 355 2995 417">
    <p class='ocr_par' dir='ltr' id='par_1_3' title="bbox 2094 355 2995 413">
     <span class='ocr_line' id='line_1_3' title="bbox 2094 355 2995 413; baseline -0.002 -3"><span class='ocrx_word' id='word_1_6' title='bbox 2094 355 2374 411; x_wconf 57' lang='lat' dir='ltr'><strong>PIJEROII</strong></span> <span class='ocrx_word' id='word_1_7' title='bbox 2387 355 2502 411; x_wconf 64' lang='lat' dir='ltr'><strong>IIM.</strong></span> <span class='ocrx_word' id='word_1_8' title='bbox 2547 385 2616 397; x_wconf 90' lang='lat'><strong>—</strong></span> <span class='ocrx_word' id='word_1_9' title='bbox 2658 355 2917 413; x_wconf 68' lang='lat' dir='ltr'><strong>MONI&#39;I‘L&#39;</strong></span> <span class='ocrx_word' id='word_1_10' title='bbox 2931 357 2995 410; x_wconf 85' lang='lat' dir='ltr'><strong>.\I.</strong></span> 
     </span>
    </p>
   </div>
   <div class='ocr_carea' id='block_1_4' title="bbox 3534 353 3674 416">
    <p class='ocr_par' dir='ltr' id='par_1_4' title="bbox 3534 353 3674 416">
     <span class='ocr_line' id='line_1_4' title="bbox 3534 353 3674 416; baseline 0.021 -3"><span class='ocrx_word' id='word_1_11' title='bbox 3534 353 3674 416; x_wconf 64' lang='lat' dir='ltr'><strong>I093</strong></span> 
     </span>
    </p>
   </div>
   <div class='ocr_carea' id='block_1_5' title="bbox 399 469 3671 544">
    <p class='ocr_par' dir='ltr' id='par_1_5' title="bbox 399 469 3671 544">
     <span class='ocr_line' id='line_1_5' title="bbox 399 469 3671 544; baseline -0 -17"><span class='ocrx_word' id='word_1_12' title='bbox 399 471 682 544; x_wconf 87' lang='lat' dir='ltr'><strong>perﬁcere,</strong></span> <span class='ocrx_word' id='word_1_13' title='bbox 711 479 764 524; x_wconf 90' lang='lat' dir='ltr'><strong>et</strong></span> <span class='ocrx_word' id='word_1_14' title='bbox 787 478 976 536; x_wconf 89' lang='lat' dir='ltr'><strong>totum,</strong></span> <span class='ocrx_word' id='word_1_15' title='bbox 1003 474 1145 542; x_wconf 87' lang='lat' dir='ltr'><strong>quod</strong></span> <span class='ocrx_word' id='word_1_16' title='bbox 1169 473 1435 542; x_wconf 77' lang='lat' dir='ltr'><strong>expletur,</strong></span> <span class='ocrx_word' id='word_1_17' title='bbox 1455 473 1554 527; x_wconf 92' lang='lat' dir='ltr'><strong>tibi</strong></span> <span class='ocrx_word' id='word_1_18' title='bbox 1582 473 1850 542; x_wconf 87' lang='lat' dir='ltr'><strong>operatori</strong></span> <span class='ocrx_word' id='word_1_19' title='bbox 1882 474 1976 527; x_wconf 90' lang='lat' dir='ltr'><strong>bo-</strong></span> <span class='ocrx_word' id='word_1_20' title='bbox 2007 475 2050 529; x_wconf 81' lang='grc' dir='ltr'><strong>Α</strong></span> <span class='ocrx_word' id='word_1_21' title='bbox 2078 484 2292 537; x_wconf 74' lang='lat' dir='ltr'><strong>qua-ro;</strong></span> <span class='ocrx_word' id='word_1_22' title='bbox 2338 469 2432 524; x_wconf 85' lang='lat' dir='ltr'><strong>sed</strong></span> <span class='ocrx_word' id='word_1_23' title='bbox 2472 471 2928 539; x_wconf 66' lang='lat' dir='ltr'><strong>prmpcdicntihus</strong></span> <span class='ocrx_word' id='word_1_24' title='bbox 2965 471 3203 541; x_wconf 79' lang='lat' dir='ltr'><strong>peccatis</strong></span> <span class='ocrx_word' id='word_1_25' title='bbox 3235 473 3389 534; x_wconf 80' lang='lat' dir='ltr'><strong>meis,</strong></span> <span class='ocrx_word' id='word_1_26' title='bbox 3435 475 3671 543; x_wconf 69' lang='lat' dir='ltr'><strong>reperire</strong></span> 
     </span>
    </p>
   </div>
   <div class='ocr_carea' id='block_1_6' title="bbox 399 560 1974 634">
    <p class='ocr_par' dir='ltr' id='par_1_6' title="bbox 399 560 1974 634">
     <span class='ocr_line' id='line_1_6' title="bbox 399 560 1974 634; baseline 0.003 -17"><span class='ocrx_word' id='word_1_27' title='bbox 399 576 593 617; x_wconf 80' lang='lat' dir='ltr'><strong>norum</strong></span> <span class='ocrx_word' id='word_1_28' title='bbox 619 561 858 616; x_wconf 90' lang='lat' dir='ltr'><strong>omnium</strong></span> <span class='ocrx_word' id='word_1_29' title='bbox 898 560 1146 628; x_wconf 86' lang='lat' dir='ltr'><strong>Domino,</strong></span> <span class='ocrx_word' id='word_1_30' title='bbox 1205 565 1322 618; x_wconf 88' lang='lat' dir='ltr'><strong>sine</strong></span> <span class='ocrx_word' id='word_1_31' title='bbox 1351 579 1458 634; x_wconf 88' lang='lat' dir='ltr'><strong>quo</strong></span> <span class='ocrx_word' id='word_1_32' title='bbox 1506 562 1579 618; x_wconf 93' lang='lat' dir='ltr'><strong>nil</strong></span> <span class='ocrx_word' id='word_1_33' title='bbox 1610 562 1736 618; x_wconf 88' lang='lat' dir='ltr'><strong>boni</strong></span> <span class='ocrx_word' id='word_1_34' title='bbox 1795 562 1974 621; x_wconf 85' lang='lat' dir='ltr'><strong>facere</strong></span> 
     </span>
    </p>
   </div>
   <div class='ocr_carea' id='block_1_7' title="bbox 399 660 1954 723">
    <p class='ocr_par' dir='ltr' id='par_1_7' title="bbox 399 660 1954 723">
     <span class='ocr_line' id='line_1_7' title="bbox 399 660 1954 723; baseline 0.001 -18"><span class='ocrx_word' id='word_1_35' title='bbox 399 666 707 723; x_wconf 77' lang='lat' dir='ltr'><strong>possumus,</strong></span> <span class='ocrx_word' id='word_1_36' title='bbox 744 660 1019 721; x_wconf 88' lang='lat' dir='ltr'><strong>reputare.</strong></span> <span class='ocrx_word' id='word_1_37' title='bbox 1946 697 1954 707; x_wconf 94' lang='lat'><strong>.</strong></span> 
     </span>
    </p>
   </div>
   <div class='ocr_carea' id='block_1_8' title="bbox 468 741 1973 818">
    <p class='ocr_par' dir='ltr' id='par_1_8' title="bbox 468 741 1973 818">
     <span class='ocr_line' id='line_1_8' title="bbox 468 741 1973 818; baseline 0.003 -22"><span class='ocrx_word' id='word_1_38' title='bbox 468 741 603 796; x_wconf 72' lang='lat' dir='ltr'><strong>XVI.</strong></span> <span class='ocrx_word' id='word_1_39' title='bbox 642 741 711 797; x_wconf 85' lang='lat' dir='ltr'><strong>Et</strong></span> <span class='ocrx_word' id='word_1_40' title='bbox 731 743 984 812; x_wconf 86' lang='lat' dir='ltr'><strong>quoniam</strong></span> <span class='ocrx_word' id='word_1_41' title='bbox 1005 752 1128 813; x_wconf 87' lang='lat' dir='ltr'><strong>post</strong></span> <span class='ocrx_word' id='word_1_42' title='bbox 1147 753 1420 816; x_wconf 86' lang='lat' dir='ltr'><strong>acceptam</strong></span> <span class='ocrx_word' id='word_1_43' title='bbox 1444 746 1696 818; x_wconf 79' lang='lat' dir='ltr'><strong>baptismi</strong></span> <span class='ocrx_word' id='word_1_44' title='bbox 1720 746 1973 818; x_wconf 70' lang='lat' dir='ltr'><strong>gratiam,</strong></span> 
     </span>
    </p>
   </div>
   <div class='ocr_carea' id='block_1_9' title="bbox 395 832 1977 909">
    <p class='ocr_par' dir='ltr' id='par_1_9' title="bbox 395 832 1977 909">
     <span class='ocr_line' id='line_1_9' title="bbox 395 832 1977 909; baseline 0.002 -20"><span class='ocrx_word' id='word_1_45' title='bbox 395 842 452 889; x_wconf 89' lang='lat' dir='ltr'><strong>et</strong></span> <span class='ocrx_word' id='word_1_46' title='bbox 490 843 611 904; x_wconf 88' lang='lat' dir='ltr'><strong>post</strong></span> <span class='ocrx_word' id='word_1_47' title='bbox 637 832 826 899; x_wconf 90' lang='lat' dir='ltr'><strong>ﬁdem,</strong></span> <span class='ocrx_word' id='word_1_48' title='bbox 863 849 1027 904; x_wconf 89' lang='lat' dir='ltr'><strong>quam</strong></span> <span class='ocrx_word' id='word_1_49' title='bbox 1071 836 1167 891; x_wconf 90' lang='lat' dir='ltr'><strong>tibi</strong></span> <span class='ocrx_word' id='word_1_50' title='bbox 1207 837 1453 907; x_wconf 89' lang='lat' dir='ltr'><strong>promisi,</strong></span> <span class='ocrx_word' id='word_1_51' title='bbox 1485 839 1612 903; x_wconf 91' lang='lat' dir='ltr'><strong>imo,</strong></span> <span class='ocrx_word' id='word_1_52' title='bbox 1653 839 1797 909; x_wconf 90' lang='lat' dir='ltr'><strong>quod</strong></span> <span class='ocrx_word' id='word_1_53' title='bbox 1825 836 1977 908; x_wconf 81' lang='lat' dir='ltr'><strong>pejus</strong></span> 
     </span>
    </p>
   </div>
   <div class='ocr_carea' id='block_1_10' title="bbox 395 925 1975 994">
    <p class='ocr_par' dir='ltr' id='par_1_10' title="bbox 395 925 1975 994">
     <span class='ocr_line' id='line_1_10' title="bbox 395 925 1975 994; baseline 0.003 -16"><span class='ocrx_word' id='word_1_54' title='bbox 395 932 512 988; x_wconf 88' lang='lat' dir='ltr'><strong>est,</strong></span> <span class='ocrx_word' id='word_1_55' title='bbox 552 931 675 993; x_wconf 89' lang='lat' dir='ltr'><strong>post</strong></span> <span class='ocrx_word' id='word_1_56' title='bbox 715 930 990 994; x_wconf 80' lang='lat' dir='ltr'><strong>acceptam</strong></span> <span class='ocrx_word' id='word_1_57' title='bbox 1033 925 1176 982; x_wconf 92' lang='lat' dir='ltr'><strong>hanc</strong></span> <span class='ocrx_word' id='word_1_58' title='bbox 1220 928 1468 983; x_wconf 89' lang='lat' dir='ltr'><strong>monachi</strong></span> <span class='ocrx_word' id='word_1_59' title='bbox 1520 937 1756 993; x_wconf 63' lang='lat' dir='ltr'><strong>vesstcm,</strong></span> <span class='ocrx_word' id='word_1_60' title='bbox 1807 929 1975 984; x_wconf 91' lang='lat' dir='ltr'><strong>multa</strong></span> 
     </span>
    </p>
   </div>
   <div class='ocr_carea' id='block_1_11' title="bbox 394 1003 1975 1091">
    <p class='ocr_par' dir='ltr' id='par_1_11' title="bbox 394 1003 1975 1091">
     <span class='ocr_line' id='line_1_11' title="bbox 394 1003 1975 1091; baseline 0.006 -25"><span class='ocrx_word' id='word_1_61' title='bbox 394 1012 641 1068; x_wconf 75' lang='lat' dir='ltr'><strong>commisi</strong></span> <span class='ocrx_word' id='word_1_62' title='bbox 661 1051 677 1078; x_wconf 94' lang='lat'><strong>,</strong></span> <span class='ocrx_word' id='word_1_63' title='bbox 705 1015 888 1078; x_wconf 88' lang='lat' dir='ltr'><strong>corde,</strong></span> <span class='ocrx_word' id='word_1_64' title='bbox 918 1029 1035 1080; x_wconf 90' lang='lat' dir='ltr'><strong>ore,</strong></span> <span class='ocrx_word' id='word_1_65' title='bbox 1061 1025 1116 1070; x_wconf 91' lang='lat' dir='ltr'><strong>et</strong></span> <span class='ocrx_word' id='word_1_66' title='bbox 1138 1003 1318 1088; x_wconf 83' lang='lat' dir='ltr'><strong>opere,</strong></span> <span class='ocrx_word' id='word_1_67' title='bbox 1343 1028 1398 1074; x_wconf 88' lang='lat' dir='ltr'><strong>et</strong></span> <span class='ocrx_word' id='word_1_68' title='bbox 1433 1017 1640 1074; x_wconf 84' lang='lat' dir='ltr'><strong>inﬁnita</strong></span> <span class='ocrx_word' id='word_1_69' title='bbox 1668 1021 1975 1091; x_wconf 88' lang='lat' dir='ltr'><strong>perpetravi</strong></span> 
     </span>
    </p>
   </div>
   <div class='ocr_carea' id='block_1_12' title="bbox 394 1104 1980 1180">
    <p class='ocr_par' dir='ltr' id='par_1_12' title="bbox 394 1104 1980 1180">
     <span class='ocr_line' id='line_1_12' title="bbox 394 1104 1980 1180; baseline 0.006 -24"><span class='ocrx_word' id='word_1_70' title='bbox 394 1104 534 1160; x_wconf 81' lang='lat' dir='ltr'><strong>mala</strong></span> <span class='ocrx_word' id='word_1_71' title='bbox 562 1117 661 1172; x_wconf 89' lang='lat' dir='ltr'><strong>per</strong></span> <span class='ocrx_word' id='word_1_72' title='bbox 685 1104 994 1174; x_wconf 80' lang='lat' dir='ltr'><strong>superbiam</strong></span> <span class='ocrx_word' id='word_1_73' title='bbox 1019 1113 1075 1160; x_wconf 92' lang='lat' dir='ltr'><strong>et</strong></span> <span class='ocrx_word' id='word_1_74' title='bbox 1095 1108 1604 1179; x_wconf 80' lang='lat' dir='ltr'><strong>concupiscentiam,</strong></span> <span class='ocrx_word' id='word_1_75' title='bbox 1634 1124 1733 1180; x_wconf 91' lang='lat' dir='ltr'><strong>per</strong></span> <span class='ocrx_word' id='word_1_76' title='bbox 1759 1110 1896 1164; x_wconf 91' lang='lat' dir='ltr'><strong>iram</strong></span> <span class='ocrx_word' id='word_1_77' title='bbox 1921 1119 1980 1166; x_wconf 92' lang='lat' dir='ltr'><strong>et</strong></span> 
     </span>
    </p>
   </div>
   <div class='ocr_carea' id='block_1_13' title="bbox 393 1192 1976 1270">
    <p class='ocr_par' dir='ltr' id='par_1_13' title="bbox 393 1192 1976 1270">
     <span class='ocr_line' id='line_1_13' title="bbox 393 1192 1976 1270; baseline 0.006 -23"><span class='ocrx_word' id='word_1_78' title='bbox 393 1192 808 1262; x_wconf 85' lang='lat' dir='ltr'><strong>impatientiam,</strong></span> <span class='ocrx_word' id='word_1_79' title='bbox 849 1211 948 1266; x_wconf 89' lang='lat' dir='ltr'><strong>per</strong></span> <span class='ocrx_word' id='word_1_80' title='bbox 985 1195 1228 1253; x_wconf 87' lang='lat' dir='ltr'><strong>fraudem</strong></span> <span class='ocrx_word' id='word_1_81' title='bbox 1256 1209 1310 1254; x_wconf 91' lang='lat' dir='ltr'><strong>et</strong></span> <span class='ocrx_word' id='word_1_82' title='bbox 1343 1200 1627 1265; x_wconf 89' lang='lat' dir='ltr'><strong>desidiam,</strong></span> <span class='ocrx_word' id='word_1_83' title='bbox 1666 1217 1764 1270; x_wconf 89' lang='lat' dir='ltr'><strong>per</strong></span> <span class='ocrx_word' id='word_1_84' title='bbox 1803 1210 1976 1256; x_wconf 87' lang='lat' dir='ltr'><strong>tumo-</strong></span> 
     </span>
    </p>
   </div>
   <div class='ocr_carea' id='block_1_14' title="bbox 337 1289 1974 1361">
    <p class='ocr_par' dir='ltr' id='par_1_14' title="bbox 337 1289 1974 1361">
     <span class='ocr_line' id='line_1_14' title="bbox 337 1289 1974 1361; baseline 0.004 -18"><span class='ocrx_word' id='word_1_85' title='bbox 337 1341 340 1343; x_wconf 32' lang='grc' dir='ltr'>λ</span> <span class='ocrx_word' id='word_1_86' title='bbox 394 1298 510 1338; x_wconf 89' lang='lat' dir='ltr'><strong>rem</strong></span> <span class='ocrx_word' id='word_1_87' title='bbox 539 1294 596 1339; x_wconf 88' lang='lat' dir='ltr'><strong>et</strong></span> <span class='ocrx_word' id='word_1_88' title='bbox 623 1289 1010 1357; x_wconf 74' lang='lat' dir='ltr'><strong>arrogantiam,</strong></span> <span class='ocrx_word' id='word_1_89' title='bbox 1042 1289 1265 1359; x_wconf 75' lang='lat' dir='ltr'><strong>supplex</strong></span> <span class='ocrx_word' id='word_1_90' title='bbox 1297 1290 1526 1361; x_wconf 81' lang='lat' dir='ltr'><strong>imploro</strong></span> <span class='ocrx_word' id='word_1_91' title='bbox 1553 1293 1974 1349; x_wconf 84' lang='lat' dir='ltr'><strong>misericordiam</strong></span> 
     </span>
    </p>
   </div>
   <div class='ocr_carea' id='block_1_15' title="bbox 393 1373 1977 1452">
    <p class='ocr_par' dir='ltr' id='par_1_15' title="bbox 393 1373 1977 1452">
     <span class='ocr_line' id='line_1_15' title="bbox 393 1373 1977 1452; baseline 0.008 -25"><span class='ocrx_word' id='word_1_92' title='bbox 393 1382 571 1438; x_wconf 91' lang='lat' dir='ltr'><strong>tuam,</strong></span> <span class='ocrx_word' id='word_1_93' title='bbox 598 1373 741 1430; x_wconf 85' lang='lat' dir='ltr'><strong>Deus</strong></span> <span class='ocrx_word' id='word_1_94' title='bbox 767 1375 948 1441; x_wconf 85' lang='lat' dir='ltr'><strong>Pater,</strong></span> <span class='ocrx_word' id='word_1_95' title='bbox 985 1378 1040 1432; x_wconf 91' lang='lat' dir='ltr'><strong>in</strong></span> <span class='ocrx_word' id='word_1_96' title='bbox 1066 1379 1286 1435; x_wconf 88' lang='lat' dir='ltr'><strong>nomine</strong></span> <span class='ocrx_word' id='word_1_97' title='bbox 1309 1379 1489 1436; x_wconf 90' lang='lat' dir='ltr'><strong>dilecti</strong></span> <span class='ocrx_word' id='word_1_98' title='bbox 1519 1380 1639 1436; x_wconf 79' lang='lat' dir='ltr'><strong>Filii</strong></span> <span class='ocrx_word' id='word_1_99' title='bbox 1671 1381 1770 1447; x_wconf 92' lang='lat' dir='ltr'><strong>tui,</strong></span> <span class='ocrx_word' id='word_1_100' title='bbox 1795 1385 1977 1452; x_wconf 82' lang='lat' dir='ltr'><strong>propi-</strong></span> 
     </span>
    </p>
   </div>
   <div class='ocr_carea' id='block_1_16' title="bbox 391 1464 1978 1540">
    <p class='ocr_par' dir='ltr' id='par_1_16' title="bbox 391 1464 1978 1540">
     <span class='ocr_line' id='line_1_16' title="bbox 391 1464 1978 1540; baseline 0.007 -21"><span class='ocrx_word' id='word_1_101' title='bbox 391 1464 502 1520; x_wconf 90' lang='lat' dir='ltr'><strong>tius</strong></span> <span class='ocrx_word' id='word_1_102' title='bbox 526 1472 644 1520; x_wconf 88' lang='lat' dir='ltr'><strong>esto</strong></span> <span class='ocrx_word' id='word_1_103' title='bbox 665 1466 795 1520; x_wconf 90' lang='lat' dir='ltr'><strong>mihi</strong></span> <span class='ocrx_word' id='word_1_104' title='bbox 824 1466 1130 1525; x_wconf 85' lang='lat' dir='ltr'><strong>miserrimo</strong></span> <span class='ocrx_word' id='word_1_105' title='bbox 1153 1471 1446 1539; x_wconf 86' lang='lat' dir='ltr'><strong>peccato‘ri,</strong></span> <span class='ocrx_word' id='word_1_106' title='bbox 1477 1480 1636 1527; x_wconf 92' lang='lat' dir='ltr'><strong>nocte</strong></span> <span class='ocrx_word' id='word_1_107' title='bbox 1662 1480 1717 1528; x_wconf 91' lang='lat' dir='ltr'><strong>et</strong></span> <span class='ocrx_word' id='word_1_108' title='bbox 1744 1474 1850 1540; x_wconf 87' lang='lat' dir='ltr'><strong>die,</strong></span> <span class='ocrx_word' id='word_1_109' title='bbox 1879 1474 1978 1530; x_wconf 88' lang='lat' dir='ltr'><strong>ho-</strong></span> 
     </span>
    </p>
   </div>
   <div class='ocr_carea' id='block_1_17' title="bbox 296 1557 1979 1634">
    <p class='ocr_par' dir='ltr' id='par_1_17' title="bbox 296 1557 1979 1634">
     <span class='ocr_line' id='line_1_17' title="bbox 296 1557 1979 1634; baseline 0.002 -19"><span class='ocrx_word' id='word_1_110' title='bbox 296 1598 307 1615; x_wconf 94' lang='lat'><strong>.</strong></span> <span class='ocrx_word' id='word_1_111' title='bbox 389 1557 470 1613; x_wconf 89' lang='lat' dir='ltr'><strong>ris</strong></span> <span class='ocrx_word' id='word_1_112' title='bbox 494 1566 551 1612; x_wconf 90' lang='lat' dir='ltr'><strong>et</strong></span> <span class='ocrx_word' id='word_1_113' title='bbox 579 1567 866 1614; x_wconf 80' lang='lat' dir='ltr'><strong>momentis</strong></span> <span class='ocrx_word' id='word_1_114' title='bbox 891 1558 1115 1614; x_wconf 91' lang='lat' dir='ltr'><strong>multum</strong></span> <span class='ocrx_word' id='word_1_115' title='bbox 1141 1575 1326 1616; x_wconf 88' lang='lat' dir='ltr'><strong>coram</strong></span> <span class='ocrx_word' id='word_1_116' title='bbox 1365 1569 1420 1618; x_wconf 90' lang='lat' dir='ltr'><strong>te</strong></span> <span class='ocrx_word' id='word_1_117' title='bbox 1453 1565 1729 1634; x_wconf 83' lang='lat' dir='ltr'><strong>peccanti,</strong></span> <span class='ocrx_word' id='word_1_118' title='bbox 1762 1573 1818 1619; x_wconf 93' lang='lat' dir='ltr'><strong>et</strong></span> <span class='ocrx_word' id='word_1_119' title='bbox 1854 1580 1979 1634; x_wconf 85' lang='lat' dir='ltr'><strong>pec-</strong></span> 
     </span>
    </p>
   </div>
   <div class='ocr_carea' id='block_1_18' title="bbox 386 1648 1978 1724">
    <p class='ocr_par' dir='ltr' id='par_1_18' title="bbox 386 1648 1978 1724">
     <span class='ocr_line' id='line_1_18' title="bbox 386 1648 1978 1724; baseline 0.008 -25"><span class='ocrx_word' id='word_1_120' title='bbox 386 1653 510 1701; x_wconf 85' lang='lat' dir='ltr'><strong>cata</strong></span> <span class='ocrx_word' id='word_1_121' title='bbox 555 1648 794 1717; x_wconf 87' lang='lat' dir='ltr'><strong>peccatis</strong></span> <span class='ocrx_word' id='word_1_122' title='bbox 841 1648 1306 1707; x_wconf 82' lang='lat' dir='ltr'><strong>innumerabiliter</strong></span> <span class='ocrx_word' id='word_1_123' title='bbox 1349 1652 1601 1719; x_wconf 89' lang='lat' dir='ltr'><strong>addenti,</strong></span> <span class='ocrx_word' id='word_1_124' title='bbox 1645 1654 1800 1722; x_wconf 70' lang='lat' dir='ltr'><strong>et,in</strong></span> <span class='ocrx_word' id='word_1_125' title='bbox 1848 1655 1978 1724; x_wconf 87' lang='lat' dir='ltr'><strong>ipsis</strong></span> 
     </span>
    </p>
   </div>
   <div class='ocr_carea' id='block_1_19' title="bbox 389 1736 1976 1816">
    <p class='ocr_par' dir='ltr' id='par_1_19' title="bbox 389 1736 1976 1816">
     <span class='ocr_line' id='line_1_19' title="bbox 389 1736 1976 1816; baseline 0.008 -26"><span class='ocrx_word' id='word_1_126' title='bbox 389 1736 623 1807; x_wconf 88' lang='lat' dir='ltr'><strong>turpiter</strong></span> <span class='ocrx_word' id='word_1_127' title='bbox 653 1752 773 1794; x_wconf 86' lang='lat' dir='ltr'><strong>mea</strong></span> <span class='ocrx_word' id='word_1_128' title='bbox 807 1739 962 1809; x_wconf 89' lang='lat' dir='ltr'><strong>culpa</strong></span> <span class='ocrx_word' id='word_1_129' title='bbox 984 1737 1211 1807; x_wconf 86' lang='lat' dir='ltr'><strong>iacenti.</strong></span> <span class='ocrx_word' id='word_1_130' title='bbox 1252 1741 1358 1798; x_wconf 84' lang='lat' dir='ltr'><strong>Per</strong></span> <span class='ocrx_word' id='word_1_131' title='bbox 1383 1742 1559 1814; x_wconf 83' lang='lat' dir='ltr'><strong>ipsum</strong></span> <span class='ocrx_word' id='word_1_132' title='bbox 1585 1760 1854 1801; x_wconf 88' lang='lat' dir='ltr'><strong>summum</strong></span> <span class='ocrx_word' id='word_1_133' title='bbox 1891 1763 1976 1816; x_wconf 80' lang='lat' dir='ltr'><strong>sa-</strong></span> 
     </span>
    </p>
   </div>
   <div class='ocr_carea' id='block_1_20' title="bbox 2079 558 3681 634">
    <p class='ocr_par' dir='ltr' id='par_1_20' title="bbox 2079 558 3681 634">
     <span class='ocr_line' id='line_1_20' title="bbox 2079 558 3681 634; baseline 0.002 -21"><span class='ocrx_word' id='word_1_134' title='bbox 2079 575 2185 613; x_wconf 91' lang='lat' dir='ltr'><strong>non</strong></span> <span class='ocrx_word' id='word_1_135' title='bbox 2230 558 2399 615; x_wconf 88' lang='lat' dir='ltr'><strong>valeo.</strong></span> <span class='ocrx_word' id='word_1_136' title='bbox 2447 559 2623 625; x_wconf 79' lang='lat' dir='ltr'><strong>Unde,</strong></span> <span class='ocrx_word' id='word_1_137' title='bbox 2669 559 2812 616; x_wconf 89' lang='lat' dir='ltr'><strong>Deus</strong></span> <span class='ocrx_word' id='word_1_138' title='bbox 2853 561 3110 615; x_wconf 92' lang='lat' dir='ltr'><strong>terribilis</strong></span> <span class='ocrx_word' id='word_1_139' title='bbox 3153 562 3204 616; x_wconf 89' lang='lat' dir='ltr'><strong>in</strong></span> <span class='ocrx_word' id='word_1_140' title='bbox 3237 562 3478 618; x_wconf 74' lang='lat' dir='ltr'><strong>consiliis</strong></span> <span class='ocrx_word' id='word_1_141' title='bbox 3511 579 3681 634; x_wconf 85' lang='lat' dir='ltr'><strong>supcr-</strong></span> 
     </span>
    </p>
   </div>
   <div class='ocr_carea' id='block_1_21' title="bbox 2081 649 3673 725">
    <p class='ocr_par' dir='ltr' id='par_1_21' title="bbox 2081 649 3673 725">
     <span class='ocr_line' id='line_1_21' title="bbox 2081 649 3673 725; baseline 0.001 -21"><span class='ocrx_word' id='word_1_142' title='bbox 2081 649 2220 705; x_wconf 86' lang='lat' dir='ltr'><strong>ﬁlios</strong></span> <span class='ocrx_word' id='word_1_143' title='bbox 2250 650 2552 714; x_wconf 92' lang='lat' dir='ltr'><strong>hominum,</strong></span> <span class='ocrx_word' id='word_1_144' title='bbox 2598 658 2748 705; x_wconf 86' lang='lat' dir='ltr'><strong>tuam</strong></span> <span class='ocrx_word' id='word_1_145' title='bbox 2791 661 3033 716; x_wconf 84' lang='lat' dir='ltr'><strong>sanctam</strong></span> <span class='ocrx_word' id='word_1_146' title='bbox 3063 660 3119 706; x_wconf 92' lang='lat' dir='ltr'><strong>ct</strong></span> <span class='ocrx_word' id='word_1_147' title='bbox 3162 652 3504 717; x_wconf 88' lang='lat' dir='ltr'><strong>immensam,</strong></span> <span class='ocrx_word' id='word_1_148' title='bbox 3547 669 3673 725; x_wconf 83' lang='lat' dir='ltr'><strong>sup-</strong></span> 
     </span>
    </p>
   </div>
   <div class='ocr_carea' id='block_1_22' title="bbox 2077 740 3667 811">
    <p class='ocr_par' dir='ltr' id='par_1_22' title="bbox 2077 740 3667 811">
     <span class='ocr_line' id='line_1_22' title="bbox 2077 740 3667 811; baseline 0.003 -18"><span class='ocrx_word' id='word_1_149' title='bbox 2077 740 2200 811; x_wconf 76' lang='lat' dir='ltr'><strong>plex</strong></span> <span class='ocrx_word' id='word_1_150' title='bbox 2239 750 2296 796; x_wconf 91' lang='lat' dir='ltr'><strong>et</strong></span> <span class='ocrx_word' id='word_1_151' title='bbox 2337 741 2562 796; x_wconf 91' lang='lat' dir='ltr'><strong>multum</strong></span> <span class='ocrx_word' id='word_1_152' title='bbox 2607 750 2866 806; x_wconf 89' lang='lat' dir='ltr'><strong>tremens,</strong></span> <span class='ocrx_word' id='word_1_153' title='bbox 2910 743 3172 811; x_wconf 88' lang='lat' dir='ltr'><strong>deprecor</strong></span> <span class='ocrx_word' id='word_1_154' title='bbox 3210 743 3568 802; x_wconf 83' lang='lat' dir='ltr'><strong>clementiam.</strong></span> <span class='ocrx_word' id='word_1_155' title='bbox 3618 745 3667 798; x_wconf 91' lang='lat' dir='ltr'><strong>in</strong></span> 
     </span>
    </p>
   </div>
   <div class='ocr_carea' id='block_1_23' title="bbox 2077 831 3667 903">
    <p class='ocr_par' dir='ltr' id='par_1_23' title="bbox 2077 831 3667 903">
     <span class='ocr_line' id='line_1_23' title="bbox 2077 831 3667 903; baseline 0.003 -18"><span class='ocrx_word' id='word_1_156' title='bbox 2077 831 2298 886; x_wconf 88' lang='lat' dir='ltr'><strong>nomine</strong></span> <span class='ocrx_word' id='word_1_157' title='bbox 2326 831 2566 900; x_wconf 88' lang='lat' dir='ltr'><strong>eiusdem</strong></span> <span class='ocrx_word' id='word_1_158' title='bbox 2596 831 2776 888; x_wconf 86' lang='lat' dir='ltr'><strong>dilecti</strong></span> <span class='ocrx_word' id='word_1_159' title='bbox 2802 833 2920 886; x_wconf 77' lang='lat' dir='ltr'><strong>Filii</strong></span> <span class='ocrx_word' id='word_1_160' title='bbox 2952 833 3047 895; x_wconf 86' lang='lat' dir='ltr'><strong>tui,</strong></span> <span class='ocrx_word' id='word_1_161' title='bbox 3082 841 3141 887; x_wconf 92' lang='lat' dir='ltr'><strong>ut</strong></span> <span class='ocrx_word' id='word_1_162' title='bbox 3171 841 3249 898; x_wconf 92' lang='lat' dir='ltr'><strong>tu,</strong></span> <span class='ocrx_word' id='word_1_163' title='bbox 3280 833 3368 903; x_wconf 90' lang='lat' dir='ltr'><strong>qui</strong></span> <span class='ocrx_word' id='word_1_164' title='bbox 3401 834 3667 890; x_wconf 73' lang='lat' dir='ltr'><strong>neminem</strong></span> 
     </span>
    </p>
   </div>
   <div class='ocr_carea' id='block_1_24' title="bbox 2077 920 3671 991">
    <p class='ocr_par' dir='ltr' id='par_1_24' title="bbox 2077 920 3671 991">
     <span class='ocr_line' id='line_1_24' title="bbox 2077 920 3671 991; baseline 0.001 -17"><span class='ocrx_word' id='word_1_165' title='bbox 2077 921 2161 977; x_wconf 89' lang='lat' dir='ltr'><strong>vis</strong></span> <span class='ocrx_word' id='word_1_166' title='bbox 2181 920 2381 991; x_wconf 89' lang='lat' dir='ltr'><strong>perire,</strong></span> <span class='ocrx_word' id='word_1_167' title='bbox 2410 921 2503 976; x_wconf 94' lang='lat' dir='ltr'><strong>sed</strong></span> <span class='ocrx_word' id='word_1_168' title='bbox 2532 937 2722 977; x_wconf 90' lang='lat' dir='ltr'><strong>omnes</strong></span> <span class='ocrx_word' id='word_1_169' title='bbox 2760 922 2941 977; x_wconf 85' lang='lat' dir='ltr'><strong>salvos</strong></span> <span class='ocrx_word' id='word_1_170' title='bbox 2967 922 3167 983; x_wconf 85' lang='lat' dir='ltr'><strong>facere,</strong></span> <span class='ocrx_word' id='word_1_171' title='bbox 3198 938 3302 976; x_wconf 90' lang='lat' dir='ltr'><strong>non</strong></span> <span class='ocrx_word' id='word_1_172' title='bbox 3331 936 3416 977; x_wconf 92' lang='lat' dir='ltr'><strong>me</strong></span> <span class='ocrx_word' id='word_1_173' title='bbox 3439 923 3671 977; x_wconf 78' lang='lat' dir='ltr'><strong>derelin-</strong></span> 
     </span>
    </p>
   </div>
   <div class='ocr_carea' id='block_1_25' title="bbox 2077 1011 3666 1082">
    <p class='ocr_par' dir='ltr' id='par_1_25' title="bbox 2077 1011 3666 1082">
     <span class='ocr_line' id='line_1_25' title="bbox 2077 1011 3666 1082; baseline 0 -19"><span class='ocrx_word' id='word_1_174' title='bbox 2077 1024 2214 1081; x_wconf 86' lang='lat' dir='ltr'><strong>quas</strong></span> <span class='ocrx_word' id='word_1_175' title='bbox 2245 1011 2299 1066; x_wconf 88' lang='lat' dir='ltr'><strong>in</strong></span> <span class='ocrx_word' id='word_1_176' title='bbox 2330 1025 2494 1066; x_wconf 88' lang='lat' dir='ltr'><strong>manu</strong></span> <span class='ocrx_word' id='word_1_177' title='bbox 2525 1011 2736 1066; x_wconf 90' lang='lat' dir='ltr'><strong>consilii</strong></span> <span class='ocrx_word' id='word_1_178' title='bbox 2774 1012 2903 1076; x_wconf 92' lang='lat' dir='ltr'><strong>mei,</strong></span> <span class='ocrx_word' id='word_1_179' title='bbox 2936 1027 3114 1082; x_wconf 80' lang='lat' dir='ltr'><strong>neque</strong></span> <span class='ocrx_word' id='word_1_180' title='bbox 3151 1011 3203 1066; x_wconf 90' lang='lat' dir='ltr'><strong>in</strong></span> <span class='ocrx_word' id='word_1_181' title='bbox 3226 1011 3430 1077; x_wconf 81' lang='lat' dir='ltr'><strong>iudicio</strong></span> <span class='ocrx_word' id='word_1_182' title='bbox 3459 1013 3666 1066; x_wconf 77' lang='lat' dir='ltr'><strong>arbitrii</strong></span> 
     </span>
    </p>
   </div>
   <div class='ocr_carea' id='block_1_26' title="bbox 2077 1103 3667 1174">
    <p class='ocr_par' dir='ltr' id='par_1_26' title="bbox 2077 1103 3667 1174">
     <span class='ocr_line' id='line_1_26' title="bbox 2077 1103 3667 1174; baseline -0.001 -16"><span class='ocrx_word' id='word_1_183' title='bbox 2077 1104 2208 1168; x_wconf 90' lang='lat' dir='ltr'><strong>mei,</strong></span> <span class='ocrx_word' id='word_1_184' title='bbox 2254 1118 2430 1174; x_wconf 89' lang='lat' dir='ltr'><strong>neque</strong></span> <span class='ocrx_word' id='word_1_185' title='bbox 2469 1103 2522 1158; x_wconf 91' lang='lat' dir='ltr'><strong>in</strong></span> <span class='ocrx_word' id='word_1_186' title='bbox 2563 1112 2830 1173; x_wconf 84' lang='lat' dir='ltr'><strong>potestate</strong></span> <span class='ocrx_word' id='word_1_187' title='bbox 2867 1114 2962 1158; x_wconf 90' lang='lat' dir='ltr'><strong>aut</strong></span> <span class='ocrx_word' id='word_1_188' title='bbox 3002 1104 3298 1158; x_wconf 79' lang='lat' dir='ltr'><strong>tentatiene</strong></span> <span class='ocrx_word' id='word_1_189' title='bbox 3342 1104 3667 1168; x_wconf 76' lang='lat' dir='ltr'><strong>dmmonum,</strong></span> 
     </span>
    </p>
   </div>
   <div class='ocr_carea' id='block_1_27' title="bbox 2079 1195 3671 1268">
    <p class='ocr_par' dir='ltr' id='par_1_27' title="bbox 2079 1195 3671 1268">
     <span class='ocr_line' id='line_1_27' title="bbox 2079 1195 3671 1268; baseline 0 -16"><span class='ocrx_word' id='word_1_190' title='bbox 2079 1212 2256 1268; x_wconf 90' lang='lat' dir='ltr'><strong>neque</strong></span> <span class='ocrx_word' id='word_1_191' title='bbox 2296 1197 2352 1253; x_wconf 88' lang='lat' dir='ltr'><strong>in</strong></span> <span class='ocrx_word' id='word_1_192' title='bbox 2391 1206 2608 1252; x_wconf 84' lang='lat' dir='ltr'><strong>errante</strong></span> <span class='ocrx_word' id='word_1_193' title='bbox 2645 1195 2867 1266; x_wconf 84' lang='lat' dir='ltr'><strong>judicio,</strong></span> <span class='ocrx_word' id='word_1_194' title='bbox 2905 1206 3000 1253; x_wconf 88' lang='lat' dir='ltr'><strong>aut</strong></span> <span class='ocrx_word' id='word_1_195' title='bbox 3027 1199 3190 1254; x_wconf 83' lang='lat' dir='ltr'><strong>noxio</strong></span> <span class='ocrx_word' id='word_1_196' title='bbox 3232 1199 3461 1254; x_wconf 87' lang='lat' dir='ltr'><strong>consilio</strong></span> <span class='ocrx_word' id='word_1_197' title='bbox 3499 1199 3671 1253; x_wconf 83' lang='lat' dir='ltr'><strong>homi-</strong></span> 
     </span>
    </p>
   </div>
   <div class='ocr_carea' id='block_1_28' title="bbox 2078 1273 3668 1359">
    <p class='ocr_par' dir='ltr' id='par_1_28' title="bbox 2078 1273 3668 1359">
     <span class='ocr_line' id='line_1_28' title="bbox 2078 1273 3668 1359; baseline 0.001 -18"><span class='ocrx_word' id='word_1_198' title='bbox 2078 1303 2228 1352; x_wconf 90' lang='lat' dir='ltr'><strong>num,</strong></span> <span class='ocrx_word' id='word_1_199' title='bbox 2272 1288 2368 1343; x_wconf 89' lang='lat' dir='ltr'><strong>sed</strong></span> <span class='ocrx_word' id='word_1_200' title='bbox 2411 1302 2513 1359; x_wconf 90' lang='lat' dir='ltr'><strong>pro</strong></span> <span class='ocrx_word' id='word_1_201' title='bbox 2552 1289 2753 1359; x_wconf 88' lang='lat' dir='ltr'><strong>pietate</strong></span> <span class='ocrx_word' id='word_1_202' title='bbox 2796 1297 2849 1342; x_wconf 91' lang='lat' dir='ltr'><strong>et</strong></span> <span class='ocrx_word' id='word_1_203' title='bbox 2895 1287 3134 1342; x_wconf 61' lang='lat' dir='ltr'><strong>bonitate</strong></span> <span class='ocrx_word' id='word_1_204' title='bbox 3177 1298 3286 1348; x_wconf 88' lang='lat' dir='ltr'><strong>tua.</strong></span> <span class='ocrx_word' id='word_1_205' title='bbox 3324 1273 3479 1355; x_wconf 78' lang='lat' dir='ltr'><strong>iuxta</strong></span> <span class='ocrx_word' id='word_1_206' title='bbox 3519 1296 3668 1342; x_wconf 90' lang='lat' dir='ltr'><strong>tuam</strong></span> 
     </span>
    </p>
   </div>
   <div class='ocr_carea' id='block_1_29' title="bbox 2078 1376 3666 1450">
    <p class='ocr_par' dir='ltr' id='par_1_29' title="bbox 2078 1376 3666 1450">
     <span class='ocr_line' id='line_1_29' title="bbox 2078 1376 3666 1450; baseline 0 -18"><span class='ocrx_word' id='word_1_207' title='bbox 2078 1376 2560 1450; x_wconf 84' lang='lat' dir='ltr'><strong>benignissimam,</strong></span> <span class='ocrx_word' id='word_1_208' title='bbox 2608 1392 2729 1447; x_wconf 75' lang='lat' dir='ltr'><strong>qua:</strong></span> <span class='ocrx_word' id='word_1_209' title='bbox 2777 1376 2830 1431; x_wconf 93' lang='lat' dir='ltr'><strong>in</strong></span> <span class='ocrx_word' id='word_1_210' title='bbox 2874 1377 2958 1434; x_wconf 87' lang='lat' dir='ltr'><strong>sui</strong></span> <span class='ocrx_word' id='word_1_211' title='bbox 3001 1376 3358 1447; x_wconf 71' lang='lat' dir='ltr'><strong>dispositione</strong></span> <span class='ocrx_word' id='word_1_212' title='bbox 3406 1376 3513 1430; x_wconf 82' lang='lat' dir='ltr'><strong>falli</strong></span> <span class='ocrx_word' id='word_1_213' title='bbox 3557 1392 3666 1432; x_wconf 87' lang='lat' dir='ltr'><strong>non</strong></span> 
     </span>
    </p>
   </div>
   <div class='ocr_carea' id='block_1_30' title="bbox 2077 1465 3670 1539">
    <p class='ocr_par' dir='ltr' id='par_1_30' title="bbox 2077 1465 3670 1539">
     <span class='ocr_line' id='line_1_30' title="bbox 2077 1465 3670 1539; baseline -0.001 -16"><span class='ocrx_word' id='word_1_214' title='bbox 2077 1475 2276 1538; x_wconf 83' lang='lat' dir='ltr'><strong>potest,</strong></span> <span class='ocrx_word' id='word_1_215' title='bbox 2305 1465 2725 1539; x_wconf 71' lang='lat' dir='ltr'><strong>providentiam,</strong></span> <span class='ocrx_word' id='word_1_216' title='bbox 2755 1467 2980 1537; x_wconf 87' lang='lat' dir='ltr'><strong>dispone</strong></span> <span class='ocrx_word' id='word_1_217' title='bbox 3002 1467 3093 1524; x_wconf 92' lang='lat' dir='ltr'><strong>hic</strong></span> <span class='ocrx_word' id='word_1_218' title='bbox 3117 1475 3174 1521; x_wconf 90' lang='lat' dir='ltr'><strong>et</strong></span> <span class='ocrx_word' id='word_1_219' title='bbox 3199 1467 3419 1538; x_wconf 87' lang='lat' dir='ltr'><strong>ubique.</strong></span> <span class='ocrx_word' id='word_1_220' title='bbox 3449 1483 3589 1522; x_wconf 87' lang='lat' dir='ltr'><strong>nunc</strong></span> <span class='ocrx_word' id='word_1_221' title='bbox 3613 1477 3670 1524; x_wconf 90' lang='lat' dir='ltr'><strong>ct</strong></span> 
     </span>
    </p>
   </div>
   <div class='ocr_carea' id='block_1_31' title="bbox 2078 1557 3670 1629">
    <p class='ocr_par' dir='ltr' id='par_1_31' title="bbox 2078 1557 3670 1629">
     <span class='ocr_line' id='line_1_31' title="bbox 2078 1557 3670 1629; baseline 0.001 -17"><span class='ocrx_word' id='word_1_222' title='bbox 2078 1572 2314 1629; x_wconf 88' lang='lat' dir='ltr'><strong>semper,</strong></span> <span class='ocrx_word' id='word_1_223' title='bbox 2341 1558 2456 1614; x_wconf 87' lang='lat' dir='ltr'><strong>dies</strong></span> <span class='ocrx_word' id='word_1_224' title='bbox 2476 1558 2602 1613; x_wconf 81' lang='lat' dir='ltr'><strong>vitae</strong></span> <span class='ocrx_word' id='word_1_225' title='bbox 2631 1572 2765 1612; x_wconf 72' lang='lat' dir='ltr'><strong>mem</strong></span> <span class='ocrx_word' id='word_1_226' title='bbox 2796 1558 2848 1612; x_wconf 90' lang='lat' dir='ltr'><strong>in</strong></span> <span class='ocrx_word' id='word_1_227' title='bbox 2879 1557 3217 1627; x_wconf 86' lang='lat' dir='ltr'><strong>beneplaeito</strong></span> <span class='ocrx_word' id='word_1_228' title='bbox 3245 1567 3337 1612; x_wconf 88' lang='lat' dir='ltr'><strong>tuo</strong></span> <span class='ocrx_word' id='word_1_229' title='bbox 3368 1576 3380 1612; x_wconf 94' lang='lat'>:</span> <span class='ocrx_word' id='word_1_230' title='bbox 3413 1567 3468 1613; x_wconf 88' lang='lat' dir='ltr'><strong>et</strong></span> <span class='ocrx_word' id='word_1_231' title='bbox 3497 1559 3670 1629; x_wconf 78' lang='lat' dir='ltr'><strong>dirige</strong></span> 
     </span>
    </p>
   </div>
   <div class='ocr_carea' id='block_1_32' title="bbox 2077 1648 3670 1722">
    <p class='ocr_par' dir='ltr' id='par_1_32' title="bbox 2077 1648 3670 1722">
     <span class='ocr_line' id='line_1_32' title="bbox 2077 1648 3670 1722; baseline 0 -19"><span class='ocrx_word' id='word_1_232' title='bbox 2077 1664 2175 1720; x_wconf 87' lang='lat' dir='ltr'><strong>per</strong></span> <span class='ocrx_word' id='word_1_233' title='bbox 2200 1649 2464 1719; x_wconf 86' lang='lat' dir='ltr'><strong>Spiritum</strong></span> <span class='ocrx_word' id='word_1_234' title='bbox 2496 1656 2744 1705; x_wconf 88' lang='lat' dir='ltr'><strong>sanctum</strong></span> <span class='ocrx_word' id='word_1_235' title='bbox 2773 1656 2946 1713; x_wconf 90' lang='lat' dir='ltr'><strong>tuum,</strong></span> <span class='ocrx_word' id='word_1_236' title='bbox 2974 1663 3091 1722; x_wconf 77' lang='lat' dir='ltr'><strong>cor,</strong></span> <span class='ocrx_word' id='word_1_237' title='bbox 3118 1648 3378 1719; x_wconf 83' lang='lat' dir='ltr'><strong>linguam,</strong></span> <span class='ocrx_word' id='word_1_238' title='bbox 3409 1659 3670 1721; x_wconf 85' lang='lat' dir='ltr'><strong>actusque</strong></span> 
     </span>
    </p>
   </div>
   <div class='ocr_carea' id='block_1_33' title="bbox 2079 1739 3667 1813">
    <p class='ocr_par' dir='ltr' id='par_1_33' title="bbox 2079 1739 3667 1813">
     <span class='ocr_line' id='line_1_33' title="bbox 2079 1739 3667 1813; baseline 0.002 -19"><span class='ocrx_word' id='word_1_239' title='bbox 2079 1755 2228 1795; x_wconf 89' lang='lat' dir='ltr'><strong>meos</strong></span> <span class='ocrx_word' id='word_1_240' title='bbox 2249 1739 2456 1813; x_wconf 78' lang='lat' dir='ltr'><strong>iugiter</strong></span> <span class='ocrx_word' id='word_1_241' title='bbox 2484 1739 2780 1796; x_wconf 89' lang='lat' dir='ltr'><strong>secundum</strong></span> <span class='ocrx_word' id='word_1_242' title='bbox 2820 1748 2966 1794; x_wconf 88' lang='lat' dir='ltr'><strong>tuam</strong></span> <span class='ocrx_word' id='word_1_243' title='bbox 2997 1739 3327 1796; x_wconf 77' lang='lat' dir='ltr'><strong>voluntatem</strong></span> <span class='ocrx_word' id='word_1_244' title='bbox 3359 1743 3412 1796; x_wconf 91' lang='lat' dir='ltr'><strong>in</strong></span> <span class='ocrx_word' id='word_1_245' title='bbox 3447 1751 3534 1796; x_wconf 90' lang='lat' dir='ltr'><strong>tua</strong></span> <span class='ocrx_word' id='word_1_246' title='bbox 3565 1743 3667 1797; x_wconf 90' lang='lat' dir='ltr'><strong>mi-</strong></span> 
     </span>
    </p>
   </div>
   <div class='ocr_carea' id='block_1_34' title="bbox 385 1825 3669 1908">
    <p class='ocr_par' dir='ltr' id='par_1_34' title="bbox 385 1825 3669 1908">
     <span class='ocr_line' id='line_1_34' title="bbox 385 1825 3669 1908; baseline 0.002 -26"><span class='ocrx_word' id='word_1_247' title='bbox 385 1825 686 1893; x_wconf 88' lang='lat' dir='ltr'><strong>eerdotem,</strong></span> <span class='ocrx_word' id='word_1_248' title='bbox 717 1835 774 1884; x_wconf 92' lang='lat' dir='ltr'><strong>et</strong></span> <span class='ocrx_word' id='word_1_249' title='bbox 795 1841 984 1883; x_wconf 90' lang='lat' dir='ltr'><strong>verum</strong></span> <span class='ocrx_word' id='word_1_250' title='bbox 1021 1830 1354 1908; x_wconf 86' lang='lat' dir='ltr'><strong>pontiﬁcem,</strong></span> <span class='ocrx_word' id='word_1_251' title='bbox 1381 1833 1474 1902; x_wconf 88' lang='lat' dir='ltr'><strong>qui</strong></span> <span class='ocrx_word' id='word_1_252' title='bbox 1501 1847 1560 1888; x_wconf 88' lang='lat' dir='ltr'><strong>se</strong></span> <span class='ocrx_word' id='word_1_253' title='bbox 1600 1834 1695 1888; x_wconf 85' lang='lat' dir='ltr'><strong>tibi</strong></span> <span class='ocrx_word' id='word_1_254' title='bbox 1741 1834 1974 1891; x_wconf 89' lang='lat' dir='ltr'><strong>hostiam</strong></span> <span class='ocrx_word' id='word_1_255' title='bbox 2007 1831 2050 1890; x_wconf 76' lang='grc' dir='ltr'>Β</span> <span class='ocrx_word' id='word_1_256' title='bbox 2079 1831 2407 1895; x_wconf 83' lang='lat' dir='ltr'><strong>sericordia,</strong></span> <span class='ocrx_word' id='word_1_257' title='bbox 2440 1839 2501 1885; x_wconf 94' lang='lat' dir='ltr'><strong>ut</strong></span> <span class='ocrx_word' id='word_1_258' title='bbox 2529 1840 2584 1886; x_wconf 89' lang='lat' dir='ltr'><strong>te</strong></span> <span class='ocrx_word' id='word_1_259' title='bbox 2612 1839 2826 1886; x_wconf 81' lang='lat' dir='ltr'><strong>rectore</strong></span> <span class='ocrx_word' id='word_1_260' title='bbox 2854 1839 2909 1885; x_wconf 91' lang='lat' dir='ltr'><strong>et</strong></span> <span class='ocrx_word' id='word_1_261' title='bbox 2937 1839 2987 1885; x_wconf 92' lang='lat' dir='ltr'><strong>te</strong></span> <span class='ocrx_word' id='word_1_262' title='bbox 3015 1831 3172 1895; x_wconf 90' lang='lat' dir='ltr'><strong>duce,</strong></span> <span class='ocrx_word' id='word_1_263' title='bbox 3205 1839 3257 1886; x_wconf 91' lang='lat' dir='ltr'><strong>te</strong></span> <span class='ocrx_word' id='word_1_264' title='bbox 3288 1832 3585 1902; x_wconf 82' lang='lat' dir='ltr'><strong>inspirante</strong></span> <span class='ocrx_word' id='word_1_265' title='bbox 3615 1844 3669 1887; x_wconf 86' lang='lat' dir='ltr'><strong>ct</strong></span> 
     </span>
    </p>
   </div>
   <div class='ocr_carea' id='block_1_35' title="bbox 385 1918 1976 1991">
    <p class='ocr_par' dir='ltr' id='par_1_35' title="bbox 385 1918 1976 1991">
     <span class='ocr_line' id='line_1_35' title="bbox 385 1918 1976 1991; baseline 0.007 -19"><span class='ocrx_word' id='word_1_266' title='bbox 385 1918 587 1986; x_wconf 80' lang='lat' dir='ltr'><strong>vivam,</strong></span> <span class='ocrx_word' id='word_1_267' title='bbox 615 1934 806 1991; x_wconf 86' lang='lat' dir='ltr'><strong>puram</strong></span> <span class='ocrx_word' id='word_1_268' title='bbox 824 1960 840 1985; x_wconf 98' lang='lat'><strong>,</strong></span> <span class='ocrx_word' id='word_1_269' title='bbox 867 1929 922 1976; x_wconf 88' lang='lat' dir='ltr'><strong>et</strong></span> <span class='ocrx_word' id='word_1_270' title='bbox 950 1921 1351 1978; x_wconf 77' lang='lat' dir='ltr'><strong>immaculatum</strong></span> <span class='ocrx_word' id='word_1_271' title='bbox 1378 1925 1432 1980; x_wconf 89' lang='lat' dir='ltr'><strong>in</strong></span> <span class='ocrx_word' id='word_1_272' title='bbox 1460 1939 1553 1978; x_wconf 90' lang='lat' dir='ltr'><strong>ara</strong></span> <span class='ocrx_word' id='word_1_273' title='bbox 1578 1927 1758 1981; x_wconf 89' lang='lat' dir='ltr'><strong>crucis</strong></span> <span class='ocrx_word' id='word_1_274' title='bbox 1783 1927 1976 1983; x_wconf 79' lang='lat' dir='ltr'><strong>obtulit</strong></span> 
     </span>
    </p>
   </div>
   <div class='ocr_carea' id='block_1_36' title="bbox 385 2009 1976 2081">
    <p class='ocr_par' dir='ltr' id='par_1_36' title="bbox 385 2009 1976 2081">
     <span class='ocr_line' id='line_1_36' title="bbox 385 2009 1976 2081; baseline 0.006 -18"><span class='ocrx_word' id='word_1_275' title='bbox 385 2023 486 2080; x_wconf 85' lang='lat' dir='ltr'><strong>pro</strong></span> <span class='ocrx_word' id='word_1_276' title='bbox 509 2009 665 2065; x_wconf 86' lang='lat' dir='ltr'><strong>nobis</strong></span> <span class='ocrx_word' id='word_1_277' title='bbox 700 2010 914 2065; x_wconf 86' lang='lat' dir='ltr'><strong>miseris</strong></span> <span class='ocrx_word' id='word_1_278' title='bbox 947 2013 1343 2081; x_wconf 87' lang='lat' dir='ltr'><strong>peccatorilms,</strong></span> <span class='ocrx_word' id='word_1_279' title='bbox 1374 2013 1570 2068; x_wconf 84' lang='lat' dir='ltr'><strong>Filium</strong></span> <span class='ocrx_word' id='word_1_280' title='bbox 1611 2022 1758 2070; x_wconf 90' lang='lat' dir='ltr'><strong>tuum</strong></span> <span class='ocrx_word' id='word_1_281' title='bbox 1792 2015 1976 2072; x_wconf 88' lang='lat' dir='ltr'><strong>Domi-</strong></span> 
     </span>
    </p>
   </div>
   <div class='ocr_carea' id='block_1_37' title="bbox 387 2098 1976 2178">
    <p class='ocr_par' dir='ltr' id='par_1_37' title="bbox 387 2098 1976 2178">
     <span class='ocr_line' id='line_1_37' title="bbox 387 2098 1976 2178; baseline 0.006 -27"><span class='ocrx_word' id='word_1_282' title='bbox 387 2112 516 2152; x_wconf 81' lang='lat' dir='ltr'><strong>num</strong></span> <span class='ocrx_word' id='word_1_283' title='bbox 559 2108 804 2155; x_wconf 90' lang='lat' dir='ltr'><strong>nostrum</strong></span> <span class='ocrx_word' id='word_1_284' title='bbox 843 2098 1027 2157; x_wconf 72' lang='lat' dir='ltr'><strong>Iesum</strong></span> <span class='ocrx_word' id='word_1_285' title='bbox 1058 2101 1363 2169; x_wconf 82' lang='lat' dir='ltr'><strong>Christum;</strong></span> <span class='ocrx_word' id='word_1_286' title='bbox 1409 2115 1462 2160; x_wconf 90' lang='lat' dir='ltr'><strong>te</strong></span> <span class='ocrx_word' id='word_1_287' title='bbox 1506 2120 1656 2176; x_wconf 78' lang='lat' dir='ltr'><strong>rogo,</strong></span> <span class='ocrx_word' id='word_1_288' title='bbox 1702 2106 1976 2178; x_wconf 83' lang='lat' dir='ltr'><strong>benignis-</strong></span> 
     </span>
    </p>
   </div>
   <div class='ocr_carea' id='block_1_38' title="bbox 384 2188 1974 2261">
    <p class='ocr_par' dir='ltr' id='par_1_38' title="bbox 384 2188 1974 2261">
     <span class='ocr_line' id='line_1_38' title="bbox 384 2188 1974 2261; baseline 0.004 -18"><span class='ocrx_word' id='word_1_289' title='bbox 384 2188 524 2244; x_wconf 81' lang='lat' dir='ltr'><strong>sime</strong></span> <span class='ocrx_word' id='word_1_290' title='bbox 561 2198 773 2247; x_wconf 84' lang='lat' dir='ltr'><strong>amator</strong></span> <span class='ocrx_word' id='word_1_291' title='bbox 799 2191 1077 2248; x_wconf 91' lang='lat' dir='ltr'><strong>hominum</strong></span> <span class='ocrx_word' id='word_1_292' title='bbox 1115 2193 1279 2260; x_wconf 90' lang='lat' dir='ltr'><strong>Deus,</strong></span> <span class='ocrx_word' id='word_1_293' title='bbox 1317 2196 1578 2251; x_wconf 87' lang='lat' dir='ltr'><strong>miserere</strong></span> <span class='ocrx_word' id='word_1_294' title='bbox 1621 2197 1747 2261; x_wconf 85' lang='lat' dir='ltr'><strong>mei,</strong></span> <span class='ocrx_word' id='word_1_295' title='bbox 1785 2197 1974 2252; x_wconf 83' lang='lat' dir='ltr'><strong>miser—</strong></span> 
     </span>
    </p>
   </div>
   <div class='ocr_carea' id='block_1_39' title="bbox 385 2280 1974 2356">
    <p class='ocr_par' dir='ltr' id='par_1_39' title="bbox 385 2280 1974 2356">
     <span class='ocr_line' id='line_1_39' title="bbox 385 2280 1974 2356; baseline 0.005 -21"><span class='ocrx_word' id='word_1_296' title='bbox 385 2280 511 2335; x_wconf 82' lang='lat' dir='ltr'><strong>rimi</strong></span> <span class='ocrx_word' id='word_1_297' title='bbox 543 2288 600 2336; x_wconf 89' lang='lat' dir='ltr'><strong>et</strong></span> <span class='ocrx_word' id='word_1_298' title='bbox 639 2281 841 2353; x_wconf 91' lang='lat' dir='ltr'><strong>indigni</strong></span> <span class='ocrx_word' id='word_1_299' title='bbox 873 2284 1016 2338; x_wconf 87' lang='lat' dir='ltr'><strong>servi</strong></span> <span class='ocrx_word' id='word_1_300' title='bbox 1061 2284 1160 2349; x_wconf 90' lang='lat' dir='ltr'><strong>tui,</strong></span> <span class='ocrx_word' id='word_1_301' title='bbox 1190 2286 1319 2356; x_wconf 88' lang='lat' dir='ltr'><strong>quia</strong></span> <span class='ocrx_word' id='word_1_302' title='bbox 1359 2302 1466 2341; x_wconf 91' lang='lat' dir='ltr'><strong>non</strong></span> <span class='ocrx_word' id='word_1_303' title='bbox 1502 2303 1622 2341; x_wconf 92' lang='lat' dir='ltr'><strong>sum</strong></span> <span class='ocrx_word' id='word_1_304' title='bbox 1649 2287 1790 2342; x_wconf 87' lang='lat' dir='ltr'><strong>sicut</strong></span> <span class='ocrx_word' id='word_1_305' title='bbox 1819 2288 1974 2343; x_wconf 85' lang='lat' dir='ltr'><strong>innu-</strong></span> 
     </span>
    </p>
   </div>
   <div class='ocr_carea' id='block_1_40' title="bbox 385 2370 1974 2447">
    <p class='ocr_par' dir='ltr' id='par_1_40' title="bbox 385 2370 1974 2447">
     <span class='ocr_line' id='line_1_40' title="bbox 385 2370 1974 2447; baseline 0.007 -24"><span class='ocrx_word' id='word_1_306' title='bbox 385 2370 522 2425; x_wconf 87' lang='lat' dir='ltr'><strong>meri</strong></span> <span class='ocrx_word' id='word_1_307' title='bbox 548 2379 603 2426; x_wconf 90' lang='lat' dir='ltr'><strong>et</strong></span> <span class='ocrx_word' id='word_1_308' title='bbox 628 2371 952 2442; x_wconf 89' lang='lat' dir='ltr'><strong>multiplices</strong></span> <span class='ocrx_word' id='word_1_309' title='bbox 973 2372 1161 2430; x_wconf 80' lang='lat' dir='ltr'><strong>famuli</strong></span> <span class='ocrx_word' id='word_1_310' title='bbox 1187 2376 1285 2440; x_wconf 86' lang='lat' dir='ltr'><strong>tui,</strong></span> <span class='ocrx_word' id='word_1_311' title='bbox 1316 2376 1408 2446; x_wconf 89' lang='lat' dir='ltr'><strong>qui</strong></span> <span class='ocrx_word' id='word_1_312' title='bbox 1439 2377 1534 2431; x_wconf 88' lang='lat' dir='ltr'><strong>tibi</strong></span> <span class='ocrx_word' id='word_1_313' title='bbox 1559 2379 1628 2431; x_wconf 87' lang='lat' dir='ltr'><strong>ab</strong></span> <span class='ocrx_word' id='word_1_314' title='bbox 1653 2379 1785 2447; x_wconf 88' lang='lat' dir='ltr'><strong>ipsis</strong></span> <span class='ocrx_word' id='word_1_315' title='bbox 1809 2394 1912 2434; x_wconf 91' lang='lat' dir='ltr'><strong>cun</strong></span> <span class='ocrx_word' id='word_1_316' title='bbox 1934 2401 1974 2428; x_wconf 72' lang='lat' dir='ltr'><strong>x-</strong></span> 
     </span>
    </p>
   </div>
   <div class='ocr_carea' id='block_1_41' title="bbox 386 2460 1973 2539">
    <p class='ocr_par' dir='ltr' id='par_1_41' title="bbox 386 2460 1973 2539">
     <span class='ocr_line' id='line_1_41' title="bbox 386 2460 1973 2539; baseline 0.006 -26"><span class='ocrx_word' id='word_1_317' title='bbox 386 2460 528 2516; x_wconf 91' lang='lat' dir='ltr'><strong>buIis</strong></span> <span class='ocrx_word' id='word_1_318' title='bbox 556 2463 902 2520; x_wconf 84' lang='lat' dir='ltr'><strong>devotissime</strong></span> <span class='ocrx_word' id='word_1_319' title='bbox 931 2466 1256 2531; x_wconf 86' lang='lat' dir='ltr'><strong>servierunt,</strong></span> <span class='ocrx_word' id='word_1_320' title='bbox 1289 2481 1396 2522; x_wconf 93' lang='lat' dir='ltr'><strong>non</strong></span> <span class='ocrx_word' id='word_1_321' title='bbox 1438 2467 1771 2523; x_wconf 88' lang='lat' dir='ltr'><strong>declinantes</strong></span> <span class='ocrx_word' id='word_1_322' title='bbox 1799 2484 1973 2539; x_wconf 87' lang='lat' dir='ltr'><strong>neque</strong></span> 
     </span>
    </p>
   </div>
   <div class='ocr_carea' id='block_1_42' title="bbox 387 2551 1968 2623">
    <p class='ocr_par' dir='ltr' id='par_1_42' title="bbox 387 2551 1968 2623">
     <span class='ocr_line' id='line_1_42' title="bbox 387 2551 1968 2623; baseline 0.004 -18"><span class='ocrx_word' id='word_1_323' title='bbox 387 2552 454 2605; x_wconf 87' lang='lat' dir='ltr'><strong>ad</strong></span> <span class='ocrx_word' id='word_1_324' title='bbox 477 2551 752 2607; x_wconf 79' lang='lat' dir='ltr'><strong>dexteram</strong></span> <span class='ocrx_word' id='word_1_325' title='bbox 782 2567 959 2623; x_wconf 89' lang='lat' dir='ltr'><strong>neque</strong></span> <span class='ocrx_word' id='word_1_326' title='bbox 986 2555 1053 2610; x_wconf 84' lang='lat' dir='ltr'><strong>ad</strong></span> <span class='ocrx_word' id='word_1_327' title='bbox 1077 2556 1372 2611; x_wconf 89' lang='lat' dir='ltr'><strong>sinistram.</strong></span> <span class='ocrx_word' id='word_1_328' title='bbox 1402 2556 1516 2612; x_wconf 80' lang='lat' dir='ltr'><strong>Non</strong></span> <span class='ocrx_word' id='word_1_329' title='bbox 1549 2573 1667 2612; x_wconf 87' lang='lat' dir='ltr'><strong>sum</strong></span> <span class='ocrx_word' id='word_1_330' title='bbox 1705 2559 1846 2614; x_wconf 87' lang='lat' dir='ltr'><strong>sicut</strong></span> <span class='ocrx_word' id='word_1_331' title='bbox 1873 2558 1968 2622; x_wconf 91' lang='lat' dir='ltr'><strong>illi,</strong></span> 
     </span>
    </p>
   </div>
   <div class='ocr_carea' id='block_1_43' title="bbox 384 2642 1974 2719">
    <p class='ocr_par' dir='ltr' id='par_1_43' title="bbox 384 2642 1974 2719">
     <span class='ocr_line' id='line_1_43' title="bbox 384 2642 1974 2719; baseline 0.006 -25"><span class='ocrx_word' id='word_1_332' title='bbox 384 2643 478 2711; x_wconf 93' lang='lat' dir='ltr'><strong>qui</strong></span> <span class='ocrx_word' id='word_1_333' title='bbox 518 2651 638 2712; x_wconf 89' lang='lat' dir='ltr'><strong>post</strong></span> <span class='ocrx_word' id='word_1_334' title='bbox 671 2644 882 2714; x_wconf 89' lang='lat' dir='ltr'><strong>publica</strong></span> <span class='ocrx_word' id='word_1_335' title='bbox 924 2645 1124 2717; x_wconf 84' lang='lat' dir='ltr'><strong>ﬁagitia</strong></span> <span class='ocrx_word' id='word_1_336' title='bbox 1165 2649 1495 2719; x_wconf 65' lang='lat' dir='ltr'><strong>paenitendo,</strong></span> <span class='ocrx_word' id='word_1_337' title='bbox 1529 2648 1623 2703; x_wconf 85' lang='lat' dir='ltr'><strong>tibi</strong></span> <span class='ocrx_word' id='word_1_338' title='bbox 1654 2642 1974 2704; x_wconf 83' lang='lat' dir='ltr'><strong>meruerunt</strong></span> 
     </span>
    </p>
   </div>
   <div class='ocr_carea' id='block_1_44' title="bbox 383 2731 1972 2794">
    <p class='ocr_par' dir='ltr' id='par_1_44' title="bbox 383 2731 1972 2794">
     <span class='ocr_line' id='line_1_44' title="bbox 383 2731 1972 2794; baseline 0.006 -9"><span class='ocrx_word' id='word_1_339' title='bbox 383 2745 504 2786; x_wconf 83' lang='lat' dir='ltr'><strong>esse</strong></span> <span class='ocrx_word' id='word_1_340' title='bbox 541 2731 742 2786; x_wconf 81' lang='lat' dir='ltr'><strong>devoti.</strong></span> <span class='ocrx_word' id='word_1_341' title='bbox 784 2733 902 2788; x_wconf 83' lang='lat' dir='ltr'><strong>Non</strong></span> <span class='ocrx_word' id='word_1_342' title='bbox 932 2750 1050 2790; x_wconf 91' lang='lat' dir='ltr'><strong>sum</strong></span> <span class='ocrx_word' id='word_1_343' title='bbox 1081 2737 1220 2792; x_wconf 88' lang='lat' dir='ltr'><strong>sicut</strong></span> <span class='ocrx_word' id='word_1_344' title='bbox 1248 2737 1516 2793; x_wconf 72' lang='lat' dir='ltr'><strong>nonnulla:</strong></span> <span class='ocrx_word' id='word_1_345' title='bbox 1540 2736 1860 2793; x_wconf 67' lang='lat' dir='ltr'><strong>Christianae</strong></span> <span class='ocrx_word' id='word_1_346' title='bbox 1894 2737 1972 2794; x_wconf 82' lang='lat' dir='ltr'><strong>fe-</strong></span> 
     </span>
    </p>
   </div>
   <div class='ocr_carea' id='block_1_45' title="bbox 381 2816 1975 2906">
    <p class='ocr_par' dir='ltr' id='par_1_45' title="bbox 381 2816 1975 2906">
     <span class='ocr_line' id='line_1_45' title="bbox 381 2816 1975 2906; baseline 0.006 -30"><span class='ocrx_word' id='word_1_347' title='bbox 381 2816 579 2889; x_wconf 42' lang='lat' dir='ltr'><strong>minae,‘</strong></span> <span class='ocrx_word' id='word_1_348' title='bbox 612 2824 746 2879; x_wconf 87' lang='lat' dir='ltr'><strong>viris</strong></span> <span class='ocrx_word' id='word_1_349' title='bbox 791 2825 1118 2894; x_wconf 64' lang='lat' dir='ltr'><strong>coniunctae,</strong></span> <span class='ocrx_word' id='word_1_350' title='bbox 1160 2828 1258 2884; x_wconf 88' lang='lat' dir='ltr'><strong>tibi</strong></span> <span class='ocrx_word' id='word_1_351' title='bbox 1304 2838 1482 2906; x_wconf 75' lang='lat' dir='ltr'><strong>tamen</strong></span> <span class='ocrx_word' id='word_1_352' title='bbox 1532 2831 1830 2887; x_wconf 87' lang='lat' dir='ltr'><strong>servientes</strong></span> <span class='ocrx_word' id='word_1_353' title='bbox 1869 2847 1975 2903; x_wconf 89' lang='lat' dir='ltr'><strong>pro</strong></span> 
     </span>
    </p>
   </div>
   <div class='ocr_carea' id='block_1_46' title="bbox 307 2913 1966 2978">
    <p class='ocr_par' dir='ltr' id='par_1_46' title="bbox 307 2913 1966 2978">
     <span class='ocr_line' id='line_1_46' title="bbox 307 2913 1966 2978; baseline 0.007 -11"><span class='ocrx_word' id='word_1_354' title='bbox 307 2914 313 2930; x_wconf 84' lang='lat'>‘</span> <span class='ocrx_word' id='word_1_355' title='bbox 381 2913 525 2969; x_wconf 86' lang='lat' dir='ltr'><strong>scire</strong></span> <span class='ocrx_word' id='word_1_356' title='bbox 569 2929 667 2970; x_wconf 90' lang='lat' dir='ltr'><strong>suo</strong></span> <span class='ocrx_word' id='word_1_357' title='bbox 703 2931 826 2972; x_wconf 89' lang='lat' dir='ltr'><strong>cum</strong></span> <span class='ocrx_word' id='word_1_358' title='bbox 873 2933 1082 2973; x_wconf 88' lang='lat' dir='ltr'><strong>summa</strong></span> <span class='ocrx_word' id='word_1_359' title='bbox 1127 2919 1432 2974; x_wconf 81' lang='lat' dir='ltr'><strong>devotione.</strong></span> <span class='ocrx_word' id='word_1_360' title='bbox 1480 2918 1596 2974; x_wconf 84' lang='lat' dir='ltr'><strong>Non</strong></span> <span class='ocrx_word' id='word_1_361' title='bbox 1640 2936 1759 2975; x_wconf 91' lang='lat' dir='ltr'><strong>sum</strong></span> <span class='ocrx_word' id='word_1_362' title='bbox 1803 2921 1966 2978; x_wconf 88' lang='lat' dir='ltr'><strong>etiam</strong></span> 
     </span>
    </p>
   </div>
   <div class='ocr_carea' id='block_1_47' title="bbox 381 3004 1965 3082">
    <p class='ocr_par' dir='ltr' id='par_1_47' title="bbox 381 3004 1965 3082">
     <span class='ocr_line' id='line_1_47' title="bbox 381 3004 1965 3082; baseline 0.006 -24"><span class='ocrx_word' id='word_1_363' title='bbox 381 3004 524 3058; x_wconf 80' lang='lat' dir='ltr'><strong>sicut</strong></span> <span class='ocrx_word' id='word_1_364' title='bbox 552 3006 704 3061; x_wconf 89' lang='lat' dir='ltr'><strong>multi</strong></span> <span class='ocrx_word' id='word_1_365' title='bbox 736 3007 970 3074; x_wconf 91' lang='lat' dir='ltr'><strong>illorum,</strong></span> <span class='ocrx_word' id='word_1_366' title='bbox 1001 3009 1092 3079; x_wconf 86' lang='lat' dir='ltr'><strong>qui</strong></span> <span class='ocrx_word' id='word_1_367' title='bbox 1120 3009 1172 3064; x_wconf 92' lang='lat' dir='ltr'><strong>in</strong></span> <span class='ocrx_word' id='word_1_368' title='bbox 1202 3009 1370 3065; x_wconf 88' lang='lat' dir='ltr'><strong>oculis</strong></span> <span class='ocrx_word' id='word_1_369' title='bbox 1401 3008 1680 3064; x_wconf 89' lang='lat' dir='ltr'><strong>hominum</strong></span> <span class='ocrx_word' id='word_1_370' title='bbox 1710 3020 1965 3082; x_wconf 86' lang='lat' dir='ltr'><strong>tanquam</strong></span> 
     </span>
    </p>
   </div>
   <div class='ocr_carea' id='block_1_48' title="bbox 357 3092 1966 3169">
    <p class='ocr_par' dir='ltr' id='par_1_48' title="bbox 357 3092 1966 3169">
     <span class='ocr_line' id='line_1_48' title="bbox 357 3092 1966 3169; baseline 0.007 -24"><span class='ocrx_word' id='word_1_371' title='bbox 357 3092 511 3147; x_wconf 87' lang='lat' dir='ltr'><strong>.mali</strong></span> <span class='ocrx_word' id='word_1_372' title='bbox 536 3103 591 3148; x_wconf 88' lang='lat' dir='ltr'><strong>et</strong></span> <span class='ocrx_word' id='word_1_373' title='bbox 631 3099 871 3165; x_wconf 82' lang='lat' dir='ltr'><strong>perversi</strong></span> <span class='ocrx_word' id='word_1_374' title='bbox 901 3099 1166 3153; x_wconf 88' lang='lat' dir='ltr'><strong>videntur.</strong></span> <span class='ocrx_word' id='word_1_375' title='bbox 1216 3099 1330 3154; x_wconf 80' lang='lat' dir='ltr'><strong>Heu</strong></span> <span class='ocrx_word' id='word_1_376' title='bbox 1373 3100 1503 3154; x_wconf 89' lang='lat' dir='ltr'><strong>mihi</strong></span> <span class='ocrx_word' id='word_1_377' title='bbox 1547 3100 1778 3156; x_wconf 80' lang='lat' dir='ltr'><strong>infelici!</strong></span> <span class='ocrx_word' id='word_1_378' title='bbox 1823 3103 1966 3169; x_wconf 85' lang='lat' dir='ltr'><strong>Que-</strong></span> 
     </span>
    </p>
   </div>
   <div class='ocr_carea' id='block_1_49' title="bbox 2078 1919 3668 1993">
    <p class='ocr_par' dir='ltr' id='par_1_49' title="bbox 2078 1919 3668 1993">
     <span class='ocr_line' id='line_1_49' title="bbox 2078 1919 3668 1993; baseline -0.002 -18"><span class='ocrx_word' id='word_1_379' title='bbox 2078 1930 2131 1975; x_wconf 93' lang='lat' dir='ltr'><strong>te</strong></span> <span class='ocrx_word' id='word_1_380' title='bbox 2161 1919 2473 1990; x_wconf 75' lang='lat' dir='ltr'><strong>adiuvante,</strong></span> <span class='ocrx_word' id='word_1_381' title='bbox 2519 1929 2574 1975; x_wconf 86' lang='lat' dir='ltr'><strong>te</strong></span> <span class='ocrx_word' id='word_1_382' title='bbox 2615 1921 2908 1990; x_wconf 82' lang='lat' dir='ltr'><strong>incipiente</strong></span> <span class='ocrx_word' id='word_1_383' title='bbox 2937 1930 2992 1975; x_wconf 86' lang='lat' dir='ltr'><strong>et</strong></span> <span class='ocrx_word' id='word_1_384' title='bbox 3028 1929 3081 1976; x_wconf 91' lang='lat' dir='ltr'><strong>te</strong></span> <span class='ocrx_word' id='word_1_385' title='bbox 3121 1921 3458 1992; x_wconf 85' lang='lat' dir='ltr'><strong>perﬁcientc,</strong></span> <span class='ocrx_word' id='word_1_386' title='bbox 3491 1937 3523 1975; x_wconf 69' lang='grc' dir='ltr'>τι</span> <span class='ocrx_word' id='word_1_387' title='bbox 3560 1940 3668 1993; x_wconf 82' lang='lat' dir='ltr'><strong>quo</strong></span> 
     </span>
    </p>
   </div>
   <div class='ocr_carea' id='block_1_50' title="bbox 2074 2011 3664 2082">
    <p class='ocr_par' dir='ltr' id='par_1_50' title="bbox 2074 2011 3664 2082">
     <span class='ocr_line' id='line_1_50' title="bbox 2074 2011 3664 2082; baseline 0.001 -19"><span class='ocrx_word' id='word_1_388' title='bbox 2074 2011 2395 2081; x_wconf 87' lang='lat' dir='ltr'><strong>procedunt,</strong></span> <span class='ocrx_word' id='word_1_389' title='bbox 2418 2020 2474 2066; x_wconf 92' lang='lat' dir='ltr'><strong>et</strong></span> <span class='ocrx_word' id='word_1_390' title='bbox 2500 2027 2598 2082; x_wconf 92' lang='lat' dir='ltr'><strong>per</strong></span> <span class='ocrx_word' id='word_1_391' title='bbox 2619 2027 2779 2082; x_wconf 84' lang='lat' dir='ltr'><strong>quem</strong></span> <span class='ocrx_word' id='word_1_392' title='bbox 2805 2011 3162 2082; x_wconf 89' lang='lat' dir='ltr'><strong>perﬁciuntur</strong></span> <span class='ocrx_word' id='word_1_393' title='bbox 3186 2013 3367 2068; x_wconf 89' lang='lat' dir='ltr'><strong>omnia</strong></span> <span class='ocrx_word' id='word_1_394' title='bbox 3392 2014 3553 2076; x_wconf 90' lang='lat' dir='ltr'><strong>bona,</strong></span> <span class='ocrx_word' id='word_1_395' title='bbox 3580 2014 3664 2066; x_wconf 76' lang='lat' dir='ltr'><strong>illa</strong></span> 
     </span>
    </p>
   </div>
   <div class='ocr_carea' id='block_1_51' title="bbox 2073 2103 3666 2174">
    <p class='ocr_par' dir='ltr' id='par_1_51' title="bbox 2073 2103 3666 2174">
     <span class='ocr_line' id='line_1_51' title="bbox 2073 2103 3666 2174; baseline 0.003 -18"><span class='ocrx_word' id='word_1_396' title='bbox 2073 2116 2288 2173; x_wconf 84' lang='lat' dir='ltr'><strong>semper</strong></span> <span class='ocrx_word' id='word_1_397' title='bbox 2319 2103 2566 2157; x_wconf 88' lang='lat' dir='ltr'><strong>studeam</strong></span> <span class='ocrx_word' id='word_1_398' title='bbox 2605 2103 2865 2173; x_wconf 85' lang='lat' dir='ltr'><strong>cogitare,</strong></span> <span class='ocrx_word' id='word_1_399' title='bbox 2907 2103 3074 2173; x_wconf 88' lang='lat' dir='ltr'><strong>loqui,</strong></span> <span class='ocrx_word' id='word_1_400' title='bbox 3113 2113 3170 2159; x_wconf 93' lang='lat' dir='ltr'><strong>et</strong></span> <span class='ocrx_word' id='word_1_401' title='bbox 3199 2119 3380 2174; x_wconf 87' lang='lat' dir='ltr'><strong>agere,</strong></span> <span class='ocrx_word' id='word_1_402' title='bbox 3413 2120 3531 2174; x_wconf 75' lang='lat' dir='ltr'><strong>quze</strong></span> <span class='ocrx_word' id='word_1_403' title='bbox 3571 2106 3666 2160; x_wconf 87' lang='lat' dir='ltr'><strong>tibi</strong></span> 
     </span>
    </p>
   </div>
   <div class='ocr_carea' id='block_1_52' title="bbox 2073 2191 3667 2262">
    <p class='ocr_par' dir='ltr' id='par_1_52' title="bbox 2073 2191 3667 2262">
     <span class='ocr_line' id='line_1_52' title="bbox 2073 2191 3667 2262; baseline 0.001 -18"><span class='ocrx_word' id='word_1_404' title='bbox 2073 2191 2320 2261; x_wconf 84' lang='lat' dir='ltr'><strong>placeant</strong></span> <span class='ocrx_word' id='word_1_405' title='bbox 2349 2193 2402 2246; x_wconf 93' lang='lat' dir='ltr'><strong>in</strong></span> <span class='ocrx_word' id='word_1_406' title='bbox 2434 2191 2683 2251; x_wconf 87' lang='lat' dir='ltr'><strong>veritate,</strong></span> <span class='ocrx_word' id='word_1_407' title='bbox 2721 2199 2776 2245; x_wconf 89' lang='lat' dir='ltr'><strong>et</strong></span> <span class='ocrx_word' id='word_1_408' title='bbox 2802 2206 2887 2245; x_wconf 91' lang='lat' dir='ltr'><strong>me</strong></span> <span class='ocrx_word' id='word_1_409' title='bbox 2917 2193 3133 2245; x_wconf 89' lang='lat' dir='ltr'><strong>tandem</strong></span> <span class='ocrx_word' id='word_1_410' title='bbox 3173 2193 3243 2246; x_wconf 91' lang='lat' dir='ltr'><strong>ad</strong></span> <span class='ocrx_word' id='word_1_411' title='bbox 3274 2193 3440 2245; x_wconf 91' lang='lat' dir='ltr'><strong>vitam</strong></span> <span class='ocrx_word' id='word_1_412' title='bbox 3471 2195 3667 2262; x_wconf 84' lang='lat' dir='ltr'><strong>perdu-</strong></span> 
     </span>
    </p>
   </div>
   <div class='ocr_carea' id='block_1_53' title="bbox 2072 2281 3664 2351">
    <p class='ocr_par' dir='ltr' id='par_1_53' title="bbox 2072 2281 3664 2351">
     <span class='ocr_line' id='line_1_53' title="bbox 2072 2281 3664 2351; baseline 0 -14"><span class='ocrx_word' id='word_1_413' title='bbox 2072 2290 2198 2337; x_wconf 87' lang='lat' dir='ltr'><strong>cant</strong></span> <span class='ocrx_word' id='word_1_414' title='bbox 2221 2291 2508 2344; x_wconf 71' lang='lat' dir='ltr'><strong>mtcmam;</strong></span> <span class='ocrx_word' id='word_1_415' title='bbox 2537 2290 2588 2335; x_wconf 91' lang='lat' dir='ltr'><strong>te</strong></span> <span class='ocrx_word' id='word_1_416' title='bbox 2611 2281 2925 2342; x_wconf 88' lang='lat' dir='ltr'><strong>miserante,</strong></span> <span class='ocrx_word' id='word_1_417' title='bbox 2947 2289 2999 2334; x_wconf 90' lang='lat' dir='ltr'><strong>te</strong></span> <span class='ocrx_word' id='word_1_418' title='bbox 3025 2281 3274 2344; x_wconf 77' lang='lat' dir='ltr'><strong>donante,</strong></span> <span class='ocrx_word' id='word_1_419' title='bbox 3298 2295 3396 2351; x_wconf 87' lang='lat' dir='ltr'><strong>per</strong></span> <span class='ocrx_word' id='word_1_420' title='bbox 3416 2285 3664 2337; x_wconf 86' lang='lat' dir='ltr'><strong>cmndem</strong></span> 
     </span>
    </p>
   </div>
   <div class='ocr_carea' id='block_1_54' title="bbox 2071 2373 3669 2448">
    <p class='ocr_par' dir='ltr' id='par_1_54' title="bbox 2071 2373 3669 2448">
     <span class='ocr_line' id='line_1_54' title="bbox 2071 2373 3669 2448; baseline 0.001 -21"><span class='ocrx_word' id='word_1_421' title='bbox 2071 2373 2254 2429; x_wconf 72' lang='lat' dir='ltr'><strong>Iesum</strong></span> <span class='ocrx_word' id='word_1_422' title='bbox 2277 2373 2472 2428; x_wconf 83' lang='lat' dir='ltr'><strong>Filium</strong></span> <span class='ocrx_word' id='word_1_423' title='bbox 2496 2381 2648 2426; x_wconf 87' lang='lat' dir='ltr'><strong>tuum</strong></span> <span class='ocrx_word' id='word_1_424' title='bbox 2671 2373 2996 2426; x_wconf 87' lang='lat' dir='ltr'><strong>salvatorem</strong></span> <span class='ocrx_word' id='word_1_425' title='bbox 3023 2381 3079 2426; x_wconf 90' lang='lat' dir='ltr'><strong>et</strong></span> <span class='ocrx_word' id='word_1_426' title='bbox 3105 2383 3538 2448; x_wconf 75' lang='lat' dir='ltr'><strong>recuperatorcm</strong></span> <span class='ocrx_word' id='word_1_427' title='bbox 3571 2392 3669 2429; x_wconf 82' lang='lat' dir='ltr'><strong>no-</strong></span> 
     </span>
    </p>
   </div>
   <div class='ocr_carea' id='block_1_55' title="bbox 2073 2449 3671 2535">
    <p class='ocr_par' dir='ltr' id='par_1_55' title="bbox 2073 2449 3671 2535">
     <span class='ocr_line' id='line_1_55' title="bbox 2073 2449 3671 2535; baseline -0.001 -15"><span class='ocrx_word' id='word_1_428' title='bbox 2073 2476 2270 2529; x_wconf 76' lang='lat' dir='ltr'><strong>strum,</strong></span> <span class='ocrx_word' id='word_1_429' title='bbox 2300 2465 2392 2535; x_wconf 89' lang='lat' dir='ltr'><strong>qui</strong></span> <span class='ocrx_word' id='word_1_430' title='bbox 2439 2473 2686 2518; x_wconf 90' lang='lat' dir='ltr'><strong>mortuus</strong></span> <span class='ocrx_word' id='word_1_431' title='bbox 2725 2473 2808 2518; x_wconf 74' lang='lat' dir='ltr'><strong>est</strong></span> <span class='ocrx_word' id='word_1_432' title='bbox 2849 2471 3070 2534; x_wconf 86' lang='lat' dir='ltr'><strong>propter</strong></span> <span class='ocrx_word' id='word_1_433' title='bbox 3107 2473 3331 2533; x_wconf 86' lang='lat' dir='ltr'><strong>peccata</strong></span> <span class='ocrx_word' id='word_1_434' title='bbox 3371 2449 3576 2524; x_wconf 87' lang='lat' dir='ltr'><strong>nostra.</strong></span> <span class='ocrx_word' id='word_1_435' title='bbox 3616 2477 3671 2520; x_wconf 78' lang='lat' dir='ltr'><strong>et</strong></span> 
     </span>
    </p>
   </div>
   <div class='ocr_carea' id='block_1_56' title="bbox 2074 2557 3364 2627">
    <p class='ocr_par' dir='ltr' id='par_1_56' title="bbox 2074 2557 3364 2627">
     <span class='ocr_line' id='line_1_56' title="bbox 2074 2557 3364 2627; baseline -0.002 -15"><span class='ocrx_word' id='word_1_436' title='bbox 2074 2559 2374 2612; x_wconf 61' lang='lat' dir='ltr'><strong>resurrexit</strong></span> <span class='ocrx_word' id='word_1_437' title='bbox 2399 2565 2622 2627; x_wconf 89' lang='lat' dir='ltr'><strong>propter</strong></span> <span class='ocrx_word' id='word_1_438' title='bbox 2651 2557 3071 2612; x_wconf 49' lang='lat' dir='ltr'><strong>viviticationem</strong></span> <span class='ocrx_word' id='word_1_439' title='bbox 3101 2565 3364 2611; x_wconf 89' lang='lat' dir='ltr'><strong>nostram.</strong></span> 
     </span>
    </p>
   </div>
   <div class='ocr_carea' id='block_1_57' title="bbox 2147 2645 3666 2715">
    <p class='ocr_par' dir='ltr' id='par_1_57' title="bbox 2147 2645 3666 2715">
     <span class='ocr_line' id='line_1_57' title="bbox 2147 2645 3666 2715; baseline -0.003 -14"><span class='ocrx_word' id='word_1_440' title='bbox 2147 2646 2332 2701; x_wconf 70' lang='lat' dir='ltr'><strong>XVIII.</strong></span> <span class='ocrx_word' id='word_1_441' title='bbox 2371 2645 2476 2700; x_wconf 86' lang='lat' dir='ltr'><strong>Per</strong></span> <span class='ocrx_word' id='word_1_442' title='bbox 2506 2647 2680 2715; x_wconf 89' lang='lat' dir='ltr'><strong>ipsum</strong></span> <span class='ocrx_word' id='word_1_443' title='bbox 2711 2661 2981 2700; x_wconf 89' lang='lat' dir='ltr'><strong>summum</strong></span> <span class='ocrx_word' id='word_1_444' title='bbox 3009 2645 3367 2711; x_wconf 83' lang='lat' dir='ltr'><strong>sacerdotem,</strong></span> <span class='ocrx_word' id='word_1_445' title='bbox 3395 2655 3452 2700; x_wconf 86' lang='lat' dir='ltr'><strong>et</strong></span> <span class='ocrx_word' id='word_1_446' title='bbox 3479 2659 3666 2699; x_wconf 91' lang='lat' dir='ltr'><strong>verum</strong></span> 
     </span>
    </p>
   </div>
   <div class='ocr_carea' id='block_1_58' title="bbox 2071 2733 3665 2807">
    <p class='ocr_par' dir='ltr' id='par_1_58' title="bbox 2071 2733 3665 2807">
     <span class='ocr_line' id='line_1_58' title="bbox 2071 2733 3665 2807; baseline -0.003 -17"><span class='ocrx_word' id='word_1_447' title='bbox 2071 2737 2404 2807; x_wconf 81' lang='lat' dir='ltr'><strong>pontiﬁcem,</strong></span> <span class='ocrx_word' id='word_1_448' title='bbox 2431 2735 2524 2806; x_wconf 88' lang='lat' dir='ltr'><strong>qui</strong></span> <span class='ocrx_word' id='word_1_449' title='bbox 2551 2749 2609 2790; x_wconf 90' lang='lat' dir='ltr'><strong>se</strong></span> <span class='ocrx_word' id='word_1_450' title='bbox 2639 2735 2734 2789; x_wconf 91' lang='lat' dir='ltr'><strong>tibi</strong></span> <span class='ocrx_word' id='word_1_451' title='bbox 2747 2736 2955 2790; x_wconf 74' lang='lat' dir='ltr'><strong>obtulit</strong></span> <span class='ocrx_word' id='word_1_452' title='bbox 2978 2736 3030 2789; x_wconf 90' lang='lat' dir='ltr'><strong>iu</strong></span> <span class='ocrx_word' id='word_1_453' title='bbox 3057 2733 3408 2799; x_wconf 88' lang='lat' dir='ltr'><strong>sacriﬁcium,</strong></span> <span class='ocrx_word' id='word_1_454' title='bbox 3436 2742 3488 2788; x_wconf 93' lang='lat' dir='ltr'><strong>te</strong></span> <span class='ocrx_word' id='word_1_455' title='bbox 3512 2749 3665 2804; x_wconf 84' lang='lat' dir='ltr'><strong>rogo,</strong></span> 
     </span>
    </p>
   </div>
   <div class='ocr_carea' id='block_1_59' title="bbox 2073 2827 3666 2902">
    <p class='ocr_par' dir='ltr' id='par_1_59' title="bbox 2073 2827 3666 2902">
     <span class='ocr_line' id='line_1_59' title="bbox 2073 2827 3666 2902; baseline -0.001 -19"><span class='ocrx_word' id='word_1_456' title='bbox 2073 2829 2300 2902; x_wconf 83' lang='lat' dir='ltr'><strong>respice</strong></span> <span class='ocrx_word' id='word_1_457' title='bbox 2333 2844 2454 2892; x_wconf 91' lang='lat' dir='ltr'><strong>me,</strong></span> <span class='ocrx_word' id='word_1_458' title='bbox 2509 2837 2566 2883; x_wconf 90' lang='lat' dir='ltr'><strong>et</strong></span> <span class='ocrx_word' id='word_1_459' title='bbox 2615 2829 2875 2883; x_wconf 85' lang='lat' dir='ltr'><strong>miserere</strong></span> <span class='ocrx_word' id='word_1_460' title='bbox 2926 2829 3064 2894; x_wconf 89' lang='lat' dir='ltr'><strong>mei;</strong></span> <span class='ocrx_word' id='word_1_461' title='bbox 3117 2827 3311 2882; x_wconf 75' lang='lat' dir='ltr'><strong>exaudi</strong></span> <span class='ocrx_word' id='word_1_462' title='bbox 3363 2827 3666 2882; x_wconf 90' lang='lat' dir='ltr'><strong>orationem</strong></span> 
     </span>
    </p>
   </div>
   <div class='ocr_carea' id='block_1_60' title="bbox 2071 2917 3669 2990">
    <p class='ocr_par' dir='ltr' id='par_1_60' title="bbox 2071 2917 3669 2990">
     <span class='ocr_line' id='line_1_60' title="bbox 2071 2917 3669 2990; baseline -0.001 -15"><span class='ocrx_word' id='word_1_463' title='bbox 2071 2935 2275 2986; x_wconf 88' lang='lat' dir='ltr'><strong>meam,</strong></span> <span class='ocrx_word' id='word_1_464' title='bbox 2305 2928 2360 2976; x_wconf 92' lang='lat' dir='ltr'><strong>et</strong></span> <span class='ocrx_word' id='word_1_465' title='bbox 2397 2921 2462 2975; x_wconf 90' lang='lat' dir='ltr'><strong>da</strong></span> <span class='ocrx_word' id='word_1_466' title='bbox 2512 2919 2647 2974; x_wconf 91' lang='lat' dir='ltr'><strong>mihi</strong></span> <span class='ocrx_word' id='word_1_467' title='bbox 2697 2919 2926 2990; x_wconf 80' lang='lat' dir='ltr'><strong>gratiam</strong></span> <span class='ocrx_word' id='word_1_468' title='bbox 2967 2928 3116 2972; x_wconf 90' lang='lat' dir='ltr'><strong>tuam</strong></span> <span class='ocrx_word' id='word_1_469' title='bbox 3160 2926 3384 2990; x_wconf 90' lang='lat' dir='ltr'><strong>propter</strong></span> <span class='ocrx_word' id='word_1_470' title='bbox 3427 2917 3669 2973; x_wconf 89' lang='lat' dir='ltr'><strong>multitu-</strong></span> 
     </span>
    </p>
   </div>
   <div class='ocr_carea' id='block_1_61' title="bbox 2072 3009 3672 3079">
    <p class='ocr_par' dir='ltr' id='par_1_61' title="bbox 2072 3009 3672 3079">
     <span class='ocr_line' id='line_1_61' title="bbox 2072 3009 3672 3079; baseline -0.001 -15"><span class='ocrx_word' id='word_1_471' title='bbox 2072 3010 2254 3064; x_wconf 81' lang='lat' dir='ltr'><strong>dinem</strong></span> <span class='ocrx_word' id='word_1_472' title='bbox 2285 3009 2544 3064; x_wconf 84' lang='lat' dir='ltr'><strong>bonitatis</strong></span> <span class='ocrx_word' id='word_1_473' title='bbox 2571 3019 2704 3074; x_wconf 63' lang='lat' dir='ltr'><strong>tuae;</strong></span> <span class='ocrx_word' id='word_1_474' title='bbox 2735 3018 2790 3064; x_wconf 90' lang='lat' dir='ltr'><strong>et</strong></span> <span class='ocrx_word' id='word_1_475' title='bbox 2818 3009 2886 3064; x_wconf 90' lang='lat' dir='ltr'><strong>de</strong></span> <span class='ocrx_word' id='word_1_476' title='bbox 2913 3009 3206 3079; x_wconf 67' lang='lat' dir='ltr'><strong>praeteritis</strong></span> <span class='ocrx_word' id='word_1_477' title='bbox 3237 3009 3393 3064; x_wconf 88' lang='lat' dir='ltr'><strong>malis</strong></span> <span class='ocrx_word' id='word_1_478' title='bbox 3423 3009 3562 3065; x_wconf 87' lang='lat' dir='ltr'><strong>meis</strong></span> <span class='ocrx_word' id='word_1_479' title='bbox 3586 3009 3672 3064; x_wconf 80' lang='lat' dir='ltr'><strong>iu—</strong></span> 
     </span>
    </p>
   </div>
   <div class='ocr_carea' id='block_1_62' title="bbox 2075 3099 3669 3170">
    <p class='ocr_par' dir='ltr' id='par_1_62' title="bbox 2075 3099 3669 3170">
     <span class='ocr_line' id='line_1_62' title="bbox 2075 3099 3669 3170; baseline -0.003 -14"><span class='ocrx_word' id='word_1_480' title='bbox 2075 3099 2430 3170; x_wconf 83' lang='lat' dir='ltr'><strong>dulgentiam,</strong></span> <span class='ocrx_word' id='word_1_481' title='bbox 2462 3099 2529 3154; x_wconf 89' lang='lat' dir='ltr'><strong>de</strong></span> <span class='ocrx_word' id='word_1_482' title='bbox 2567 3100 2926 3170; x_wconf 69' lang='lat' dir='ltr'><strong>praesentibus</strong></span> <span class='ocrx_word' id='word_1_483' title='bbox 2967 3101 3202 3155; x_wconf 89' lang='lat' dir='ltr'><strong>concede</strong></span> <span class='ocrx_word' id='word_1_484' title='bbox 3244 3101 3392 3154; x_wconf 80' lang='lat' dir='ltr'><strong>mihi</strong></span> <span class='ocrx_word' id='word_1_485' title='bbox 3415 3101 3669 3154; x_wconf 86' lang='lat' dir='ltr'><strong>emenda-</strong></span> 
     </span>
    </p>
   </div>
   <div class='ocr_carea' id='block_1_63' title="bbox 383 3163 3667 3263">
    <p class='ocr_par' dir='ltr' id='par_1_63' title="bbox 383 3163 3667 3263">
     <span class='ocr_line' id='line_1_63' title="bbox 383 3163 3667 3263; baseline 0.001 -26"><span class='ocrx_word' id='word_1_486' title='bbox 383 3183 544 3238; x_wconf 89' lang='lat' dir='ltr'><strong>modo</strong></span> <span class='ocrx_word' id='word_1_487' title='bbox 569 3163 655 3239; x_wconf 81' lang='lat' dir='ltr'><strong>me</strong></span> <span class='ocrx_word' id='word_1_488' title='bbox 680 3187 821 3242; x_wconf 89' lang='lat' dir='ltr'><strong>elata</strong></span> <span class='ocrx_word' id='word_1_489' title='bbox 845 3189 1058 3244; x_wconf 85' lang='lat' dir='ltr'><strong>cervice</strong></span> <span class='ocrx_word' id='word_1_490' title='bbox 1099 3191 1426 3254; x_wconf 88' lang='lat' dir='ltr'><strong>ambulante,</strong></span> <span class='ocrx_word' id='word_1_491' title='bbox 1468 3206 1656 3247; x_wconf 89' lang='lat' dir='ltr'><strong>omnes</strong></span> <span class='ocrx_word' id='word_1_492' title='bbox 1689 3163 1922 3263; x_wconf 39' lang='lat' dir='ltr'><strong>penewdi:</strong></span> <span class='ocrx_word' id='word_1_493' title='bbox 1945 3212 1970 3250; x_wconf 91' lang='lat' dir='ltr'><strong>s</strong></span> <span class='ocrx_word' id='word_1_494' title='bbox 1993 3163 2043 3226; x_wconf 67' lang='grc' dir='ltr'><strong>θ</strong></span> <span class='ocrx_word' id='word_1_495' title='bbox 2078 3163 2276 3246; x_wconf 66' lang='lat' dir='ltr'><strong>tionem</strong></span> <span class='ocrx_word' id='word_1_496' title='bbox 2295 3230 2308 3254; x_wconf 92' lang='lat'><strong>,</strong></span> <span class='ocrx_word' id='word_1_497' title='bbox 2347 3190 2412 3244; x_wconf 90' lang='lat' dir='ltr'><strong>de</strong></span> <span class='ocrx_word' id='word_1_498' title='bbox 2443 3163 2640 3244; x_wconf 72' lang='lat' dir='ltr'><strong>futuris</strong></span> <span class='ocrx_word' id='word_1_499' title='bbox 2666 3189 2842 3259; x_wconf 88' lang='lat' dir='ltr'><strong>culpis</strong></span> <span class='ocrx_word' id='word_1_500' title='bbox 2863 3177 3066 3260; x_wconf 72' lang='lat' dir='ltr'><strong>iugiter</strong></span> <span class='ocrx_word' id='word_1_501' title='bbox 3097 3190 3295 3257; x_wconf 79' lang='lat' dir='ltr'><strong>largire</strong></span> <span class='ocrx_word' id='word_1_502' title='bbox 3324 3190 3453 3244; x_wconf 90' lang='lat' dir='ltr'><strong>mihi</strong></span> <span class='ocrx_word' id='word_1_503' title='bbox 3483 3197 3667 3244; x_wconf 85' lang='lat' dir='ltr'><strong>custo-</strong></span> 
     </span>
    </p>
   </div>
   <div class='ocr_carea' id='block_1_64' title="bbox 305 3273 1970 3350">
    <p class='ocr_par' dir='ltr' id='par_1_64' title="bbox 305 3273 1970 3350">
     <span class='ocr_line' id='line_1_64' title="bbox 305 3273 1970 3350; baseline 0.008 -26"><span class='ocrx_word' id='word_1_504' title='bbox 305 3299 318 3324; x_wconf 73' lang='grc' dir='ltr'><strong>ι</strong></span> <span class='ocrx_word' id='word_1_505' title='bbox 383 3273 508 3328; x_wconf 69' lang='lat' dir='ltr'><strong>vitae</strong></span> <span class='ocrx_word' id='word_1_506' title='bbox 530 3291 662 3332; x_wconf 69' lang='lat' dir='ltr'><strong>mete</strong></span> <span class='ocrx_word' id='word_1_507' title='bbox 685 3277 738 3331; x_wconf 92' lang='lat' dir='ltr'><strong>in</strong></span> <span class='ocrx_word' id='word_1_508' title='bbox 759 3278 998 3337; x_wconf 87' lang='lat' dir='ltr'><strong>vanitate</strong></span> <span class='ocrx_word' id='word_1_509' title='bbox 1017 3281 1317 3350; x_wconf 91' lang='lat' dir='ltr'><strong>consumpti</strong></span> <span class='ocrx_word' id='word_1_510' title='bbox 1342 3281 1496 3333; x_wconf 88' lang='lat' dir='ltr'><strong>sunt!</strong></span> <span class='ocrx_word' id='word_1_511' title='bbox 1533 3279 1812 3347; x_wconf 81' lang='lat' dir='ltr'><strong>Quomodo</strong></span> <span class='ocrx_word' id='word_1_512' title='bbox 1837 3292 1970 3338; x_wconf 84' lang='lat' dir='ltr'><strong>tem—</strong></span> 
     </span>
    </p>
   </div>
   <div class='ocr_carea' id='block_1_65' title="bbox 383 3371 1972 3442">
    <p class='ocr_par' dir='ltr' id='par_1_65' title="bbox 383 3371 1972 3442">
     <span class='ocr_line' id='line_1_65' title="bbox 383 3371 1972 3442; baseline 0.004 -20"><span class='ocrx_word' id='word_1_513' title='bbox 383 3379 483 3434; x_wconf 87' lang='lat' dir='ltr'><strong>pus</strong></span> <span class='ocrx_word' id='word_1_514' title='bbox 520 3383 698 3441; x_wconf 82' lang='lat' dir='ltr'><strong>meum</strong></span> <span class='ocrx_word' id='word_1_515' title='bbox 738 3371 1013 3439; x_wconf 58' lang='lat' dir='ltr'><strong>praeterivi</strong></span> <span class='ocrx_word' id='word_1_516' title='bbox 1058 3371 1110 3424; x_wconf 92' lang='lat' dir='ltr'><strong>in</strong></span> <span class='ocrx_word' id='word_1_517' title='bbox 1152 3371 1568 3442; x_wconf 76' lang='lat' dir='ltr'><strong>cogitationibus</strong></span> <span class='ocrx_word' id='word_1_518' title='bbox 1610 3374 1872 3437; x_wconf 89' lang='lat' dir='ltr'><strong>terrenis,</strong></span> <span class='ocrx_word' id='word_1_519' title='bbox 1917 3383 1972 3430; x_wconf 93' lang='lat' dir='ltr'><strong>et</strong></span> 
     </span>
    </p>
   </div>
   <div class='ocr_carea' id='block_1_66' title="bbox 383 3457 1971 3534">
    <p class='ocr_par' dir='ltr' id='par_1_66' title="bbox 383 3457 1971 3534">
     <span class='ocr_line' id='line_1_66' title="bbox 383 3457 1971 3534; baseline 0.005 -24"><span class='ocrx_word' id='word_1_520' title='bbox 383 3457 694 3526; x_wconf 86' lang='lat' dir='ltr'><strong>superﬁuis!</strong></span> <span class='ocrx_word' id='word_1_521' title='bbox 741 3459 879 3528; x_wconf 85' lang='lat' dir='ltr'><strong>Quid</strong></span> <span class='ocrx_word' id='word_1_522' title='bbox 915 3461 1045 3515; x_wconf 88' lang='lat' dir='ltr'><strong>utile</strong></span> <span class='ocrx_word' id='word_1_523' title='bbox 1086 3461 1140 3516; x_wconf 93' lang='lat' dir='ltr'><strong>in</strong></span> <span class='ocrx_word' id='word_1_524' title='bbox 1179 3462 1324 3516; x_wconf 89' lang='lat' dir='ltr'><strong>omni</strong></span> <span class='ocrx_word' id='word_1_525' title='bbox 1347 3462 1455 3516; x_wconf 91' lang='lat' dir='ltr'><strong>vita</strong></span> <span class='ocrx_word' id='word_1_526' title='bbox 1495 3477 1614 3516; x_wconf 89' lang='lat' dir='ltr'><strong>mea</strong></span> <span class='ocrx_word' id='word_1_527' title='bbox 1652 3463 1766 3534; x_wconf 83' lang='lat' dir='ltr'><strong>egi!</strong></span> <span class='ocrx_word' id='word_1_528' title='bbox 1810 3463 1971 3518; x_wconf 81' lang='lat' dir='ltr'><strong>Miser</strong></span> 
     </span>
    </p>
   </div>
   <div class='ocr_carea' id='block_1_67' title="bbox 363 3549 1968 3622">
    <p class='ocr_par' dir='ltr' id='par_1_67' title="bbox 363 3549 1968 3622">
     <span class='ocr_line' id='line_1_67' title="bbox 363 3549 1968 3622; baseline 0.006 -22"><span class='ocrx_word' id='word_1_529' title='bbox 363 3549 512 3618; x_wconf 76' lang='lat' dir='ltr'><strong>ego!</strong></span> <span class='ocrx_word' id='word_1_530' title='bbox 540 3549 632 3605; x_wconf 76' lang='lat' dir='ltr'><strong>Va:</strong></span> <span class='ocrx_word' id='word_1_531' title='bbox 656 3550 788 3606; x_wconf 92' lang='lat' dir='ltr'><strong>mihi</strong></span> <span class='ocrx_word' id='word_1_532' title='bbox 811 3551 1137 3616; x_wconf 87' lang='lat' dir='ltr'><strong>miserrimo,</strong></span> <span class='ocrx_word' id='word_1_533' title='bbox 1160 3553 1253 3622; x_wconf 90' lang='lat' dir='ltr'><strong>qui</strong></span> <span class='ocrx_word' id='word_1_534' title='bbox 1277 3552 1468 3608; x_wconf 81' lang='lat' dir='ltr'><strong>falsum</strong></span> <span class='ocrx_word' id='word_1_535' title='bbox 1503 3569 1698 3610; x_wconf 88' lang='lat' dir='ltr'><strong>nomen</strong></span> <span class='ocrx_word' id='word_1_536' title='bbox 1720 3556 1968 3610; x_wconf 86' lang='lat' dir='ltr'><strong>monachi</strong></span> 
     </span>
    </p>
   </div>
   <div class='ocr_carea' id='block_1_68' title="bbox 384 3635 1871 3716">
    <p class='ocr_par' dir='ltr' id='par_1_68' title="bbox 384 3635 1871 3716">
     <span class='ocr_line' id='line_1_68' title="bbox 384 3635 1871 3716; baseline 0.007 -27"><span class='ocrx_word' id='word_1_537' title='bbox 384 3635 521 3702; x_wconf 80' lang='lat' dir='ltr'><strong>fero,</strong></span> <span class='ocrx_word' id='word_1_538' title='bbox 545 3639 675 3692; x_wconf 88' lang='lat' dir='ltr'><strong>nihil</strong></span> <span class='ocrx_word' id='word_1_539' title='bbox 698 3641 915 3710; x_wconf 87' lang='lat' dir='ltr'><strong>dignum</strong></span> <span class='ocrx_word' id='word_1_540' title='bbox 939 3641 1098 3710; x_wconf 82' lang='lat' dir='ltr'><strong>huius</strong></span> <span class='ocrx_word' id='word_1_541' title='bbox 1118 3645 1352 3716; x_wconf 82' lang='lat' dir='ltr'><strong>nominis</strong></span> <span class='ocrx_word' id='word_1_542' title='bbox 1373 3654 1427 3698; x_wconf 92' lang='lat' dir='ltr'><strong>et</strong></span> <span class='ocrx_word' id='word_1_543' title='bbox 1447 3643 1665 3700; x_wconf 87' lang='lat' dir='ltr'><strong>habitus</strong></span> <span class='ocrx_word' id='word_1_544' title='bbox 1686 3660 1871 3716; x_wconf 89' lang='lat' dir='ltr'><strong>agens.</strong></span> 
     </span>
    </p>
   </div>
   <div class='ocr_carea' id='block_1_69' title="bbox 456 3728 1967 3804">
    <p class='ocr_par' dir='ltr' id='par_1_69' title="bbox 456 3728 1967 3804">
     <span class='ocr_line' id='line_1_69' title="bbox 456 3728 1967 3804; baseline 0.007 -22"><span class='ocrx_word' id='word_1_545' title='bbox 456 3728 614 3783; x_wconf 78' lang='lat' dir='ltr'><strong>XVII.</strong></span> <span class='ocrx_word' id='word_1_546' title='bbox 660 3729 1058 3798; x_wconf 82' lang='lat' dir='ltr'><strong>Verumtamen,</strong></span> <span class='ocrx_word' id='word_1_547' title='bbox 1088 3733 1328 3797; x_wconf 89' lang='lat' dir='ltr'><strong>Domine,</strong></span> <span class='ocrx_word' id='word_1_548' title='bbox 1353 3735 1399 3788; x_wconf 89' lang='lat' dir='ltr'><strong>si</strong></span> <span class='ocrx_word' id='word_1_549' title='bbox 1422 3736 1548 3804; x_wconf 91' lang='lat' dir='ltr'><strong>quid</strong></span> <span class='ocrx_word' id='word_1_550' title='bbox 1581 3737 1706 3790; x_wconf 90' lang='lat' dir='ltr'><strong>boni</strong></span> <span class='ocrx_word' id='word_1_551' title='bbox 1742 3735 1967 3792; x_wconf 81' lang='lat' dir='ltr'><strong>forsitan</strong></span> 
     </span>
    </p>
   </div>
   <div class='ocr_carea' id='block_1_70' title="bbox 384 3818 1968 3896">
    <p class='ocr_par' dir='ltr' id='par_1_70' title="bbox 384 3818 1968 3896">
     <span class='ocr_line' id='line_1_70' title="bbox 384 3818 1968 3896; baseline 0.004 -22"><span class='ocrx_word' id='word_1_552' title='bbox 384 3818 543 3882; x_wconf 82' lang='lat' dir='ltr'><strong>facio,</strong></span> <span class='ocrx_word' id='word_1_553' title='bbox 571 3821 653 3874; x_wconf 89' lang='lat' dir='ltr'><strong>vel</strong></span> <span class='ocrx_word' id='word_1_554' title='bbox 677 3820 855 3877; x_wconf 86' lang='lat' dir='ltr'><strong>fecero</strong></span> <span class='ocrx_word' id='word_1_555' title='bbox 879 3833 967 3878; x_wconf 90' lang='lat' dir='ltr'><strong>tua</strong></span> <span class='ocrx_word' id='word_1_556' title='bbox 999 3824 1172 3894; x_wconf 88' lang='lat' dir='ltr'><strong>gratia</strong></span> <span class='ocrx_word' id='word_1_557' title='bbox 1206 3823 1490 3896; x_wconf 81' lang='lat' dir='ltr'><strong>largiente,</strong></span> <span class='ocrx_word' id='word_1_558' title='bbox 1515 3841 1620 3895; x_wconf 90' lang='lat' dir='ltr'><strong>quo</strong></span> <span class='ocrx_word' id='word_1_559' title='bbox 1645 3825 1752 3881; x_wconf 91' lang='lat' dir='ltr'><strong>ﬁne</strong></span> <span class='ocrx_word' id='word_1_560' title='bbox 1773 3825 1968 3882; x_wconf 88' lang='lat' dir='ltr'><strong>faciam</strong></span> 
     </span>
    </p>
   </div>
   <div class='ocr_carea' id='block_1_71' title="bbox 385 3910 1970 3987">
    <p class='ocr_par' dir='ltr' id='par_1_71' title="bbox 385 3910 1970 3987">
     <span class='ocr_line' id='line_1_71' title="bbox 385 3910 1970 3987; baseline 0.006 -24"><span class='ocrx_word' id='word_1_561' title='bbox 385 3910 522 3973; x_wconf 77' lang='lat' dir='ltr'><strong>hzec,</strong></span> <span class='ocrx_word' id='word_1_562' title='bbox 544 3925 718 3980; x_wconf 89' lang='lat' dir='ltr'><strong>quave</strong></span> <span class='ocrx_word' id='word_1_563' title='bbox 741 3911 1078 3970; x_wconf 89' lang='lat' dir='ltr'><strong>districtione</strong></span> <span class='ocrx_word' id='word_1_564' title='bbox 1109 3915 1140 3969; x_wconf 81' lang='lat' dir='ltr'><strong>a&#39;</strong></span> <span class='ocrx_word' id='word_1_565' title='bbox 1170 3923 1222 3970; x_wconf 89' lang='lat' dir='ltr'><strong>te</strong></span> <span class='ocrx_word' id='word_1_566' title='bbox 1253 3924 1567 3986; x_wconf 90' lang='lat' dir='ltr'><strong>pensentur,</strong></span> <span class='ocrx_word' id='word_1_567' title='bbox 1596 3916 1807 3987; x_wconf 88' lang='lat' dir='ltr'><strong>ignoro.</strong></span> <span class='ocrx_word' id='word_1_568' title='bbox 1848 3917 1970 3972; x_wconf 86' lang='lat' dir='ltr'><strong>Scis</strong></span> 
     </span>
    </p>
   </div>
   <div class='ocr_carea' id='block_1_72' title="bbox 386 3999 1970 4078">
    <p class='ocr_par' dir='ltr' id='par_1_72' title="bbox 386 3999 1970 4078">
     <span class='ocr_line' id='line_1_72' title="bbox 386 3999 1970 4078; baseline 0.008 -29"><span class='ocrx_word' id='word_1_569' title='bbox 386 3999 562 4062; x_wconf 84' lang='lat' dir='ltr'><strong>enim,</strong></span> <span class='ocrx_word' id='word_1_570' title='bbox 603 4013 763 4069; x_wconf 87' lang='lat' dir='ltr'><strong>quem</strong></span> <span class='ocrx_word' id='word_1_571' title='bbox 804 4003 879 4057; x_wconf 92' lang='lat' dir='ltr'><strong>nil</strong></span> <span class='ocrx_word' id='word_1_572' title='bbox 915 4003 1065 4066; x_wconf 89' lang='lat' dir='ltr'><strong>latet.</strong></span> <span class='ocrx_word' id='word_1_573' title='bbox 1109 4006 1238 4076; x_wconf 90' lang='lat' dir='ltr'><strong>quid</strong></span> <span class='ocrx_word' id='word_1_574' title='bbox 1279 4006 1410 4061; x_wconf 88' lang='lat' dir='ltr'><strong>mihi</strong></span> <span class='ocrx_word' id='word_1_575' title='bbox 1449 4005 1710 4062; x_wconf 89' lang='lat' dir='ltr'><strong>acciderit</strong></span> <span class='ocrx_word' id='word_1_576' title='bbox 1750 4016 1970 4078; x_wconf 83' lang='lat' dir='ltr'><strong>prepter</strong></span> 
     </span>
    </p>
   </div>
   <div class='ocr_carea' id='block_1_73' title="bbox 384 4095 1971 4166">
    <p class='ocr_par' dir='ltr' id='par_1_73' title="bbox 384 4095 1971 4166">
     <span class='ocr_line' id='line_1_73' title="bbox 384 4095 1971 4166; baseline 0.008 -25"><span class='ocrx_word' id='word_1_577' title='bbox 384 4096 610 4156; x_wconf 91' lang='lat' dir='ltr'><strong>peccata</strong></span> <span class='ocrx_word' id='word_1_578' title='bbox 632 4104 750 4147; x_wconf 71' lang='lat' dir='ltr'><strong>nica</strong></span> <span class='ocrx_word' id='word_1_579' title='bbox 778 4109 791 4143; x_wconf 92' lang='lat'><strong>:</strong></span> <span class='ocrx_word' id='word_1_580' title='bbox 816 4095 1084 4160; x_wconf 90' lang='lat' dir='ltr'><strong>quomodo</strong></span> <span class='ocrx_word' id='word_1_581' title='bbox 1107 4096 1159 4150; x_wconf 88' lang='lat' dir='ltr'><strong>in</strong></span> <span class='ocrx_word' id='word_1_582' title='bbox 1184 4098 1284 4160; x_wconf 86' lang='lat' dir='ltr'><strong>via,</strong></span> <span class='ocrx_word' id='word_1_583' title='bbox 1324 4111 1428 4166; x_wconf 89' lang='lat' dir='ltr'><strong>qua</strong></span> <span class='ocrx_word' id='word_1_584' title='bbox 1463 4096 1825 4162; x_wconf 88' lang='lat' dir='ltr'><strong>ambulabam,</strong></span> <span class='ocrx_word' id='word_1_585' title='bbox 1849 4099 1971 4152; x_wconf 84' lang='lat' dir='ltr'><strong>abs-</strong></span> 
     </span>
    </p>
   </div>
   <div class='ocr_carea' id='block_1_74' title="bbox 385 4170 1967 4255">
    <p class='ocr_par' dir='ltr' id='par_1_74' title="bbox 385 4170 1967 4255">
     <span class='ocr_line' id='line_1_74' title="bbox 385 4170 1967 4255; baseline 0.008 -24"><span class='ocrx_word' id='word_1_586' title='bbox 385 4177 684 4254; x_wconf 76' lang='lat' dir='ltr'><strong>conderunt</strong></span> <span class='ocrx_word' id='word_1_587' title='bbox 722 4170 852 4234; x_wconf 81' lang='lat' dir='ltr'><strong>mihi</strong></span> <span class='ocrx_word' id='word_1_588' title='bbox 888 4181 1137 4252; x_wconf 82' lang='lat' dir='ltr'><strong>laqueum</strong></span> <span class='ocrx_word' id='word_1_589' title='bbox 1179 4185 1384 4251; x_wconf 82' lang='lat' dir='ltr'><strong>inimici</strong></span> <span class='ocrx_word' id='word_1_590' title='bbox 1420 4187 1546 4242; x_wconf 90' lang='lat' dir='ltr'><strong>mei.</strong></span> <span class='ocrx_word' id='word_1_591' title='bbox 1591 4186 1798 4255; x_wconf 85' lang='lat' dir='ltr'><strong>Quibus</strong></span> <span class='ocrx_word' id='word_1_592' title='bbox 1837 4189 1967 4244; x_wconf 90' lang='lat' dir='ltr'><strong>mihi</strong></span> 
     </span>
    </p>
   </div>
   <div class='ocr_carea' id='block_1_75' title="bbox 383 4271 1964 4349">
    <p class='ocr_par' dir='ltr' id='par_1_75' title="bbox 383 4271 1964 4349">
     <span class='ocr_line' id='line_1_75' title="bbox 383 4271 1964 4349; baseline 0.008 -26"><span class='ocrx_word' id='word_1_593' title='bbox 383 4285 482 4341; x_wconf 89' lang='lat' dir='ltr'><strong>per</strong></span> <span class='ocrx_word' id='word_1_594' title='bbox 519 4271 822 4337; x_wconf 89' lang='lat' dir='ltr'><strong>hominem,</strong></span> <span class='ocrx_word' id='word_1_595' title='bbox 865 4282 920 4328; x_wconf 90' lang='lat' dir='ltr'><strong>ut</strong></span> <span class='ocrx_word' id='word_1_596' title='bbox 965 4289 1107 4338; x_wconf 87' lang='lat' dir='ltr'><strong>reor,</strong></span> <span class='ocrx_word' id='word_1_597' title='bbox 1151 4275 1559 4342; x_wconf 83' lang='lat' dir='ltr'><strong>insidiantibus,</strong></span> <span class='ocrx_word' id='word_1_598' title='bbox 1603 4280 1738 4349; x_wconf 90' lang='lat' dir='ltr'><strong>prob</strong></span> <span class='ocrx_word' id='word_1_599' title='bbox 1779 4279 1964 4335; x_wconf 86' lang='lat' dir='ltr'><strong>dolor!</strong></span> 
     </span>
    </p>
   </div>
   <div class='ocr_carea' id='block_1_76' title="bbox 387 4361 1966 4433">
    <p class='ocr_par' dir='ltr' id='par_1_76' title="bbox 387 4361 1966 4433">
     <span class='ocr_line' id='line_1_76' title="bbox 387 4361 1966 4433; baseline 0.004 -20"><span class='ocrx_word' id='word_1_600' title='bbox 387 4361 542 4416; x_wconf 88' lang='lat' dir='ltr'><strong>amisi</strong></span> <span class='ocrx_word' id='word_1_601' title='bbox 582 4361 757 4418; x_wconf 90' lang='lat' dir='ltr'><strong>locum</strong></span> <span class='ocrx_word' id='word_1_602' title='bbox 795 4363 1005 4420; x_wconf 62' lang='lat' dir='ltr'><strong>dilectis</strong></span> <span class='ocrx_word' id='word_1_603' title='bbox 1043 4365 1364 4429; x_wconf 88' lang='lat' dir='ltr'><strong>solitudinis,</strong></span> <span class='ocrx_word' id='word_1_604' title='bbox 1411 4367 1644 4421; x_wconf 90' lang='lat' dir='ltr'><strong>amicum</strong></span> <span class='ocrx_word' id='word_1_605' title='bbox 1693 4370 1966 4433; x_wconf 61' lang='lat' dir='ltr'><strong>maeroris,</strong></span> 
     </span>
    </p>
   </div>
   <div class='ocr_carea' id='block_1_77' title="bbox 386 4451 1968 4527">
    <p class='ocr_par' dir='ltr' id='par_1_77' title="bbox 386 4451 1968 4527">
     <span class='ocr_line' id='line_1_77' title="bbox 386 4451 1968 4527; baseline 0.008 -26"><span class='ocrx_word' id='word_1_606' title='bbox 386 4451 604 4517; x_wconf 73' lang='lat' dir='ltr'><strong>quietis,</strong></span> <span class='ocrx_word' id='word_1_607' title='bbox 634 4461 692 4507; x_wconf 87' lang='lat' dir='ltr'><strong>et</strong></span> <span class='ocrx_word' id='word_1_608' title='bbox 718 4455 1089 4522; x_wconf 71' lang='lat' dir='ltr'><strong>pmnitulinis,</strong></span> <span class='ocrx_word' id='word_1_609' title='bbox 1121 4470 1279 4527; x_wconf 88' lang='lat' dir='ltr'><strong>quem</strong></span> <span class='ocrx_word' id='word_1_610' title='bbox 1307 4457 1376 4510; x_wconf 90' lang='lat' dir='ltr'><strong>ab</strong></span> <span class='ocrx_word' id='word_1_611' title='bbox 1401 4457 1620 4512; x_wconf 89' lang='lat' dir='ltr'><strong>ineunte</strong></span> <span class='ocrx_word' id='word_1_612' title='bbox 1641 4467 1800 4513; x_wconf 74' lang='lat' dir='ltr'><strong>tetate</strong></span> <span class='ocrx_word' id='word_1_613' title='bbox 1827 4474 1968 4514; x_wconf 87' lang='lat' dir='ltr'><strong>sem-</strong></span> 
     </span>
    </p>
   </div>
   <div class='ocr_carea' id='block_1_78' title="bbox 385 4538 1964 4619">
    <p class='ocr_par' dir='ltr' id='par_1_78' title="bbox 385 4538 1964 4619">
     <span class='ocr_line' id='line_1_78' title="bbox 385 4538 1964 4619; baseline 0.008 -28"><span class='ocrx_word' id='word_1_614' title='bbox 385 4550 482 4604; x_wconf 91' lang='lat' dir='ltr'><strong>per</strong></span> <span class='ocrx_word' id='word_1_615' title='bbox 507 4538 686 4600; x_wconf 81' lang='lat' dir='ltr'><strong>dilexi.</strong></span> <span class='ocrx_word' id='word_1_616' title='bbox 721 4542 924 4599; x_wconf 88' lang='lat' dir='ltr'><strong>Idcirco</strong></span> <span class='ocrx_word' id='word_1_617' title='bbox 962 4547 1015 4601; x_wconf 91' lang='lat' dir='ltr'><strong>in</strong></span> <span class='ocrx_word' id='word_1_618' title='bbox 1044 4547 1290 4618; x_wconf 81' lang='lat' dir='ltr'><strong>angustia</strong></span> <span class='ocrx_word' id='word_1_619' title='bbox 1315 4556 1370 4604; x_wconf 91' lang='lat' dir='ltr'><strong>et</strong></span> <span class='ocrx_word' id='word_1_620' title='bbox 1405 4563 1640 4603; x_wconf 69' lang='lat' dir='ltr'><strong>maerore</strong></span> <span class='ocrx_word' id='word_1_621' title='bbox 1674 4547 1846 4603; x_wconf 89' lang='lat' dir='ltr'><strong>multo</strong></span> <span class='ocrx_word' id='word_1_622' title='bbox 1870 4564 1964 4619; x_wconf 86' lang='lat' dir='ltr'><strong>po-</strong></span> 
     </span>
    </p>
   </div>
   <div class='ocr_carea' id='block_1_79' title="bbox 344 4621 2004 4716">
    <p class='ocr_par' dir='ltr' id='par_1_79' title="bbox 344 4621 2004 4716">
     <span class='ocr_line' id='line_1_79' title="bbox 344 4621 2004 4716; baseline 0.008 -37"><span class='ocrx_word' id='word_1_623' title='bbox 344 4713 346 4716; x_wconf 9' lang='grc' dir='ltr'>ν</span> <span class='ocrx_word' id='word_1_624' title='bbox 387 4627 492 4681; x_wconf 84' lang='lat' dir='ltr'><strong>sita</strong></span> <span class='ocrx_word' id='word_1_625' title='bbox 519 4621 602 4684; x_wconf 76' lang='lat' dir='ltr'><strong>eSt</strong></span> <span class='ocrx_word' id='word_1_626' title='bbox 639 4632 816 4687; x_wconf 89' lang='lat' dir='ltr'><strong>anima</strong></span> <span class='ocrx_word' id='word_1_627' title='bbox 858 4649 1000 4699; x_wconf 87' lang='lat' dir='ltr'><strong>mea,</strong></span> <span class='ocrx_word' id='word_1_628' title='bbox 1041 4645 1192 4692; x_wconf 88' lang='lat' dir='ltr'><strong>tuum</strong></span> <span class='ocrx_word' id='word_1_629' title='bbox 1233 4652 1398 4707; x_wconf 86' lang='lat' dir='ltr'><strong>super</strong></span> <span class='ocrx_word' id='word_1_630' title='bbox 1438 4653 1497 4694; x_wconf 87' lang='lat' dir='ltr'><strong>se</strong></span> <span class='ocrx_word' id='word_1_631' title='bbox 1536 4639 1790 4710; x_wconf 85' lang='lat' dir='ltr'><strong>ignorans</strong></span> <span class='ocrx_word' id='word_1_632' title='bbox 1821 4637 1965 4706; x_wconf 84' lang='lat' dir='ltr'><strong>judi-</strong></span> <span class='ocrx_word' id='word_1_633' title='bbox 1999 4656 2004 4660; x_wconf 64' lang='grc'><em>’</em></span> 
     </span>
    </p>
   </div>
   <div class='ocr_carea' id='block_1_80' title="bbox 387 4717 1962 4799">
    <p class='ocr_par' dir='ltr' id='par_1_80' title="bbox 387 4717 1962 4799">
     <span class='ocr_line' id='line_1_80' title="bbox 387 4717 1962 4799; baseline 0.009 -29"><span class='ocrx_word' id='word_1_634' title='bbox 387 4717 558 4781; x_wconf 91' lang='lat' dir='ltr'><strong>cium,</strong></span> <span class='ocrx_word' id='word_1_635' title='bbox 589 4719 711 4788; x_wconf 87' lang='lat' dir='ltr'><strong>quia</strong></span> <span class='ocrx_word' id='word_1_636' title='bbox 750 4731 1013 4777; x_wconf 88' lang='lat' dir='ltr'><strong>secretum</strong></span> <span class='ocrx_word' id='word_1_637' title='bbox 1043 4725 1212 4780; x_wconf 70' lang='lat' dir='ltr'><strong>solita:</strong></span> <span class='ocrx_word' id='word_1_638' title='bbox 1239 4729 1435 4796; x_wconf 90' lang='lat' dir='ltr'><strong>quietis</strong></span> <span class='ocrx_word' id='word_1_639' title='bbox 1463 4737 1517 4783; x_wconf 88' lang='lat' dir='ltr'><strong>et</strong></span> <span class='ocrx_word' id='word_1_640' title='bbox 1554 4738 1868 4799; x_wconf 77' lang='lat' dir='ltr'><strong>opportuna:</strong></span> <span class='ocrx_word' id='word_1_641' title='bbox 1897 4731 1962 4784; x_wconf 88' lang='lat' dir='ltr'><strong>ad</strong></span> 
     </span>
    </p>
   </div>
   <div class='ocr_carea' id='block_1_81' title="bbox 389 4810 1966 4884">
    <p class='ocr_par' dir='ltr' id='par_1_81' title="bbox 389 4810 1966 4884">
     <span class='ocr_line' id='line_1_81' title="bbox 389 4810 1966 4884; baseline 0.008 -23"><span class='ocrx_word' id='word_1_642' title='bbox 389 4816 440 4860; x_wconf 85' lang='lat' dir='ltr'><strong>te</strong></span> <span class='ocrx_word' id='word_1_643' title='bbox 466 4810 778 4875; x_wconf 88' lang='lat' dir='ltr'><strong>vacationis,</strong></span> <span class='ocrx_word' id='word_1_644' title='bbox 807 4812 949 4882; x_wconf 90' lang='lat' dir='ltr'><strong>quod</strong></span> <span class='ocrx_word' id='word_1_645' title='bbox 990 4815 1155 4869; x_wconf 88' lang='lat' dir='ltr'><strong>semel</strong></span> <span class='ocrx_word' id='word_1_646' title='bbox 1196 4816 1444 4872; x_wconf 88' lang='lat' dir='ltr'><strong>lncautus</strong></span> <span class='ocrx_word' id='word_1_647' title='bbox 1470 4820 1648 4884; x_wconf 75' lang='lat' dir='ltr'><strong>amisn,</strong></span> <span class='ocrx_word' id='word_1_648' title='bbox 1674 4820 1854 4874; x_wconf 90' lang='lat' dir='ltr'><strong>denuo</strong></span> <span class='ocrx_word' id='word_1_649' title='bbox 1885 4822 1966 4874; x_wconf 85' lang='lat' dir='ltr'><strong>in-</strong></span> 
     </span>
    </p>
   </div>
   <div class='ocr_carea' id='block_1_82' title="bbox 387 4899 1962 4980">
    <p class='ocr_par' dir='ltr' id='par_1_82' title="bbox 387 4899 1962 4980">
     <span class='ocr_line' id='line_1_82' title="bbox 387 4899 1962 4980; baseline 0.01 -30"><span class='ocrx_word' id='word_1_650' title='bbox 387 4899 572 4955; x_wconf 86' lang='lat' dir='ltr'><strong>venire</strong></span> <span class='ocrx_word' id='word_1_651' title='bbox 599 4917 703 4956; x_wconf 88' lang='lat' dir='ltr'><strong>non</strong></span> <span class='ocrx_word' id='word_1_652' title='bbox 733 4906 899 4973; x_wconf 87' lang='lat' dir='ltr'><strong>potui.</strong></span> <span class='ocrx_word' id='word_1_653' title='bbox 930 4905 1042 4962; x_wconf 79' lang='lat' dir='ltr'><strong>Hoc</strong></span> <span class='ocrx_word' id='word_1_654' title='bbox 1066 4915 1244 4961; x_wconf 89' lang='lat' dir='ltr'><strong>autem</strong></span> <span class='ocrx_word' id='word_1_655' title='bbox 1275 4917 1401 4977; x_wconf 90' lang='lat' dir='ltr'><strong>opto</strong></span> <span class='ocrx_word' id='word_1_656' title='bbox 1429 4909 1624 4973; x_wconf 89' lang='lat' dir='ltr'><strong>adhuc,</strong></span> <span class='ocrx_word' id='word_1_657' title='bbox 1653 4912 1886 4980; x_wconf 89' lang='lat' dir='ltr'><strong>suspiro,</strong></span> <span class='ocrx_word' id='word_1_658' title='bbox 1909 4921 1962 4965; x_wconf 84' lang='lat' dir='ltr'><strong>et</strong></span> 
     </span>
    </p>
   </div>
   <div class='ocr_carea' id='block_1_83' title="bbox 2071 3277 3667 3348">
    <p class='ocr_par' dir='ltr' id='par_1_83' title="bbox 2071 3277 3667 3348">
     <span class='ocr_line' id='line_1_83' title="bbox 2071 3277 3667 3348; baseline 0 -15"><span class='ocrx_word' id='word_1_659' title='bbox 2071 3280 2217 3334; x_wconf 90' lang='lat' dir='ltr'><strong>diam</strong></span> <span class='ocrx_word' id='word_1_660' title='bbox 2270 3287 2434 3348; x_wconf 88' lang='lat' dir='ltr'><strong>atque</strong></span> <span class='ocrx_word' id='word_1_661' title='bbox 2482 3278 2772 3332; x_wconf 87' lang='lat' dir='ltr'><strong>cautelam.</strong></span> <span class='ocrx_word' id='word_1_662' title='bbox 2828 3278 2903 3332; x_wconf 93' lang='lat' dir='ltr'><strong>Da</strong></span> <span class='ocrx_word' id='word_1_663' title='bbox 2959 3277 3143 3333; x_wconf 88' lang='lat' dir='ltr'><strong>locum</strong></span> <span class='ocrx_word' id='word_1_664' title='bbox 3184 3286 3240 3332; x_wconf 90' lang='lat' dir='ltr'><strong>et</strong></span> <span class='ocrx_word' id='word_1_665' title='bbox 3289 3279 3555 3346; x_wconf 85' lang='lat' dir='ltr'><strong>spatium,</strong></span> <span class='ocrx_word' id='word_1_666' title='bbox 3609 3288 3667 3333; x_wconf 86' lang='lat' dir='ltr'><strong>et</strong></span> 
     </span>
    </p>
   </div>
   <div class='ocr_carea' id='block_1_84' title="bbox 2074 3368 3665 3439">
    <p class='ocr_par' dir='ltr' id='par_1_84' title="bbox 2074 3368 3665 3439">
     <span class='ocr_line' id='line_1_84' title="bbox 2074 3368 3665 3439; baseline -0.001 -16"><span class='ocrx_word' id='word_1_667' title='bbox 2074 3369 2283 3425; x_wconf 85' lang='lat' dir='ltr'><strong>fructus</strong></span> <span class='ocrx_word' id='word_1_668' title='bbox 2311 3370 2503 3439; x_wconf 77' lang='lat' dir='ltr'><strong>dignos</strong></span> <span class='ocrx_word' id='word_1_669' title='bbox 2526 3369 2891 3439; x_wconf 60' lang='lat' dir='ltr'><strong>paenitentiae;</strong></span> <span class='ocrx_word' id='word_1_670' title='bbox 2937 3368 3004 3424; x_wconf 90' lang='lat' dir='ltr'><strong>da</strong></span> <span class='ocrx_word' id='word_1_671' title='bbox 3032 3385 3124 3424; x_wconf 88' lang='lat' dir='ltr'><strong>cor</strong></span> <span class='ocrx_word' id='word_1_672' title='bbox 3149 3371 3438 3425; x_wconf 87' lang='lat' dir='ltr'><strong>contritum</strong></span> <span class='ocrx_word' id='word_1_673' title='bbox 3481 3379 3535 3423; x_wconf 89' lang='lat' dir='ltr'><strong>et</strong></span> <span class='ocrx_word' id='word_1_674' title='bbox 3570 3370 3665 3423; x_wconf 82' lang='lat' dir='ltr'><strong>hu-</strong></span> 
     </span>
    </p>
   </div>
   <div class='ocr_carea' id='block_1_85' title="bbox 2073 3464 3666 3536">
    <p class='ocr_par' dir='ltr' id='par_1_85' title="bbox 2073 3464 3666 3536">
     <span class='ocr_line' id='line_1_85' title="bbox 2073 3464 3666 3536; baseline -0.003 -16"><span class='ocrx_word' id='word_1_675' title='bbox 2073 3465 2375 3530; x_wconf 89' lang='lat' dir='ltr'><strong>miliatum,</strong></span> <span class='ocrx_word' id='word_1_676' title='bbox 2423 3464 2489 3520; x_wconf 89' lang='lat' dir='ltr'><strong>da</strong></span> <span class='ocrx_word' id='word_1_677' title='bbox 2540 3466 2774 3536; x_wconf 77' lang='lat' dir='ltr'><strong>gratiam</strong></span> <span class='ocrx_word' id='word_1_678' title='bbox 2823 3464 3221 3531; x_wconf 77' lang='lat' dir='ltr'><strong>lacrymarum.</strong></span> <span class='ocrx_word' id='word_1_679' title='bbox 3269 3465 3335 3519; x_wconf 88' lang='lat' dir='ltr'><strong>da</strong></span> <span class='ocrx_word' id='word_1_680' title='bbox 3386 3465 3562 3523; x_wconf 87' lang='lat' dir='ltr'><strong>lumen</strong></span> <span class='ocrx_word' id='word_1_681' title='bbox 3613 3467 3666 3520; x_wconf 88' lang='lat' dir='ltr'><strong>in</strong></span> 
     </span>
    </p>
   </div>
   <div class='ocr_carea' id='block_1_86' title="bbox 2071 3557 3662 3628">
    <p class='ocr_par' dir='ltr' id='par_1_86' title="bbox 2071 3557 3662 3628">
     <span class='ocr_line' id='line_1_86' title="bbox 2071 3557 3662 3628; baseline -0.001 -15"><span class='ocrx_word' id='word_1_682' title='bbox 2071 3559 2257 3622; x_wconf 83' lang='lat' dir='ltr'><strong>corde,</strong></span> <span class='ocrx_word' id='word_1_683' title='bbox 2302 3557 2369 3612; x_wconf 90' lang='lat' dir='ltr'><strong>da</strong></span> <span class='ocrx_word' id='word_1_684' title='bbox 2397 3558 2542 3613; x_wconf 86' lang='lat' dir='ltr'><strong>vires</strong></span> <span class='ocrx_word' id='word_1_685' title='bbox 2580 3559 2632 3612; x_wconf 94' lang='lat' dir='ltr'><strong>in</strong></span> <span class='ocrx_word' id='word_1_686' title='bbox 2674 3572 2920 3628; x_wconf 88' lang='lat' dir='ltr'><strong>corpore,</strong></span> <span class='ocrx_word' id='word_1_687' title='bbox 2964 3558 3032 3614; x_wconf 87' lang='lat' dir='ltr'><strong>da</strong></span> <span class='ocrx_word' id='word_1_688' title='bbox 3073 3557 3222 3612; x_wconf 92' lang='lat' dir='ltr'><strong>illum</strong></span> <span class='ocrx_word' id='word_1_689' title='bbox 3260 3558 3458 3627; x_wconf 82' lang='lat' dir='ltr'><strong>ignem,</strong></span> <span class='ocrx_word' id='word_1_690' title='bbox 3502 3573 3662 3627; x_wconf 83' lang='lat' dir='ltr'><strong>quem</strong></span> 
     </span>
    </p>
   </div>
   <div class='ocr_carea' id='block_1_87' title="bbox 2071 3639 3661 3718">
    <p class='ocr_par' dir='ltr' id='par_1_87' title="bbox 2071 3639 3661 3718">
     <span class='ocr_line' id='line_1_87' title="bbox 2071 3639 3661 3718; baseline 0.001 -15"><span class='ocrx_word' id='word_1_691' title='bbox 2071 3649 2271 3703; x_wconf 87' lang='lat' dir='ltr'><strong>misisti</strong></span> <span class='ocrx_word' id='word_1_692' title='bbox 2301 3649 2528 3704; x_wconf 90' lang='lat' dir='ltr'><strong>veniens</strong></span> <span class='ocrx_word' id='word_1_693' title='bbox 2556 3650 2610 3703; x_wconf 93' lang='lat' dir='ltr'><strong>in</strong></span> <span class='ocrx_word' id='word_1_694' title='bbox 2639 3658 2859 3711; x_wconf 89' lang='lat' dir='ltr'><strong>terram,</strong></span> <span class='ocrx_word' id='word_1_695' title='bbox 2891 3657 2946 3704; x_wconf 92' lang='lat' dir='ltr'><strong>et</strong></span> <span class='ocrx_word' id='word_1_696' title='bbox 2968 3639 3129 3718; x_wconf 89' lang='lat' dir='ltr'><strong>quem</strong></span> <span class='ocrx_word' id='word_1_697' title='bbox 3153 3649 3236 3703; x_wconf 91' lang='lat' dir='ltr'><strong>vis</strong></span> <span class='ocrx_word' id='word_1_698' title='bbox 3262 3657 3320 3702; x_wconf 93' lang='lat' dir='ltr'><strong>ut</strong></span> <span class='ocrx_word' id='word_1_699' title='bbox 3347 3649 3552 3701; x_wconf 88' lang='lat' dir='ltr'><strong>ardeat.</strong></span> <span class='ocrx_word' id='word_1_700' title='bbox 3588 3651 3661 3704; x_wconf 83' lang='lat' dir='ltr'><strong>Da</strong></span> 
     </span>
    </p>
   </div>
   <div class='ocr_carea' id='block_1_88' title="bbox 2070 3737 3662 3809">
    <p class='ocr_par' dir='ltr' id='par_1_88' title="bbox 2070 3737 3662 3809">
     <span class='ocr_line' id='line_1_88' title="bbox 2070 3737 3662 3809; baseline -0.001 -15"><span class='ocrx_word' id='word_1_701' title='bbox 2070 3741 2263 3794; x_wconf 78' lang='lat' dir='ltr'><strong>ardere</strong></span> <span class='ocrx_word' id='word_1_702' title='bbox 2291 3739 2578 3793; x_wconf 87' lang='lat' dir='ltr'><strong>charitatis</strong></span> <span class='ocrx_word' id='word_1_703' title='bbox 2619 3739 2760 3809; x_wconf 85' lang='lat' dir='ltr'><strong>igne,</strong></span> <span class='ocrx_word' id='word_1_704' title='bbox 2803 3739 2871 3794; x_wconf 88' lang='lat' dir='ltr'><strong>da</strong></span> <span class='ocrx_word' id='word_1_705' title='bbox 2912 3739 3093 3794; x_wconf 88' lang='lat' dir='ltr'><strong>lucere</strong></span> <span class='ocrx_word' id='word_1_706' title='bbox 3125 3737 3444 3792; x_wconf 68' lang='lat' dir='ltr'><strong>obedientia:</strong></span> <span class='ocrx_word' id='word_1_707' title='bbox 3485 3739 3662 3807; x_wconf 84' lang='lat' dir='ltr'><strong>splen-</strong></span> 
     </span>
    </p>
   </div>
   <div class='ocr_carea' id='block_1_89' title="bbox 2071 3819 3659 3896">
    <p class='ocr_par' dir='ltr' id='par_1_89' title="bbox 2071 3819 3659 3896">
     <span class='ocr_line' id='line_1_89' title="bbox 2071 3819 3659 3896; baseline -0.003 -11"><span class='ocrx_word' id='word_1_708' title='bbox 2071 3831 2220 3891; x_wconf 84' lang='lat' dir='ltr'><strong>dore,</strong></span> <span class='ocrx_word' id='word_1_709' title='bbox 2250 3829 2315 3883; x_wconf 92' lang='lat' dir='ltr'><strong>da</strong></span> <span class='ocrx_word' id='word_1_710' title='bbox 2344 3819 2555 3884; x_wconf 89' lang='lat' dir='ltr'><strong>fervere</strong></span> <span class='ocrx_word' id='word_1_711' title='bbox 2583 3827 2887 3884; x_wconf 71' lang='lat' dir='ltr'><strong>dilectionis</strong></span> <span class='ocrx_word' id='word_1_712' title='bbox 2916 3843 3122 3894; x_wconf 90' lang='lat' dir='ltr'><strong>amore,</strong></span> <span class='ocrx_word' id='word_1_713' title='bbox 3155 3828 3222 3882; x_wconf 89' lang='lat' dir='ltr'><strong>da</strong></span> <span class='ocrx_word' id='word_1_714' title='bbox 3256 3828 3396 3881; x_wconf 89' lang='lat' dir='ltr'><strong>inter</strong></span> <span class='ocrx_word' id='word_1_715' title='bbox 3423 3828 3659 3896; x_wconf 83' lang='lat' dir='ltr'><strong>pericula</strong></span> 
     </span>
    </p>
   </div>
   <div class='ocr_carea' id='block_1_90' title="bbox 2020 3917 3659 3990">
    <p class='ocr_par' dir='ltr' id='par_1_90' title="bbox 2020 3917 3659 3990">
     <span class='ocr_line' id='line_1_90' title="bbox 2020 3917 3659 3990; baseline -0.001 -16"><span class='ocrx_word' id='word_1_716' title='bbox 2020 3969 2024 3974; x_wconf 88' lang='lat'><strong>.</strong></span> <span class='ocrx_word' id='word_1_717' title='bbox 2073 3921 2350 3977; x_wconf 91' lang='lat' dir='ltr'><strong>interitum</strong></span> <span class='ocrx_word' id='word_1_718' title='bbox 2381 3936 2488 3975; x_wconf 92' lang='lat' dir='ltr'><strong>non</strong></span> <span class='ocrx_word' id='word_1_719' title='bbox 2516 3921 2740 3984; x_wconf 91' lang='lat' dir='ltr'><strong>habere,</strong></span> <span class='ocrx_word' id='word_1_720' title='bbox 2767 3921 2836 3974; x_wconf 85' lang='lat' dir='ltr'><strong>da</strong></span> <span class='ocrx_word' id='word_1_721' title='bbox 2865 3920 2933 3976; x_wconf 91' lang='lat' dir='ltr'><strong>de</strong></span> <span class='ocrx_word' id='word_1_722' title='bbox 2957 3919 3211 3990; x_wconf 79' lang='lat' dir='ltr'><strong>periculis</strong></span> <span class='ocrx_word' id='word_1_723' title='bbox 3242 3917 3468 3972; x_wconf 77' lang='lat' dir='ltr'><strong>feliciter</strong></span> <span class='ocrx_word' id='word_1_724' title='bbox 3490 3919 3659 3980; x_wconf 75' lang='lat' dir='ltr'><strong>exire.</strong></span> 
     </span>
    </p>
   </div>
   <div class='ocr_carea' id='block_1_91' title="bbox 2070 4009 3662 4075">
    <p class='ocr_par' dir='ltr' id='par_1_91' title="bbox 2070 4009 3662 4075">
     <span class='ocr_line' id='line_1_91' title="bbox 2070 4009 3662 4075; baseline -0.003 -10"><span class='ocrx_word' id='word_1_725' title='bbox 2070 4011 2137 4066; x_wconf 90' lang='lat' dir='ltr'><strong>da</strong></span> <span class='ocrx_word' id='word_1_726' title='bbox 2169 4012 2236 4066; x_wconf 89' lang='lat' dir='ltr'><strong>ad</strong></span> <span class='ocrx_word' id='word_1_727' title='bbox 2272 4019 2420 4066; x_wconf 90' lang='lat' dir='ltr'><strong>tuam</strong></span> <span class='ocrx_word' id='word_1_728' title='bbox 2449 4011 2790 4067; x_wconf 88' lang='lat' dir='ltr'><strong>dulcedinem</strong></span> <span class='ocrx_word' id='word_1_729' title='bbox 2818 4009 3096 4075; x_wconf 86' lang='lat' dir='ltr'><strong>festinare,</strong></span> <span class='ocrx_word' id='word_1_730' title='bbox 3128 4011 3197 4065; x_wconf 90' lang='lat' dir='ltr'><strong>da</strong></span> <span class='ocrx_word' id='word_1_731' title='bbox 3227 4010 3293 4065; x_wconf 87' lang='lat' dir='ltr'><strong>ad</strong></span> <span class='ocrx_word' id='word_1_732' title='bbox 3326 4017 3470 4063; x_wconf 87' lang='lat' dir='ltr'><strong>tuam</strong></span> <span class='ocrx_word' id='word_1_733' title='bbox 3501 4010 3662 4063; x_wconf 86' lang='lat' dir='ltr'><strong>visio-</strong></span> 
     </span>
    </p>
   </div>
   <div class='ocr_carea' id='block_1_92' title="bbox 2069 4101 3660 4172">
    <p class='ocr_par' dir='ltr' id='par_1_92' title="bbox 2069 4101 3660 4172">
     <span class='ocr_line' id='line_1_92' title="bbox 2069 4101 3660 4172; baseline 0 -17"><span class='ocrx_word' id='word_1_734' title='bbox 2069 4116 2192 4155; x_wconf 88' lang='lat' dir='ltr'><strong>nem</strong></span> <span class='ocrx_word' id='word_1_735' title='bbox 2218 4101 2506 4172; x_wconf 88' lang='lat' dir='ltr'><strong>tranquille</strong></span> <span class='ocrx_word' id='word_1_736' title='bbox 2525 4102 2736 4166; x_wconf 87' lang='lat' dir='ltr'><strong>venire,</strong></span> <span class='ocrx_word' id='word_1_737' title='bbox 2759 4104 2826 4157; x_wconf 91' lang='lat' dir='ltr'><strong>da</strong></span> <span class='ocrx_word' id='word_1_738' title='bbox 2856 4110 2962 4156; x_wconf 69' lang='lat' dir='ltr'><strong>tute</strong></span> <span class='ocrx_word' id='word_1_739' title='bbox 2985 4103 3208 4158; x_wconf 86' lang='lat' dir='ltr'><strong>visionis</strong></span> <span class='ocrx_word' id='word_1_740' title='bbox 3229 4101 3660 4156; x_wconf 78' lang='lat' dir='ltr'><strong>manifestatione</strong></span> 
     </span>
    </p>
   </div>
   <div class='ocr_carea' id='block_1_93' title="bbox 2071 4191 3658 4264">
    <p class='ocr_par' dir='ltr' id='par_1_93' title="bbox 2071 4191 3658 4264">
     <span class='ocr_line' id='line_1_93' title="bbox 2071 4191 3658 4264; baseline 0 -17"><span class='ocrx_word' id='word_1_741' title='bbox 2071 4193 2382 4264; x_wconf 88' lang='lat' dir='ltr'><strong>perenniter</strong></span> <span class='ocrx_word' id='word_1_742' title='bbox 2403 4191 2614 4257; x_wconf 87' lang='lat' dir='ltr'><strong>satiari,</strong></span> <span class='ocrx_word' id='word_1_743' title='bbox 2642 4196 2708 4248; x_wconf 91' lang='lat' dir='ltr'><strong>da</strong></span> <span class='ocrx_word' id='word_1_744' title='bbox 2727 4203 2780 4246; x_wconf 88' lang='lat' dir='ltr'><strong>te</strong></span> <span class='ocrx_word' id='word_1_745' title='bbox 2797 4193 2850 4246; x_wconf 90' lang='lat' dir='ltr'><strong>in</strong></span> <span class='ocrx_word' id='word_1_746' title='bbox 2866 4193 3185 4248; x_wconf 63' lang='lat' dir='ltr'><strong>seculorum</strong></span> <span class='ocrx_word' id='word_1_747' title='bbox 3211 4195 3515 4250; x_wconf 66' lang='lat' dir='ltr'><strong>aeternitate</strong></span> <span class='ocrx_word' id='word_1_748' title='bbox 3542 4196 3658 4250; x_wconf 71' lang='lat' dir='ltr'><strong>sine</strong></span> 
     </span>
    </p>
   </div>
   <div class='ocr_carea' id='block_1_94' title="bbox 2073 4278 3658 4346">
    <p class='ocr_par' dir='ltr' id='par_1_94' title="bbox 2073 4278 3658 4346">
     <span class='ocr_line' id='line_1_94' title="bbox 2073 4278 3658 4346; baseline 0.001 -10"><span class='ocrx_word' id='word_1_749' title='bbox 2073 4282 2178 4337; x_wconf 92' lang='lat' dir='ltr'><strong>ﬁne</strong></span> <span class='ocrx_word' id='word_1_750' title='bbox 2207 4281 2447 4336; x_wconf 84' lang='lat' dir='ltr'><strong>laudare.</strong></span> <span class='ocrx_word' id='word_1_751' title='bbox 2491 4278 2619 4336; x_wconf 78' lang='lat' dir='ltr'><strong>Iesu</strong></span> <span class='ocrx_word' id='word_1_752' title='bbox 2658 4280 2759 4334; x_wconf 87' lang='lat' dir='ltr'><strong>Fili</strong></span> <span class='ocrx_word' id='word_1_753' title='bbox 2807 4279 2976 4335; x_wconf 86' lang='lat' dir='ltr'><strong>David</strong></span> <span class='ocrx_word' id='word_1_754' title='bbox 3003 4281 3263 4335; x_wconf 79' lang='lat' dir='ltr'><strong>miserere</strong></span> <span class='ocrx_word' id='word_1_755' title='bbox 3289 4283 3419 4346; x_wconf 88' lang='lat' dir='ltr'><strong>mei,</strong></span> <span class='ocrx_word' id='word_1_756' title='bbox 3462 4284 3658 4338; x_wconf 90' lang='lat' dir='ltr'><strong>illumi-</strong></span> 
     </span>
    </p>
   </div>
   <div class='ocr_carea' id='block_1_95' title="bbox 2071 4370 3654 4439">
    <p class='ocr_par' dir='ltr' id='par_1_95' title="bbox 2071 4370 3654 4439">
     <span class='ocr_line' id='line_1_95' title="bbox 2071 4370 3654 4439; baseline -0.001 -11"><span class='ocrx_word' id='word_1_757' title='bbox 2071 4389 2209 4429; x_wconf 89' lang='lat' dir='ltr'><strong>nans</strong></span> <span class='ocrx_word' id='word_1_758' title='bbox 2232 4372 2418 4427; x_wconf 90' lang='lat' dir='ltr'><strong>oculos</strong></span> <span class='ocrx_word' id='word_1_759' title='bbox 2441 4387 2614 4436; x_wconf 85' lang='lat' dir='ltr'><strong>meos,</strong></span> <span class='ocrx_word' id='word_1_760' title='bbox 2642 4379 2697 4426; x_wconf 89' lang='lat' dir='ltr'><strong>ut</strong></span> <span class='ocrx_word' id='word_1_761' title='bbox 2727 4370 2962 4435; x_wconf 89' lang='lat' dir='ltr'><strong>videam,</strong></span> <span class='ocrx_word' id='word_1_762' title='bbox 2992 4385 3098 4438; x_wconf 93' lang='lat' dir='ltr'><strong>quo</strong></span> <span class='ocrx_word' id='word_1_763' title='bbox 3123 4370 3190 4424; x_wconf 87' lang='lat' dir='ltr'><strong>ad</strong></span> <span class='ocrx_word' id='word_1_764' title='bbox 3229 4379 3282 4425; x_wconf 86' lang='lat' dir='ltr'><strong>te</strong></span> <span class='ocrx_word' id='word_1_765' title='bbox 3311 4373 3654 4439; x_wconf 87' lang='lat' dir='ltr'><strong>perveniam;</strong></span> 
     </span>
    </p>
   </div>
   <div class='ocr_carea' id='block_1_96' title="bbox 2073 4461 3652 4534">
    <p class='ocr_par' dir='ltr' id='par_1_96' title="bbox 2073 4461 3652 4534">
     <span class='ocr_line' id='line_1_96' title="bbox 2073 4461 3652 4534; baseline -0.001 -17"><span class='ocrx_word' id='word_1_766' title='bbox 2073 4463 2295 4519; x_wconf 75' lang='lat' dir='ltr'><strong>firtnans</strong></span> <span class='ocrx_word' id='word_1_767' title='bbox 2335 4463 2388 4518; x_wconf 93' lang='lat' dir='ltr'><strong>in</strong></span> <span class='ocrx_word' id='word_1_768' title='bbox 2429 4471 2481 4516; x_wconf 91' lang='lat' dir='ltr'><strong>te</strong></span> <span class='ocrx_word' id='word_1_769' title='bbox 2521 4477 2736 4534; x_wconf 87' lang='lat' dir='ltr'><strong>gressus</strong></span> <span class='ocrx_word' id='word_1_770' title='bbox 2775 4476 2943 4520; x_wconf 84' lang='lat' dir='ltr'><strong>meos.</strong></span> <span class='ocrx_word' id='word_1_771' title='bbox 2987 4475 3053 4514; x_wconf 91' lang='lat' dir='ltr'><strong>ne</strong></span> <span class='ocrx_word' id='word_1_772' title='bbox 3083 4461 3450 4530; x_wconf 83' lang='lat' dir='ltr'><strong>transgrediar</strong></span> <span class='ocrx_word' id='word_1_773' title='bbox 3477 4463 3652 4520; x_wconf 85' lang='lat' dir='ltr'><strong>viam;</strong></span> 
     </span>
    </p>
   </div>
   <div class='ocr_carea' id='block_1_97' title="bbox 2069 4548 3653 4632">
    <p class='ocr_par' dir='ltr' id='par_1_97' title="bbox 2069 4548 3653 4632">
     <span class='ocr_line' id='line_1_97' title="bbox 2069 4548 3653 4632; baseline -0.001 -28"><span class='ocrx_word' id='word_1_774' title='bbox 2069 4552 2318 4619; x_wconf 89' lang='lat' dir='ltr'><strong>aperiens</strong></span> <span class='ocrx_word' id='word_1_775' title='bbox 2341 4565 2403 4605; x_wconf 93' lang='lat' dir='ltr'><strong>os</strong></span> <span class='ocrx_word' id='word_1_776' title='bbox 2432 4565 2629 4613; x_wconf 89' lang='lat' dir='ltr'><strong>meum,</strong></span> <span class='ocrx_word' id='word_1_777' title='bbox 2657 4559 2717 4604; x_wconf 91' lang='lat' dir='ltr'><strong>ut</strong></span> <span class='ocrx_word' id='word_1_778' title='bbox 2743 4550 2944 4620; x_wconf 86' lang='lat' dir='ltr'><strong>possim</strong></span> <span class='ocrx_word' id='word_1_779' title='bbox 2971 4549 3034 4604; x_wconf 85' lang='lat' dir='ltr'><strong>de</strong></span> <span class='ocrx_word' id='word_1_780' title='bbox 3066 4559 3116 4603; x_wconf 92' lang='lat' dir='ltr'><strong>te</strong></span> <span class='ocrx_word' id='word_1_781' title='bbox 3146 4548 3429 4632; x_wconf 73' lang='lat' dir='ltr'><strong>loqui,_qui</strong></span> <span class='ocrx_word' id='word_1_782' title='bbox 3462 4549 3653 4603; x_wconf 71' lang='lat' dir='ltr'><strong>dedisti</strong></span> 
     </span>
    </p>
   </div>
   <div class='ocr_carea' id='block_1_98' title="bbox 2069 4639 3652 4710">
    <p class='ocr_par' dir='ltr' id='par_1_98' title="bbox 2069 4639 3652 4710">
     <span class='ocr_line' id='line_1_98' title="bbox 2069 4639 3652 4710; baseline 0 -16"><span class='ocrx_word' id='word_1_783' title='bbox 2069 4640 2201 4694; x_wconf 90' lang='lat' dir='ltr'><strong>mihi</strong></span> <span class='ocrx_word' id='word_1_784' title='bbox 2245 4639 2379 4694; x_wconf 88' lang='lat' dir='ltr'><strong>velle</strong></span> <span class='ocrx_word' id='word_1_785' title='bbox 2425 4648 2539 4703; x_wconf 87' lang='lat' dir='ltr'><strong>tua,</strong></span> <span class='ocrx_word' id='word_1_786' title='bbox 2581 4649 2853 4710; x_wconf 89' lang='lat' dir='ltr'><strong>utcunque</strong></span> <span class='ocrx_word' id='word_1_787' title='bbox 2893 4641 3182 4709; x_wconf 87' lang='lat' dir='ltr'><strong>potuerim,</strong></span> <span class='ocrx_word' id='word_1_788' title='bbox 3226 4641 3391 4709; x_wconf 91' lang='lat' dir='ltr'><strong>loqui.</strong></span> <span class='ocrx_word' id='word_1_789' title='bbox 3433 4641 3499 4696; x_wconf 79' lang='lat' dir='ltr'><strong>Et</strong></span> <span class='ocrx_word' id='word_1_790' title='bbox 3528 4643 3652 4708; x_wconf 83' lang='lat' dir='ltr'><strong>quia</strong></span> 
     </span>
    </p>
   </div>
   <div class='ocr_carea' id='block_1_99' title="bbox 2068 4728 3650 4798">
    <p class='ocr_par' dir='ltr' id='par_1_99' title="bbox 2068 4728 3650 4798">
     <span class='ocr_line' id='line_1_99' title="bbox 2068 4728 3650 4798; baseline 0.002 -16"><span class='ocrx_word' id='word_1_791' title='bbox 2068 4728 2284 4784; x_wconf 91' lang='lat' dir='ltr'><strong>dilectio</strong></span> <span class='ocrx_word' id='word_1_792' title='bbox 2333 4729 2562 4798; x_wconf 79' lang='lat' dir='ltr'><strong>proximi</strong></span> <span class='ocrx_word' id='word_1_793' title='bbox 2613 4731 2839 4784; x_wconf 64' lang='lat' dir='ltr'><strong>inhaeret</strong></span> <span class='ocrx_word' id='word_1_794' title='bbox 2886 4732 3160 4788; x_wconf 88' lang='lat' dir='ltr'><strong>dilectioni</strong></span> <span class='ocrx_word' id='word_1_795' title='bbox 3215 4743 3350 4798; x_wconf 67' lang='lat' dir='ltr'><strong>tuae,</strong></span> <span class='ocrx_word' id='word_1_796' title='bbox 3401 4733 3466 4785; x_wconf 84' lang='lat' dir='ltr'><strong>da</strong></span> <span class='ocrx_word' id='word_1_797' title='bbox 3521 4733 3650 4785; x_wconf 87' lang='lat' dir='ltr'><strong>mihi</strong></span> 
     </span>
    </p>
   </div>
   <div class='ocr_carea' id='block_1_100' title="bbox 2069 4816 3653 4889">
    <p class='ocr_par' dir='ltr' id='par_1_100' title="bbox 2069 4816 3653 4889">
     <span class='ocr_line' id='line_1_100' title="bbox 2069 4816 3653 4889; baseline 0.001 -14"><span class='ocrx_word' id='word_1_798' title='bbox 2069 4835 2325 4876; x_wconf 75' lang='lat' dir='ltr'><strong>exercere</strong></span> <span class='ocrx_word' id='word_1_799' title='bbox 2352 4819 2640 4874; x_wconf 90' lang='lat' dir='ltr'><strong>utilitatem</strong></span> <span class='ocrx_word' id='word_1_800' title='bbox 2667 4819 2800 4888; x_wconf 85' lang='lat' dir='ltr'><strong>eius,</strong></span> <span class='ocrx_word' id='word_1_801' title='bbox 2835 4837 2953 4889; x_wconf 67' lang='lat' dir='ltr'><strong>qua!</strong></span> <span class='ocrx_word' id='word_1_802' title='bbox 2983 4822 3178 4878; x_wconf 85' lang='lat' dir='ltr'><strong>formet</strong></span> <span class='ocrx_word' id='word_1_803' title='bbox 3203 4824 3429 4878; x_wconf 87' lang='lat' dir='ltr'><strong>salutem</strong></span> <span class='ocrx_word' id='word_1_804' title='bbox 3463 4822 3533 4875; x_wconf 86' lang='lat' dir='ltr'><strong>illi</strong></span> <span class='ocrx_word' id='word_1_805' title='bbox 3553 4816 3653 4882; x_wconf 49' lang='lat' dir='ltr'><strong>[et</strong></span> 
     </span>
    </p>
   </div>
   <div class='ocr_carea' id='block_1_101' title="bbox 2069 4910 3575 4983">
    <p class='ocr_par' dir='ltr' id='par_1_101' title="bbox 2069 4910 3575 4983">
     <span class='ocr_line' id='line_1_101' title="bbox 2069 4910 3575 4983; baseline 0.001 -19"><span class='ocrx_word' id='word_1_806' title='bbox 2069 4911 2346 4982; x_wconf 86' lang='lat' dir='ltr'><strong>perveniat</strong></span> <span class='ocrx_word' id='word_1_807' title='bbox 2372 4911 2424 4965; x_wconf 92' lang='lat' dir='ltr'><strong>in</strong></span> <span class='ocrx_word' id='word_1_808' title='bbox 2452 4910 2662 4966; x_wconf 89' lang='lat' dir='ltr'><strong>laudem</strong></span> <span class='ocrx_word' id='word_1_809' title='bbox 2686 4920 2742 4966; x_wconf 90' lang='lat' dir='ltr'><strong>et</strong></span> <span class='ocrx_word' id='word_1_810' title='bbox 2764 4913 2988 4983; x_wconf 89' lang='lat' dir='ltr'><strong>gloriam</strong></span> <span class='ocrx_word' id='word_1_811' title='bbox 3010 4914 3241 4969; x_wconf 91' lang='lat' dir='ltr'><strong>nominis</strong></span> <span class='ocrx_word' id='word_1_812' title='bbox 3264 4913 3357 4966; x_wconf 91' lang='lat' dir='ltr'><strong>tui.</strong></span> <span class='ocrx_word' id='word_1_813' title='bbox 3385 4910 3575 4966; x_wconf 82' lang='lat' dir='ltr'><strong>Amen.</strong></span> 
     </span>
    </p>
   </div>
   <div class='ocr_carea' id='block_1_102' title="bbox 424 5047 3637 5076">
    <p class='ocr_par' dir='ltr' id='par_1_102' title="bbox 424 5047 3637 5076">
     <span class='ocr_line' id='line_1_102' title="bbox 424 5047 3637 5076; baseline 0.002 -5"><span class='ocrx_word' id='word_1_814' title='bbox 424 5047 3637 5076; x_wconf 57' lang='lat' dir='ltr'><strong>MM</strong></span> 
     </span>
    </p>
   </div>
   <div class='ocr_carea' id='block_1_103' title="bbox 1159 5169 2884 5290">
    <p class='ocr_par' dir='ltr' id='par_1_103' title="bbox 1159 5169 2884 5290">
     <span class='ocr_line' id='line_1_103' title="bbox 1159 5169 2884 5290; baseline 0.003 -8"><span class='ocrx_word' id='word_1_815' title='bbox 1159 5169 2030 5285; x_wconf 89' lang='lat' dir='ltr'><strong>DISPUTATIO</strong></span> <span class='ocrx_word' id='word_1_816' title='bbox 2117 5173 2884 5290; x_wconf 84' lang='lat' dir='ltr'><strong>PUERORUM</strong></span> 
     </span>
    </p>
   </div>
   <div class='ocr_carea' id='block_1_104' title="bbox 977 5364 3053 5435">
    <p class='ocr_par' dir='ltr' id='par_1_104' title="bbox 977 5364 3053 5435">
     <span class='ocr_line' id='line_1_104' title="bbox 977 5364 3053 5435; baseline 0.005 -13"><span class='ocrx_word' id='word_1_817' title='bbox 977 5364 1142 5424; x_wconf 81' lang='lat' dir='ltr'><strong>PER</strong></span> <span class='ocrx_word' id='word_1_818' title='bbox 1203 5364 2107 5428; x_wconf 76' lang='lat' dir='ltr'><strong>INTERROGATIONES</strong></span> <span class='ocrx_word' id='word_1_819' title='bbox 2166 5367 2279 5426; x_wconf 83' lang='lat' dir='ltr'><strong>ET</strong></span> <span class='ocrx_word' id='word_1_820' title='bbox 2342 5369 3053 5435; x_wconf 77' lang='lat' dir='ltr'><strong>RESPONSIONES.</strong></span> 
     </span>
    </p>
   </div>
   <div class='ocr_carea' id='block_1_105' title="bbox 711 5548 1621 5620">
    <p class='ocr_par' dir='ltr' id='par_1_105' title="bbox 711 5548 1621 5620">
     <span class='ocr_line' id='line_1_105' title="bbox 711 5548 1621 5620; baseline -0.013 0"><span class='ocrx_word' id='word_1_821' title='bbox 711 5548 876 5620; x_wconf 67' lang='lat'><strong>518</strong></span> <span class='ocrx_word' id='word_1_822' title='bbox 910 5548 1226 5606; x_wconf 79' lang='lat' dir='ltr'><strong>MONI&#39;I‘UM</strong></span> <span class='ocrx_word' id='word_1_823' title='bbox 1265 5552 1621 5611; x_wconf 62' lang='lat' dir='ltr'><strong>rnmku.</strong></span> 
     </span>
    </p>
   </div>
   <div class='ocr_carea' id='block_1_106' title="bbox 458 5633 1959 5704">
    <p class='ocr_par' dir='ltr' id='par_1_106' title="bbox 458 5633 1959 5704">
     <span class='ocr_line' id='line_1_106' title="bbox 458 5633 1959 5704; baseline 0.006 -15"><span class='ocrx_word' id='word_1_824' title='bbox 458 5633 606 5704; x_wconf 88' lang='lat' dir='ltr'><strong>Quod</strong></span> <span class='ocrx_word' id='word_1_825' title='bbox 633 5636 752 5691; x_wconf 90' lang='lat' dir='ltr'><strong>loco</strong></span> <span class='ocrx_word' id='word_1_826' title='bbox 780 5640 1013 5693; x_wconf 84' lang='lat' dir='ltr'><strong>secundo</strong></span> <span class='ocrx_word' id='word_1_827' title='bbox 1042 5639 1183 5693; x_wconf 86' lang='lat' dir='ltr'><strong>inter</strong></span> <span class='ocrx_word' id='word_1_828' title='bbox 1208 5641 1369 5696; x_wconf 87' lang='lat' dir='ltr'><strong>dubia</strong></span> <span class='ocrx_word' id='word_1_829' title='bbox 1396 5642 1537 5698; x_wconf 87' lang='lat' dir='ltr'><strong>beati</strong></span> <span class='ocrx_word' id='word_1_830' title='bbox 1566 5643 1777 5697; x_wconf 80' lang='lat' dir='ltr'><strong>Alcuini</strong></span> <span class='ocrx_word' id='word_1_831' title='bbox 1805 5644 1959 5697; x_wconf 80' lang='lat' dir='ltr'><strong>exhi-</strong></span> 
     </span>
    </p>
   </div>
   <div class='ocr_carea' id='block_1_107' title="bbox 392 5707 1961 5780">
    <p class='ocr_par' dir='ltr' id='par_1_107' title="bbox 392 5707 1961 5780">
     <span class='ocr_line' id='line_1_107' title="bbox 392 5707 1961 5780; baseline 0.001 -15"><span class='ocrx_word' id='word_1_832' title='bbox 392 5707 576 5765; x_wconf 82' lang='lat' dir='ltr'><strong>bemus</strong></span> <span class='ocrx_word' id='word_1_833' title='bbox 597 5708 907 5777; x_wconf 84' lang='lat' dir='ltr'><strong>opusculum</strong></span> <span class='ocrx_word' id='word_1_834' title='bbox 936 5709 988 5762; x_wconf 91' lang='lat' dir='ltr'><strong>in</strong></span> <span class='ocrx_word' id='word_1_835' title='bbox 1016 5719 1324 5780; x_wconf 85' lang='lat' dir='ltr'><strong>pervetusto</strong></span> <span class='ocrx_word' id='word_1_836' title='bbox 1351 5714 1533 5767; x_wconf 89' lang='lat' dir='ltr'><strong>codice</strong></span> <span class='ocrx_word' id='word_1_837' title='bbox 1559 5728 1659 5768; x_wconf 91' lang='lat' dir='ltr'><strong>ms.</strong></span> <span class='ocrx_word' id='word_1_838' title='bbox 1689 5712 1961 5768; x_wconf 81' lang='lat' dir='ltr'><strong>Salisbur-</strong></span> 
     </span>
    </p>
   </div>
   <div class='ocr_carea' id='block_1_108' title="bbox 787 5797 1193 5862">
    <p class='ocr_par' dir='ltr' id='par_1_108' title="bbox 787 5797 1193 5862">
     <span class='ocr_line' id='line_1_108' title="bbox 787 5797 1193 5862; baseline 0.007 -6"><span class='ocrx_word' id='word_1_839' title='bbox 787 5797 1057 5857; x_wconf 69' lang='lat' dir='ltr'><strong>Pnnon.</strong></span> <span class='ocrx_word' id='word_1_840' title='bbox 1096 5800 1193 5862; x_wconf 86' lang='lat' dir='ltr'><strong>Cl.</strong></span> 
     </span>
    </p>
   </div>
   <div class='ocr_carea' id='block_1_109' title="bbox 2132 5567 3643 5639">
    <p class='ocr_par' dir='ltr' id='par_1_109' title="bbox 2132 5567 3643 5639">
     <span class='ocr_line' id='line_1_109' title="bbox 2132 5567 3643 5639; baseline -0.002 -11"><span class='ocrx_word' id='word_1_841' title='bbox 2132 5574 2214 5628; x_wconf 88' lang='lat' dir='ltr'><strong>nsi</strong></span> <span class='ocrx_word' id='word_1_842' title='bbox 2241 5572 2346 5628; x_wconf 89' lang='lat'><strong>900</strong></span> <span class='ocrx_word' id='word_1_843' title='bbox 2367 5588 2653 5637; x_wconf 86' lang='lat' dir='ltr'><strong>annorum,</strong></span> <span class='ocrx_word' id='word_1_844' title='bbox 2685 5582 2868 5629; x_wconf 86' lang='lat' dir='ltr'><strong>notato</strong></span> <span class='ocrx_word' id='word_1_845' title='bbox 2892 5587 3038 5626; x_wconf 89' lang='lat' dir='ltr'><strong>num.</strong></span> <span class='ocrx_word' id='word_1_846' title='bbox 3065 5570 3149 5633; x_wconf 82' lang='lat'><strong>67,</strong></span> <span class='ocrx_word' id='word_1_847' title='bbox 3176 5567 3643 5639; x_wconf 82' lang='lat' dir='ltr'><strong>deprebemlimus.</strong></span> 
     </span>
    </p>
   </div>
   <div class='ocr_carea' id='block_1_110' title="bbox 2114 5639 3644 5708">
    <p class='ocr_par' dir='ltr' id='par_1_110' title="bbox 2114 5639 3644 5708">
     <span class='ocr_line' id='line_1_110' title="bbox 2114 5639 3644 5708; baseline -0.002 -11"><span class='ocrx_word' id='word_1_848' title='bbox 2114 5644 2326 5697; x_wconf 84' lang='lat' dir='ltr'><strong>ueniam</strong></span> <span class='ocrx_word' id='word_1_849' title='bbox 2357 5657 2486 5696; x_wconf 86' lang='lat' dir='ltr'><strong>vero</strong></span> <span class='ocrx_word' id='word_1_850' title='bbox 2521 5644 2722 5696; x_wconf 89' lang='lat' dir='ltr'><strong>nullum</strong></span> <span class='ocrx_word' id='word_1_851' title='bbox 2756 5642 2992 5697; x_wconf 81' lang='lat' dir='ltr'><strong>auctoris</strong></span> <span class='ocrx_word' id='word_1_852' title='bbox 3025 5653 3216 5693; x_wconf 85' lang='lat' dir='ltr'><strong>nomen</strong></span> <span class='ocrx_word' id='word_1_853' title='bbox 3260 5639 3327 5692; x_wconf 87' lang='lat' dir='ltr'><strong>ibi</strong></span> <span class='ocrx_word' id='word_1_854' title='bbox 3371 5643 3644 5708; x_wconf 58' lang='lat' dir='ltr'><strong>pra’lixum</strong></span> 
     </span>
    </p>
   </div>
   <div class='ocr_carea' id='block_1_111' title="bbox 2067 5709 3642 5780">
    <p class='ocr_par' dir='ltr' id='par_1_111' title="bbox 2067 5709 3642 5780">
     <span class='ocr_line' id='line_1_111' title="bbox 2067 5709 3642 5780; baseline -0.003 -12"><span class='ocrx_word' id='word_1_855' title='bbox 2067 5709 2229 5779; x_wconf 75' lang='lat' dir='ltr'><strong>esset,</strong></span> <span class='ocrx_word' id='word_1_856' title='bbox 2255 5713 2620 5766; x_wconf 63' lang='lat' dir='ltr'><strong>haesitat-imus</strong></span> <span class='ocrx_word' id='word_1_857' title='bbox 2651 5712 2955 5780; x_wconf 83' lang='lat' dir='ltr'><strong>aliquandiu</strong></span> <span class='ocrx_word' id='word_1_858' title='bbox 2979 5726 3043 5762; x_wconf 91' lang='lat' dir='ltr'><strong>an</strong></span> <span class='ocrx_word' id='word_1_859' title='bbox 3068 5710 3193 5761; x_wconf 90' lang='lat' dir='ltr'><strong>illud</strong></span> <span class='ocrx_word' id='word_1_860' title='bbox 3220 5711 3374 5761; x_wconf 83' lang='lat' dir='ltr'><strong>beato</strong></span> <span class='ocrx_word' id='word_1_861' title='bbox 3398 5709 3642 5773; x_wconf 80' lang='lat' dir='ltr'><strong>Alcuino.</strong></span> 
     </span>
    </p>
   </div>
   <div class='ocr_carea' id='block_1_112' title="bbox 3135 5799 3249 5858">
    <p class='ocr_par' dir='ltr' id='par_1_112' title="bbox 3135 5799 3249 5858">
     <span class='ocr_line' id='line_1_112' title="bbox 3135 5799 3249 5858; baseline -0.026 0"><span class='ocrx_word' id='word_1_862' title='bbox 3135 5799 3249 5858; x_wconf 83' lang='lat'><strong>35.</strong></span> 
     </span>
    </p>
   </div>
  </div>
