4254 6214
656 335 788 392 1099

1477 327 1534 378 ις.
1577 324 1636 376 ι’.
1675 299 1895 375 ALBN
1935 323 2062 376 seu
2103 318 2376 374 ALCUINI
2414 316 2694 372 OPERUM
2735 315 2910 370 PARS
2946 317 3075 370 wn.

3793 31 3814 46 .-
3875 4 4178 88 θ”.εντπῗτῆ

3749 311 3898 366 1100

651 462 716 501 au
743 443 892 496 alteri
914 439 1057 493 illius
1080 436 1176 516 _zeri
1201 435 1608 516 scriptoriesse‘t
1634 432 2046 516 attribucndum.
2075 428 2206 516 Nec-
2235 434 2282 491 Α
2310 429 2452 498 cipio
2480 427 2660 496 operis
2707 426 3043 492 Conditoris;
3076 426 3278 479 idcirco
3324 425 3389 477 si.
3418 431 3611 478 vestra:
3636 422 3900 478 domina-

649 498 774 567 ilum
800 524 927 563 vero
965 508 1097 562 certi
1135 498 1402 574 quidpiam
1440 503 1508 574 de
1543 502 1632 574 illo
1667 502 2016 574 pronuntiare
2047 498 2210 574 aude-

653 566 788 643 mus,
818 577 1061 648 quamvis
1102 566 1334 628 rationes
1371 566 1692 648 handleres
1721 571 1828 648 sint
1853 583 1970 648 quae
1995 582 2094 635 pro
2121 566 2210 618 Al-

651 639 808 704 cuinc
839 639 1086 716 'puguant
1111 685 1124 708 ,
1169 658 1303 711 quas
1344 640 1569 696 eruditis
1602 639 1976 706 ldijudicandas
2019 651 2213 708 propo-

653 733 845 772 ulmus.
1258 731 1263 736 '

722 785 900 841 Primo
944 797 1172 850 namque
1214 781 1266 836 in
1313 779 1498 850 eodem
1543 776 1724 832 codice
1769 775 1871 829 alia
1917 774 2211 828 indubitata

653 854 858 908 Alcuini
908 848 1159 920 opuscula
1212 848 1570 920 continentur,
1623 854 1679 897 et
1722 853 1851 920 post
1896 851 2213 920 praesentem

657 910 963 978 Tractatum
989 919 1173 972 eadem
1200 931 1358 985 manu
1397 915 1696 985 descriptus
1722 910 1948 985 habetur
1975 910 2212 980 ejusdem

652 988 1078 1048 Commentarios
1121 987 1174 1040 in
1213 984 1442 1054 psalmos
1475 981 1884 1054 poeni'tentiales,
1924 989 2052 1054 et_c.,
2091 993 2214 1054 cum

653 1058 878 1130 epistola
896 1058 966 1130 ad
983 1047 1250 1130 Arnonerii
1277 1047 1748 1130 archiepiscopum.
1779 1049 2023 1130 Secundo
2046 1047 2214 1130 _stylu_s

657 1115 708 1183 ei
755 1126 1034 1181 methodus
1070 1122 1228 1186 lmjus
1267 1115 1527 1174 tractatus
1563 1115 1701 1188 st'ylo
1742 1130 1805 1172 ac
1845 1115 2215 1172 methodoAl-
2277 1159 2281 1164 .

656 1198 797 1254 enini
824 1199 900 1250 ita
919 1194 1118 1250 similes
1139 1200 1281 1253 sunt,
1303 1199 1361 1243 ut
1381 1205 1537 1244 ovum
1564 1204 1680 1245 ovo.
1706 1188 1847 1255 quod
1870 1202 2046 1250 nemo,
2073 1199 2212 1248 reor,

659 1265 1000 1331 inficiabitur,
1031 1262 1121 1331 qui
1147 1263 1210 1328 vin
1241 1258 1578 1331 scriptisriri
1606 1255 1939 1331 celeberrimi
1975 1264 2217 1309 versatus

656 1325 815 1388 fuerit
855 1331 867 1386 Ξ
914 1323 1009 1386 nec
1048 1323 1366 1385 aliusalius
1412 1327 1551 1380 illius
1593 1327 1784 1390 aetatis,
1829 1340 1932 1393 qua
1980 1338 2217 1394 priesens

660 1402 981 1474 Opusculum
1010 1408 1284 1474 exaratum
1305 1407 1439 1450 “esse
1466 1397 1714 1474 diximus,
1746 1404 1835 1474 aut
1854 1393 2214 1474 anteriora“-

656 1463 775 1541 qciis
811 1471 1036 1541 scriptor
1069 1467 1510 1541 ostendipote‘st,
1548 1465 1632 1541 cui
1673 1463 1969 1541 stylusille
2010 1463 2220 1541 metho-

653 1532 868 1609 Jusque
899 1532 1386 1609 magis_conveuja_t.
1427 1534 1988 1609 _(Loiitinettir_iiiempei'
2026 1532 2080 1584 in
2121 1532 2218 1609 hoc

655 1599 883 1676 seripto,
907 1599 1018 1676 sub
1055 1603 1227 1676 forma
1251 1602 1462 1676 dialogi,
1491 1602 1694 1676 lueris
1718 1600 1801 1654 illa
1833 1599 2220 1676 Conﬂuentatio

659 1681 724 1731 iu‘
741 1669 864 1731 illud
892 1675 1112 1727 Genesis
1137 1693 1147 1726 :
1181 1669 1463 1724 Faciamus
1491 1671 1746 1724 hominem
1777 1671 1844 1722 ad
1871 1669 2146 1737 imaginem
2169 1678 2217 1719 et

661 1745 1345 1821 similitudinem-nostram,
1389 1755 1546 1807 quam
1587 1741 1672 1819 eL.
1699 1739 2084 1821 Quercetanlt‘ts,
2126 1737 2216 1816 dc-
2243 1762 2291 1821 ,Β

663 1826 832 1878 tracta
853 1813 1020 1867 forma
1050 1811 1326 1879 dialogiea,
1351 1805 1473 1877 post
1490 1809 1876 1879 expositionem
1910 1809 1962 1860 in
1983 1805 2214 1879 Genesin

667 1876 831 1937 edidit
860 1897 925 1933 ex
954 1880 1069 1933 cod.
1114 1875 1215 1931 ms:
1255 1875 1544 1940 Sirmondi,
1567 1875 1672 1931 'ubi
1710 1875 1954 1929 exstabat
1993 1875 2090 1928 sub
2127 1889 2219 1926 uo-

671 1953 808 2005 minc
847 1949 1052 2004 Aleuini
1098 1960 1142 1999 ο.
1190 1947 1255 2000 Et
1291 1947 1590 2000 verosimile
1627 1945 1782 1999 nobis
1819 1945 2049 2008 videtur,
2083 1944 2220 1996 hanc

666 2024 832 2091 ipsam
855 2017 1449 2091 commentaliunculam
1489 2031 1519 2068 a
1553 2015 1926 2091 quopiam_pro
1964 2011 2219 2091 singuiari

666 2080 762 2144 risu
789 2103 886 2143 suo
914 2102 978 2140 ex
1009 2088 1172 2139 hocce
1213 2080 1750 2153 Dialogogextr‘actam
1788 2080 2222 2153 fifiissciprzeliso

667 2159 818 2214 titulo
848 2173 860 2208 :
895 2157 1042 2209 Dicta
1073 2155 1207 2206 beati
1230 2150 1401 2206 Albini
1429 2151 1595 2221 levilre
1619 2168 1771 2221 super
1795 2152 1923 2204 illud
1947 2150 2218 2221 Geneseos,

667 2238 794 2289 etc.,
840 2225 979 2294 quod
1011 2224 1155 2294 idem
1182 2221 1401 2294 factum
1449 2220 1612 2294 [uisse
1657 2218 1898 2294 suspicor
1936 2233 2058 2272 cum
2086 2218 2224 2294 _aliis

665 2289 880 2364 scriptis
899 2294 987 2346 hic
1008 2293 1244 2364 insertis,
1265 2308 1317 2364 v.
1340 2307 1418 2364 g._,
1447 2290 1520 2364 De
1541 2289 1935 2364 proprietatibus
1959 2289 2222 2364 nominum

664 2356 911 2427 quiz'Deo
933 2362 1282 2415 attribuuntur
1301 2356 1674 2427 in'ScripI’uris,
1697 2359 1836 2426 quod
1863 2358 2002 2427 inter
2023 2356 2224 2427 scripta

714 2434 873 2488 leuini
903 2440 1140 2485 recenset
1169 2425 1498 2483 Trithemius
1526 2427 1662 2480 libro
1693 2425 1729 2480 ιι
1756 2427 1820 2480 de
1853 2426 1994 2478 Viris
2032 2425 2224 2476 illustr.

667 2505 730 2578 ρ.
762 2502 822 2578 ετ
853 2501 933 2578 Il,
965 2513 1082 2566 cap.
1109 2497 1202 2578 26;
1224 2496 1614 2578 .Explicationea
1644 2493 1876 2578 ξυνα)ρῆ
1901 2495 2226 2578 etmoratioriis

674 2561 975 2630 Dominica',
1013 2561 1147 2635 quas
1175 2561 1396 2635 Alcuino
1427 2564 1612 2618 tribuit
1645 2561 1899 2634 chesius
1933 2563 2127 2623 Chron.
2162 2561 2222 2615 Ο.

673 2642 727 2692 S.
762 2639 822 2692 Β.
855 2645 981 2690 tom.
1012 2634 1094 2697 IlI,
1121 2651 1239 2704 pag.
1271 2634 1390 2686 49.6.

741 2709 808 2761 At
845 2707 1038 2760 mirum
1066 2699 1232 2758 videri
1265 2703 1495 2770 cuipiam
1538 2703 1736 2770 possit,
1776 2704 2042 2756 neminem
2075 2699 2232 2768 hujus

671 2775 910 2846 opusculi
953 2774 1278 2846 meminisse,
1319 2772 1460 2842 quod
1503 2780 1678 2824 tamen
1721 2779 1874 2824 aetate
1913 2770 2122 2824 Alcuini
2168 2784 2231 2823 ac

673 2844 921 2912 divinccps
956 2844 1023 2912 ob
1052 2844 1395 2895 materiarum
1415 2880 1428 2903 ,
1465 2854 1598 2912 quas
1626 2847 1944 2912 pertractat,
1974 2847 2230 2912 praestan-

677 2917 804 2968 tiam
829 2907 884 2965 et
919 2911 1171 2963 selectum
1211 2924 1402 2978 magno
1433 2909 1551 2978 usui
1580 2907 1716 2978 esse
1735 2907 1908 2978 potuit
1937 2907 1999 2960 ac
2028 2908 2228 2961 debuit.

679 2983 871 3034 Verum
899 2981 999 3033 hoc
1024 2993 1122 3046 ego
1147 2976 1684 3046 oscitantiaeillorum
1710 2976 2048 3031 librariorum
2079 2978 2233 3030 attri-

679 3053 802 3112 buo,
820 3051 910 3118 qui
930 3045 1182 3118 opuscula
1206 3047 1345 3101 beati
1368 3045 1475 3118 viri
1493 3056 1841 3118 recensentes
1855 3047 2026 3118 nudos
2049 3046 2232 3098 titulos

677 3114 1118 3180 dederunt—nulla
1149 3115 1284 3170 facta
1318 3116 1584 3169 mentione
1608 3115 1742 3168 initii
1765 3115 1845 3168 vel
1866 3114 1987 3168 finis
2008 3125 2230 3168 conten-

679 3199 848 3239 turum
867 3228 879 3244 .
915 3193 1004 3238 aut
1034 3185 1286 3238 methodi.

746 3257 1064 3310 Possevinus
1087 3264 1141 3307 et
1161 3254 1248 3306 alii
1271 3255 1411 3307 inter
1437 3253 1634 3320 scripta
1665 3252 1871 3306 Alcuini
1903 3262 2185 3306 numerant
2217 3271 2227 3304 :

681 3325 1012 3392 Dialogorum
1057 3323 1130 3392 ad,
1165 3321 1452 3392 discipulos
1489 3320 1676 3392 librum
1724 3338 1903 3392 unum.
1955 3321 2233 3392 Speculum

678 3389 1088 3462 parvulorumde
1100 3389 1334 3458 dogmate
1349 3389 1710 3462 ecclesiastico.
1731 3389 1803 3442 De
1814 3389 2140 3462 dogmatibus
2155 3407 2235 3442 ec-

678 3457 977 3513 rlesiasticis
1004 3457 1187 3511 librum
1213 3475 1392 3510 unum.
1425 3457 1810 3512 Sententiarum
1839 3458 2024 3512 librum
2057 3475 2233 3512 unum.

683 3531 737 3582 In
763 3530 1085 3582 Bibliotheca
1112 3527 1464 3580 Laurentiana
1495 3526 1744 3591 Medicea,
1765 3528 1947 3596 pluteo
1971 3529 2234 3590 l9.,~num.

681 3599 771 3658 2'2,
799 3608 933 3652 teste
960 3597 1380 3650 .llantcfauconin
1406 3595 1544 3650 Bibl.
1576 3597 1729 3660 Bibl.,
1759 3595 1878 3666 pag.
1913 3596 2036 3659 270,
2065 3605 2240 3650 exstat

683 3677 798 3735 post
830 3667 1037 3720 Aleuiui
1067 3667 1234 3718 levita».
1271 3667 1334 3718 ad
1360 3666 1609 3735 Carolum
1638 3668 1765 3734 imp.
1796 3669 1862 3720 de
1890 3666 2150 3719 Trinitate
2181 3666 2240 3718 li-

684 3734 807 3794 bros
835 3745 942 3789 tres
970 3755 980 3786 :
1027 3735 1173 3787 Fidei
1205 3734 1469 3786 catholica?
1496 3734 1870 3802 Recapitulatio
1898 3752 1988 3803 per
2023 3736 2240 3788 interro-

683 3807 909 3870 qatiottes
938 3815 984 3856 et
1011 3803 1286 3872 Responsa.
1328 3803 1394 3856 Et
1431 3806 1530 3856 sub
1569 3805 1651 3856 his
1682 3804 1852 3856 titulis
1878 3813 1969 3855 aut
1994 3819 2098 3856 uno
2127 3805 2242 3856 illo-

689 3888 805 3926 rum
850 3884 1088 3927 nostrum
1125 3873 1222 3925 hoc.
1250 3872 1561 3939 Opusculum
1603 3888 1698 3925 seu
1721 3873 2023 3940 Disputatio
2052 3884 2242 3940 puero—

685 3956 803 3993 rum
827 3957 922 4009 per
945 3941 1390 4008 interrogationes
1411 3949 1464 3993 et
1492 3939 1864 4008 responsiones
1896 3939 2244 4009 lacile’lailere

687 4007 882 4076 potest.
919 4009 981 4062 Et
1015 4007 1254 4069 fortass-is
1289 4009 1372 4060 hic
1408 4007 1665 4062 tractatus
1696 4017 1778 4062 est
1805 4009 1891 4062 ille
1929 4007 2076 4061 Liber
2109 4008 2242 4062 Sen-

688 4078 978 4137 tentiarum,
1007 4091 1160 4146 quem
1194 4079 1330 4132 inter
1359 4080 1554 4146 scripta
1581 4077 1789 4131 Alcuini
1817 4086 2097 4130 recensent
2122 4077 2244 4130 Tri-

690 4147 939 4209 themius,
980 4147 1320 4209 Posserinus,
1362 4146 1686 4202 Helinandus
1719 4155 1772 4200 et
1811 4146 1921 4198 alii.
1966 4146 2061 4199 Est
2102 4147 2245 4206 enim

692 4214 848 4285 hujus
885 4225 1141 4269 tractatus
1181 4217 1364 4268 titulus
1400 4234 1410 4267 :
1455 4215 1642 4285 Incipit
1682 4215 2146 4284 Sententia‘prima
2184 4215 2247 4267 de

691 4284 924 4350 operibus
954 4301 1042 4336 sex
1069 4285 1288 4336 dierum.

764 4352 834 4403 Ex
870 4353 981 4414 his,
1024 4367 1162 4415 reor,
1201 4353 1300 4406 viri
1329 4353 1522 4406 eruditi
1558 4351 1899 4419 judicabant,
1937 4351 2246 4420 Opusculum

693 4435 944 4488 praesens,
969 4423 1013 4475 si
1041 4437 1146 4475 non
1168 4429 1314 4475 certo
1341 4414 1602 4489 genuinis,
1627 4420 1800 4474 dubiis
1823 4414 2010 4475 saltem
2034 4419 2246 4473 Alcuini
2279 4414 2327 4474 1)

692 4489 939 4556 operibus
960 4491 1081 4557 jure
1119 4505 1150 4542 a
1192 4490 1343 4542 nobis
1385 4489 1654 4542 accenseri
1696 4490 1948 4558 potuisse.
1987 4489 2065 4542 Ex
2107 4489 2247 4542 illius

695 4558 847 4628 initio
870 4559 1315 4628 hatul‘obscurum
1344 4565 1448 4619 est,
1472 4557 1708 4628 deﬁcere
1719 4559 1994 4628 prologum
2023 4567 2114 4611 aut
2136 4559 2247 4627 epi-

695 4625 1304 4697 stolaru_dedicatoriam
1344 4627 1672 4693 autographa
1713 4625 1807 4681 abs
1840 4625 2001 4680 dubio
2040 4625 2250 4697 apposi-

694 4706 823 4747 tam.
872 4695 966 4748 Est
1001 4709 1125 4747 vero
1165 4703 1333 4747 totum
1374 4711 1506 4763 pene
1550 4697 1861 4763 opusculum
1903 4695 2245 4762 compilatum

697 4763 858 4834 (quod
896 4778 1061 4834 genus
1099 4759 1612 4834 scribendi—{limine
1650 4773 1832 4820 nostro
1861 4759 2120 4834 familiare
2147 4766 2248 4834 est)
2284 4759 2293 4768 ί

698 4848 757 4882 «ιχ
799 4831 945 4901 libris
974 4832 1248 4901 Originum
1281 4832 1851 4901 seu_Etymologiarum
1891 4833 2110 4901 aliisque
2145 4831 2251 4886 tra-

699 4900 928 4971 cratibus
953 4899 1330 4971 sanctilsidori
1361 4899 1705 4966 IIispalonsis,
1732 4919 1866 4971 quos
1889 4899 2072 4956 sedqu
2097 4912 2250 4955 nota-

701 4967 890 5040 vimus,
919 4977 970 5021 et
997 4984 1058 5022 ex
1090 4969 1193 5023 illis
1222 4983 1599 5040 nonnunquam
1623 4986 1684 5024 ea
1712 4967 1827 5040 quae
1853 4972 1906 5024 in
1932 4987 2031 5024 ms.
2061 4971 2250 5039 depra-

701 5044 818 5086 vata
849 5034 1078 5100 fuerant,
1107 5039 1457 5092 correximus.

1088 5126 1250 5196 419
1295 5126 1519 5181 CAPUT
1559 5127 1841 5182 PRIMUM.

705 5230 752 5265 IN
797 5228 988 5266 ΝΟΜΙΝΕ
1022 5229 1198 5266 DIVINO
1236 5231 1394 5268 ’11⁵11Νο
1431 5233 1626 5270 INCIPIT
1663 5232 1953 5271 SENTENTIA
1997 5233 2154 5271 PRIIIA
2195 5233 2258 5270 DE

774 5298 1026 5335 OI‘ERIBUS
1064 5298 1157 5336 SEX
1207 5299 1402 5336 DIBRUI
1449 5301 1551 5339 CUI!
1597 5300 1876 5339 PUERORL’I
1930 5301 2256 5340 INTERROGA-

777 5366 1015 5404 TIONIBUS
1060 5367 1128 5404 ΕΤ
1166 5367 1596 5407 RESI’ONSIONIBUS
1634 5371 1770 5407 EJUS.

780 5443 1032 5511 lnterrog.
1075 5444 1142 5518 Et
1167 5445 1291 5511 quia
1315 5444 1543 5496 humana
1573 5445 1832 5512 fragilitas
1856 5461 1952 5500 nec
1973 5447 2149 5508 audet,
2169 5458 2265 5497 nec

710 5539 882 5598 potest
904 5531 1114 5586 aliunde
1136 5533 1414 5586 exordium
1442 5547 1652 5585 sumere
1681 5534 1923 5594 rationis,
1939 5536 2040 5587 nisi
2069 5551 2096 5587 a
2119 5534 2265 5603 prin-

783 5652 807 5676 ⁸
850 5635 974 5694 Vide
1007 5651 1130 5695 tom.
1169 5642 1183 5696 I
1213 5642 1366 5705 huius
1397 5641 1552 5704 edit,
1581 5641 1682 5695 col.
1712 5640 1832 5694 563.

2261 3088 2308 3150 C

2315 519 2443 573 tioni
2465 516 2650 584 audire
2670 515 2950 586 placuerit,
2983 515 3036 568 in
3059 520 3317 582 quantum
3367 527 3433 567 eo
3481 511 3766 583 largiente,
3791 511 3895 581 qui

2310 611 2500 661 cuncta
2532 605 2760 668 creavit,
2791 604 3120 668 conceditur,
3149 601 3392 656 volumus
3419 601 3487 656 de
3527 601 3900 656 distinctioni—

2310 696 2410 751 bus
2435 711 2530 750 sex
2557 693 2767 748 dierum
2797 707 3020 763 operum
3069 692 3122 745 in
3153 693 3438 761 praesentia
3484 699 3664 746 vestra
3687 689 3895 761 aliquid

2312 783 2538 840 rationis
2565 785 2850 840 deducere.
2880 783 2972 836 Eia
3011 783 3396 852 condiscipulo,
3443 783 3698 852 quoniam
3744 783 3895 839 sicut

2312 877 2442 941 dixi,
2473 885 2528 929 et
2556 877 2671 947 ipse
2703 875 2865 942 nosti,
2891 889 2991 928 nec
3011 889 3297 944 possumus
3321 889 3420 929 nec
3449 877 3707 938 audemus
3727 873 3891 929 altius

2314 969 2524 1023 initium
2553 976 2748 1022 nostrae
2768 967 3084 1036 protrahere
3110 967 3510 1036 disputationis,
3543 967 3588 1021 sl
3611 965 3710 1021 tibi
3743 966 3884 1020 vide-

2314 1067 2401 1111 tur
2423 1057 2743 1127 incipiamus
2770 1057 2838 1110 ab
2859 1056 3048 1110 eodem
3068 1053 3349 1126 principio,
3396 1063 3450 1110 et
3497 1062 3657 1125 prout
3701 1051 3884 1109 Domi-

2315 1168 2417 1206 nus
2438 1152 2640 1206 donare
2667 1151 2939 1220 dignatur,
2970 1148 3306 1218 disputemus
3340 1147 3406 1202 de
3451 1144 3892 1201 distinctionibus

2313 1238 2655 1311 praefatarum
2676 1254 2768 1294 sex
2786 1239 2992 1292 dierum
3009 1251 3336 1306 suorumque
3353 1249 3598 1306 operum.
3621 1233 3774 1304 Resp.
3791 1231 3894 1288 Ne-

2315 1345 2582 1399 quaquam
2610 1329 3028 1400 disputationem
3083 1320 3321 1400 nostram
3371 1324 3566 1381 alicubi
3593 1323 3786 1380 melius
3810 1324 3894 1376 in-

2316 1421 2492 1488 cipere
2515 1433 2670 1487 posse
2703 1417 2959 1480 arbitror,
2975 1431 3136 1484 quam
3161 1415 3228 1468 ab
3248 1415 3361 1483 ipsa
3394 1415 3565 1483 prima
3591 1413 3890 1474 creatione.

2316 1519 2368 1561 et
2392 1524 2420 1561 a
2453 1507 2766 1577 praescripto
2788 1516 3001 1568 sacrato
3025 1513 3078 1559 et
3100 1505 3340 1574 perfecto
3363 1518 3607 1567 numero,
3632 1502 3770 1556 sicut
3796 1517 3889 1554 as-

2317 1597 2550 1661 seruisti,
2582 1596 2672 1665 qui
2703 1611 2768 1650 ex
2790 1595 2934 1649 omni
2971 1605 3124 1664 parte
3150 1593 3418 1664 perfectus
3442 1602 3543 1646 est.

2349 1707 2366 1722 -
2389 1685 2552 1739 Inter.
2593 1683 2709 1738 Jam
2743 1685 2868 1753 quia
2900 1683 3267 1751 itajudieasti,
3294 1681 3386 1736 ﬁat
3411 1683 3504 1736 ita.
3533 1679 3638 1736 Sed
3661 1680 3894 1751 primum

2317 1784 2458 1846 peto,
2504 1785 2561 1828 ut
2595 1773 2792 1838 dicas,
2845 1774 3112 1842 quomodo
3160 1772 3430 1843 perfectus
3480 1787 3604 1827 esse
3651 1771 3898 1838 constet?

2319 1864 2469 1932 Resp.
2499 1865 2622 1918 Ideo
2645 1863 2788 1917 enim
2815 1862 3084 1932 perfectus
3113 1877 3233 1916 esse
3258 1861 3476 1924 dicitur,
3501 1860 3628 1929 quia
3649 1859 3897 1928 partibus

2317 1955 2428 2009 suis
2459 1953 2774 2024 completur.
2996 1976 3004 1982 -
3133 1942 3137 1957 ⁵
3155 1961 3174 1966 ”

2389 2044 2552 2098 Inter.
2585 2045 2700 2111 Qua
2733 2044 2974 2098 ratione?
3025 2041 3173 2112 Resp.
3232 2041 3403 2096 llabet
3449 2025 3648 2112 quippe
3692 2054 3894 2103 unum;

2319 2134 2460 2204 quod
2487 2144 2568 2188 est
2599 2142 2749 2188 sexta
2776 2147 2900 2202 pars
2928 2131 3074 2201 ejus;
3113 2132 3238 2197 duo,
3258 2131 3400 2201 quod
3427 2141 3510 2186 est
3539 2131 3730 2196 tertia;
3763 2139 3896 2191 tres,

2321 2225 2463 2295 quod
2492 2233 2577 2279 est
2607 2225 2871 2289 medium;
2897 2239 3067 2278 unum
3098 2238 3246 2295 ergo,
3278 2223 3404 2288 duo,
3440 2230 3493 2278 et
3529 2231 3637 2277 tres
3680 2237 3774 2276 sex
3822 2219 3914 2299 fa-l

2323 2321 2492 2379 ciunt,
2517 2315 2668 2385 cujus
2687 2314 2948 2385 perfectio
2981 2315 3050 2372 ita
3076 2313 3339 2383 completa
3371 2322 3472 2368 est.

2394 2405 2558 2460 Inter.
2581 2405 2844 2473 Quoniam
2870 2405 2938 2459 ab
2961 2404 3049 2460 illo
3066 2404 3330 2475 principio
3349 2403 3706 2473 incipiendam
3725 2401 3902 2470 dispu-

2325 2497 2578 2550 tationem
2623 2504 2862 2551 nostram
2907 2509 3026 2550 esse
3057 2494 3333 2557 censuisti,
3377 2494 3462 2547 die
3512 2492 3641 2546 mihi
3693 2492 3746 2546 in
3794 2506 3902 2559 quo

2327 2585 2590 2654 principio
2625 2585 2792 2654 ipsam
2818 2583 3144 2638 creationem
3181 2583 3506 2638 condidisset
3558 2579 3902 2650 omnipotens

2330 2677 2499 2740 Deus;
2536 2677 2587 2729 in
2638 2677 2900 2745 principio
2947 2677 3222 2745 temporis,
3251 2691 3320 2729 an
3368 2675 3419 2728 in
3450 2673 3711 2743 principio
3739 2671 3901 2727 Verbi

2330 2762 2444 2829 Ilci,
2469 2764 2609 2835 quod
2641 2773 2722 2818 est
2746 2764 3048 2833 unigenitus
3096 2763 3260 2818 Filius
3311 2763 3442 2817 Dei?
3493 2760 3647 2831 Resp.
3701 2761 3814 2814 Non
3849 2760 3903 2813 in

2331 2853 2592 2923 principio
2643 2854 2918 2922 temporis,
2950 2852 3044 2906 sed
3094 2854 3147 2906 in
3205 2851 3466 2921 principio
3493 2850 3653 2903 Verbi
3687 2848 3798 2909 Dei,
3835 2848 3905 2901 de

2331 2959 2437 3015 qun
2462 2953 2516 2998 et
2539 2943 2726 2998 beatus
2751 2941 2987 2997 Joannes
3029 2941 3364 3010 evangelista
3381 2941 3456 2992 ait
3494 2957 3506 2991 :
3539 2937 3602 2991 In
3651 2937 3904 3008 principio

2335 3044 2447 3085 erat
2511 3030 2756 3093 Verbum,
2793 3041 2840 3084 et
2878 3029 3098 3083 Verbum
3124 3039 3231 3083 erat
3263 3029 3402 3098 apud
3432 3027 3615 3089 Deum,
3675 3035 3722 3078 et
3765 3024 3906 3077 Deus

2336 3131 2445 3174 erat
2485 3119 2728 3186 Verbum,
2756 3119 2928 3175 omnia
2951 3137 3043 3190 per
3068 3121 3232 3193 ipsum
3261 3120 3402 3188 facta
3423 3127 3565 3181 sunt,
3591 3127 3638 3171 ct
3663 3117 3773 3169 sine
3796 3116 3908 3184 ipso

2336 3213 2532 3281 factum
2557 3222 2628 3267 est
2667 3212 2796 3266 nihil
2824 3209 3006 3282 (Joan.
3047 3227 3084 3275 I,
3118 3212 3190 3282 1).
3226 3209 3384 3266 Unde
3419 3219 3474 3264 et
3504 3211 3620 3278 ipse
3644 3207 3904 3259 Dominus

2337 3304 2389 3356 in
2415 3303 2702 3372 Evangelio
2731 3301 3188 3371 interrogantibus
3214 3319 3227 3352 ι
3256 3298 3332 3353 Tu
3367 3299 3482 3369 quis
3531 3314 3584 3351 es
3611 3297 3635 3349 .7
3670 3296 3910 3365 Respon-

2338 3400 2415 3452 dit
2445 3418 2456 3451 :
2484 3398 2594 3467 Ego
2619 3398 2846 3459 initium,
2873 3398 2961 3466 qui
2993 3406 3045 3455 et
3063 3395 3247 3466 loquor
3281 3394 3420 3449 vobis
3440 3391 3621 3463 (Joan.
3651 3405 3764 3453 VIII,
3795 3389 3907 3458 25).
3951 3405 3962 3409 ·

2338 3493 2394 3546 1η
2419 3495 2518 3547 hoc
2543 3507 2670 3563 ergo
2694 3491 2956 3561 principio
3001 3489 3126 3544 fecit
3177 3489 3514 3555 omnipotens
3544 3485 3688 3540 Deus
3716 3481 3910 3538 coelum

2339 3591 2388 3635 et
2418 3592 2636 3645 terram,
2671 3595 2818 3634 mare
2844 3587 2897 3633 et
2918 3579 3118 3656 omnip,
3157 3591 3274 3647 quae
3306 3577 3360 3630 in
3383 3577 3463 3629 eis
3493 3585 3636 3628 sunt.

2412 3670 2574 3725 Inter.
2609 3669 2758 3724 Nunc
2781 3668 2919 3731 volo,
2951 3677 3010 3721 ut
3040 3682 3226 3722 omnes
3267 3664 3642 3720 diStinctiones
3673 3660 3911 3730 singulo-

2343 3779 2461 3817 rum
2509 3747 2731 3832 operuin
2770 3759 3222 3828 _supradictorum
3274 3757 3483 3812 dierum
3539 3771 3637 3825 per
3675 3753 3914 3808 ordinem

2343 3851 2472 3905 mihi
2500 3864 2758 3917 exponas.
2793 3846 2943 3916 Resp.
2971 3845 3152 3899 Primo
3197 3845 3283 3900 die
3327 3846 3416 3898 lux
3448 3859 3512 3898 ex
3564 3842 3732 3897 nihilo
3777 3840 3915 3894 facta

2343 3949 2455 4000 cst;
2489 3937 2548 3990 2°
2575 3935 2969 3990 ﬁrmamentum
2998 3935 3049 3988 in
3072 3933 3250 3988 medio
3299 3946 3592 4002 aquarum;
3625 3928 3680 3982 5°
3712 3929 3918 4000 species

2345 4026 2508 4080 maris
2538 4034 2592 4078 et
2622 4033 2777 4079 terra:
2809 4039 2930 4078 cum
2955 4023 3057 4087 bis,
3083 4037 3203 4091 qua:
3235 4030 3393 4076 terra:
3447 4020 3707 4076 radicitus
3750 4018 3916 4074 inhre—

2349 4124 2493 4179 rent;
2520 4115 2576 4167 4°
2600 4113 2887 4167 luminaria
2920 4111 3041 4166 coeli
3068 4112 3132 4166 de
3166 4111 3384 4176 lumine,
3409 4112 3585 4180 primo
3618 4109 3704 4162 die
3745 4105 3915 4164 facto:
3949 4177 3957 4185 _

2347 4204 2403 4256 5ο
2425 4205 2634 4258 natalia
2662 4212 2716 4281 et
2745 4202 2978 4257 volatilia
3011 4203 3078 4259 de
3105 4204 3290 4273 aquis;
3327 4202 3384 4257 6°
3416 4215 3546 4256 vero
3571 4199 3778 4270 reliqua
3803 4199 3916 4252 ani-

2349 4292 2505 4347 malia
2530 4292 2800 4358 de'terra;
2826 4301 2881 4349 et
2907 4293 3067 4346 homo
3088 4305 3251 4346 carne
3269 4290 3488 4360 quidem
3513 4289 3774 4353 de‘terra,
3803 4287 3919 4341 ani-

2351 4395 2436 4432 ma
2463 4389 2640 4434 autem
2675 4381 2740 4434 de
2768 4381 2935 4435 nihilo
2956 4387 3186 4445 constat,
3220 4378 3286 4434 de
3307 4394 3433 4450 quo,
3482 4393 3604 4432 cum
3658 4373 3918 4432 creandos

2352 4480 2510 4533 esset,
2541 4470 2682 4524 Deus
2713 4471 2787 4524 ait
2812 4487 2825 4523 :
2858 4468 3144 4524 Faciamus
3163 4469 3418 4522 hominem
3449 4467 3517 4520 ad
3551 4465 3825 4535 imaginem
3871 4472 3918 4515 et

2351 4560 2751 4614 similitudinem.
2773 4569 3003 4614 nostram
3033 4557 3184 4631 (Gen.
3209 4574 3248 4622 ι,
3275 4557 3387 4629 26).

2981 4667 3206 4724 CAPUT
3241 4668 3302 4723 II.

2641 4809 2647 4815 Ι
2843 4753 2906 4791 οε
2944 4753 3156 4793 ΝΑτυιιΑ
3183 4754 3418 4794 HOIINIS.

2428 4825 2588 4879 Inter.
2627 4826 2888 4893 Quoniam
2914 4839 3125 4882 creator
3169 4827 3409 4882 omnium
3453 4825 3518 4880 ad
3550 4824 3834 4893 imaginem
3866 4833 3917 4877 ct

2360 4913 2755 4970 similitudinem
2805 4931 2954 4970 suam
3001 4915 3270 4970 hominem
3304 4930 3491 4970 creare
3540 4915 3787 4981 dignatus
3815 4921 3917 4976 est,

2364 5004 2690 5073 inquiramus
2713 5005 3014 5074 diligenter,
3041 5006 3306 5074 quomodo
3329 5015 3422 5059 aut
3441 5003 3670 5072 qualiter
3693 5003 3761 5057 ad
3793 5004 3921 5056 ima.

2363 5095 2536 5161 ginem
2567 5094 2681 5162 ejus
2697 5097 2856 5148 homo
2887 5102 3099 5150 creatus
3120 5109 3240 5150 esse
3275 5094 3523 5148 dicatur?
3555 5092 3706 5161 Resp.
3730 5082 3920 5144 Facia-

2367 5200 2483 5236 mus
2512 5193 2569 5237 ut
2612 5185 2765 5249 dicis,
2808 5199 2873 5238 eo
2901 5185 3046 5254 quod
3093 5200 3314 5240 necesse
3347 5194 3430 5239 est
3477 5185 3630 5238 nobis
3669 5181 3827 5244 scire,
3872 5180 3919 5233 in

2366 5283 2620 5341 quantum
2655 5273 2722 5326 ab
2751 5288 2815 5328 eo
2848 5276 3178 5338 wnceditur,
3231 5273 3460 5343 qualiter
3505 5271 3575 5324 ab
3619 5271 3734 5339 ipso
3762 5269 3921 5323 creati
3955 5270 3959 5273 ”

2368 5377 2570 5425 sumus,
2605 5370 2661 5414 ut
2691 5361 2806 5430 ejus
2830 5363 3250 5417 misericordiam
3293 5361 3462 5430 magis
3497 5358 3715 5412 laudare
3757 5355 3920 5410 valea-
3951 5372 3954 5375 '

2370 5463 2509 5512 mus,
2534 5448 2678 5516 quia,
2706 5458 2762 5501 ut
2793 5450 2865 5502 ita
2890 5449 3084 5512 dicam,
3123 5450 3165 5503 si
3188 5450 3366 5503 omnia
3408 5446 3643 5500 membra
3671 5453 3851 5498 nostra
3877 5443 3925 5496 in

2373 5538 2576 5608 linguas
2597 5541 2833 5593 converti
2859 5540 3172 5608 potuissent,
3199 5539 3502 5592 nullatenus
3526 5551 3623 5606 pro
3649 5536 3760 5590 sola
3780 5547 3914 5590 crta
