4254 6196
381 325 407 381 I
424 292 513 381 un

1278 322 1439 397 ‘OPP.
1480 324 1703 379 Dl'BlA.
1736 354 1804 363 -—
1842 319 2249 377 DISPUTATIO
2290 317 2690 395 PUEROR‘UM.

3476 309 3617 365 1102

380 440 546 504 tione,
577 452 679 506 qua
711 453 807 491 nos
837 451 1024 491 creare
1053 436 1301 507 dignatus
1335 446 1437 500 est,
1465 436 1653 504 dignas
1682 437 1727 490 ei
1766 435 1951 489 laudes
1980 439 2025 495 Λ
2054 434 2464 499 beatitudinem,
2513 432 2630 487 sine
2658 430 2780 485 aliis
2807 429 3015 485 duobus
3066 431 3331 499 integrum
3382 436 3615 485 constat.

381 530 586 587 referre
617 530 990 584 valuissemus.
1410 602 1411 605 η

455 620 619 675 Inter.
646 618 934 675 Consentio
954 632 1052 689 per
1073 618 1274 683 omnia,
1300 627 1358 671 ut
1390 617 1547 685 dicis,
1580 617 1674 673 sed
1699 624 1822 686 peto
1856 616 1956 670 hu-

382 708 600 772 militer,
628 718 687 762 ut
712 707 979 776 quomodo
1000 705 1087 761 vel
1129 704 1361 775 qualiter
1410 705 1479 759 ab
1521 720 1587 759 eo
1625 705 1793 759 creati
1837 718 1956 757 esse
2000 708 2001 711 “

384 797 667 861 fateamur.
693 804 953 867 quantum
976 810 1043 849 ex
1089 802 1141 849 te
1186 804 1288 859 est,
1316 794 1446 849 mihi
1483 782 1720 849 indicare
1748 808 1853 850 non
1878 810 1958 847 re-

384 902 540 940 nuas.
578 885 730 955 Resp.
768 883 1075 938 Secundum
1117 884 1258 952 quod
1303 883 1428 954 legi,
1469 882 1664 937 faciam
1693 882 1954 952 quodpe-

384 977 517 1031 tisti.
552 988 576 1017 ι
607 976 780 1030 Tanta
827 975 1062 1045 dignitas
1106 976 1353 1030 humanae
1374 974 1698 1029 conditionis
1727 989 1848 1031 esse
1866 990 1958 1028 co-

384 1065 679 1135 gnoscitur,
722 1074 782 1119 ut
830 1079 936 1120 non
964 1064 1078 1119 solo
1101 1061 1340 1131 iubentis
1378 1078 1647 1128 sermone,
1692 1064 1831 1119 sicut
1853 1062 1955 1136 alia

385 1171 481 1211 sex
504 1157 711 1212 dierum
766 1171 951 1225 opera,
984 1162 1080 1212 sed
1113 1155 1338 1211 consilio
1363 1166 1564 1211 sancta
1593 1154 1872 1209 Trinitatis
1905 1163 1985 1215 et,

385 1261 547 1316 opere
593 1246 786 1301 divina:
832 1245 1126 1315 Majestatis
1169 1254 1385 1303 creatus
1428 1256 1513 1301 est
1562 1247 1743 1311 homo,
1769 1246 1821 1299 in
1852 1261 1959 1315 quo

387 1338 463 1391 ait
493 1355 506 1390 :
540 1335 823 1390 Faciamus
859 1336 1117 1390 hominem
1152 1336 1222 1388 ad
1256 1336 1532 1405 imaginem
1568 1344 1617 1388 et
1663 1332 1960 1388 similitudi-

387 1444 503 1482 nem
529 1436 756 1482 nostrum
782 1424 932 1499 (Gen.
966 1444 1006 1490 I,
1028 1426 1143 1495 26),
1172 1426 1315 1495 quod
1343 1425 1462 1479 ideo
1484 1426 1531 1479 ei
1558 1426 1806 1494 prmstitit
1828 1441 1959 1479 con-

385 1516 547 1580 diter,
572 1525 630 1570 ut
650 1520 801 1570 tanto
824 1517 1100 1570 ardentius
1127 1531 1250 1569 eum
1296 1525 1523 1580 amaret,
1550 1524 1753 1585 quanto
1776 1530 1833 1569 se
1853 1516 1956 1569 mi-

386 1605 609 1661 rabilius
636 1605 703 1658 ab
726 1621 792 1660 eo
816 1621 936 1660 esse
962 1606 1238 1671 conditum
1288 1606 1609 1677 intelligeret
1647 1625 1659 1660 :
1689 1617 1743 1660 et
1768 1622 1834 1661 ne
1857 1606 1958 1660 hoc

388 1695 560 1751 solum
601 1696 650 1750 ei
686 1696 970 1759 concessit,
1004 1696 1147 1765 quod
1177 1698 1399 1752 consilio
1422 1706 1623 1752 sanctae
1675 1698 1959 1753 Trinitatis

2128 524 2293 579 Inter.
2334 524 2521 579 Adhuc
2544 523 2612 578 de
2636 522 2825 577 eadem
2856 534 2915 575 re
2944 535 2976 575 a
3029 529 3081 575 to
3119 520 3307 574 audire
3349 517 3616 572 desidero.

2057 614 2206 684 Resp.
2225 614 2290 668 Et
2310 628 2411 685 ego
2434 613 2529 667 tibi
2549 620 2708 682 prout
2733 612 2866 675 scio,
2884 611 3058 666 adhuc
3082 612 3276 666 dicam.
3302 609 3458 665 Sicut
3476 610 3618 664 enim

2057 702 2197 758 Deus
2231 702 2407 768 Pater,
2437 702 2578 757 Deus
2614 701 2800 768 Filius,
2828 702 2966 757 Deus
2998 701 3228 772 Spiritus
3248 698 3481 755 sanctus
3518 709 3622 762 est,

2055 809 2161 849 non
2184 802 2364 849 tamen
2391 802 2501 849 tres
2529 794 2601 848 dii
2623 796 2767 857 sunt,
2799 794 2891 849 sed
2919 808 3060 846 unus
3110 791 3249 855 Deus
3290 800 3400 846 tres
3420 790 3625 847 habens

2056 898 2344 951 personas;
2374 884 2448 939 ita
2471 885 2647 939 anima
2671 884 2991 948 intellectus,
3015 884 3191 938 anima
3217 884 3486 947 voluntas,
3510 884 3628 937 ani-

2057 990 2143 1028 ma
2176 976 2454 1039 memoria,
2482 990 2595 1037 non
2618 983 2799 1030 tamen
2822 984 2932 1032 tres
2954 977 3147 1030 animae
3168 976 3221 1029 in
3247 990 3356 1029 uno
3376 990 3623 1045 corpore,

2055 1065 2150 1119 sed
2173 1079 2279 1118 una
2304 1065 2483 1119 anima
2531 1071 2641 1121 tres
2685 1066 2888 1120 habens
2920 1058 3221 1135 dignitates,
3273 1076 3435 1136 atque
3457 1067 3511 1121 in
3540 1067 3625 1120 his

2056 1153 2229 1209 tribus
2258 1153 2374 1223 ejus
2395 1155 2678 1226 imaginem
2708 1155 3026 1211 mirabiliter
3051 1156 3189 1225 gerit
3212 1157 3262 1211 in
3292 1171 3386 1211 sua
3432 1149 3632 1212 natura.

2058 1255 2242 1301 noster
2268 1246 2493 1302 interior
2522 1247 2713 1310 homo;
2752 1262 2817 1301 ex
2848 1246 3056 1315 quibus
3091 1247 3242 1315 quasi
3286 1244 3627 1304 excellentio-

2059 1339 2206 1393 ribus
2251 1341 2445 1395 animae
2468 1339 2813 1410 dignitatibus
2854 1338 3106 1408 jubemur
3143 1340 3362 1407 diligere
3388 1340 3629 1393 condito-

2059 1445 2197 1493 rem,
2221 1439 2280 1484 ut
2299 1437 2567 1503 quantum
2587 1427 2931 1497 intelligatur,
2985 1429 3251 1499 diligatur,
3284 1435 3338 1482 et
3370 1438 3625 1498 quantum

2058 1519 2308 1590 diligatur
2357 1534 2589 1589 semper,
2618 1518 2673 1571 in
2717 1519 2973 1573 memoria
3003 1519 3437 1582 habeaturpnec
3484 1520 3627 1573 solus

2060 1606 2254 1660 sume-it
2282 1607 2346 1660 de
2372 1620 2438 1661 eo
2470 1604 2791 1667 intellectus,
2844 1604 2948 1659 nisi
2985 1604 3077 1657 ﬁat
3101 1606 3154 1658 in
3183 1620 3365 1659 amore
3389 1604 3506 1673 ejus
3531 1621 3626 1660 vo-

2062 1699 2268 1765 luntas;
2302 1712 2399 1752 nec
2426 1685 2585 1750 etiam
2619 1697 2731 1751 lucc
2754 1695 2858 1750 duo
2886 1694 3169 1759 sulliciunt,
3214 1695 3319 1750 nisi
3370 1696 3627 1751 memoria

387 1790 609 1845 siceum
639 1789 898 1853 condidit,
936 1789 1030 1843 sed
1052 1789 1216 1843 etiam
1256 1789 1400 1859 quod
1450 1789 1517 1843 ad
1576 1789 1863 1860 imaginem
1907 1798 1963 1843 et
1995 1769 2039 1828 Β
2065 1790 2313 1853 addatur,
2344 1803 2449 1857 qua
2473 1802 2686 1856 semper
2710 1787 2762 1839 in
2790 1796 2974 1855 mente.
3016 1787 3357 1859 intelligentis
3399 1796 3453 1843 et
3503 1787 3626 1841 dili-

387 1877 789 1933 similitudinem
840 1891 991 1930 suam
1041 1892 1165 1929 eum
1208 1877 1431 1939 creavit,
1488 1877 1629 1946 quod
1681 1878 1807 1931 nulli
1858 1876 1963 1931 alio

389 1966 560 2041 [Leg.,
598 1967 711 2039 alii]
747 1982 811 2022 ex
842 1968 1109 2021 creaturis
1140 1968 1376 2021 donavit.

459 2055 624 2109 Inter.
650 2056 848 2110 Verum
872 2064 971 2119 est,
1006 2065 1064 2109 ut
1090 2056 1307 2121 asseris,
1332 2057 1425 2112 sed
1446 2055 1713 2126 quomodo
1733 2058 1799 2112 ad
1826 2059 1961 2112 ima-

388 2145 566 2215 ginem
589 2162 739 2201 suam
771 2161 894 2201 eum
926 2155 1185 2209 creasset,
1210 2157 1269 2201 ut
1294 2148 1426 2202 mihi
1452 2150 1685 2218 aperias,
1711 2149 1957 2204 obsecro.

386 2232 538 2303 Resp.
570 2233 753 2289 Primo
782 2235 995 2305 quidem
1030 2237 1096 2289 ad
1121 2237 1409 2307 imaginem
1440 2252 1595 2292 suam
1638 2252 1760 2292 eum
1803 2254 1960 2294 erea-

388 2323 483 2386 vit,
533 2324 673 2392 quod
706 2325 758 2377 in
791 2325 1067 2379 nobilitate
1114 2325 1390 2380 interioris
1439 2327 1671 2382 hominis
1717 2329 1961 2383 conside-

390 2426 511 2466 rare
542 2413 817 2477 debemus,
850 2422 910 2467 ut
959 2415 1117 2469 sicuti
1168 2414 1308 2469 Deus
1337 2431 1476 2471 unus
1521 2431 1734 2487 semper
1764 2418 1960 2487 ubique

389 2510 532 2557 totus
545 2511 646 2569 est,
663 2504 840 2558 omnia
852 2504 1149 2570 viviﬁcans,
1164 2515 1473 2588 movens,let
1484 2507 1808 2576 gubernans,
1824 2509 1961 2564 sicut

388 2594 671 2665 Apostolus
688 2595 1001 2664 ‘coniirmat,
1019 2598 1159 2662 quod
1188 2598 1242 2651 in
1263 2614 1321 2651 eo
1348 2598 1581 2663 vivimus,
1610 2616 1893 2664 movemur,
1913 2610 1960 2653 et

388 2698 569 2737 sumus
595 2682 731 2754 (Act.
767 2699 897 2747 xvn,
922 2683 1037 2754 28),
1066 2685 1144 2740 sic
1175 2687 1353 2741 anima
1383 2687 1436 2741 in
1460 2702 1559 2743 suo
1590 2703 1816 2758 corpore
1840 2690 1961 2745 ubi-

387 2786 493 2841 que
514 2779 625 2827 tota
645 2774 804 2843 viget,
828 2774 1107 2830 viviticans
1131 2790 1276 2840 eum,
1304 2793 1523 2833 movens
1558 2787 1613 2834 et
1631 2779 1955 2850 gubernans.

458 2861 625 2915 Inter.
656 2862 749 2917 Dic
782 2862 932 2926 mihi,
964 2863 1009 2917 si
1033 2864 1218 2919 eadem
1240 2866 1436 2931 anima,
1461 2881 1620 2935 quam
1649 2868 1959 2924 interiorem

390 2950 662 3005 hominem
687 2966 804 3006 esse
827 2951 1027 3017 dixisti,
1054 2953 1105 3006 in
1132 2952 1452 3023 quibusdam
1479 2953 1773 3023 majoribus
1795 2973 1962 3012 mem—

389 3029 500 3093 bris
522 3043 764 3109 corporis
790 3042 873 3095 sui
892 3043 960 3095 sit
982 3040 1171 3109 major,
1195 3052 1250 3097 et
1273 3044 1325 3098 in
1354 3032 1653 3101 minoribus
1677 3045 1842 3118 420
1864 3048 1962 3102 mi-

390 3130 524 3183 nor?
558 3129 664 3183 Aut
688 3131 852 3184 etiam
872 3131 919 3184 si
949 3131 1273 3200 singularem
1326 3132 1502 3188 locum
1535 3135 1589 3189 in
1615 3136 1803 3191 eodem
1834 3151 1958 3192 cor-

390 3234 521 3286 pore
565 3226 763 3283 teneat,
815 3236 881 3274 an
906 3206 1056 3275 ’non?
1098 3220 1249 3292 Resp.
1282 3220 1390 3276 Nec
1414 3217 1591 3278 locum
1626 3223 1697 3278 ibi
1724 3225 1987 3295 singula»

390 3327 506 3365 rem
536 3311 760 3375 obtinet,
792 3326 891 3365 nec
926 3311 977 3365 in
1008 3312 1300 3382 majoribus
1329 3315 1585 3369 membris
1607 3314 1797 3383 major,
1829 3324 1885 3370 et
1911 3318 1962 3372 in

394 3400 691 3454 minoribus
720 3401 917 3466 minor,
947 3402 1040 3456 sed
1068 3403 1121 3455 in
1149 3402 1385 3473 minimis
1417 3413 1526 3459 tota
1554 3414 1609 3459 et
1636 3406 1688 3459 in
1715 3406 1966 3461 maximis

393 3498 503 3542 tota
529 3507 542 3543 :
569 3500 623 3543 et
669 3489 780 3544 lucc
821 3500 905 3544 est
950 3492 1125 3561 imago
1174 3494 1396 3551 unitatis
1435 3495 1818 3567 omnipotentis
1847 3497 1961 3563 Dei,

360 3577 366 3581 ’
390 3593 552 3647 quam
577 3579 758 3632 anima
782 3579 944 3634 habet
969 3581 1023 3635 in
1051 3598 1129 3636 se.

464 3692 626 3754 Inter.
640 3692 823 3746 Potest
844 3693 1031 3748 eadem
1049 3695 1227 3748 anima
1245 3695 1480 3765 aliquam
1503 3697 1790 3753 Trinitatis
1804 3701 1967 3754 habe-

393 3795 451 3833 re
468 3780 772 3849 imaginem,
791 3795 860 3835 an
874 3783 1015 3857 non?
1036 3782 1187 3854 Resp.
1217 3784 1410 3855 Utique
1428 3795 1621 3857 potest.
1639 3786 1804 3842 Inter.
1824 3788 1983 3855 Quo-'

393 3869 581 3923 modo?
594 3869 745 3938 Resp.
759 3868 940 3925 Primo
953 3872 1097 3926 enim
1112 3872 1254 3928 sicut
1267 3873 1409 3931 Deus
1422 3883 1525 3943 est,
1557 3877 1708 3943 vivit,
1733 3887 1787 3932 et
1807 3880 1918 3948 sapi
1928 3888 1965 3943 t,

392 3960 465 4012 ita
491 3959 670 4013 anima
698 3960 998 4015 secundum
1020 3977 1176 4017 suum
1207 3965 1427 4021 modum
1442 3974 1544 4033 est,
1570 3968 1703 4022 vivit
1722 3977 1775 4023 et
1803 3971 1962 4040 sapit.

467 4047 627 4101 Inter.
656 4048 838 4103 Potest
863 4048 917 4102 in
938 4050 1041 4106 hoc
1066 4052 1225 4109 aliam
1251 4054 1451 4110 habere
1483 4057 1782 4111 rationem?
1811 4058 1962 4128 Resp.

394 4137 596 4192 Potest.
629 4136 795 4191 Inter.
825 4136 1138 4204 Quomodo?
1174 4140 1329 4211 Resp.
1372 4142 1470 4197 Est
1495 4145 1640 4198 enim
1676 4144 1778 4198 alia
1811 4147 1967 4199 trini-

395 4241 477 4286 tas
506 4232 561 4285 in
589 4246 674 4296 ea,
705 4246 811 4301 qua
850 4231 916 4286 ad
946 4231 1231 4303 imaginem
1262 4232 1344 4287 sui
1370 4233 1683 4299 conditoris,
1714 4232 1968 4304 perfecta:

393 4324 609 4392 quidem
650 4334 702 4379 et
731 4339 954 4381 summae
996 4324 1294 4392 Trinitatis,
1328 4341 1449 4395 qua:
1489 4335 1574 4381 est
1625 4328 1678 4381 in
1724 4327 1886 4383 Patre
1914 4338 1966 4382 et
2004 4344 2005 4347 ‘

397 4412 529 4467 l-‘ilio
552 4421 606 4468 et
645 4412 847 4484 Spiritu
896 4422 1101 4480 saneto,
1148 4416 1383 4482 condita,
1409 4432 1526 4487 qua
1552 4417 1677 4471 licet
1704 4418 1863 4473 unius
1895 4421 1965 4473 sit
1994 4428 2043 4489 υ

366 4520 371 4525 ο
398 4509 623 4564 naturas,
655 4509 764 4556 tres
795 4511 976 4559 tamen
1003 4504 1056 4557 in
1081 4520 1139 4568 se
1161 4506 1447 4576 dignitates
1472 4508 1651 4561 habet.

468 4586 631 4640 Inter.
664 4585 791 4654 Quae
812 4600 935 4643 sunt
959 4591 1073 4645 lite?
1098 4592 1251 4664 Resp.
1281 4594 1337 4650 ld
1366 4603 1466 4662 est,
1496 4596 1845 4663 intellectum,
1871 4615 1966 4653 vo-
2004 4606 2009 4613 ‘

398 4676 654 4729 luntatem
676 4683 729 4730 et
759 4678 1091 4732 memoriam.
1118 4680 1271 4736 Unde
1291 4691 1346 4736 et
1368 4682 1624 4739 Dominus
1652 4685 1706 4741 in
1726 4686 1967 4757 Evange-

401 4764 470 4822 lio
501 4783 514 4818 :
548 4762 742 4834 Diliges
764 4764 1044 4819 Dominum
1067 4766 1236 4821 Deum
1258 4777 1405 4823 tuum
1446 4788 1511 4825 ea:
1543 4782 1649 4827 toto
1673 4776 1829 4830 corde
1854 4788 1962 4839 tuo,

397 4862 449 4906 et
466 4869 531 4906 ea:
556 4862 665 4907 tota
690 4854 867 4908 animo
899 4864 1015 4919 tua,
1042 4865 1090 4909 et
1128 4873 1191 4910 ea:
1217 4867 1325 4911 tota
1352 4870 1520 4913 mente
1545 4871 1658 4926 tua,
1684 4864 1737 4917 id
1760 4874 1861 4929 est,
1899 4880 1965 4919 ex

400 4946 511 4994 toto
532 4941 819 5008 intellectu,
832 4952 893 4999 et
906 4961 968 4998 ex
985 4955 1093 5000 tota
1108 4948 1397 5014 voluntate,
1415 4956 1469 5003 et
1479 4965 1546 5005 ex
1562 4958 1670 5006 tota
1684 4957 1963 5010 memoria.

470 5025 637 5081 Inter.
682 5028 798 5095 Qua
856 5034 1066 5089 ratione
1088 5037 1203 5090 haec
1246 5037 1348 5091 sibi
1391 5039 1752 5105 conveniunt?
1807 5041 1959 5113 Resp.

401 5117 535 5185 Quia
562 5119 702 5173 sicut
727 5135 794 5174 ex
816 5121 975 5177 Patre
996 5135 1283 5193 generatur
1307 5128 1496 5195 Filius,
1521 5144 1588 5185 ex
1612 5129 1772 5187 Patre
1796 5131 1965 5188 Filio-

400 5227 504 5281 que
524 5212 766 5281 procedit
789 5211 1024 5283 Spiritus
1044 5228 1296 5285 sanctus;
1324 5222 1396 5276 ita
1423 5236 1490 5277 ex
1513 5221 1787 5277 intellectu
1808 5238 1968 5293 gene-

402 5311 553 5355 ratur
579 5304 844 5369 voluntas,
873 5312 929 5358 ct
953 5320 1017 5359 ex
1044 5307 1128 5360 bis
1154 5309 1282 5363 item
1306 5311 1566 5367 ambobus
1588 5312 1829 5382 procedit
1852 5328 1966 5368 mes

402 5394 595 5447 moria.
624 5395 691 5449 Et
722 5396 824 5452 hoc
852 5395 1007 5452 facile
1053 5399 1277 5471 intelligi
1324 5412 1521 5472 potest,
1552 5389 1677 5472 quia
1724 5403 1840 5458 sine
1879 5406 1967 5460 his

404 5483 577 5539 tribus
601 5487 840 5555 perfecta
870 5490 1047 5543 anima
1094 5505 1213 5547 esse
1264 5508 1371 5548 non
1406 5502 1613 5565 potest;
1645 5510 1743 5550 nec
1772 5496 1964 5551 horum

406 5570 565 5626 trium
614 5590 780 5629 unum
833 5580 1069 5649 aliquod,
1120 5590 1377 5650 quantum
1426 5587 1493 5639 ad
1528 5600 1678 5640 suam
1734 5588 1967 5654 pertinet

2061 1882 2234 1950 gentis
2264 1888 2479 1935 maneat
2502 1879 2670 1943 Deus;
2694 1886 2749 1931 et
2780 1879 2841 1932 si:
2860 1886 2917 1931 ut
2946 1879 3145 1933 nullum
3178 1888 3355 1949 potest
3374 1894 3491 1933 esse
3517 1895 3629 1933 Ino-

2061 1979 2320 2031 tnenlum,
2352 1983 2457 2037 quo
2479 1968 2637 2022 homo
2658 1983 2762 2022 non
2792 1976 2973 2022 utatur
2998 1970 3077 2023 vel
3119 1968 3328 2023 fruatur
3357 1970 3450 2024 Dei
3476 1972 3629 2024 boni-

2062 2068 2170 2113 tate
2194 2070 2247 2113 et
2270 2058 2653 2121 misericordia,
2682 2058 2754 2112 ita
2779 2059 2978 2113 nullum
3003 2060 3195 2115 debeat
3235 2074 3354 2115 esse
3390 2077 3630 2116 momen-

2062 2156 2195 2211 tum,
2222 2163 2328 2218 quo
2352 2157 2670 2218 prazsentem
2692 2163 2814 2203 cum
2839 2164 2942 2203 non
2970 2151 3166 2205 habeat
3189 2153 3465 2212 memoria.

2129 2236 2295 2291 Inter.
2335 2236 2459 2291 limo
2489 2237 2555 2290 de
2600 2237 2836 2308 imagine
2885 2239 2987 2293 hac
3018 2240 3131 2294 vice
3163 2241 3294 2296 mihi
3325 2242 3585 2298 sulliciunt
3612 2263 3627 2308 ;

2060 2328 2151 2383 sed
2175 2329 2406 2398 qualiter
2426 2328 2492 2383 ad
2519 2328 2920 2394 similitudinem
2963 2330 3058 2385 Dei
3083 2331 3249 2385 creati
3277 2346 3462 2388 sumus
3484 2334 3631 2387 inno-

2061 2426 2224 2472 tesce.
2280 2415 2434 2486 Resp.
2485 2416 2542 2471 In
2590 2425 2847 2486 quantum
2889 2418 3007 2487 ipso
3054 2420 3331 2476 conditore
3375 2422 3634 2493 largiente

2060 2503 2232 2568 valeo,
2252 2504 2466 2559 faciam.
2502 2503 2653 2559 Sicut
2673 2506 2815 2559 enim
2841 2504 2980 2561 Deus
3027 2517 3260 2575 creator,
3304 2511 3395 2579 qui
3443 2526 3543 2567 nos
3562 2512 3631 2567 ad

2060 2591 2462 2646 similitudinem
2494 2606 2645 2645 suam
2677 2594 2897 2657 ereavit,
2925 2603 3009 2649 est
3026 2596 3285 2662 charitas,
3311 2606 3395 2653 est
3436 2600 3629 2666 bonus,

2055 2680 2235 2750 justus
2259 2690 2315 2737 et
2338 2682 2571 2753 patiens,
2596 2683 2743 2738 mitis
2767 2692 2821 2739 et
2844 2685 3094 2750 mundus,
3116 2682 3627 2757 atquc'misericors,

2061 2780 2115 2826 et
2135 2782 2329 2827 etetera
2355 2774 2613 2826 virtutum
2635 2784 2941 2828 sanctarum
2967 2776 3212 2845 insignia,
3236 2794 3355 2849 qua:
3382 2781 3446 2836 de
3467 2797 3533 2837 eo
3562 2783 3631 2837 le-

2061 2875 2291 2936 guntur;
2326 2866 2398 2920 ita
2421 2866 2580 2920 homo
2603 2874 2816 2921 creatus
2836 2874 2935 2933 est,
2962 2876 3020 2921 ut
3046 2869 3365 2927 charitatem
3387 2873 3630 2939 haberet,

2063 2964 2124 3010 ut
2148 2956 2319 3012 bonus
2338 2964 2484 3011 esset
2510 2964 2566 3010 et
2583 2956 2782 3026 justus,
2800 2966 2859 3011 ut
2881 2959 3088 3029 patiens
3112 2970 3271 3031 atque
3290 2963 3453 3030 mitis,
3478 2981 3631 3019 Inun-

2064 3045 2163 3099 dus
2191 3053 2245 3099 et
2277 3046 2588 3100 misericors
2617 3048 2788 3111 foret;
2817 3063 2954 3117 quas
2982 3051 3065 3103 vir
3088 3059 3206 3105 utes
3226 3062 3424 3122 quanto
3441 3054 3559 3124 plus
3579 3057 3633 3110 iu

2067 3136 2221 3191 nobis
2247 3136 2527 3200 habemus,
2557 3144 2703 3191 tanto
2751 3139 2968 3208 propius
2992 3155 3176 3194 sumus
3215 3142 3343 3208 Deo,
3375 3152 3429 3199 et
3460 3144 3631 3212 majo-

2065 3242 2179 3282 rem
2201 3228 2369 3282 nostri
2401 3227 2697 3283 conditoris
2719 3230 2953 3298 gerimus
2981 3230 3402 3289 similitudinem.
3519 3230 3526 3238 ’

2137 3312 2303 3366 Inter.
2342 3312 2399 3368 Si
2430 3322 2630 3377 autem,
2675 3315 2816 3384 quod
2862 3315 3023 3381 absit,
3057 3312 3300 3372 nostrum
3324 3319 3515 3390 aliquis
3541 3337 3635 3391 per

2066 3404 2222 3459 devia
2252 3405 2528 3470 vitiorum,
2550 3411 2605 3458 et
2632 3404 2859 3458 divortia
2882 3406 3169 3462 criminum
3200 3408 3270 3462 ab
3294 3410 3397 3466 hac
3420 3412 3639 3467 nobilis-

2065 3495 2203 3551 sima
2247 3496 2328 3549 sui
2378 3495 2673 3555 conditoris
2725 3481 3076 3552 similitudine
3116 3497 3351 3567 degener
3394 3502 3633 3564 oberrat,

2066 3586 2195 3654 quid
2225 3586 2273 3639 ei
2304 3584 2541 3639 futurum
2593 3600 2712 3639 esse
2742 3586 2976 3639 assensi
3020 3585 3174 3656 Resp.
3226 3587 3400 3653 Absit,
3437 3598 3496 3643 ut
3532 3591 3636 3646 hoc

2068 3671 2190 3725 fiat!
2229 3670 2362 3725 Nam
2385 3672 2430 3724 si
2452 3671 2675 3726 forsitan
2701 3673 2961 3738 evenerit,
2987 3675 3114 3742 quid
3137 3674 3301 3741 aliud,
3328 3678 3430 3732 nisi
3456 3688 3512 3733 ut
3538 3680 3637 3735 iIn-

2067 3762 2276 3831 pleatur
2305 3762 2357 3816 in
2386 3763 2559 3826 nobis,
2596 3764 2737 3832 quod
2766 3764 3025 3833 scriptum
3067 3775 3151 3819 est
3180 3784 3194 3819 :
3222 3764 3412 3830 Homo,
3438 3785 3553 3821 cum
3578 3772 3631 3824 in

2069 3854 2262 3907 honore
2286 3867 2440 3919 esset,
2462 3870 2565 3907 non
2596 3854 2871 3920 intellexit,
2915 3847 3245 3925 comparatus
3285 3868 3359 3911 est
3380 3859 3635 3928 jumentis

2066 3946 2450 4016 insipientibus,
2479 3954 2528 4000 et
2578 3944 2761 4000 similis
2790 3946 2960 4015 [actus
2988 3956 3064 4000 est
3096 3946 3199 4000 illis
3223 3946 3396 4019 (Psal.
3445 3965 3633 4014 XLvIII,

2070 4038 2179 4109 15).
2199 4037 2327 4104 Quae
2349 4036 2518 4109 [Leg.,
2546 4037 2688 4108 quis]
2709 4037 2879 4107 major
2894 4038 3066 4092 honor
3086 4040 3259 4109 potuit
3272 4040 3472 4095 homini
3494 4056 3633 4106 esse,

2068 4140 2235 4193 quam
2258 4135 2317 4180 ut
2336 4126 2403 4180 ad
2429 4126 2833 4179 similitudinem
2862 4126 2943 4180 sui
2973 4125 3191 4181 factoris
3216 4128 3553 4189 conderetur.
3582 4144 3637 4185 et

2066 4215 2267 4268 eisdem
2316 4197 2573 4267 virtutum
2618 4214 2950 4268 vestimentis
2997 4224 3301 4281 ornaretur,
3347 4217 3540 4285 quibus
3583 4232 3638 4275 et

2067 4305 2336 4369 conditor,
2363 4304 2427 4359 de
2468 4318 2574 4371 (luo
2603 4303 2797 4373 legitur
2830 4322 2842 4358 :
2877 4304 3133 4359 Dominus
3174 4310 3425 4377 regnavit,
3452 4310 3637 4365 decore

2068 4397 2280 4450 indutus
2313 4405 2388 4450 est
2418 4393 2588 4467 (Psal.
2622 4412 2752 4461 xcu,
2777 4396 2851 4467 l),
2880 4395 2931 4449 id
2965 4407 3068 4461 est,
3112 4400 3349 4455 omnium
3379 4402 3634 4458 virtutum

2068 4485 2372 4556 splendore,
2400 4495 2453 4541 et
2481 4487 2644 4545 totius
2689 4487 2945 4543 bonitatis
2983 4488 3176 4543 decore
3218 4498 3458 4546 ornatus.
3496 4491 3561 4546 Et
3603 4508 3636 4547 θ

2068 4589 2254 4634 contra
2277 4578 2419 4649 quod
2441 4578 2613 4646 majus
2632 4579 2679 4634 ei
2707 4587 2883 4649 potest
2910 4576 3030 4641 esse
3058 4580 3307 4647 dedecus,
3338 4590 3430 4636 aut
3458 4582 3632 4637 infeli-

2066 4676 2183 4729 (τίον
2210 4676 2447 4737 miseria,
2479 4688 2638 4742 quam
2680 4683 2739 4726 ut
2787 4674 2889 4727 hac
2932 4674 3296 4729 similitudinis
3338 4674 3503 4744 gloria
3552 4675 3631 4728 sui

2068 4770 2361 4824 conditoris
2400 4767 2617 4830 amissa,
2651 4766 2716 4819 ad
2753 4765 3036 4819 informem
3087 4774 3139 4819 et
3189 4765 3633 4827 irrationabilium

2069 4861 2345 4917 brutorum
2362 4860 2727 4929 jumentorum
2748 4856 3027 4910 delabatur
3046 4858 3471 4914 similitudinem.
3496 4858 3633 4928 Qua-

2069 4960 2305 5022 propter,
2352 4966 2385 5004 o
2430 4948 2775 5003 dilectissime
2814 4946 3009 5002 frater!
3066 4950 3283 5005 attende
3330 4950 3635 5021 diligentius

2069 5042 2253 5112 prima:
2277 5039 2601 5095 conditionis
2629 5024 2826 5094 nostra:
2871 5039 3262 5105 excellentiam,
3289 5048 3344 5109 et
3376 5056 3636 5096 veneran-

2068 5133 2188 5186 dam
2204 5138 2409 5203 sancte
2434 5129 2712 5185 Trinitatis
2736 5144 2966 5201 agnosce
2996 5131 3305 5203 imaginem,
3350 5132 3637 5188 honorem-
3700 5139 3703 5141 ’

2068 5236 2172 5291 que
2194 5220 2559 5275 similitudinis
2588 5222 2800 5288 divinte,
2827 5223 3091 5294 adquam
3137 5234 3350 5280 creatus
3373 5239 3449 5286 es,
3480 5223 3637 5277 nobi-

2068 5312 2273 5366 litatem
2316 5305 2560 5378 'morum,
2605 5315 2926 5388 exercitium
2972 5316 3263 5380 virtutum,
3322 5315 3632 5384 dignitatem

2070 5388 2278 5457 morum
2302 5403 2737 5473 meritorumque
2782 5404 2980 5457 habere
3018 5394 3300 5466 contende,
3333 5410 3391 5455 ut
3418 5405 3633 5471 quando

2070 5481 2345 5562 appareat,
2375 5493 2549 5559 qualis
2577 5495 2665 5557 sit,
2702 5502 2828 5547 tunc
2857 5493 3046 5547 similis
3073 5492 3122 5546 ei
3150 5506 3425 5561 appareas,
3459 5494 3549 5563 qui
3582 5503 3633 5548 te

2070 5582 2384 5636 mirabiliter
2410 5582 2477 5637 ad
2526 5582 2924 5636 similitudinem
2974 5598 3124 5636 suam
3167 5583 3216 5635 in
3260 5583 3433 5653 primo
3467 5583 3631 5636 Adam
3700 5640 3707 5645 ,

478 5740 500 5767 ι
529 5726 647 5781 llmc
675 5738 795 5782 sunt
826 5728 975 5783 Dicta
1005 5732 1210 5786 Alt-uini
1234 5750 1388 5803 super
1414 5736 1546 5790 illud
1561 5735 1769 5792 Genesis
1790 5756 1806 5793 :
1826 5738 2107 5796 Farinmns
2134 5740 2413 5803 Itonn'ncm,
2437 5746 2564 5808 eun,
2593 5747 2631 5790 t.
2665 5738 2702 5805 Ι,
2723 5738 2821 5793 col.
2856 5738 2977 5803 563i,
3004 5740 3199 5793 omissa
3228 5739 3394 5793 forma
3416 5736 3625 5804 dialogi.
