  <div class='ocr_page' id='page_1' title='image "/cluster/home/n/w/nwhite01/storage/ocr_20150623/101/uva.x000834944/557.png"; bbox 0 0 4254 6208; ppageno 0'>
   <div class='ocr_carea' id='block_1_1' title="bbox 660 364 2251 432">
    <p class='ocr_par' dir='ltr' id='par_1_1' title="bbox 660 364 2251 427">
     <span class='ocr_line' id='line_1_1' title="bbox 660 364 2251 427; baseline -0.003 -4"><span class='ocrx_word' id='word_1_1' title='bbox 660 372 797 427; x_wconf 79' lang='grc' dir='ltr'><strong>Ηοό</strong></span> <span class='ocrx_word' id='word_1_2' title='bbox 1469 370 1527 423; x_wconf 84' lang='grc' dir='ltr'><strong>Β.</strong></span> <span class='ocrx_word' id='word_1_3' title='bbox 1569 368 1631 423; x_wconf 82' lang='lat' dir='ltr'><strong>F.</strong></span> <span class='ocrx_word' id='word_1_4' title='bbox 1671 366 1894 423; x_wconf 68' lang='lat' dir='ltr'><strong>ALBINI</strong></span> <span class='ocrx_word' id='word_1_5' title='bbox 1933 366 2061 421; x_wconf 70' lang='lat' dir='ltr'><strong>SBH</strong></span> <span class='ocrx_word' id='word_1_6' title='bbox 2098 364 2251 420; x_wconf 74' lang='lat' dir='ltr'><strong>ALCI</strong></span> 
     </span>
    </p>
   </div>
   <div class='ocr_carea' id='block_1_2' title="bbox 2279 364 3902 432">
    <p class='ocr_par' dir='ltr' id='par_1_2' title="bbox 2284 364 3902 432">
     <span class='ocr_line' id='line_1_2' title="bbox 2284 364 3902 432; baseline 0.009 -14"><span class='ocrx_word' id='word_1_7' title='bbox 2284 364 2370 418; x_wconf 68' lang='lat' dir='ltr'><strong>INI</strong></span> <span class='ocrx_word' id='word_1_8' title='bbox 2410 365 2687 421; x_wconf 68' lang='lat' dir='ltr'><strong>OPERL&#39;SI</strong></span> <span class='ocrx_word' id='word_1_9' title='bbox 2726 366 2902 424; x_wconf 82' lang='lat' dir='ltr'><strong>PARS</strong></span> <span class='ocrx_word' id='word_1_10' title='bbox 2941 368 3069 425; x_wconf 76' lang='lat' dir='ltr'><strong>VIII.</strong></span> <span class='ocrx_word' id='word_1_11' title='bbox 3757 375 3902 432; x_wconf 71' lang='lat' dir='ltr'><strong>HM</strong></span> 
     </span>
    </p>
   </div>
   <div class='ocr_carea' id='block_1_3' title="bbox 657 475 3897 556">
    <p class='ocr_par' dir='ltr' id='par_1_3' title="bbox 657 475 3897 556">
     <span class='ocr_line' id='line_1_3' title="bbox 657 475 3897 556; baseline 0 -17"><span class='ocrx_word' id='word_1_12' title='bbox 657 485 912 549; x_wconf 87' lang='lat' dir='ltr'><strong>condidit,</strong></span> <span class='ocrx_word' id='word_1_13' title='bbox 930 484 1331 553; x_wconf 82' lang='lat' dir='ltr'><strong>mirabiliusque</strong></span> <span class='ocrx_word' id='word_1_14' title='bbox 1354 484 1406 536; x_wconf 94' lang='lat' dir='ltr'><strong>in</strong></span> <span class='ocrx_word' id='word_1_15' title='bbox 1430 481 1663 535; x_wconf 89' lang='lat' dir='ltr'><strong>secundo</strong></span> <span class='ocrx_word' id='word_1_16' title='bbox 1690 479 1995 535; x_wconf 76' lang='lat' dir='ltr'><strong>reformavit</strong></span> <span class='ocrx_word' id='word_1_17' title='bbox 2024 491 2069 531; x_wconf 69' lang='grc'><strong>³.</strong></span> <span class='ocrx_word' id='word_1_18' title='bbox 2090 477 2212 531; x_wconf 69' lang='grc' dir='ltr'>ιιιιιι·</span> <span class='ocrx_word' id='word_1_19' title='bbox 2243 480 2289 535; x_wconf 80' lang='grc' dir='ltr'><strong>Α</strong></span> <span class='ocrx_word' id='word_1_20' title='bbox 2318 475 2439 547; x_wconf 83' lang='lat' dir='ltr'><strong>lista</strong></span> <span class='ocrx_word' id='word_1_21' title='bbox 2460 477 2554 530; x_wconf 74' lang='lat' dir='ltr'><strong>ita</strong></span> <span class='ocrx_word' id='word_1_22' title='bbox 2598 479 2817 546; x_wconf 73' lang='lat' dir='ltr'><strong>protulit</strong></span> <span class='ocrx_word' id='word_1_23' title='bbox 2861 480 3045 533; x_wconf 84' lang='lat' dir='ltr'><strong>dicens</strong></span> <span class='ocrx_word' id='word_1_24' title='bbox 3072 499 3081 532; x_wconf 93' lang='lat'><strong>:</strong></span> <span class='ocrx_word' id='word_1_25' title='bbox 3116 480 3182 533; x_wconf 78' lang='lat' dir='ltr'><strong>Et</strong></span> <span class='ocrx_word' id='word_1_26' title='bbox 3227 479 3476 537; x_wconf 80' lang='lat' dir='ltr'><strong>inclinato</strong></span> <span class='ocrx_word' id='word_1_27' title='bbox 3518 484 3688 556; x_wconf 77' lang='lat' dir='ltr'><strong>capite</strong></span> <span class='ocrx_word' id='word_1_28' title='bbox 3719 487 3897 541; x_wconf 64' lang='lat' dir='ltr'><strong>enim</strong></span> 
     </span>
    </p>
   </div>
   <div class='ocr_carea' id='block_1_4' title="bbox 657 569 3899 657">
    <p class='ocr_par' dir='ltr' id='par_1_4' title="bbox 657 569 3899 657">
     <span class='ocr_line' id='line_1_4' title="bbox 657 569 3899 657; baseline 0.002 -28"><span class='ocrx_word' id='word_1_29' title='bbox 657 576 723 630; x_wconf 85' lang='lat' dir='ltr'><strong>de</strong></span> <span class='ocrx_word' id='word_1_30' title='bbox 748 574 979 645; x_wconf 83' lang='lat' dir='ltr'><strong>imagine</strong></span> <span class='ocrx_word' id='word_1_31' title='bbox 998 581 1054 629; x_wconf 93' lang='lat' dir='ltr'><strong>et</strong></span> <span class='ocrx_word' id='word_1_32' title='bbox 1080 571 1425 628; x_wconf 78' lang='lat' dir='ltr'><strong>similitudine</strong></span> <span class='ocrx_word' id='word_1_33' title='bbox 1449 571 1657 625; x_wconf 82' lang='lat' dir='ltr'><strong>habeto.</strong></span> <span class='ocrx_word' id='word_1_34' title='bbox 1805 645 1818 657; x_wconf 34' lang='grc' dir='ltr'>ν</span> <span class='ocrx_word' id='word_1_35' title='bbox 2290 570 2554 649; x_wconf 77' lang='lat' dir='ltr'><strong>spiritum</strong></span> <span class='ocrx_word' id='word_1_36' title='bbox 2601 569 2782 641; x_wconf 81' lang='lat' dir='ltr'><strong>(Joan;</strong></span> <span class='ocrx_word' id='word_1_37' title='bbox 2814 587 2924 634; x_wconf 74' lang='lat' dir='ltr'><strong>xix,</strong></span> <span class='ocrx_word' id='word_1_38' title='bbox 2951 570 3063 643; x_wconf 77' lang='lat'><strong>50).</strong></span> <span class='ocrx_word' id='word_1_39' title='bbox 3106 571 3173 626; x_wconf 85' lang='lat' dir='ltr'><strong>Et</strong></span> <span class='ocrx_word' id='word_1_40' title='bbox 3206 572 3409 629; x_wconf 88' lang='lat' dir='ltr'><strong>idcirco</strong></span> <span class='ocrx_word' id='word_1_41' title='bbox 3451 574 3585 631; x_wconf 88' lang='lat' dir='ltr'><strong>nihil</strong></span> <span class='ocrx_word' id='word_1_42' title='bbox 3628 577 3771 632; x_wconf 84' lang='lat' dir='ltr'><strong>aliud</strong></span> <span class='ocrx_word' id='word_1_43' title='bbox 3806 588 3899 634; x_wconf 82' lang='lat' dir='ltr'><strong>est.</strong></span> 
     </span>
    </p>
   </div>
   <div class='ocr_carea' id='block_1_5' title="bbox 729 656 3887 737">
    <p class='ocr_par' dir='ltr' id='par_1_5' title="bbox 729 656 3887 737">
     <span class='ocr_line' id='line_1_5' title="bbox 729 656 3887 737; baseline 0.003 -23"><span class='ocrx_word' id='word_1_44' title='bbox 729 663 892 716; x_wconf 85' lang='lat' dir='ltr'><strong>Inter.</strong></span> <span class='ocrx_word' id='word_1_45' title='bbox 930 661 1152 733; x_wconf 75' lang='lat' dir='ltr'><strong>Expleta</strong></span> <span class='ocrx_word' id='word_1_46' title='bbox 1178 661 1382 715; x_wconf 87' lang='lat' dir='ltr'><strong>ratione</strong></span> <span class='ocrx_word' id='word_1_47' title='bbox 1435 659 1684 731; x_wconf 75' lang='lat' dir='ltr'><strong>imaginis</strong></span> <span class='ocrx_word' id='word_1_48' title='bbox 1712 658 1779 721; x_wconf 86' lang='lat' dir='ltr'><strong>ad</strong></span> <span class='ocrx_word' id='word_1_49' title='bbox 1808 656 2215 712; x_wconf 84' lang='lat' dir='ltr'><strong>similitudinem</strong></span> <span class='ocrx_word' id='word_1_50' title='bbox 2316 658 2561 727; x_wconf 70' lang='lat' dir='ltr'><strong>spirituum</strong></span> <span class='ocrx_word' id='word_1_51' title='bbox 2581 660 2843 725; x_wconf 90' lang='lat' dir='ltr'><strong>emittere,</strong></span> <span class='ocrx_word' id='word_1_52' title='bbox 2859 660 2962 715; x_wconf 88' lang='lat' dir='ltr'><strong>nisi</strong></span> <span class='ocrx_word' id='word_1_53' title='bbox 2983 661 3125 731; x_wconf 89' lang='lat' dir='ltr'><strong>quod</strong></span> <span class='ocrx_word' id='word_1_54' title='bbox 3142 670 3204 717; x_wconf 85' lang='lat' dir='ltr'><strong>et</strong></span> <span class='ocrx_word' id='word_1_55' title='bbox 3220 663 3454 719; x_wconf 79' lang='lat' dir='ltr'><strong>animam</strong></span> <span class='ocrx_word' id='word_1_56' title='bbox 3474 681 3691 737; x_wconf 87' lang='lat' dir='ltr'><strong>ponere.</strong></span> <span class='ocrx_word' id='word_1_57' title='bbox 3721 666 3887 724; x_wconf 83' lang='lat' dir='ltr'><strong>Inter.</strong></span> 
     </span>
    </p>
   </div>
   <div class='ocr_carea' id='block_1_6' title="bbox 652 732 3889 820">
    <p class='ocr_par' dir='ltr' id='par_1_6' title="bbox 652 732 3889 820">
     <span class='ocr_line' id='line_1_6' title="bbox 652 732 3889 820; baseline 0.002 -15"><span class='ocrx_word' id='word_1_58' title='bbox 652 732 927 807; x_wconf 83' lang='lat' dir='ltr'><strong>interioris</strong></span> <span class='ocrx_word' id='word_1_59' title='bbox 958 732 1207 817; x_wconf 86' lang='lat' dir='ltr'><strong>hominis,</strong></span> <span class='ocrx_word' id='word_1_60' title='bbox 1231 764 1349 819; x_wconf 73' lang='lat' dir='ltr'><strong>qua:</strong></span> <span class='ocrx_word' id='word_1_61' title='bbox 1369 747 2050 817; x_wconf 42' lang='lat' dir='ltr'><strong>cunctis,sicut&lt;hucusque</strong></span> <span class='ocrx_word' id='word_1_62' title='bbox 2074 754 2219 799; x_wconf 88' lang='lat' dir='ltr'><strong>retu-</strong></span> <span class='ocrx_word' id='word_1_63' title='bbox 2314 749 2491 812; x_wconf 83' lang='lat' dir='ltr'><strong>Quare</strong></span> <span class='ocrx_word' id='word_1_64' title='bbox 2515 747 2658 803; x_wconf 88' lang='lat' dir='ltr'><strong>dicta</strong></span> <span class='ocrx_word' id='word_1_65' title='bbox 2686 758 2771 804; x_wconf 91' lang='lat' dir='ltr'><strong>est</strong></span> <span class='ocrx_word' id='word_1_66' title='bbox 2795 750 3016 804; x_wconf 87' lang='lat' dir='ltr'><strong>anima?</strong></span> <span class='ocrx_word' id='word_1_67' title='bbox 3041 748 3193 820; x_wconf 88' lang='lat' dir='ltr'><strong>Resp.</strong></span> <span class='ocrx_word' id='word_1_68' title='bbox 3222 751 3417 808; x_wconf 82' lang='lat' dir='ltr'><strong>Anima</strong></span> <span class='ocrx_word' id='word_1_69' title='bbox 3455 732 3542 811; x_wconf 75' lang='lat' dir='ltr'><strong>est</strong></span> <span class='ocrx_word' id='word_1_70' title='bbox 3572 757 3719 811; x_wconf 88' lang='lat' dir='ltr'><strong>enim</strong></span> <span class='ocrx_word' id='word_1_71' title='bbox 3743 758 3889 813; x_wconf 82' lang='lat' dir='ltr'><strong>dicta</strong></span> 
     </span>
    </p>
   </div>
   <div class='ocr_carea' id='block_1_7' title="bbox 656 832 2218 910">
    <p class='ocr_par' dir='ltr' id='par_1_7' title="bbox 656 832 2218 910">
     <span class='ocr_line' id='line_1_7' title="bbox 656 832 2218 910; baseline -0.004 -17"><span class='ocrx_word' id='word_1_72' title='bbox 656 840 786 904; x_wconf 88' lang='lat' dir='ltr'><strong>listi,</strong></span> <span class='ocrx_word' id='word_1_73' title='bbox 811 839 1065 910; x_wconf 65' lang='lat' dir='ltr'><strong>praecedit</strong></span> <span class='ocrx_word' id='word_1_74' title='bbox 1084 832 1367 903; x_wconf 82' lang='lat' dir='ltr'><strong>creaturis,</strong></span> <span class='ocrx_word' id='word_1_75' title='bbox 1389 836 1561 906; x_wconf 81' lang='lat' dir='ltr'><strong>qualis</strong></span> <span class='ocrx_word' id='word_1_76' title='bbox 1583 835 1699 906; x_wconf 85' lang='lat' dir='ltr'><strong>ejus</strong></span> <span class='ocrx_word' id='word_1_77' title='bbox 1724 844 1914 889; x_wconf 86' lang='lat' dir='ltr'><strong>natura</strong></span> <span class='ocrx_word' id='word_1_78' title='bbox 1939 835 2008 888; x_wconf 89' lang='lat' dir='ltr'><strong>sit</strong></span> <span class='ocrx_word' id='word_1_79' title='bbox 2028 848 2218 889; x_wconf 89' lang='lat' dir='ltr'><strong>secun-</strong></span> 
     </span>
    </p>
   </div>
   <div class='ocr_carea' id='block_1_8' title="bbox 592 925 2291 996">
    <p class='ocr_par' dir='ltr' id='par_1_8' title="bbox 592 925 2291 996">
     <span class='ocr_line' id='line_1_8' title="bbox 592 925 2291 996; baseline -0.005 -10"><span class='ocrx_word' id='word_1_80' title='bbox 592 932 595 937; x_wconf 80' lang='grc'><em>’</em></span> <span class='ocrx_word' id='word_1_81' title='bbox 655 935 781 986; x_wconf 88' lang='lat' dir='ltr'><strong>dum</strong></span> <span class='ocrx_word' id='word_1_82' title='bbox 804 930 1081 987; x_wconf 79' lang='lat' dir='ltr'><strong>,rationem</strong></span> <span class='ocrx_word' id='word_1_83' title='bbox 1128 928 1413 984; x_wconf 81' lang='lat' dir='ltr'><strong>exterioris</strong></span> <span class='ocrx_word' id='word_1_84' title='bbox 1452 927 1707 993; x_wconf 85' lang='lat' dir='ltr'><strong>hominis,</strong></span> <span class='ocrx_word' id='word_1_85' title='bbox 1738 926 1882 981; x_wconf 88' lang='lat' dir='ltr'><strong>velut</strong></span> <span class='ocrx_word' id='word_1_86' title='bbox 1924 925 2054 996; x_wconf 87' lang='lat' dir='ltr'><strong>quid</strong></span> <span class='ocrx_word' id='word_1_87' title='bbox 2099 926 2216 995; x_wconf 87' lang='lat' dir='ltr'><strong>ipsa</strong></span> <span class='ocrx_word' id='word_1_88' title='bbox 2286 974 2291 977; x_wconf 21' lang='grc' dir='ltr'><strong>Α</strong></span> 
     </span>
    </p>
   </div>
   <div class='ocr_carea' id='block_1_9' title="bbox 655 1014 2215 1089">
    <p class='ocr_par' dir='ltr' id='par_1_9' title="bbox 655 1014 2215 1089">
     <span class='ocr_line' id='line_1_9' title="bbox 655 1014 2215 1089; baseline -0.004 -12"><span class='ocrx_word' id='word_1_89' title='bbox 655 1031 848 1079; x_wconf 89' lang='lat' dir='ltr'><strong>natura</strong></span> <span class='ocrx_word' id='word_1_90' title='bbox 890 1020 1132 1082; x_wconf 62' lang='lat' dir='ltr'><strong>dicatur,</strong></span> <span class='ocrx_word' id='word_1_91' title='bbox 1156 1017 1439 1089; x_wconf 75' lang='lat' dir='ltr'><strong>diligenter</strong></span> <span class='ocrx_word' id='word_1_92' title='bbox 1477 1032 1706 1087; x_wconf 81' lang='lat' dir='ltr'><strong>expone.</strong></span> <span class='ocrx_word' id='word_1_93' title='bbox 1741 1015 1898 1085; x_wconf 88' lang='lat' dir='ltr'><strong>Resp.</strong></span> <span class='ocrx_word' id='word_1_94' title='bbox 1946 1016 1974 1057; x_wconf 71' lang='grc' dir='ltr'>δ</span> <span class='ocrx_word' id='word_1_95' title='bbox 2014 1014 2215 1071; x_wconf 83' lang='lat' dir='ltr'><strong>Natura</strong></span> 
     </span>
    </p>
   </div>
   <div class='ocr_carea' id='block_1_10' title="bbox 652 1102 2215 1177">
    <p class='ocr_par' dir='ltr' id='par_1_10' title="bbox 652 1102 2215 1177">
     <span class='ocr_line' id='line_1_10' title="bbox 652 1102 2215 1177; baseline -0.003 -13"><span class='ocrx_word' id='word_1_96' title='bbox 652 1110 799 1166; x_wconf 88' lang='lat' dir='ltr'><strong>dicta</strong></span> <span class='ocrx_word' id='word_1_97' title='bbox 822 1116 906 1165; x_wconf 90' lang='lat' dir='ltr'><strong>est</strong></span> <span class='ocrx_word' id='word_1_98' title='bbox 947 1109 1013 1163; x_wconf 85' lang='lat' dir='ltr'><strong>ab</strong></span> <span class='ocrx_word' id='word_1_99' title='bbox 1051 1123 1136 1172; x_wconf 93' lang='lat' dir='ltr'><strong>eo,</strong></span> <span class='ocrx_word' id='word_1_100' title='bbox 1166 1106 1311 1177; x_wconf 91' lang='lat' dir='ltr'><strong>quod</strong></span> <span class='ocrx_word' id='word_1_101' title='bbox 1336 1106 1484 1161; x_wconf 87' lang='lat' dir='ltr'><strong>nasci</strong></span> <span class='ocrx_word' id='word_1_102' title='bbox 1524 1104 1737 1174; x_wconf 82' lang='lat' dir='ltr'><strong>aliquod</strong></span> <span class='ocrx_word' id='word_1_103' title='bbox 1759 1102 1944 1166; x_wconf 79' lang='lat' dir='ltr'><strong>faciat,</strong></span> <span class='ocrx_word' id='word_1_104' title='bbox 1966 1104 2215 1175; x_wconf 73' lang='lat' dir='ltr'><strong>gignendi</strong></span> 
     </span>
    </p>
   </div>
   <div class='ocr_carea' id='block_1_11' title="bbox 652 1193 2217 1268">
    <p class='ocr_par' dir='ltr' id='par_1_11' title="bbox 652 1193 2217 1268">
     <span class='ocr_line' id='line_1_11' title="bbox 652 1193 2217 1268; baseline -0.004 -12"><span class='ocrx_word' id='word_1_105' title='bbox 652 1202 799 1256; x_wconf 89' lang='lat' dir='ltr'><strong>enim</strong></span> <span class='ocrx_word' id='word_1_106' title='bbox 816 1209 874 1256; x_wconf 91' lang='lat' dir='ltr'><strong>et</strong></span> <span class='ocrx_word' id='word_1_107' title='bbox 892 1198 1117 1256; x_wconf 75' lang='lat' dir='ltr'><strong>faciendi</strong></span> <span class='ocrx_word' id='word_1_108' title='bbox 1142 1206 1333 1268; x_wconf 84' lang='lat' dir='ltr'><strong>potens</strong></span> <span class='ocrx_word' id='word_1_109' title='bbox 1355 1206 1457 1251; x_wconf 90' lang='lat' dir='ltr'><strong>est.</strong></span> <span class='ocrx_word' id='word_1_110' title='bbox 1482 1196 1635 1251; x_wconf 82' lang='lat' dir='ltr'><strong>Hanc</strong></span> <span class='ocrx_word' id='word_1_111' title='bbox 1649 1195 1867 1265; x_wconf 89' lang='lat' dir='ltr'><strong>quidam</strong></span> <span class='ocrx_word' id='word_1_112' title='bbox 1890 1193 2046 1267; x_wconf 72' lang='lat' dir='ltr'><strong>[Hs.,</strong></span> <span class='ocrx_word' id='word_1_113' title='bbox 2070 1209 2217 1264; x_wconf 77' lang='lat' dir='ltr'><strong>qua:-</strong></span> 
     </span>
    </p>
   </div>
   <div class='ocr_carea' id='block_1_12' title="bbox 654 1284 2216 1363">
    <p class='ocr_par' dir='ltr' id='par_1_12' title="bbox 654 1284 2216 1363">
     <span class='ocr_line' id='line_1_12' title="bbox 654 1284 2216 1363; baseline -0.005 -17"><span class='ocrx_word' id='word_1_114' title='bbox 654 1288 800 1363; x_wconf 80' lang='lat' dir='ltr'><strong>dam]</strong></span> <span class='ocrx_word' id='word_1_115' title='bbox 822 1289 990 1346; x_wconf 87' lang='lat' dir='ltr'><strong>Deum</strong></span> <span class='ocrx_word' id='word_1_116' title='bbox 1019 1304 1139 1344; x_wconf 87' lang='lat' dir='ltr'><strong>esse</strong></span> <span class='ocrx_word' id='word_1_117' title='bbox 1167 1288 1438 1351; x_wconf 82' lang='lat' dir='ltr'><strong>dixerunt,</strong></span> <span class='ocrx_word' id='word_1_118' title='bbox 1470 1302 1502 1340; x_wconf 90' lang='lat' dir='ltr'><strong>a</strong></span> <span class='ocrx_word' id='word_1_119' title='bbox 1531 1301 1637 1356; x_wconf 91' lang='lat' dir='ltr'><strong>quo</strong></span> <span class='ocrx_word' id='word_1_120' title='bbox 1663 1284 1841 1339; x_wconf 73' lang='lat' dir='ltr'><strong>omnia</strong></span> <span class='ocrx_word' id='word_1_121' title='bbox 1867 1293 2048 1340; x_wconf 86' lang='lat' dir='ltr'><strong>creata</strong></span> <span class='ocrx_word' id='word_1_122' title='bbox 2090 1293 2216 1339; x_wconf 87' lang='lat' dir='ltr'><strong>sunt</strong></span> 
     </span>
    </p>
   </div>
   <div class='ocr_carea' id='block_1_13' title="bbox 654 1381 993 1437">
    <p class='ocr_par' dir='ltr' id='par_1_13' title="bbox 654 1381 993 1437">
     <span class='ocr_line' id='line_1_13' title="bbox 654 1381 993 1437; baseline -0.009 -1"><span class='ocrx_word' id='word_1_123' title='bbox 654 1390 710 1436; x_wconf 90' lang='lat' dir='ltr'><strong>et</strong></span> <span class='ocrx_word' id='word_1_124' title='bbox 730 1381 993 1437; x_wconf 89' lang='lat' dir='ltr'><strong>existunt.</strong></span> 
     </span>
    </p>
   </div>
   <div class='ocr_carea' id='block_1_14' title="bbox 721 1455 2213 1537">
    <p class='ocr_par' dir='ltr' id='par_1_14' title="bbox 721 1455 2213 1537">
     <span class='ocr_line' id='line_1_14' title="bbox 721 1455 2213 1537; baseline -0.006 -13"><span class='ocrx_word' id='word_1_125' title='bbox 721 1455 888 1524; x_wconf 81' lang='lat' dir='ltr'><strong>Inter.</strong></span> <span class='ocrx_word' id='word_1_126' title='bbox 922 1467 1058 1535; x_wconf 87' lang='lat' dir='ltr'><strong>Quid</strong></span> <span class='ocrx_word' id='word_1_127' title='bbox 1081 1476 1162 1522; x_wconf 89' lang='lat' dir='ltr'><strong>est</strong></span> <span class='ocrx_word' id='word_1_128' title='bbox 1180 1464 1383 1537; x_wconf 89' lang='lat' dir='ltr'><strong>genus?</strong></span> <span class='ocrx_word' id='word_1_129' title='bbox 1416 1461 1568 1533; x_wconf 89' lang='lat' dir='ltr'><strong>Resp.</strong></span> <span class='ocrx_word' id='word_1_130' title='bbox 1593 1461 1773 1517; x_wconf 85' lang='lat' dir='ltr'><strong>Genus</strong></span> <span class='ocrx_word' id='word_1_131' title='bbox 1791 1468 1873 1515; x_wconf 87' lang='lat' dir='ltr'><strong>est</strong></span> <span class='ocrx_word' id='word_1_132' title='bbox 1897 1476 1927 1514; x_wconf 90' lang='lat' dir='ltr'><strong>a</strong></span> <span class='ocrx_word' id='word_1_133' title='bbox 1949 1460 2213 1531; x_wconf 89' lang='lat' dir='ltr'><strong>gignendo</strong></span> 
     </span>
    </p>
   </div>
   <div class='ocr_carea' id='block_1_15' title="bbox 652 1547 2210 1625">
    <p class='ocr_par' dir='ltr' id='par_1_15' title="bbox 652 1547 2210 1625">
     <span class='ocr_line' id='line_1_15' title="bbox 652 1547 2210 1625; baseline -0.008 -11"><span class='ocrx_word' id='word_1_134' title='bbox 652 1559 872 1621; x_wconf 84' lang='lat' dir='ltr'><strong>dictum,</strong></span> <span class='ocrx_word' id='word_1_135' title='bbox 896 1557 985 1612; x_wconf 87' lang='lat' dir='ltr'><strong>cui</strong></span> <span class='ocrx_word' id='word_1_136' title='bbox 1006 1554 1357 1625; x_wconf 81' lang='lat' dir='ltr'><strong>derivativum</strong></span> <span class='ocrx_word' id='word_1_137' title='bbox 1377 1566 1570 1607; x_wconf 87' lang='lat' dir='ltr'><strong>nomen</strong></span> <span class='ocrx_word' id='word_1_138' title='bbox 1596 1566 1625 1604; x_wconf 87' lang='lat' dir='ltr'><strong>a</strong></span> <span class='ocrx_word' id='word_1_139' title='bbox 1653 1558 1818 1613; x_wconf 89' lang='lat' dir='ltr'><strong>terra,</strong></span> <span class='ocrx_word' id='word_1_140' title='bbox 1841 1564 1906 1606; x_wconf 80' lang='lat' dir='ltr'><strong>ex</strong></span> <span class='ocrx_word' id='word_1_141' title='bbox 1933 1564 2035 1618; x_wconf 89' lang='lat' dir='ltr'><strong>qua</strong></span> <span class='ocrx_word' id='word_1_142' title='bbox 2058 1547 2210 1621; x_wconf 71' lang='lat' dir='ltr'><strong>[Hs.,</strong></span> 
     </span>
    </p>
   </div>
   <div class='ocr_carea' id='block_1_16' title="bbox 651 1635 2212 1722">
    <p class='ocr_par' dir='ltr' id='par_1_16' title="bbox 651 1635 2212 1722">
     <span class='ocr_line' id='line_1_16' title="bbox 651 1635 2212 1722; baseline -0.01 -15"><span class='ocrx_word' id='word_1_143' title='bbox 651 1667 719 1707; x_wconf 81' lang='lat' dir='ltr'><strong>ex</strong></span> <span class='ocrx_word' id='word_1_144' title='bbox 743 1648 875 1722; x_wconf 87' lang='lat' dir='ltr'><strong>quo]</strong></span> <span class='ocrx_word' id='word_1_145' title='bbox 903 1648 1082 1704; x_wconf 81' lang='lat' dir='ltr'><strong>omnia</strong></span> <span class='ocrx_word' id='word_1_146' title='bbox 1103 1642 1604 1719; x_wconf 85' lang='lat' dir='ltr'><strong>gignuntur.-Inter.</strong></span> <span class='ocrx_word' id='word_1_147' title='bbox 1628 1641 1937 1710; x_wconf 81' lang='lat' dir='ltr'><strong>Quomodo?</strong></span> <span class='ocrx_word' id='word_1_148' title='bbox 1962 1638 2115 1709; x_wconf 88' lang='lat' dir='ltr'><strong>Resp.</strong></span> <span class='ocrx_word' id='word_1_149' title='bbox 2138 1635 2212 1693; x_wconf 85' lang='lat' dir='ltr'><strong>Ge</strong></span> 
     </span>
    </p>
   </div>
   <div class='ocr_carea' id='block_1_17' title="bbox 651 1734 2211 1816">
    <p class='ocr_par' dir='ltr' id='par_1_17' title="bbox 651 1734 2211 1816">
     <span class='ocr_line' id='line_1_17' title="bbox 651 1734 2211 1816; baseline -0.006 -21"><span class='ocrx_word' id='word_1_150' title='bbox 651 1744 990 1816; x_wconf 62' lang='lat' dir='ltr'><strong>enimgraace</strong></span> <span class='ocrx_word' id='word_1_151' title='bbox 1015 1749 1161 1796; x_wconf 85' lang='lat' dir='ltr'><strong>terra</strong></span> <span class='ocrx_word' id='word_1_152' title='bbox 1188 1739 1407 1795; x_wconf 89' lang='lat' dir='ltr'><strong>dicitur.</strong></span> <span class='ocrx_word' id='word_1_153' title='bbox 1440 1738 1605 1793; x_wconf 91' lang='lat' dir='ltr'><strong>Inter.</strong></span> <span class='ocrx_word' id='word_1_154' title='bbox 1654 1736 1775 1791; x_wconf 72' lang='lat' dir='ltr'><strong>Vita</strong></span> <span class='ocrx_word' id='word_1_155' title='bbox 1816 1736 1959 1789; x_wconf 89' lang='lat' dir='ltr'><strong>unde</strong></span> <span class='ocrx_word' id='word_1_156' title='bbox 1984 1734 2211 1790; x_wconf 88' lang='lat' dir='ltr'><strong>dicitur?</strong></span> 
     </span>
    </p>
   </div>
   <div class='ocr_carea' id='block_1_18' title="bbox 655 1824 2211 1903">
    <p class='ocr_par' dir='ltr' id='par_1_18' title="bbox 655 1824 2211 1903">
     <span class='ocr_line' id='line_1_18' title="bbox 655 1824 2211 1903; baseline -0.007 -16"><span class='ocrx_word' id='word_1_157' title='bbox 655 1833 810 1903; x_wconf 89' lang='lat' dir='ltr'><strong>Resp.</strong></span> <span class='ocrx_word' id='word_1_158' title='bbox 838 1832 963 1888; x_wconf 62' lang='lat' dir='ltr'><strong>Vita</strong></span> <span class='ocrx_word' id='word_1_159' title='bbox 990 1832 1135 1887; x_wconf 86' lang='lat' dir='ltr'><strong>dicta</strong></span> <span class='ocrx_word' id='word_1_160' title='bbox 1160 1837 1243 1884; x_wconf 86' lang='lat' dir='ltr'><strong>est</strong></span> <span class='ocrx_word' id='word_1_161' title='bbox 1266 1836 1487 1898; x_wconf 81' lang='lat' dir='ltr'><strong>propter</strong></span> <span class='ocrx_word' id='word_1_162' title='bbox 1525 1826 1782 1897; x_wconf 85' lang='lat' dir='ltr'><strong>vigorem,</strong></span> <span class='ocrx_word' id='word_1_163' title='bbox 1808 1824 1891 1879; x_wconf 88' lang='lat' dir='ltr'><strong>vel</strong></span> <span class='ocrx_word' id='word_1_164' title='bbox 1938 1824 2077 1894; x_wconf 88' lang='lat' dir='ltr'><strong>quod</strong></span> <span class='ocrx_word' id='word_1_165' title='bbox 2106 1824 2211 1877; x_wconf 79' lang='lat' dir='ltr'><strong>vim</strong></span> 
     </span>
    </p>
   </div>
   <div class='ocr_carea' id='block_1_19' title="bbox 653 1911 2212 1987">
    <p class='ocr_par' dir='ltr' id='par_1_19' title="bbox 653 1911 2212 1987">
     <span class='ocr_line' id='line_1_19' title="bbox 653 1911 2212 1987; baseline -0.006 -9"><span class='ocrx_word' id='word_1_166' title='bbox 653 1931 833 1977; x_wconf 86' lang='lat' dir='ltr'><strong>teneat</strong></span> <span class='ocrx_word' id='word_1_167' title='bbox 882 1916 1159 1985; x_wconf 74' lang='lat' dir='ltr'><strong>nascendi,</strong></span> <span class='ocrx_word' id='word_1_168' title='bbox 1207 1926 1369 1987; x_wconf 84' lang='lat' dir='ltr'><strong>atque</strong></span> <span class='ocrx_word' id='word_1_169' title='bbox 1414 1914 1712 1980; x_wconf 82' lang='lat' dir='ltr'><strong>crescendi,</strong></span> <span class='ocrx_word' id='word_1_170' title='bbox 1738 1913 1879 1969; x_wconf 88' lang='lat' dir='ltr'><strong>unde</strong></span> <span class='ocrx_word' id='word_1_171' title='bbox 1904 1921 1961 1967; x_wconf 89' lang='lat' dir='ltr'><strong>et</strong></span> <span class='ocrx_word' id='word_1_172' title='bbox 1993 1911 2212 1968; x_wconf 78' lang='lat' dir='ltr'><strong>arbores</strong></span> 
     </span>
    </p>
   </div>
   <div class='ocr_carea' id='block_1_20' title="bbox 652 2004 2165 2076">
    <p class='ocr_par' dir='ltr' id='par_1_20' title="bbox 652 2004 2165 2076">
     <span class='ocr_line' id='line_1_20' title="bbox 652 2004 2165 2076; baseline -0.007 -12"><span class='ocrx_word' id='word_1_173' title='bbox 652 2011 816 2065; x_wconf 79' lang='lat' dir='ltr'><strong>vitam</strong></span> <span class='ocrx_word' id='word_1_174' title='bbox 842 2010 1039 2065; x_wconf 83' lang='lat' dir='ltr'><strong>habere</strong></span> <span class='ocrx_word' id='word_1_175' title='bbox 1060 2006 1331 2070; x_wconf 86' lang='lat' dir='ltr'><strong>dicuntur,</strong></span> <span class='ocrx_word' id='word_1_176' title='bbox 1359 2005 1483 2075; x_wconf 87' lang='lat' dir='ltr'><strong>quia</strong></span> <span class='ocrx_word' id='word_1_177' title='bbox 1506 2004 1799 2076; x_wconf 83' lang='lat' dir='ltr'><strong>gignuntur</strong></span> <span class='ocrx_word' id='word_1_178' title='bbox 1822 2011 1878 2056; x_wconf 82' lang='lat' dir='ltr'><strong>et</strong></span> <span class='ocrx_word' id='word_1_179' title='bbox 1897 2010 2165 2056; x_wconf 86' lang='lat' dir='ltr'><strong>crescunt.</strong></span> 
     </span>
    </p>
   </div>
   <div class='ocr_carea' id='block_1_21' title="bbox 723 2091 2211 2162">
    <p class='ocr_par' dir='ltr' id='par_1_21' title="bbox 723 2091 2211 2162">
     <span class='ocr_line' id='line_1_21' title="bbox 723 2091 2211 2162; baseline -0.008 -7"><span class='ocrx_word' id='word_1_180' title='bbox 723 2100 887 2155; x_wconf 87' lang='lat' dir='ltr'><strong>Inter.</strong></span> <span class='ocrx_word' id='word_1_181' title='bbox 939 2099 1110 2154; x_wconf 79' lang='lat' dir='ltr'><strong>Homo</strong></span> <span class='ocrx_word' id='word_1_182' title='bbox 1160 2098 1301 2153; x_wconf 89' lang='lat' dir='ltr'><strong>unde</strong></span> <span class='ocrx_word' id='word_1_183' title='bbox 1342 2103 1429 2153; x_wconf 87' lang='lat' dir='ltr'><strong>est</strong></span> <span class='ocrx_word' id='word_1_184' title='bbox 1468 2092 1866 2162; x_wconf 65' lang='lat' dir='ltr'><strong>dictusIResp.</strong></span> <span class='ocrx_word' id='word_1_185' title='bbox 1897 2091 2023 2147; x_wconf 84' lang='lat' dir='ltr'><strong>Ideo</strong></span> <span class='ocrx_word' id='word_1_186' title='bbox 2068 2092 2211 2145; x_wconf 90' lang='lat' dir='ltr'><strong>enim</strong></span> 
     </span>
    </p>
   </div>
   <div class='ocr_carea' id='block_1_22' title="bbox 656 2182 2212 2261">
    <p class='ocr_par' dir='ltr' id='par_1_22' title="bbox 656 2182 2212 2261">
     <span class='ocr_line' id='line_1_22' title="bbox 656 2182 2212 2261; baseline -0.007 -14"><span class='ocrx_word' id='word_1_187' title='bbox 656 2196 817 2247; x_wconf 92' lang='lat' dir='ltr'><strong>homo</strong></span> <span class='ocrx_word' id='word_1_188' title='bbox 839 2201 922 2246; x_wconf 91' lang='lat' dir='ltr'><strong>est</strong></span> <span class='ocrx_word' id='word_1_189' title='bbox 944 2189 1259 2261; x_wconf 79' lang='lat' dir='ltr'><strong>appellatus,</strong></span> <span class='ocrx_word' id='word_1_190' title='bbox 1289 2187 1414 2256; x_wconf 88' lang='lat' dir='ltr'><strong>quia</strong></span> <span class='ocrx_word' id='word_1_191' title='bbox 1435 2201 1502 2241; x_wconf 86' lang='lat' dir='ltr'><strong>ex</strong></span> <span class='ocrx_word' id='word_1_192' title='bbox 1525 2186 1691 2240; x_wconf 84' lang='lat' dir='ltr'><strong>humo</strong></span> <span class='ocrx_word' id='word_1_193' title='bbox 1714 2190 1797 2239; x_wconf 87' lang='lat' dir='ltr'><strong>est</strong></span> <span class='ocrx_word' id='word_1_194' title='bbox 1836 2182 2044 2247; x_wconf 70' lang='lat' dir='ltr'><strong>Iactus;</strong></span> <span class='ocrx_word' id='word_1_195' title='bbox 2075 2182 2212 2237; x_wconf 89' lang='lat' dir='ltr'><strong>sicut</strong></span> 
     </span>
    </p>
   </div>
   <div class='ocr_carea' id='block_1_23' title="bbox 653 2271 2211 2337">
    <p class='ocr_par' dir='ltr' id='par_1_23' title="bbox 653 2271 2211 2337">
     <span class='ocr_line' id='line_1_23' title="bbox 653 2271 2211 2337; baseline -0.006 -2"><span class='ocrx_word' id='word_1_196' title='bbox 653 2292 710 2336; x_wconf 81' lang='lat' dir='ltr'><strong>et</strong></span> <span class='ocrx_word' id='word_1_197' title='bbox 736 2279 1009 2337; x_wconf 77' lang='lat' dir='ltr'><strong>in~Genesi</strong></span> <span class='ocrx_word' id='word_1_198' title='bbox 1036 2279 1234 2335; x_wconf 88' lang='lat' dir='ltr'><strong>dicitur</strong></span> <span class='ocrx_word' id='word_1_199' title='bbox 1272 2275 1387 2330; x_wconf 82' lang='lat' dir='ltr'><strong>:Et</strong></span> <span class='ocrx_word' id='word_1_200' title='bbox 1437 2275 1627 2330; x_wconf 77' lang='lat' dir='ltr'><strong>crearit</strong></span> <span class='ocrx_word' id='word_1_201' title='bbox 1674 2272 1816 2327; x_wconf 76' lang='lat' dir='ltr'><strong>Deus</strong></span> <span class='ocrx_word' id='word_1_202' title='bbox 1861 2272 2119 2326; x_wconf 71' lang='lat' dir='ltr'><strong>hominem</strong></span> <span class='ocrx_word' id='word_1_203' title='bbox 2148 2271 2211 2326; x_wconf 82' lang='lat' dir='ltr'><strong>de</strong></span> 
     </span>
    </p>
   </div>
   <div class='ocr_carea' id='block_1_24' title="bbox 653 2364 2210 2444">
    <p class='ocr_par' dir='ltr' id='par_1_24' title="bbox 653 2364 2210 2444">
     <span class='ocr_line' id='line_1_24' title="bbox 653 2364 2210 2444; baseline -0.005 -18"><span class='ocrx_word' id='word_1_204' title='bbox 653 2375 809 2426; x_wconf 72' lang='lat' dir='ltr'><strong>(turno</strong></span> <span class='ocrx_word' id='word_1_205' title='bbox 840 2370 969 2444; x_wconf 88' lang='lat' dir='ltr'><strong>[Al.,</strong></span> <span class='ocrx_word' id='word_1_206' title='bbox 995 2364 1494 2444; x_wconf 41' lang='lat' dir='ltr'><strong>limo]terr¢r.(Gen.</strong></span> <span class='ocrx_word' id='word_1_207' title='bbox 1542 2382 1606 2431; x_wconf 84' lang='lat' dir='ltr'><strong>tt,</strong></span> <span class='ocrx_word' id='word_1_208' title='bbox 1647 2365 1723 2437; x_wconf 86' lang='lat'><strong>7).</strong></span> <span class='ocrx_word' id='word_1_209' title='bbox 1754 2364 1985 2418; x_wconf 72' lang='grc' dir='ltr'><strong>Αἱ)υείιέ</strong></span> <span class='ocrx_word' id='word_1_210' title='bbox 2030 2372 2210 2419; x_wconf 83' lang='lat' dir='ltr'><strong>autem</strong></span> 
     </span>
    </p>
   </div>
   <div class='ocr_carea' id='block_1_25' title="bbox 653 2452 2207 2530">
    <p class='ocr_par' dir='ltr' id='par_1_25' title="bbox 653 2452 2207 2530">
     <span class='ocr_line' id='line_1_25' title="bbox 653 2452 2207 2530; baseline -0.005 -15"><span class='ocrx_word' id='word_1_211' title='bbox 653 2460 872 2530; x_wconf 90' lang='lat' dir='ltr'><strong>ponitur</strong></span> <span class='ocrx_word' id='word_1_212' title='bbox 912 2475 977 2513; x_wconf 84' lang='lat' dir='ltr'><strong>ex</strong></span> <span class='ocrx_word' id='word_1_213' title='bbox 1030 2467 1259 2527; x_wconf 88' lang='lat' dir='ltr'><strong>utraque</strong></span> <span class='ocrx_word' id='word_1_214' title='bbox 1305 2455 1604 2510; x_wconf 83' lang='lat' dir='ltr'><strong>substantia</strong></span> <span class='ocrx_word' id='word_1_215' title='bbox 1642 2461 1786 2508; x_wconf 87' lang='lat' dir='ltr'><strong>totus</strong></span> <span class='ocrx_word' id='word_1_216' title='bbox 1806 2453 1981 2512; x_wconf 88' lang='lat' dir='ltr'><strong>homo,</strong></span> <span class='ocrx_word' id='word_1_217' title='bbox 2017 2452 2069 2507; x_wconf 89' lang='lat' dir='ltr'><strong>id</strong></span> <span class='ocrx_word' id='word_1_218' title='bbox 2098 2461 2207 2518; x_wconf 84' lang='lat' dir='ltr'><strong>est,</strong></span> 
     </span>
    </p>
   </div>
   <div class='ocr_carea' id='block_1_26' title="bbox 609 2543 2211 2614">
    <p class='ocr_par' dir='ltr' id='par_1_26' title="bbox 609 2543 2211 2614">
     <span class='ocr_line' id='line_1_26' title="bbox 609 2543 2211 2614; baseline -0.002 -13"><span class='ocrx_word' id='word_1_219' title='bbox 609 2565 615 2570; x_wconf 91' lang='grc'>·</span> <span class='ocrx_word' id='word_1_220' title='bbox 652 2564 723 2603; x_wconf 89' lang='lat' dir='ltr'><strong>ex</strong></span> <span class='ocrx_word' id='word_1_221' title='bbox 762 2548 1018 2604; x_wconf 84' lang='lat' dir='ltr'><strong>societate</strong></span> <span class='ocrx_word' id='word_1_222' title='bbox 1062 2546 1255 2601; x_wconf 82' lang='lat' dir='ltr'><strong>animae</strong></span> <span class='ocrx_word' id='word_1_223' title='bbox 1295 2553 1349 2599; x_wconf 90' lang='lat' dir='ltr'><strong>et</strong></span> <span class='ocrx_word' id='word_1_224' title='bbox 1374 2544 1644 2614; x_wconf 89' lang='lat' dir='ltr'><strong>corporis;</strong></span> <span class='ocrx_word' id='word_1_225' title='bbox 1668 2557 1791 2609; x_wconf 86' lang='lat' dir='ltr'><strong>nam</strong></span> <span class='ocrx_word' id='word_1_226' title='bbox 1811 2543 2024 2611; x_wconf 89' lang='lat' dir='ltr'><strong>proprie</strong></span> <span class='ocrx_word' id='word_1_227' title='bbox 2052 2543 2211 2598; x_wconf 90' lang='lat' dir='ltr'><strong>homo</strong></span> 
     </span>
    </p>
   </div>
   <div class='ocr_carea' id='block_1_27' title="bbox 655 2634 2127 2694">
    <p class='ocr_par' dir='ltr' id='par_1_27' title="bbox 655 2634 2127 2694">
     <span class='ocr_line' id='line_1_27' title="bbox 655 2634 2127 2694; baseline 0.003 -2"><span class='ocrx_word' id='word_1_228' title='bbox 655 2639 725 2693; x_wconf 87' lang='lat' dir='ltr'><strong>ab</strong></span> <span class='ocrx_word' id='word_1_229' title='bbox 760 2639 943 2694; x_wconf 85' lang='lat' dir='ltr'><strong>humo.</strong></span> <span class='ocrx_word' id='word_1_230' title='bbox 2116 2634 2127 2681; x_wconf 75' lang='grc'><strong>’-</strong></span> 
     </span>
    </p>
   </div>
   <div class='ocr_carea' id='block_1_28' title="bbox 722 2726 2207 2801">
    <p class='ocr_par' dir='ltr' id='par_1_28' title="bbox 722 2726 2207 2801">
     <span class='ocr_line' id='line_1_28' title="bbox 722 2726 2207 2801; baseline -0.004 -15"><span class='ocrx_word' id='word_1_231' title='bbox 722 2732 885 2788; x_wconf 80' lang='lat' dir='ltr'><strong>Inter.</strong></span> <span class='ocrx_word' id='word_1_232' title='bbox 922 2731 1090 2788; x_wconf 77' lang='lat' dir='ltr'><strong>Homo</strong></span> <span class='ocrx_word' id='word_1_233' title='bbox 1108 2731 1374 2801; x_wconf 88' lang='lat' dir='ltr'><strong>quomodo</strong></span> <span class='ocrx_word' id='word_1_234' title='bbox 1390 2738 1614 2785; x_wconf 84' lang='lat' dir='ltr'><strong>vocatur</strong></span> <span class='ocrx_word' id='word_1_235' title='bbox 1635 2728 1853 2785; x_wconf 62' lang='lat' dir='ltr'><strong>Greece?</strong></span> <span class='ocrx_word' id='word_1_236' title='bbox 1866 2726 2018 2799; x_wconf 87' lang='lat' dir='ltr'><strong>Resp.</strong></span> <span class='ocrx_word' id='word_1_237' title='bbox 2036 2726 2207 2782; x_wconf 71' lang='lat' dir='ltr'><strong>Grteci</strong></span> 
     </span>
    </p>
   </div>
   <div class='ocr_carea' id='block_1_29' title="bbox 655 2816 2208 2892">
    <p class='ocr_par' dir='ltr' id='par_1_29' title="bbox 655 2816 2208 2892">
     <span class='ocr_line' id='line_1_29' title="bbox 655 2816 2208 2892; baseline -0.006 -12"><span class='ocrx_word' id='word_1_238' title='bbox 655 2836 837 2880; x_wconf 87' lang='lat' dir='ltr'><strong>autem</strong></span> <span class='ocrx_word' id='word_1_239' title='bbox 869 2823 1136 2880; x_wconf 86' lang='lat' dir='ltr'><strong>hominem</strong></span> <span class='ocrx_word' id='word_1_240' title='bbox 1161 2822 1481 2892; x_wconf 87' lang='lat' dir='ltr'><strong>autrophum</strong></span> <span class='ocrx_word' id='word_1_241' title='bbox 1512 2819 1926 2890; x_wconf 83' lang='lat' dir='ltr'><strong>appellaverunt,</strong></span> <span class='ocrx_word' id='word_1_242' title='bbox 1964 2832 2028 2873; x_wconf 90' lang='lat' dir='ltr'><strong>eo</strong></span> <span class='ocrx_word' id='word_1_243' title='bbox 2067 2816 2208 2886; x_wconf 86' lang='lat' dir='ltr'><strong>quod</strong></span> 
     </span>
    </p>
   </div>
   <div class='ocr_carea' id='block_1_30' title="bbox 651 2906 2205 2981">
    <p class='ocr_par' dir='ltr' id='par_1_30' title="bbox 651 2906 2205 2981">
     <span class='ocr_line' id='line_1_30' title="bbox 651 2906 2205 2981; baseline -0.005 -12"><span class='ocrx_word' id='word_1_244' title='bbox 651 2928 864 2969; x_wconf 85' lang='lat' dir='ltr'><strong>sursum</strong></span> <span class='ocrx_word' id='word_1_245' title='bbox 888 2919 1094 2981; x_wconf 87' lang='lat' dir='ltr'><strong>spectet</strong></span> <span class='ocrx_word' id='word_1_246' title='bbox 1119 2910 1424 2965; x_wconf 81' lang='lat' dir='ltr'><strong>sublevatus</strong></span> <span class='ocrx_word' id='word_1_247' title='bbox 1447 2908 1515 2962; x_wconf 87' lang='lat' dir='ltr'><strong>ab</strong></span> <span class='ocrx_word' id='word_1_248' title='bbox 1534 2910 1696 2963; x_wconf 85' lang='lat' dir='ltr'><strong>humo</strong></span> <span class='ocrx_word' id='word_1_249' title='bbox 1713 2907 1779 2962; x_wconf 89' lang='lat' dir='ltr'><strong>ad</strong></span> <span class='ocrx_word' id='word_1_250' title='bbox 1802 2906 2205 2976; x_wconf 88' lang='lat' dir='ltr'><strong>contemplatio-</strong></span> 
     </span>
    </p>
   </div>
   <div class='ocr_carea' id='block_1_31' title="bbox 658 2996 2203 3071">
    <p class='ocr_par' dir='ltr' id='par_1_31' title="bbox 658 2996 2203 3071">
     <span class='ocr_line' id='line_1_31' title="bbox 658 2996 2203 3071; baseline -0.006 -12"><span class='ocrx_word' id='word_1_251' title='bbox 658 3020 781 3060; x_wconf 90' lang='lat' dir='ltr'><strong>nem</strong></span> <span class='ocrx_word' id='word_1_252' title='bbox 808 3002 1030 3057; x_wconf 86' lang='lat' dir='ltr'><strong>artiiicis</strong></span> <span class='ocrx_word' id='word_1_253' title='bbox 1050 3002 1156 3065; x_wconf 87' lang='lat' dir='ltr'><strong>sui,</strong></span> <span class='ocrx_word' id='word_1_254' title='bbox 1182 3000 1325 3071; x_wconf 90' lang='lat' dir='ltr'><strong>quod</strong></span> <span class='ocrx_word' id='word_1_255' title='bbox 1340 2998 1563 3054; x_wconf 85' lang='lat' dir='ltr'><strong>Obidius</strong></span> <span class='ocrx_word' id='word_1_256' title='bbox 1584 2998 1754 3071; x_wconf 84' lang='lat' dir='ltr'><strong>[Leg.,</strong></span> <span class='ocrx_word' id='word_1_257' title='bbox 1780 2996 2020 3068; x_wconf 82' lang='lat' dir='ltr'><strong>Ovidius]</strong></span> <span class='ocrx_word' id='word_1_258' title='bbox 2048 3006 2203 3067; x_wconf 82' lang='lat' dir='ltr'><strong>poeta</strong></span> 
     </span>
    </p>
   </div>
   <div class='ocr_carea' id='block_1_32' title="bbox 650 3088 1607 3167">
    <p class='ocr_par' dir='ltr' id='par_1_32' title="bbox 650 3088 1607 3167">
     <span class='ocr_line' id='line_1_32' title="bbox 650 3088 1607 3167; baseline -0.009 -15"><span class='ocrx_word' id='word_1_259' title='bbox 650 3096 911 3167; x_wconf 73' lang='lat' dir='ltr'><strong>designat,</strong></span> <span class='ocrx_word' id='word_1_260' title='bbox 940 3107 1063 3148; x_wconf 90' lang='lat' dir='ltr'><strong>cum</strong></span> <span class='ocrx_word' id='word_1_261' title='bbox 1091 3090 1220 3145; x_wconf 89' lang='lat' dir='ltr'><strong>dicit</strong></span> <span class='ocrx_word' id='word_1_262' title='bbox 1248 3090 1284 3161; x_wconf 85' lang='grc' dir='ltr'>(ι</span> <span class='ocrx_word' id='word_1_263' title='bbox 1319 3088 1440 3143; x_wconf 83' lang='grc' dir='ltr'>Μει.</span> <span class='ocrx_word' id='word_1_264' title='bbox 1468 3088 1558 3160; x_wconf 69' lang='grc'><strong>84)</strong></span> <span class='ocrx_word' id='word_1_265' title='bbox 1592 3105 1607 3143; x_wconf 91' lang='lat'><strong>:</strong></span> 
     </span>
    </p>
   </div>
   <div class='ocr_carea' id='block_1_33' title="bbox 771 3184 2006 3291">
    <p class='ocr_par' dir='ltr' id='par_1_33' title="bbox 771 3214 2006 3291">
     <span class='ocr_line' id='line_1_33' title="bbox 771 3214 2006 3291; baseline -0.007 -20"><span class='ocrx_word' id='word_1_266' title='bbox 771 3223 1031 3291; x_wconf 36' lang='lat' dir='ltr'><strong>pronaque.</strong></span> <span class='ocrx_word' id='word_1_267' title='bbox 1041 3225 1351 3291; x_wconf 68' lang='lat' dir='ltr'><strong>conspectam</strong></span> <span class='ocrx_word' id='word_1_268' title='bbox 1362 3214 1591 3291; x_wconf 70' lang='lat' dir='ltr'><strong>_sniinsiis</strong></span> <span class='ocrx_word' id='word_1_269' title='bbox 1607 3222 1782 3291; x_wconf 56' lang='lat' dir='ltr'><strong>cetera</strong></span> <span class='ocrx_word' id='word_1_270' title='bbox 1798 3221 2006 3291; x_wconf 60' lang='lat' dir='ltr'><strong>terram,</strong></span> 
     </span>
    </p>
   </div>
   <div class='ocr_carea' id='block_1_34' title="bbox 769 3276 1907 3340">
    <p class='ocr_par' dir='ltr' id='par_1_34' title="bbox 769 3276 1907 3340">
     <span class='ocr_line' id='line_1_34' title="bbox 769 3276 1907 3340; baseline -0.007 -7"><span class='ocrx_word' id='word_1_271' title='bbox 769 3286 841 3333; x_wconf 87' lang='lat' dir='ltr'><strong>Os</strong></span> <span class='ocrx_word' id='word_1_272' title='bbox 859 3276 1033 3332; x_wconf 79' lang='lat' dir='ltr'><strong>homini</strong></span> <span class='ocrx_word' id='word_1_273' title='bbox 1051 3276 1256 3331; x_wconf 83' lang='lat' dir='ltr'><strong>sublime</strong></span> <span class='ocrx_word' id='word_1_274' title='bbox 1279 3278 1432 3340; x_wconf 82' lang='lat' dir='ltr'><strong>dedit,</strong></span> <span class='ocrx_word' id='word_1_275' title='bbox 1454 3279 1723 3340; x_wconf 74' lang='lat' dir='ltr'><strong>ctelumque</strong></span> <span class='ocrx_word' id='word_1_276' title='bbox 1738 3276 1907 3340; x_wconf 75' lang='lat' dir='ltr'><strong>videre</strong></span> 
     </span>
    </p>
   </div>
   <div class='ocr_carea' id='block_1_35' title="bbox 770 3336 1879 3401">
    <p class='ocr_par' dir='ltr' id='par_1_35' title="bbox 770 3336 1879 3401">
     <span class='ocr_line' id='line_1_35' title="bbox 770 3336 1879 3401; baseline -0.007 -8"><span class='ocrx_word' id='word_1_277' title='bbox 770 3345 941 3401; x_wconf 76' lang='lat' dir='ltr'><strong>Iussit,</strong></span> <span class='ocrx_word' id='word_1_278' title='bbox 966 3352 1017 3391; x_wconf 90' lang='lat' dir='ltr'><strong>et</strong></span> <span class='ocrx_word' id='word_1_279' title='bbox 1033 3348 1227 3391; x_wconf 81' lang='lat' dir='ltr'><strong>erectos</strong></span> <span class='ocrx_word' id='word_1_280' title='bbox 1242 3340 1299 3387; x_wconf 85' lang='lat' dir='ltr'><strong>sd</strong></span> <span class='ocrx_word' id='word_1_281' title='bbox 1322 3336 1489 3389; x_wconf 84' lang='lat' dir='ltr'><strong>sidera</strong></span> <span class='ocrx_word' id='word_1_282' title='bbox 1509 3338 1681 3387; x_wconf 88' lang='lat' dir='ltr'><strong>tollere</strong></span> <span class='ocrx_word' id='word_1_283' title='bbox 1700 3336 1879 3387; x_wconf 78' lang='lat' dir='ltr'><strong>vultus.</strong></span> 
     </span>
    </p>
   </div>
   <div class='ocr_carea' id='block_1_36' title="bbox 718 3437 2207 3518">
    <p class='ocr_par' dir='ltr' id='par_1_36' title="bbox 718 3437 2207 3518">
     <span class='ocr_line' id='line_1_36' title="bbox 718 3437 2207 3518; baseline -0.003 -20"><span class='ocrx_word' id='word_1_284' title='bbox 718 3446 875 3518; x_wconf 64' lang='grc'><strong>421</strong></span> <span class='ocrx_word' id='word_1_285' title='bbox 908 3443 1068 3497; x_wconf 87' lang='lat' dir='ltr'><strong>Inter.</strong></span> <span class='ocrx_word' id='word_1_286' title='bbox 1125 3442 1232 3497; x_wconf 81' lang='lat' dir='ltr'><strong>Cur</strong></span> <span class='ocrx_word' id='word_1_287' title='bbox 1260 3440 1422 3496; x_wconf 90' lang='lat' dir='ltr'><strong>homo</strong></span> <span class='ocrx_word' id='word_1_288' title='bbox 1465 3438 1704 3510; x_wconf 90' lang='lat' dir='ltr'><strong>aspicere</strong></span> <span class='ocrx_word' id='word_1_289' title='bbox 1751 3437 1944 3493; x_wconf 64' lang='lat' dir='ltr'><strong>calum</strong></span> <span class='ocrx_word' id='word_1_290' title='bbox 1974 3439 2207 3493; x_wconf 85' lang='lat' dir='ltr'><strong>dicitur?</strong></span> 
     </span>
    </p>
   </div>
   <div class='ocr_carea' id='block_1_37' title="bbox 658 3528 2205 3607">
    <p class='ocr_par' dir='ltr' id='par_1_37' title="bbox 658 3528 2205 3607">
     <span class='ocr_line' id='line_1_37' title="bbox 658 3528 2205 3607; baseline -0.006 -15"><span class='ocrx_word' id='word_1_291' title='bbox 658 3540 805 3607; x_wconf 77' lang='lat' dir='ltr'><strong>Resp.</strong></span> <span class='ocrx_word' id='word_1_292' title='bbox 838 3536 958 3591; x_wconf 88' lang='lat' dir='ltr'><strong>Ideo</strong></span> <span class='ocrx_word' id='word_1_293' title='bbox 984 3534 1124 3590; x_wconf 88' lang='lat' dir='ltr'><strong>enim</strong></span> <span class='ocrx_word' id='word_1_294' title='bbox 1149 3540 1360 3588; x_wconf 89' lang='lat' dir='ltr'><strong>erectus</strong></span> <span class='ocrx_word' id='word_1_295' title='bbox 1389 3531 1455 3586; x_wconf 87' lang='lat' dir='ltr'><strong>ad</strong></span> <span class='ocrx_word' id='word_1_296' title='bbox 1485 3529 1679 3585; x_wconf 60' lang='lat' dir='ltr'><strong>coelum</strong></span> <span class='ocrx_word' id='word_1_297' title='bbox 1705 3528 1917 3599; x_wconf 86' lang='lat' dir='ltr'><strong>aspicit,</strong></span> <span class='ocrx_word' id='word_1_298' title='bbox 1947 3538 2004 3582; x_wconf 92' lang='lat' dir='ltr'><strong>ut</strong></span> <span class='ocrx_word' id='word_1_299' title='bbox 2041 3528 2205 3583; x_wconf 89' lang='lat' dir='ltr'><strong>Deum</strong></span> 
     </span>
    </p>
   </div>
   <div class='ocr_carea' id='block_1_38' title="bbox 647 3618 2206 3697">
    <p class='ocr_par' dir='ltr' id='par_1_38' title="bbox 647 3618 2206 3697">
     <span class='ocr_line' id='line_1_38' title="bbox 647 3618 2206 3697; baseline -0.004 -16"><span class='ocrx_word' id='word_1_300' title='bbox 647 3635 868 3697; x_wconf 68' lang='lat' dir='ltr'><strong>quierat,</strong></span> <span class='ocrx_word' id='word_1_301' title='bbox 899 3643 1000 3681; x_wconf 92' lang='lat' dir='ltr'><strong>non</strong></span> <span class='ocrx_word' id='word_1_302' title='bbox 1035 3632 1093 3678; x_wconf 91' lang='lat' dir='ltr'><strong>ut</strong></span> <span class='ocrx_word' id='word_1_303' title='bbox 1119 3632 1313 3677; x_wconf 84' lang='lat' dir='ltr'><strong>terram</strong></span> <span class='ocrx_word' id='word_1_304' title='bbox 1349 3619 1607 3685; x_wconf 84' lang='lat' dir='ltr'><strong>intendat,</strong></span> <span class='ocrx_word' id='word_1_305' title='bbox 1651 3618 1813 3673; x_wconf 90' lang='lat' dir='ltr'><strong>veluti</strong></span> <span class='ocrx_word' id='word_1_306' title='bbox 1848 3632 2058 3688; x_wconf 82' lang='lat' dir='ltr'><strong>pecora,</strong></span> <span class='ocrx_word' id='word_1_307' title='bbox 2089 3635 2206 3688; x_wconf 64' lang='lat' dir='ltr'><strong>quae</strong></span> 
     </span>
    </p>
   </div>
   <div class='ocr_carea' id='block_1_39' title="bbox 650 3709 1848 3786">
    <p class='ocr_par' dir='ltr' id='par_1_39' title="bbox 650 3709 1848 3786">
     <span class='ocr_line' id='line_1_39' title="bbox 650 3709 1848 3786; baseline -0.008 -13"><span class='ocrx_word' id='word_1_308' title='bbox 650 3727 839 3773; x_wconf 83' lang='lat' dir='ltr'><strong>natura</strong></span> <span class='ocrx_word' id='word_1_309' title='bbox 869 3732 1032 3786; x_wconf 87' lang='lat' dir='ltr'><strong>prona</strong></span> <span class='ocrx_word' id='word_1_310' title='bbox 1070 3722 1127 3770; x_wconf 89' lang='lat' dir='ltr'><strong>et</strong></span> <span class='ocrx_word' id='word_1_311' title='bbox 1150 3712 1323 3769; x_wconf 78' lang='lat' dir='ltr'><strong>ventri</strong></span> <span class='ocrx_word' id='word_1_312' title='bbox 1349 3710 1650 3767; x_wconf 77' lang='lat' dir='ltr'><strong>obedientia</strong></span> <span class='ocrx_word' id='word_1_313' title='bbox 1679 3709 1848 3766; x_wconf 80' lang='lat' dir='ltr'><strong>tinxit.</strong></span> 
     </span>
    </p>
   </div>
   <div class='ocr_carea' id='block_1_40' title="bbox 724 3798 2206 3872">
    <p class='ocr_par' dir='ltr' id='par_1_40' title="bbox 724 3798 2206 3872">
     <span class='ocr_line' id='line_1_40' title="bbox 724 3798 2206 3872; baseline -0.002 -14"><span class='ocrx_word' id='word_1_314' title='bbox 724 3806 881 3861; x_wconf 83' lang='lat' dir='ltr'><strong>Inter.</strong></span> <span class='ocrx_word' id='word_1_315' title='bbox 905 3805 997 3860; x_wconf 85' lang='lat' dir='ltr'><strong>Est</strong></span> <span class='ocrx_word' id='word_1_316' title='bbox 1022 3807 1181 3859; x_wconf 89' lang='lat' dir='ltr'><strong>homo</strong></span> <span class='ocrx_word' id='word_1_317' title='bbox 1206 3802 1453 3872; x_wconf 76' lang='lat' dir='ltr'><strong>simplex,</strong></span> <span class='ocrx_word' id='word_1_318' title='bbox 1492 3816 1562 3855; x_wconf 90' lang='lat' dir='ltr'><strong>an</strong></span> <span class='ocrx_word' id='word_1_319' title='bbox 1585 3798 1821 3868; x_wconf 77' lang='lat' dir='ltr'><strong>duplex?</strong></span> <span class='ocrx_word' id='word_1_320' title='bbox 1852 3798 2003 3869; x_wconf 76' lang='lat' dir='ltr'><strong>Resp.</strong></span> <span class='ocrx_word' id='word_1_321' title='bbox 2037 3799 2206 3855; x_wconf 89' lang='lat' dir='ltr'><strong>Ilomo</strong></span> 
     </span>
    </p>
   </div>
   <div class='ocr_carea' id='block_1_41' title="bbox 651 3889 1769 3963">
    <p class='ocr_par' dir='ltr' id='par_1_41' title="bbox 651 3889 1769 3963">
     <span class='ocr_line' id='line_1_41' title="bbox 651 3889 1769 3963; baseline -0.006 -14"><span class='ocrx_word' id='word_1_322' title='bbox 651 3906 828 3950; x_wconf 81' lang='lat' dir='ltr'><strong>autem</strong></span> <span class='ocrx_word' id='word_1_323' title='bbox 856 3895 1046 3963; x_wconf 82' lang='lat' dir='ltr'><strong>duplex</strong></span> <span class='ocrx_word' id='word_1_324' title='bbox 1071 3901 1174 3955; x_wconf 89' lang='lat' dir='ltr'><strong>est,</strong></span> <span class='ocrx_word' id='word_1_325' title='bbox 1199 3891 1419 3947; x_wconf 88' lang='lat' dir='ltr'><strong>interior</strong></span> <span class='ocrx_word' id='word_1_326' title='bbox 1440 3898 1494 3944; x_wconf 91' lang='lat' dir='ltr'><strong>et</strong></span> <span class='ocrx_word' id='word_1_327' title='bbox 1514 3889 1769 3944; x_wconf 83' lang='lat' dir='ltr'><strong>exterior.</strong></span> 
     </span>
    </p>
   </div>
   <div class='ocr_carea' id='block_1_42' title="bbox 725 3974 2209 4050">
    <p class='ocr_par' dir='ltr' id='par_1_42' title="bbox 725 3974 2209 4050">
     <span class='ocr_line' id='line_1_42' title="bbox 725 3974 2209 4050; baseline -0.005 -11"><span class='ocrx_word' id='word_1_328' title='bbox 725 3985 887 4039; x_wconf 85' lang='lat' dir='ltr'><strong>Inter.</strong></span> <span class='ocrx_word' id='word_1_329' title='bbox 913 3981 1228 4050; x_wconf 85' lang='lat' dir='ltr'><strong>Quomodo?</strong></span> <span class='ocrx_word' id='word_1_330' title='bbox 1254 3978 1405 4050; x_wconf 88' lang='lat' dir='ltr'><strong>Resp.</strong></span> <span class='ocrx_word' id='word_1_331' title='bbox 1432 3979 1657 4034; x_wconf 88' lang='lat' dir='ltr'><strong>Interior</strong></span> <span class='ocrx_word' id='word_1_332' title='bbox 1692 3978 1870 4034; x_wconf 89' lang='lat' dir='ltr'><strong>homo.</strong></span> <span class='ocrx_word' id='word_1_333' title='bbox 1905 3974 2123 4043; x_wconf 81' lang='lat' dir='ltr'><strong>anima;</strong></span> <span class='ocrx_word' id='word_1_334' title='bbox 2155 3989 2209 4033; x_wconf 90' lang='lat' dir='ltr'><strong>et</strong></span> 
     </span>
    </p>
   </div>
   <div class='ocr_carea' id='block_1_43' title="bbox 651 4073 1329 4142">
    <p class='ocr_par' dir='ltr' id='par_1_43' title="bbox 651 4073 1329 4142">
     <span class='ocr_line' id='line_1_43' title="bbox 651 4073 1329 4142; baseline -0.009 -10"><span class='ocrx_word' id='word_1_335' title='bbox 651 4075 888 4132; x_wconf 73' lang='lat' dir='ltr'><strong>exterior</strong></span> <span class='ocrx_word' id='word_1_336' title='bbox 910 4073 1089 4138; x_wconf 89' lang='lat' dir='ltr'><strong>homo,</strong></span> <span class='ocrx_word' id='word_1_337' title='bbox 1118 4085 1329 4142; x_wconf 86' lang='lat' dir='ltr'><strong>corpus.</strong></span> 
     </span>
    </p>
   </div>
   <div class='ocr_carea' id='block_1_44' title="bbox 725 4162 2209 4233">
    <p class='ocr_par' dir='ltr' id='par_1_44' title="bbox 725 4162 2209 4233">
     <span class='ocr_line' id='line_1_44' title="bbox 725 4162 2209 4233; baseline -0.004 -13"><span class='ocrx_word' id='word_1_338' title='bbox 725 4166 886 4220; x_wconf 88' lang='lat' dir='ltr'><strong>Inter.</strong></span> <span class='ocrx_word' id='word_1_339' title='bbox 911 4163 1099 4219; x_wconf 78' lang='lat' dir='ltr'><strong>Anima</strong></span> <span class='ocrx_word' id='word_1_340' title='bbox 1122 4163 1259 4218; x_wconf 89' lang='lat' dir='ltr'><strong>unde</strong></span> <span class='ocrx_word' id='word_1_341' title='bbox 1289 4177 1480 4219; x_wconf 88' lang='lat' dir='ltr'><strong>nomen</strong></span> <span class='ocrx_word' id='word_1_342' title='bbox 1506 4163 1752 4233; x_wconf 90' lang='lat' dir='ltr'><strong>accepit?</strong></span> <span class='ocrx_word' id='word_1_343' title='bbox 1776 4162 1928 4233; x_wconf 84' lang='lat' dir='ltr'><strong>Resp.</strong></span> <span class='ocrx_word' id='word_1_344' title='bbox 1953 4163 1997 4216; x_wconf 80' lang='grc' dir='ltr'><strong>Α</strong></span> <span class='ocrx_word' id='word_1_345' title='bbox 2038 4162 2209 4233; x_wconf 86' lang='lat' dir='ltr'><strong>genti-</strong></span> 
     </span>
    </p>
   </div>
   <div class='ocr_carea' id='block_1_45' title="bbox 655 4252 2206 4333">
    <p class='ocr_par' dir='ltr' id='par_1_45' title="bbox 655 4252 2206 4333">
     <span class='ocr_line' id='line_1_45' title="bbox 655 4252 2206 4333; baseline -0.001 -23"><span class='ocrx_word' id='word_1_346' title='bbox 655 4258 803 4312; x_wconf 75' lang='lat' dir='ltr'><strong>libus</strong></span> <span class='ocrx_word' id='word_1_347' title='bbox 831 4255 1008 4328; x_wconf 82' lang='lat' dir='ltr'><strong>[Isid.,</strong></span> <span class='ocrx_word' id='word_1_348' title='bbox 1044 4270 1074 4309; x_wconf 91' lang='lat' dir='ltr'><strong>a</strong></span> <span class='ocrx_word' id='word_1_349' title='bbox 1096 4252 1289 4327; x_wconf 74' lang='lat' dir='ltr'><strong>ventis]</strong></span> <span class='ocrx_word' id='word_1_350' title='bbox 1329 4254 1470 4309; x_wconf 88' lang='lat' dir='ltr'><strong>enim</strong></span> <span class='ocrx_word' id='word_1_351' title='bbox 1503 4254 1680 4309; x_wconf 89' lang='lat' dir='ltr'><strong>anima</strong></span> <span class='ocrx_word' id='word_1_352' title='bbox 1722 4269 1912 4309; x_wconf 84' lang='lat' dir='ltr'><strong>nomen</strong></span> <span class='ocrx_word' id='word_1_353' title='bbox 1956 4254 2206 4333; x_wconf 88' lang='lat' dir='ltr'><strong>sumpsit,</strong></span> 
     </span>
    </p>
   </div>
   <div class='ocr_carea' id='block_1_46' title="bbox 652 4341 2210 4416">
    <p class='ocr_par' dir='ltr' id='par_1_46' title="bbox 652 4341 2210 4416">
     <span class='ocr_line' id='line_1_46' title="bbox 652 4341 2210 4416; baseline -0.001 -17"><span class='ocrx_word' id='word_1_354' title='bbox 652 4364 717 4400; x_wconf 80' lang='lat' dir='ltr'><strong>eo</strong></span> <span class='ocrx_word' id='word_1_355' title='bbox 752 4346 892 4416; x_wconf 81' lang='lat' dir='ltr'><strong>quod</strong></span> <span class='ocrx_word' id='word_1_356' title='bbox 918 4352 1106 4399; x_wconf 87' lang='lat' dir='ltr'><strong>ventus</strong></span> <span class='ocrx_word' id='word_1_357' title='bbox 1129 4343 1218 4407; x_wconf 86' lang='lat' dir='ltr'><strong>sit,</strong></span> <span class='ocrx_word' id='word_1_358' title='bbox 1242 4344 1377 4398; x_wconf 88' lang='lat' dir='ltr'><strong>unde</strong></span> <span class='ocrx_word' id='word_1_359' title='bbox 1396 4352 1453 4398; x_wconf 88' lang='lat' dir='ltr'><strong>et</strong></span> <span class='ocrx_word' id='word_1_360' title='bbox 1474 4352 1664 4398; x_wconf 84' lang='lat' dir='ltr'><strong>ventus</strong></span> <span class='ocrx_word' id='word_1_361' title='bbox 1689 4341 1873 4397; x_wconf 61' lang='lat' dir='ltr'><strong>Graece</strong></span> <span class='ocrx_word' id='word_1_362' title='bbox 1902 4360 2108 4395; x_wconf 70' lang='lat' dir='ltr'><strong>attentos</strong></span> <span class='ocrx_word' id='word_1_363' title='bbox 2129 4342 2210 4397; x_wconf 88' lang='lat' dir='ltr'><strong>di-</strong></span> 
     </span>
    </p>
   </div>
   <div class='ocr_carea' id='block_1_47' title="bbox 2308 838 2876 907">
    <p class='ocr_par' dir='ltr' id='par_1_47' title="bbox 2308 838 2876 907">
     <span class='ocr_line' id='line_1_47' title="bbox 2308 838 2876 907; baseline 0.005 -17"><span class='ocrx_word' id='word_1_364' title='bbox 2308 846 2531 907; x_wconf 82' lang='lat' dir='ltr'><strong>propter</strong></span> <span class='ocrx_word' id='word_1_365' title='bbox 2553 838 2696 907; x_wconf 88' lang='lat' dir='ltr'><strong>quod</strong></span> <span class='ocrx_word' id='word_1_366' title='bbox 2724 838 2876 893; x_wconf 83' lang='lat' dir='ltr'><strong>vivit.</strong></span> 
     </span>
    </p>
   </div>
   <div class='ocr_carea' id='block_1_48' title="bbox 2384 923 3887 1005">
    <p class='ocr_par' dir='ltr' id='par_1_48' title="bbox 2384 923 3887 1005">
     <span class='ocr_line' id='line_1_48' title="bbox 2384 923 3887 1005; baseline 0.008 -27"><span class='ocrx_word' id='word_1_367' title='bbox 2384 923 2550 980; x_wconf 81' lang='lat' dir='ltr'><strong>Inter.</strong></span> <span class='ocrx_word' id='word_1_368' title='bbox 2588 925 2767 993; x_wconf 81' lang='lat' dir='ltr'><strong>Quare</strong></span> <span class='ocrx_word' id='word_1_369' title='bbox 2796 938 3017 984; x_wconf 76' lang='lat' dir='ltr'><strong>vocatur</strong></span> <span class='ocrx_word' id='word_1_370' title='bbox 3042 931 3262 1001; x_wconf 81' lang='lat' dir='ltr'><strong>spiritus</strong></span> <span class='ocrx_word' id='word_1_371' title='bbox 3281 930 3308 986; x_wconf 83' lang='lat' dir='ltr'><strong>‘I</strong></span> <span class='ocrx_word' id='word_1_372' title='bbox 3334 931 3490 1005; x_wconf 86' lang='lat' dir='ltr'><strong>Resp.</strong></span> <span class='ocrx_word' id='word_1_373' title='bbox 3522 934 3755 1005; x_wconf 86' lang='lat' dir='ltr'><strong>Spiritus</strong></span> <span class='ocrx_word' id='word_1_374' title='bbox 3791 951 3887 990; x_wconf 81' lang='lat' dir='ltr'><strong>au—</strong></span> 
     </span>
    </p>
   </div>
   <div class='ocr_carea' id='block_1_49' title="bbox 2314 1014 3886 1094">
    <p class='ocr_par' dir='ltr' id='par_1_49' title="bbox 2314 1014 3886 1094">
     <span class='ocr_line' id='line_1_49' title="bbox 2314 1014 3886 1094; baseline 0.008 -28"><span class='ocrx_word' id='word_1_375' title='bbox 2314 1019 2422 1067; x_wconf 87' lang='lat' dir='ltr'><strong>tem</strong></span> <span class='ocrx_word' id='word_1_376' title='bbox 2447 1014 2742 1084; x_wconf 78' lang='lat' dir='ltr'><strong>appellatus</strong></span> <span class='ocrx_word' id='word_1_377' title='bbox 2775 1024 2876 1081; x_wconf 88' lang='lat' dir='ltr'><strong>est,</strong></span> <span class='ocrx_word' id='word_1_378' title='bbox 2912 1016 2995 1072; x_wconf 87' lang='lat' dir='ltr'><strong>vel</strong></span> <span class='ocrx_word' id='word_1_379' title='bbox 3030 1033 3128 1088; x_wconf 89' lang='lat' dir='ltr'><strong>pro</strong></span> <span class='ocrx_word' id='word_1_380' title='bbox 3154 1020 3419 1091; x_wconf 85' lang='lat' dir='ltr'><strong>spirituali</strong></span> <span class='ocrx_word' id='word_1_381' title='bbox 3448 1031 3664 1090; x_wconf 83' lang='lat' dir='ltr'><strong>natura,</strong></span> <span class='ocrx_word' id='word_1_382' title='bbox 3685 1023 3769 1077; x_wconf 87' lang='lat' dir='ltr'><strong>vel</strong></span> <span class='ocrx_word' id='word_1_383' title='bbox 3788 1024 3886 1094; x_wconf 89' lang='lat' dir='ltr'><strong>pro</strong></span> 
     </span>
    </p>
   </div>
   <div class='ocr_carea' id='block_1_50' title="bbox 2311 1104 3455 1178">
    <p class='ocr_par' dir='ltr' id='par_1_50' title="bbox 2311 1104 3455 1178">
     <span class='ocr_line' id='line_1_50' title="bbox 2311 1104 3455 1178; baseline 0.008 -22"><span class='ocrx_word' id='word_1_384' title='bbox 2311 1116 2399 1167; x_wconf 85' lang='lat' dir='ltr'><strong>eo;</strong></span> <span class='ocrx_word' id='word_1_385' title='bbox 2427 1104 2571 1173; x_wconf 92' lang='lat' dir='ltr'><strong>quod</strong></span> <span class='ocrx_word' id='word_1_386' title='bbox 2602 1105 2829 1176; x_wconf 84' lang='lat' dir='ltr'><strong>inspiret</strong></span> <span class='ocrx_word' id='word_1_387' title='bbox 2854 1106 2909 1161; x_wconf 91' lang='lat' dir='ltr'><strong>in</strong></span> <span class='ocrx_word' id='word_1_388' title='bbox 2929 1122 3184 1178; x_wconf 83' lang='lat' dir='ltr'><strong>corpore.</strong></span> <span class='ocrx_word' id='word_1_389' title='bbox 3448 1150 3455 1153; x_wconf 63' lang='grc' dir='ltr'><strong>ς</strong></span> 
     </span>
    </p>
   </div>
   <div class='ocr_carea' id='block_1_51' title="bbox 2381 1192 3886 1273">
    <p class='ocr_par' dir='ltr' id='par_1_51' title="bbox 2381 1192 3886 1273">
     <span class='ocr_line' id='line_1_51' title="bbox 2381 1192 3886 1273; baseline 0.01 -26"><span class='ocrx_word' id='word_1_390' title='bbox 2381 1192 2547 1249; x_wconf 86' lang='lat' dir='ltr'><strong>Inter.</strong></span> <span class='ocrx_word' id='word_1_391' title='bbox 2592 1194 2737 1252; x_wconf 80' lang='lat' dir='ltr'><strong>Inter</strong></span> <span class='ocrx_word' id='word_1_392' title='bbox 2779 1197 3017 1253; x_wconf 89' lang='lat' dir='ltr'><strong>animum</strong></span> <span class='ocrx_word' id='word_1_393' title='bbox 3067 1206 3123 1254; x_wconf 89' lang='lat' dir='ltr'><strong>et</strong></span> <span class='ocrx_word' id='word_1_394' title='bbox 3162 1201 3397 1259; x_wconf 82' lang='lat' dir='ltr'><strong>animam</strong></span> <span class='ocrx_word' id='word_1_395' title='bbox 3447 1202 3576 1273; x_wconf 80' lang='lat' dir='ltr'><strong>quid</strong></span> <span class='ocrx_word' id='word_1_396' title='bbox 3620 1202 3886 1261; x_wconf 84' lang='lat' dir='ltr'><strong>interest?</strong></span> 
     </span>
    </p>
   </div>
   <div class='ocr_carea' id='block_1_52' title="bbox 2314 1280 3883 1359">
    <p class='ocr_par' dir='ltr' id='par_1_52' title="bbox 2314 1280 3883 1359">
     <span class='ocr_line' id='line_1_52' title="bbox 2314 1280 3883 1359; baseline 0.011 -25"><span class='ocrx_word' id='word_1_397' title='bbox 2314 1280 2469 1351; x_wconf 83' lang='lat' dir='ltr'><strong>Resp.</strong></span> <span class='ocrx_word' id='word_1_398' title='bbox 2514 1282 2740 1340; x_wconf 68' lang='lat' dir='ltr'><strong>Annuus</strong></span> <span class='ocrx_word' id='word_1_399' title='bbox 2774 1285 2917 1342; x_wconf 89' lang='lat' dir='ltr'><strong>idem</strong></span> <span class='ocrx_word' id='word_1_400' title='bbox 2953 1295 3058 1353; x_wconf 90' lang='lat' dir='ltr'><strong>est,</strong></span> <span class='ocrx_word' id='word_1_401' title='bbox 3084 1289 3229 1359; x_wconf 90' lang='lat' dir='ltr'><strong>quod</strong></span> <span class='ocrx_word' id='word_1_402' title='bbox 3254 1298 3311 1345; x_wconf 87' lang='lat' dir='ltr'><strong>et</strong></span> <span class='ocrx_word' id='word_1_403' title='bbox 3330 1291 3512 1347; x_wconf 82' lang='lat' dir='ltr'><strong>anima</strong></span> <span class='ocrx_word' id='word_1_404' title='bbox 3537 1308 3553 1359; x_wconf 88' lang='lat'><strong>;</strong></span> <span class='ocrx_word' id='word_1_405' title='bbox 3582 1295 3676 1351; x_wconf 83' lang='lat' dir='ltr'><strong>sed</strong></span> <span class='ocrx_word' id='word_1_406' title='bbox 3706 1294 3883 1351; x_wconf 83' lang='lat' dir='ltr'><strong>anima</strong></span> 
     </span>
    </p>
   </div>
   <div class='ocr_carea' id='block_1_53' title="bbox 2310 1371 3988 1456">
    <p class='ocr_par' dir='ltr' id='par_1_53' title="bbox 2310 1371 3988 1456">
     <span class='ocr_line' id='line_1_53' title="bbox 2310 1371 3988 1456; baseline 0.01 -31"><span class='ocrx_word' id='word_1_407' title='bbox 2310 1373 2434 1427; x_wconf 70' lang='lat' dir='ltr'><strong>vita:</strong></span> <span class='ocrx_word' id='word_1_408' title='bbox 2459 1381 2562 1439; x_wconf 87' lang='lat' dir='ltr'><strong>est,</strong></span> <span class='ocrx_word' id='word_1_409' title='bbox 2602 1375 2813 1431; x_wconf 87' lang='lat' dir='ltr'><strong>animus</strong></span> <span class='ocrx_word' id='word_1_410' title='bbox 2852 1377 3082 1455; x_wconf 85' lang='lat' dir='ltr'><strong>consilii.</strong></span> <span class='ocrx_word' id='word_1_411' title='bbox 3134 1378 3289 1456; x_wconf 83' lang='lat' dir='ltr'><strong>Unde</strong></span> <span class='ocrx_word' id='word_1_412' title='bbox 3334 1380 3519 1437; x_wconf 88' lang='lat' dir='ltr'><strong>dicunt</strong></span> <span class='ocrx_word' id='word_1_413' title='bbox 3558 1382 3880 1456; x_wconf 75' lang='lat' dir='ltr'><strong>philosophi,</strong></span> <span class='ocrx_word' id='word_1_414' title='bbox 3979 1371 3988 1381; x_wconf 75' lang='grc'><em>’</em></span> 
     </span>
    </p>
   </div>
   <div class='ocr_carea' id='block_1_54' title="bbox 2310 1460 3883 1535">
    <p class='ocr_par' dir='ltr' id='par_1_54' title="bbox 2310 1460 3883 1535">
     <span class='ocr_line' id='line_1_54' title="bbox 2310 1460 3883 1535; baseline 0.011 -22"><span class='ocrx_word' id='word_1_415' title='bbox 2310 1460 2468 1514; x_wconf 87' lang='lat' dir='ltr'><strong>etiam</strong></span> <span class='ocrx_word' id='word_1_416' title='bbox 2497 1462 2615 1516; x_wconf 87' lang='lat' dir='ltr'><strong>sine</strong></span> <span class='ocrx_word' id='word_1_417' title='bbox 2654 1463 2836 1520; x_wconf 87' lang='lat' dir='ltr'><strong>animo</strong></span> <span class='ocrx_word' id='word_1_418' title='bbox 2875 1465 3043 1520; x_wconf 86' lang='lat' dir='ltr'><strong>vitam</strong></span> <span class='ocrx_word' id='word_1_419' title='bbox 3072 1482 3311 1535; x_wconf 84' lang='lat' dir='ltr'><strong>manere,</strong></span> <span class='ocrx_word' id='word_1_420' title='bbox 3353 1478 3410 1525; x_wconf 89' lang='lat' dir='ltr'><strong>et</strong></span> <span class='ocrx_word' id='word_1_421' title='bbox 3432 1470 3550 1527; x_wconf 89' lang='lat' dir='ltr'><strong>sine</strong></span> <span class='ocrx_word' id='word_1_422' title='bbox 3579 1484 3759 1529; x_wconf 84' lang='lat' dir='ltr'><strong>mente</strong></span> <span class='ocrx_word' id='word_1_423' title='bbox 3784 1475 3883 1530; x_wconf 86' lang='lat' dir='ltr'><strong>du-</strong></span> 
     </span>
    </p>
   </div>
   <div class='ocr_carea' id='block_1_55' title="bbox 2312 1551 3881 1621">
    <p class='ocr_par' dir='ltr' id='par_1_55' title="bbox 2312 1551 3881 1621">
     <span class='ocr_line' id='line_1_55' title="bbox 2312 1551 3881 1621; baseline 0.012 -18"><span class='ocrx_word' id='word_1_424' title='bbox 2312 1563 2435 1604; x_wconf 89' lang='lat' dir='ltr'><strong>rare</strong></span> <span class='ocrx_word' id='word_1_425' title='bbox 2457 1551 2711 1619; x_wconf 88' lang='lat' dir='ltr'><strong>animam,</strong></span> <span class='ocrx_word' id='word_1_426' title='bbox 2740 1553 2882 1610; x_wconf 90' lang='lat' dir='ltr'><strong>unde</strong></span> <span class='ocrx_word' id='word_1_427' title='bbox 2903 1565 2958 1611; x_wconf 92' lang='lat' dir='ltr'><strong>et</strong></span> <span class='ocrx_word' id='word_1_428' title='bbox 2983 1567 3245 1615; x_wconf 86' lang='lat' dir='ltr'><strong>amentes.</strong></span> <span class='ocrx_word' id='word_1_429' title='bbox 3276 1558 3414 1615; x_wconf 79' lang='lat' dir='ltr'><strong>Nam</strong></span> <span class='ocrx_word' id='word_1_430' title='bbox 3435 1572 3670 1619; x_wconf 87' lang='lat' dir='ltr'><strong>mentem</strong></span> <span class='ocrx_word' id='word_1_431' title='bbox 3692 1568 3881 1621; x_wconf 84' lang='lat' dir='ltr'><strong>vocari</strong></span> 
     </span>
    </p>
   </div>
   <div class='ocr_carea' id='block_1_56' title="bbox 2311 1639 3525 1718">
    <p class='ocr_par' dir='ltr' id='par_1_56' title="bbox 2311 1639 3525 1718">
     <span class='ocr_line' id='line_1_56' title="bbox 2311 1639 3525 1718; baseline 0.012 -24"><span class='ocrx_word' id='word_1_432' title='bbox 2311 1639 2540 1717; x_wconf 86' lang='lat' dir='ltr'><strong>[volunt]</strong></span> <span class='ocrx_word' id='word_1_433' title='bbox 2569 1652 2629 1700; x_wconf 81' lang='lat' dir='ltr'><strong>ut</strong></span> <span class='ocrx_word' id='word_1_434' title='bbox 2660 1644 2814 1713; x_wconf 89' lang='lat' dir='ltr'><strong>sciat,</strong></span> <span class='ocrx_word' id='word_1_435' title='bbox 2860 1648 3093 1718; x_wconf 85' lang='lat' dir='ltr'><strong>animam</strong></span> <span class='ocrx_word' id='word_1_436' title='bbox 3120 1658 3270 1717; x_wconf 86' lang='lat' dir='ltr'><strong>vero,</strong></span> <span class='ocrx_word' id='word_1_437' title='bbox 3300 1662 3359 1707; x_wconf 89' lang='lat' dir='ltr'><strong>ut</strong></span> <span class='ocrx_word' id='word_1_438' title='bbox 3379 1652 3525 1708; x_wconf 85' lang='lat' dir='ltr'><strong>velit.</strong></span> 
     </span>
    </p>
   </div>
   <div class='ocr_carea' id='block_1_57' title="bbox 2366 1729 3883 1813">
    <p class='ocr_par' dir='ltr' id='par_1_57' title="bbox 2366 1729 3883 1813">
     <span class='ocr_line' id='line_1_57' title="bbox 2366 1729 3883 1813; baseline 0.013 -28"><span class='ocrx_word' id='word_1_439' title='bbox 2366 1729 2547 1788; x_wconf 82' lang='lat' dir='ltr'><strong>&#39;lnter.</strong></span> <span class='ocrx_word' id='word_1_440' title='bbox 2576 1734 2724 1791; x_wconf 81' lang='lat' dir='ltr'><strong>Mens</strong></span> <span class='ocrx_word' id='word_1_441' title='bbox 2747 1736 2886 1792; x_wconf 89' lang='lat' dir='ltr'><strong>unde</strong></span> <span class='ocrx_word' id='word_1_442' title='bbox 2907 1740 3174 1795; x_wconf 80' lang='lat' dir='ltr'><strong>vocatur?</strong></span> <span class='ocrx_word' id='word_1_443' title='bbox 3214 1739 3368 1813; x_wconf 83' lang='lat' dir='ltr'><strong>Resp.</strong></span> <span class='ocrx_word' id='word_1_444' title='bbox 3398 1744 3547 1801; x_wconf 77' lang='lat' dir='ltr'><strong>Mens</strong></span> <span class='ocrx_word' id='word_1_445' title='bbox 3580 1757 3761 1803; x_wconf 84' lang='lat' dir='ltr'><strong>autem</strong></span> <span class='ocrx_word' id='word_1_446' title='bbox 3789 1764 3883 1804; x_wconf 86' lang='lat' dir='ltr'><strong>vo-</strong></span> 
     </span>
    </p>
   </div>
   <div class='ocr_carea' id='block_1_58' title="bbox 2244 1808 3884 1899">
    <p class='ocr_par' dir='ltr' id='par_1_58' title="bbox 2244 1808 3884 1899">
     <span class='ocr_line' id='line_1_58' title="bbox 2244 1808 3884 1899; baseline 0.016 -31"><span class='ocrx_word' id='word_1_447' title='bbox 2244 1808 2287 1868; x_wconf 84' lang='grc' dir='ltr'><strong>Β</strong></span> <span class='ocrx_word' id='word_1_448' title='bbox 2310 1828 2453 1886; x_wconf 87' lang='lat' dir='ltr'><strong>cata,</strong></span> <span class='ocrx_word' id='word_1_449' title='bbox 2475 1822 2618 1891; x_wconf 86' lang='lat' dir='ltr'><strong>quod</strong></span> <span class='ocrx_word' id='word_1_450' title='bbox 2644 1823 2846 1878; x_wconf 91' lang='lat' dir='ltr'><strong>eminet</strong></span> <span class='ocrx_word' id='word_1_451' title='bbox 2861 1825 2915 1878; x_wconf 92' lang='lat' dir='ltr'><strong>in</strong></span> <span class='ocrx_word' id='word_1_452' title='bbox 2937 1826 3139 1892; x_wconf 88' lang='lat' dir='ltr'><strong>anima,</strong></span> <span class='ocrx_word' id='word_1_453' title='bbox 3171 1828 3255 1883; x_wconf 90' lang='lat' dir='ltr'><strong>vel</strong></span> <span class='ocrx_word' id='word_1_454' title='bbox 3277 1808 3420 1899; x_wconf 81' lang='lat' dir='ltr'><strong>quod</strong></span> <span class='ocrx_word' id='word_1_455' title='bbox 3440 1833 3703 1890; x_wconf 81' lang='lat' dir='ltr'><strong>meminit.</strong></span> <span class='ocrx_word' id='word_1_456' title='bbox 3732 1835 3884 1893; x_wconf 84' lang='lat' dir='ltr'><strong>Unde</strong></span> 
     </span>
    </p>
   </div>
   <div class='ocr_carea' id='block_1_59' title="bbox 2276 1908 3882 1989">
    <p class='ocr_par' dir='ltr' id='par_1_59' title="bbox 2276 1908 3882 1989">
     <span class='ocr_line' id='line_1_59' title="bbox 2276 1908 3882 1989; baseline 0.012 -28"><span class='ocrx_word' id='word_1_457' title='bbox 2276 1986 2280 1989; x_wconf 12' lang='grc' dir='ltr'><strong>γ</strong></span> <span class='ocrx_word' id='word_1_458' title='bbox 2311 1918 2367 1962; x_wconf 88' lang='grc' dir='ltr'><strong>ει</strong></span> <span class='ocrx_word' id='word_1_459' title='bbox 2393 1908 2732 1966; x_wconf 85' lang='lat' dir='ltr'><strong>immemores</strong></span> <span class='ocrx_word' id='word_1_460' title='bbox 2757 1921 3016 1969; x_wconf 87' lang='lat' dir='ltr'><strong>amentes.</strong></span> <span class='ocrx_word' id='word_1_461' title='bbox 3066 1914 3403 1989; x_wconf 83' lang='lat' dir='ltr'><strong>Quapropter</strong></span> <span class='ocrx_word' id='word_1_462' title='bbox 3436 1937 3543 1978; x_wconf 88' lang='lat' dir='ltr'><strong>non</strong></span> <span class='ocrx_word' id='word_1_463' title='bbox 3581 1924 3761 1979; x_wconf 88' lang='lat' dir='ltr'><strong>anima</strong></span> <span class='ocrx_word' id='word_1_464' title='bbox 3788 1929 3882 1982; x_wconf 75' lang='lat' dir='ltr'><strong>sed</strong></span> 
     </span>
    </p>
   </div>
   <div class='ocr_carea' id='block_1_60' title="bbox 2310 2000 3886 2086">
    <p class='ocr_par' dir='ltr' id='par_1_60' title="bbox 2310 2000 3886 2086">
     <span class='ocr_line' id='line_1_60' title="bbox 2310 2000 3886 2086; baseline 0.011 -29"><span class='ocrx_word' id='word_1_465' title='bbox 2310 2000 2453 2070; x_wconf 82' lang='lat' dir='ltr'><strong>quod</strong></span> <span class='ocrx_word' id='word_1_466' title='bbox 2488 2002 2699 2057; x_wconf 80' lang='lat' dir='ltr'><strong>excellit</strong></span> <span class='ocrx_word' id='word_1_467' title='bbox 2732 2004 2785 2058; x_wconf 91' lang='lat' dir='ltr'><strong>in</strong></span> <span class='ocrx_word' id='word_1_468' title='bbox 2810 2006 3010 2069; x_wconf 91' lang='lat' dir='ltr'><strong>anima,</strong></span> <span class='ocrx_word' id='word_1_469' title='bbox 3048 2022 3200 2063; x_wconf 87' lang='lat' dir='ltr'><strong>mens</strong></span> <span class='ocrx_word' id='word_1_470' title='bbox 3226 2020 3470 2079; x_wconf 89' lang='lat' dir='ltr'><strong>vocatur,</strong></span> <span class='ocrx_word' id='word_1_471' title='bbox 3510 2022 3767 2086; x_wconf 86' lang='lat' dir='ltr'><strong>tanquam</strong></span> <span class='ocrx_word' id='word_1_472' title='bbox 3792 2033 3886 2073; x_wconf 85' lang='lat' dir='ltr'><strong>ca-</strong></span> 
     </span>
    </p>
   </div>
   <div class='ocr_carea' id='block_1_61' title="bbox 2308 2090 3881 2173">
    <p class='ocr_par' dir='ltr' id='par_1_61' title="bbox 2308 2090 3881 2173">
     <span class='ocr_line' id='line_1_61' title="bbox 2308 2090 3881 2173; baseline 0.014 -32"><span class='ocrx_word' id='word_1_473' title='bbox 2308 2097 2404 2157; x_wconf 91' lang='lat' dir='ltr'><strong>put</strong></span> <span class='ocrx_word' id='word_1_474' title='bbox 2438 2090 2555 2161; x_wconf 87' lang='lat' dir='ltr'><strong>ejus</strong></span> <span class='ocrx_word' id='word_1_475' title='bbox 2590 2092 2677 2147; x_wconf 89' lang='lat' dir='ltr'><strong>vel</strong></span> <span class='ocrx_word' id='word_1_476' title='bbox 2718 2094 2905 2149; x_wconf 85' lang='lat' dir='ltr'><strong>oculus</strong></span> <span class='ocrx_word' id='word_1_477' title='bbox 2945 2115 2958 2150; x_wconf 87' lang='lat'><strong>:</strong></span> <span class='ocrx_word' id='word_1_478' title='bbox 2989 2097 3131 2152; x_wconf 91' lang='lat' dir='ltr'><strong>unde</strong></span> <span class='ocrx_word' id='word_1_479' title='bbox 3157 2106 3213 2152; x_wconf 88' lang='lat' dir='ltr'><strong>et</strong></span> <span class='ocrx_word' id='word_1_480' title='bbox 3241 2099 3401 2157; x_wconf 88' lang='lat' dir='ltr'><strong>homo</strong></span> <span class='ocrx_word' id='word_1_481' title='bbox 3426 2103 3542 2173; x_wconf 89' lang='lat' dir='ltr'><strong>ipse</strong></span> <span class='ocrx_word' id='word_1_482' title='bbox 3585 2107 3881 2162; x_wconf 88' lang='lat' dir='ltr'><strong>secundum</strong></span> 
     </span>
    </p>
   </div>
   <div class='ocr_carea' id='block_1_62' title="bbox 2310 2181 3883 2254">
    <p class='ocr_par' dir='ltr' id='par_1_62' title="bbox 2310 2181 3883 2254">
     <span class='ocr_line' id='line_1_62' title="bbox 2310 2181 3883 2254; baseline 0.013 -23"><span class='ocrx_word' id='word_1_483' title='bbox 2310 2186 2543 2234; x_wconf 86' lang='lat' dir='ltr'><strong>mentem</strong></span> <span class='ocrx_word' id='word_1_484' title='bbox 2588 2181 2763 2254; x_wconf 88' lang='lat' dir='ltr'><strong>imago</strong></span> <span class='ocrx_word' id='word_1_485' title='bbox 2804 2183 2897 2238; x_wconf 90' lang='lat' dir='ltr'><strong>Dei</strong></span> <span class='ocrx_word' id='word_1_486' title='bbox 2940 2183 3159 2241; x_wconf 88' lang='lat' dir='ltr'><strong>dicitur.</strong></span> <span class='ocrx_word' id='word_1_487' title='bbox 3212 2188 3288 2242; x_wconf 84' lang='lat' dir='ltr'><strong>Ita</strong></span> <span class='ocrx_word' id='word_1_488' title='bbox 3329 2198 3510 2247; x_wconf 87' lang='lat' dir='ltr'><strong>autem</strong></span> <span class='ocrx_word' id='word_1_489' title='bbox 3551 2193 3667 2249; x_wconf 59' lang='lat' dir='ltr'><strong>haec</strong></span> <span class='ocrx_word' id='word_1_490' title='bbox 3702 2195 3883 2250; x_wconf 82' lang='lat' dir='ltr'><strong>omnia</strong></span> 
     </span>
    </p>
   </div>
   <div class='ocr_carea' id='block_1_63' title="bbox 2309 2266 3885 2349">
    <p class='ocr_par' dir='ltr' id='par_1_63' title="bbox 2309 2266 3885 2349">
     <span class='ocr_line' id='line_1_63' title="bbox 2309 2266 3885 2349; baseline 0.011 -28"><span class='ocrx_word' id='word_1_491' title='bbox 2309 2266 2559 2335; x_wconf 86' lang='lat' dir='ltr'><strong>adjuncta</strong></span> <span class='ocrx_word' id='word_1_492' title='bbox 2586 2280 2711 2326; x_wconf 91' lang='lat' dir='ltr'><strong>sunt</strong></span> <span class='ocrx_word' id='word_1_493' title='bbox 2739 2274 2949 2340; x_wconf 67' lang='lat' dir='ltr'><strong>animm,</strong></span> <span class='ocrx_word' id='word_1_494' title='bbox 2980 2285 3041 2329; x_wconf 90' lang='lat' dir='ltr'><strong>ut</strong></span> <span class='ocrx_word' id='word_1_495' title='bbox 3069 2291 3172 2330; x_wconf 88' lang='lat' dir='ltr'><strong>una</strong></span> <span class='ocrx_word' id='word_1_496' title='bbox 3196 2293 3285 2333; x_wconf 90' lang='lat' dir='ltr'><strong>res</strong></span> <span class='ocrx_word' id='word_1_497' title='bbox 3310 2278 3418 2345; x_wconf 90' lang='lat' dir='ltr'><strong>sit;</strong></span> <span class='ocrx_word' id='word_1_498' title='bbox 3458 2294 3558 2349; x_wconf 89' lang='lat' dir='ltr'><strong>pro</strong></span> <span class='ocrx_word' id='word_1_499' title='bbox 3583 2281 3885 2338; x_wconf 82' lang='lat' dir='ltr'><strong>elﬁcientiis</strong></span> 
     </span>
    </p>
   </div>
   <div class='ocr_carea' id='block_1_64' title="bbox 2308 2359 3884 2450">
    <p class='ocr_par' dir='ltr' id='par_1_64' title="bbox 2308 2359 3884 2450">
     <span class='ocr_line' id='line_1_64' title="bbox 2308 2359 3884 2450; baseline 0.011 -37"><span class='ocrx_word' id='word_1_500' title='bbox 2308 2359 2450 2414; x_wconf 90' lang='lat' dir='ltr'><strong>enim</strong></span> <span class='ocrx_word' id='word_1_501' title='bbox 2467 2377 2749 2418; x_wconf 88' lang='lat' dir='ltr'><strong>causarum</strong></span> <span class='ocrx_word' id='word_1_502' title='bbox 2769 2365 2978 2423; x_wconf 87' lang='lat' dir='ltr'><strong>diversa</strong></span> <span class='ocrx_word' id='word_1_503' title='bbox 2994 2368 3211 2423; x_wconf 88' lang='lat' dir='ltr'><strong>nomina</strong></span> <span class='ocrx_word' id='word_1_504' title='bbox 3232 2371 3421 2450; x_wconf 76' lang='lat' dir='ltr'><strong>sortita</strong></span> <span class='ocrx_word' id='word_1_505' title='bbox 3435 2381 3520 2428; x_wconf 88' lang='lat' dir='ltr'><strong>est</strong></span> <span class='ocrx_word' id='word_1_506' title='bbox 3531 2373 3732 2450; x_wconf 89' lang='lat' dir='ltr'><strong>anima.</strong></span> <span class='ocrx_word' id='word_1_507' title='bbox 3750 2375 3884 2430; x_wconf 72' lang='lat' dir='ltr'><strong>Nam</strong></span> 
     </span>
    </p>
   </div>
   <div class='ocr_carea' id='block_1_65' title="bbox 2307 2448 3878 2524">
    <p class='ocr_par' dir='ltr' id='par_1_65' title="bbox 2307 2448 3878 2524">
     <span class='ocr_line' id='line_1_65' title="bbox 2307 2448 3878 2524; baseline 0.013 -20"><span class='ocrx_word' id='word_1_508' title='bbox 2307 2458 2363 2504; x_wconf 89' lang='lat' dir='ltr'><strong>et</strong></span> <span class='ocrx_word' id='word_1_509' title='bbox 2404 2454 2661 2507; x_wconf 89' lang='lat' dir='ltr'><strong>memoria</strong></span> <span class='ocrx_word' id='word_1_510' title='bbox 2675 2469 2828 2511; x_wconf 87' lang='lat' dir='ltr'><strong>mens</strong></span> <span class='ocrx_word' id='word_1_511' title='bbox 2851 2465 2954 2521; x_wconf 90' lang='lat' dir='ltr'><strong>est,</strong></span> <span class='ocrx_word' id='word_1_512' title='bbox 3008 2458 3151 2514; x_wconf 91' lang='lat' dir='ltr'><strong>unde</strong></span> <span class='ocrx_word' id='word_1_513' title='bbox 3169 2468 3225 2514; x_wconf 91' lang='lat' dir='ltr'><strong>et</strong></span> <span class='ocrx_word' id='word_1_514' title='bbox 3244 2448 3590 2520; x_wconf 84' lang='lat' dir='ltr'><strong>immemores</strong></span> <span class='ocrx_word' id='word_1_515' title='bbox 3617 2448 3878 2524; x_wconf 83' lang='lat' dir='ltr'><strong>amentes.</strong></span> 
     </span>
    </p>
   </div>
   <div class='ocr_carea' id='block_1_66' title="bbox 2379 2530 3885 2623">
    <p class='ocr_par' dir='ltr' id='par_1_66' title="bbox 2379 2530 3885 2623">
     <span class='ocr_line' id='line_1_66' title="bbox 2379 2530 3885 2623; baseline 0.012 -29"><span class='ocrx_word' id='word_1_516' title='bbox 2379 2530 2546 2596; x_wconf 76' lang='lat' dir='ltr'><strong>Inter.</strong></span> <span class='ocrx_word' id='word_1_517' title='bbox 2577 2543 2695 2610; x_wconf 90' lang='lat' dir='ltr'><strong>Qua</strong></span> <span class='ocrx_word' id='word_1_518' title='bbox 2724 2543 2970 2601; x_wconf 84' lang='lat' dir='ltr'><strong>ratione?</strong></span> <span class='ocrx_word' id='word_1_519' title='bbox 2996 2546 3153 2619; x_wconf 87' lang='lat' dir='ltr'><strong>Resp.</strong></span> <span class='ocrx_word' id='word_1_520' title='bbox 3191 2542 3325 2611; x_wconf 84' lang='lat' dir='ltr'><strong>Cum</strong></span> <span class='ocrx_word' id='word_1_521' title='bbox 3348 2566 3477 2623; x_wconf 89' lang='lat' dir='ltr'><strong>ergo</strong></span> <span class='ocrx_word' id='word_1_522' title='bbox 3495 2553 3735 2611; x_wconf 70' lang='lat' dir='ltr'><strong>vivificat</strong></span> <span class='ocrx_word' id='word_1_523' title='bbox 3762 2573 3885 2612; x_wconf 87' lang='lat' dir='ltr'><strong>cor-</strong></span> 
     </span>
    </p>
   </div>
   <div class='ocr_carea' id='block_1_67' title="bbox 2307 2634 3885 2710">
    <p class='ocr_par' dir='ltr' id='par_1_67' title="bbox 2307 2634 3885 2710">
     <span class='ocr_line' id='line_1_67' title="bbox 2307 2634 3885 2710; baseline 0.01 -24"><span class='ocrx_word' id='word_1_524' title='bbox 2307 2647 2427 2702; x_wconf 90' lang='lat' dir='ltr'><strong>pus,</strong></span> <span class='ocrx_word' id='word_1_525' title='bbox 2444 2634 2621 2689; x_wconf 88' lang='lat' dir='ltr'><strong>anima</strong></span> <span class='ocrx_word' id='word_1_526' title='bbox 2641 2644 2728 2689; x_wconf 88' lang='lat' dir='ltr'><strong>est</strong></span> <span class='ocrx_word' id='word_1_527' title='bbox 2744 2652 2758 2701; x_wconf 88' lang='lat'><strong>;</strong></span> <span class='ocrx_word' id='word_1_528' title='bbox 2774 2636 2901 2691; x_wconf 90' lang='lat' dir='ltr'><strong>dum</strong></span> <span class='ocrx_word' id='word_1_529' title='bbox 2914 2636 3047 2705; x_wconf 90' lang='lat' dir='ltr'><strong>vult,</strong></span> <span class='ocrx_word' id='word_1_530' title='bbox 3070 2640 3284 2695; x_wconf 90' lang='lat' dir='ltr'><strong>animus</strong></span> <span class='ocrx_word' id='word_1_531' title='bbox 3303 2651 3386 2696; x_wconf 89' lang='lat' dir='ltr'><strong>est</strong></span> <span class='ocrx_word' id='word_1_532' title='bbox 3408 2659 3423 2707; x_wconf 91' lang='lat'><strong>;</strong></span> <span class='ocrx_word' id='word_1_533' title='bbox 3447 2648 3573 2697; x_wconf 90' lang='lat' dir='ltr'><strong>dum</strong></span> <span class='ocrx_word' id='word_1_534' title='bbox 3596 2646 3716 2710; x_wconf 90' lang='lat' dir='ltr'><strong>scit,</strong></span> <span class='ocrx_word' id='word_1_535' title='bbox 3732 2662 3885 2701; x_wconf 87' lang='lat' dir='ltr'><strong>mens</strong></span> 
     </span>
    </p>
   </div>
   <div class='ocr_carea' id='block_1_68' title="bbox 2306 2721 3880 2801">
    <p class='ocr_par' dir='ltr' id='par_1_68' title="bbox 2306 2721 3880 2801">
     <span class='ocr_line' id='line_1_68' title="bbox 2306 2721 3880 2801; baseline 0.008 -26"><span class='ocrx_word' id='word_1_536' title='bbox 2306 2729 2425 2788; x_wconf 88' lang='lat' dir='ltr'><strong>est;</strong></span> <span class='ocrx_word' id='word_1_537' title='bbox 2448 2721 2574 2778; x_wconf 89' lang='lat' dir='ltr'><strong>dum</strong></span> <span class='ocrx_word' id='word_1_538' title='bbox 2602 2725 2811 2790; x_wconf 88' lang='lat' dir='ltr'><strong>recolit,</strong></span> <span class='ocrx_word' id='word_1_539' title='bbox 2834 2726 3092 2781; x_wconf 88' lang='lat' dir='ltr'><strong>memoria</strong></span> <span class='ocrx_word' id='word_1_540' title='bbox 3120 2738 3241 2793; x_wconf 90' lang='lat' dir='ltr'><strong>est;</strong></span> <span class='ocrx_word' id='word_1_541' title='bbox 3268 2727 3394 2782; x_wconf 90' lang='lat' dir='ltr'><strong>dum</strong></span> <span class='ocrx_word' id='word_1_542' title='bbox 3429 2738 3634 2786; x_wconf 88' lang='lat' dir='ltr'><strong>rectum</strong></span> <span class='ocrx_word' id='word_1_543' title='bbox 3653 2730 3880 2801; x_wconf 87' lang='lat' dir='ltr'><strong>judicat,</strong></span> 
     </span>
    </p>
   </div>
   <div class='ocr_carea' id='block_1_69' title="bbox 2307 2810 3881 2889">
    <p class='ocr_par' dir='ltr' id='par_1_69' title="bbox 2307 2810 3881 2889">
     <span class='ocr_line' id='line_1_69' title="bbox 2307 2810 3881 2889; baseline 0.008 -25"><span class='ocrx_word' id='word_1_544' title='bbox 2307 2810 2446 2865; x_wconf 84' lang='lat' dir='ltr'><strong>ratio</strong></span> <span class='ocrx_word' id='word_1_545' title='bbox 2469 2822 2581 2875; x_wconf 88' lang='lat' dir='ltr'><strong>est;</strong></span> <span class='ocrx_word' id='word_1_546' title='bbox 2635 2812 2761 2867; x_wconf 88' lang='lat' dir='ltr'><strong>dum</strong></span> <span class='ocrx_word' id='word_1_547' title='bbox 2785 2813 2971 2883; x_wconf 87' lang='lat' dir='ltr'><strong>spirat,</strong></span> <span class='ocrx_word' id='word_1_548' title='bbox 3002 2815 3223 2885; x_wconf 89' lang='lat' dir='ltr'><strong>spiritus</strong></span> <span class='ocrx_word' id='word_1_549' title='bbox 3240 2824 3364 2883; x_wconf 89' lang='lat' dir='ltr'><strong>est;</strong></span> <span class='ocrx_word' id='word_1_550' title='bbox 3388 2816 3515 2872; x_wconf 91' lang='lat' dir='ltr'><strong>dum</strong></span> <span class='ocrx_word' id='word_1_551' title='bbox 3537 2817 3735 2889; x_wconf 88' lang='lat' dir='ltr'><strong>aliquid</strong></span> <span class='ocrx_word' id='word_1_552' title='bbox 3759 2835 3881 2876; x_wconf 86' lang='lat' dir='ltr'><strong>sen-</strong></span> 
     </span>
    </p>
   </div>
   <div class='ocr_carea' id='block_1_70' title="bbox 2308 2901 3883 2980">
    <p class='ocr_par' dir='ltr' id='par_1_70' title="bbox 2308 2901 3883 2980">
     <span class='ocr_line' id='line_1_70' title="bbox 2308 2901 3883 2980; baseline 0.007 -26"><span class='ocrx_word' id='word_1_553' title='bbox 2308 2901 2389 2966; x_wconf 89' lang='lat' dir='ltr'><strong>tit,</strong></span> <span class='ocrx_word' id='word_1_554' title='bbox 2418 2916 2610 2957; x_wconf 88' lang='lat' dir='ltr'><strong>sensus</strong></span> <span class='ocrx_word' id='word_1_555' title='bbox 2630 2912 2749 2959; x_wconf 86' lang='lat' dir='ltr'><strong>est:</strong></span> <span class='ocrx_word' id='word_1_556' title='bbox 2790 2919 2915 2959; x_wconf 89' lang='lat' dir='ltr'><strong>nam</strong></span> <span class='ocrx_word' id='word_1_557' title='bbox 2944 2904 3068 2960; x_wconf 90' lang='lat' dir='ltr'><strong>inde</strong></span> <span class='ocrx_word' id='word_1_558' title='bbox 3120 2906 3330 2961; x_wconf 88' lang='lat' dir='ltr'><strong>animus</strong></span> <span class='ocrx_word' id='word_1_559' title='bbox 3351 2922 3545 2963; x_wconf 87' lang='lat' dir='ltr'><strong>sensus</strong></span> <span class='ocrx_word' id='word_1_560' title='bbox 3571 2908 3763 2965; x_wconf 91' lang='lat' dir='ltr'><strong>dicitur</strong></span> <span class='ocrx_word' id='word_1_561' title='bbox 3785 2926 3883 2980; x_wconf 85' lang='lat' dir='ltr'><strong>pro</strong></span> 
     </span>
    </p>
   </div>
   <div class='ocr_carea' id='block_1_71' title="bbox 2305 2990 3877 3071">
    <p class='ocr_par' dir='ltr' id='par_1_71' title="bbox 2305 2990 3877 3071">
     <span class='ocr_line' id='line_1_71' title="bbox 2305 2990 3877 3071; baseline 0.005 -26"><span class='ocrx_word' id='word_1_562' title='bbox 2305 2990 2409 3056; x_wconf 88' lang='lat' dir='ltr'><strong>his,</strong></span> <span class='ocrx_word' id='word_1_563' title='bbox 2454 3007 2574 3061; x_wconf 80' lang='lat' dir='ltr'><strong>quae</strong></span> <span class='ocrx_word' id='word_1_564' title='bbox 2602 2994 2784 3059; x_wconf 89' lang='lat' dir='ltr'><strong>sentit,</strong></span> <span class='ocrx_word' id='word_1_565' title='bbox 2834 2994 2977 3049; x_wconf 80' lang='lat' dir='ltr'><strong>unde</strong></span> <span class='ocrx_word' id='word_1_566' title='bbox 3017 3002 3072 3049; x_wconf 91' lang='lat' dir='ltr'><strong>et</strong></span> <span class='ocrx_word' id='word_1_567' title='bbox 3112 2997 3378 3053; x_wconf 87' lang='lat' dir='ltr'><strong>sententia</strong></span> <span class='ocrx_word' id='word_1_568' title='bbox 3420 3013 3613 3054; x_wconf 90' lang='lat' dir='ltr'><strong>nomen</strong></span> <span class='ocrx_word' id='word_1_569' title='bbox 3652 3004 3877 3071; x_wconf 85' lang='lat' dir='ltr'><strong>accepit.</strong></span> 
     </span>
    </p>
   </div>
   <div class='ocr_carea' id='block_1_72' title="bbox 2384 3080 3883 3161">
    <p class='ocr_par' dir='ltr' id='par_1_72' title="bbox 2384 3080 3883 3161">
     <span class='ocr_line' id='line_1_72' title="bbox 2384 3080 3883 3161; baseline 0.008 -26"><span class='ocrx_word' id='word_1_570' title='bbox 2384 3080 2549 3137; x_wconf 86' lang='lat' dir='ltr'><strong>Inter.</strong></span> <span class='ocrx_word' id='word_1_571' title='bbox 2578 3082 2785 3154; x_wconf 87' lang='lat' dir='ltr'><strong>Corpus</strong></span> <span class='ocrx_word' id='word_1_572' title='bbox 2814 3084 2953 3140; x_wconf 89' lang='lat' dir='ltr'><strong>unde</strong></span> <span class='ocrx_word' id='word_1_573' title='bbox 2977 3085 3177 3141; x_wconf 85' lang='lat' dir='ltr'><strong>dictum</strong></span> <span class='ocrx_word' id='word_1_574' title='bbox 3204 3088 3328 3142; x_wconf 89' lang='lat' dir='ltr'><strong>est?</strong></span> <span class='ocrx_word' id='word_1_575' title='bbox 3356 3088 3511 3161; x_wconf 87' lang='lat' dir='ltr'><strong>Resp.</strong></span> <span class='ocrx_word' id='word_1_576' title='bbox 3562 3090 3771 3147; x_wconf 85' lang='lat' dir='ltr'><strong>Dictum</strong></span> <span class='ocrx_word' id='word_1_577' title='bbox 3799 3106 3883 3149; x_wconf 89' lang='lat' dir='ltr'><strong>est</strong></span> 
     </span>
    </p>
   </div>
   <div class='ocr_carea' id='block_1_73' title="bbox 2260 3173 3883 3249">
    <p class='ocr_par' dir='ltr' id='par_1_73' title="bbox 2260 3173 3883 3249">
     <span class='ocr_line' id='line_1_73' title="bbox 2260 3173 3883 3249; baseline 0.007 -21"><span class='ocrx_word' id='word_1_578' title='bbox 2260 3175 2283 3201; x_wconf 89' lang='lat'>‘</span> <span class='ocrx_word' id='word_1_579' title='bbox 2311 3173 2454 3228; x_wconf 90' lang='lat' dir='ltr'><strong>enim</strong></span> <span class='ocrx_word' id='word_1_580' title='bbox 2499 3189 2710 3243; x_wconf 90' lang='lat' dir='ltr'><strong>corpus,</strong></span> <span class='ocrx_word' id='word_1_581' title='bbox 2759 3190 2824 3230; x_wconf 89' lang='lat' dir='ltr'><strong>eo</strong></span> <span class='ocrx_word' id='word_1_582' title='bbox 2854 3175 3007 3245; x_wconf 79' lang='lat' dir='ltr'><strong>quod</strong></span> <span class='ocrx_word' id='word_1_583' title='bbox 3050 3187 3379 3248; x_wconf 88' lang='lat' dir='ltr'><strong>corruptum-</strong></span> <span class='ocrx_word' id='word_1_584' title='bbox 3416 3180 3558 3249; x_wconf 88' lang='lat' dir='ltr'><strong>perit</strong></span> <span class='ocrx_word' id='word_1_585' title='bbox 3595 3198 3611 3247; x_wconf 87' lang='lat'><strong>;</strong></span> <span class='ocrx_word' id='word_1_586' title='bbox 3657 3183 3883 3240; x_wconf 85' lang='lat' dir='ltr'><strong>solubile</strong></span> 
     </span>
    </p>
   </div>
   <div class='ocr_carea' id='block_1_74' title="bbox 2306 3262 3771 3336">
    <p class='ocr_par' dir='ltr' id='par_1_74' title="bbox 2306 3262 3771 3336">
     <span class='ocr_line' id='line_1_74' title="bbox 2306 3262 3771 3336; baseline 0.007 -21"><span class='ocrx_word' id='word_1_587' title='bbox 2306 3262 2450 3317; x_wconf 90' lang='lat' dir='ltr'><strong>enim</strong></span> <span class='ocrx_word' id='word_1_588' title='bbox 2482 3270 2644 3333; x_wconf 86' lang='lat' dir='ltr'><strong>atque</strong></span> <span class='ocrx_word' id='word_1_589' title='bbox 2666 3265 2891 3319; x_wconf 86' lang='lat' dir='ltr'><strong>mortale</strong></span> <span class='ocrx_word' id='word_1_590' title='bbox 2912 3275 3020 3330; x_wconf 90' lang='lat' dir='ltr'><strong>est,</strong></span> <span class='ocrx_word' id='word_1_591' title='bbox 3049 3275 3105 3319; x_wconf 90' lang='lat' dir='ltr'><strong>et</strong></span> <span class='ocrx_word' id='word_1_592' title='bbox 3130 3267 3415 3336; x_wconf 88' lang='lat' dir='ltr'><strong>aliquando</strong></span> <span class='ocrx_word' id='word_1_593' title='bbox 3442 3270 3771 3327; x_wconf 86' lang='lat' dir='ltr'><strong>solvendum.</strong></span> 
     </span>
    </p>
   </div>
   <div class='ocr_carea' id='block_1_75' title="bbox 2380 3351 3881 3429">
    <p class='ocr_par' dir='ltr' id='par_1_75' title="bbox 2380 3351 3881 3429">
     <span class='ocr_line' id='line_1_75' title="bbox 2380 3351 3881 3429; baseline 0.009 -24"><span class='ocrx_word' id='word_1_594' title='bbox 2380 3351 2543 3407; x_wconf 86' lang='lat' dir='ltr'><strong>Inter.</strong></span> <span class='ocrx_word' id='word_1_595' title='bbox 2590 3352 2740 3408; x_wconf 89' lang='lat' dir='ltr'><strong>Unde</strong></span> <span class='ocrx_word' id='word_1_596' title='bbox 2782 3354 2923 3409; x_wconf 86' lang='lat' dir='ltr'><strong>dicta</strong></span> <span class='ocrx_word' id='word_1_597' title='bbox 2966 3363 3049 3411; x_wconf 85' lang='lat' dir='ltr'><strong>est</strong></span> <span class='ocrx_word' id='word_1_598' title='bbox 3071 3357 3245 3412; x_wconf 89' lang='lat' dir='ltr'><strong>caro?</strong></span> <span class='ocrx_word' id='word_1_599' title='bbox 3280 3357 3434 3429; x_wconf 84' lang='lat' dir='ltr'><strong>Resp.</strong></span> <span class='ocrx_word' id='word_1_600' title='bbox 3479 3358 3619 3414; x_wconf 89' lang='lat' dir='ltr'><strong>Caro</strong></span> <span class='ocrx_word' id='word_1_601' title='bbox 3646 3372 3820 3417; x_wconf 88' lang='lat' dir='ltr'><strong>autem</strong></span> <span class='ocrx_word' id='word_1_602' title='bbox 3847 3379 3881 3418; x_wconf 81' lang='lat' dir='ltr'><strong>a</strong></span> 
     </span>
    </p>
   </div>
   <div class='ocr_carea' id='block_1_76' title="bbox 2307 3442 3882 3523">
    <p class='ocr_par' dir='ltr' id='par_1_76' title="bbox 2307 3442 3882 3523">
     <span class='ocr_line' id='line_1_76' title="bbox 2307 3442 3882 3523; baseline 0.009 -28"><span class='ocrx_word' id='word_1_603' title='bbox 2307 3442 2541 3497; x_wconf 88' lang='lat' dir='ltr'><strong>creando</strong></span> <span class='ocrx_word' id='word_1_604' title='bbox 2566 3451 2651 3497; x_wconf 89' lang='lat' dir='ltr'><strong>est</strong></span> <span class='ocrx_word' id='word_1_605' title='bbox 2675 3443 2953 3513; x_wconf 88' lang='lat' dir='ltr'><strong>appellata.</strong></span> <span class='ocrx_word' id='word_1_606' title='bbox 2980 3506 2983 3509; x_wconf 28' lang='grc' dir='ltr'><strong><em>λ</em></strong></span> <span class='ocrx_word' id='word_1_607' title='bbox 3008 3445 3175 3501; x_wconf 88' lang='lat' dir='ltr'><strong>Inter.</strong></span> <span class='ocrx_word' id='word_1_608' title='bbox 3219 3446 3538 3515; x_wconf 88' lang='lat' dir='ltr'><strong>Quomodo?</strong></span> <span class='ocrx_word' id='word_1_609' title='bbox 3566 3450 3724 3523; x_wconf 90' lang='lat' dir='ltr'><strong>Resp.</strong></span> <span class='ocrx_word' id='word_1_610' title='bbox 3754 3453 3882 3509; x_wconf 77' lang='lat' dir='ltr'><strong>Cre-</strong></span> 
     </span>
    </p>
   </div>
   <div class='ocr_carea' id='block_1_77' title="bbox 2308 3534 3985 3602">
    <p class='ocr_par' dir='ltr' id='par_1_77' title="bbox 2308 3534 3985 3602">
     <span class='ocr_line' id='line_1_77' title="bbox 2308 3534 3985 3602; baseline 0.006 -15"><span class='ocrx_word' id='word_1_611' title='bbox 2308 3541 2545 3587; x_wconf 90' lang='lat' dir='ltr'><strong>mentum</strong></span> <span class='ocrx_word' id='word_1_612' title='bbox 2574 3534 2719 3588; x_wconf 89' lang='lat' dir='ltr'><strong>enim</strong></span> <span class='ocrx_word' id='word_1_613' title='bbox 2745 3549 2928 3590; x_wconf 89' lang='lat' dir='ltr'><strong>semen</strong></span> <span class='ocrx_word' id='word_1_614' title='bbox 2953 3543 3035 3590; x_wconf 91' lang='lat' dir='ltr'><strong>est</strong></span> <span class='ocrx_word' id='word_1_615' title='bbox 3058 3536 3299 3602; x_wconf 85' lang='lat' dir='ltr'><strong>masculi,</strong></span> <span class='ocrx_word' id='word_1_616' title='bbox 3330 3539 3474 3592; x_wconf 91' lang='lat' dir='ltr'><strong>unde</strong></span> <span class='ocrx_word' id='word_1_617' title='bbox 3494 3540 3800 3595; x_wconf 87' lang='lat' dir='ltr'><strong>animalium</strong></span> <span class='ocrx_word' id='word_1_618' title='bbox 3827 3554 3882 3596; x_wconf 74' lang='lat' dir='ltr'><strong>et</strong></span> <span class='ocrx_word' id='word_1_619' title='bbox 3980 3572 3985 3573; x_wconf 50' lang='grc' dir='ltr'>ί</span> 
     </span>
    </p>
   </div>
   <div class='ocr_carea' id='block_1_78' title="bbox 2308 3621 3882 3701">
    <p class='ocr_par' dir='ltr' id='par_1_78' title="bbox 2308 3621 3882 3701">
     <span class='ocr_line' id='line_1_78' title="bbox 2308 3621 3882 3701; baseline 0.006 -26"><span class='ocrx_word' id='word_1_620' title='bbox 2308 3621 2582 3676; x_wconf 66' lang='lat' dir='ltr'><strong>hominum</strong></span> <span class='ocrx_word' id='word_1_621' title='bbox 2630 3637 2855 3693; x_wconf 88' lang='lat' dir='ltr'><strong>corpora</strong></span> <span class='ocrx_word' id='word_1_622' title='bbox 2895 3624 3315 3696; x_wconf 89' lang='lat' dir='ltr'><strong>concipiuntur;</strong></span> <span class='ocrx_word' id='word_1_623' title='bbox 3361 3628 3485 3683; x_wconf 85' lang='lat' dir='ltr'><strong>hinc</strong></span> <span class='ocrx_word' id='word_1_624' title='bbox 3536 3640 3591 3685; x_wconf 92' lang='lat' dir='ltr'><strong>et</strong></span> <span class='ocrx_word' id='word_1_625' title='bbox 3634 3643 3882 3701; x_wconf 69' lang='lat' dir='ltr'><strong>parentes</strong></span> 
     </span>
    </p>
   </div>
   <div class='ocr_carea' id='block_1_79' title="bbox 2306 3721 2886 3769">
    <p class='ocr_par' dir='ltr' id='par_1_79' title="bbox 2306 3721 2886 3769">
     <span class='ocr_line' id='line_1_79' title="bbox 2306 3721 2886 3769; baseline 0.003 -3"><span class='ocrx_word' id='word_1_626' title='bbox 2306 3721 2578 3767; x_wconf 83' lang='lat' dir='ltr'><strong>creatores</strong></span> <span class='ocrx_word' id='word_1_627' title='bbox 2607 3723 2886 3769; x_wconf 87' lang='lat' dir='ltr'><strong>vocantur.</strong></span> 
     </span>
    </p>
   </div>
   <div class='ocr_carea' id='block_1_80' title="bbox 2378 3792 3880 3886">
    <p class='ocr_par' dir='ltr' id='par_1_80' title="bbox 2378 3792 3880 3886">
     <span class='ocr_line' id='line_1_80' title="bbox 2378 3792 3880 3886; baseline 0.01 -29"><span class='ocrx_word' id='word_1_628' title='bbox 2378 3803 2542 3859; x_wconf 87' lang='lat' dir='ltr'><strong>Inter.</strong></span> <span class='ocrx_word' id='word_1_629' title='bbox 2570 3804 2774 3872; x_wconf 90' lang='lat' dir='ltr'><strong>Quibus</strong></span> <span class='ocrx_word' id='word_1_630' title='bbox 2809 3820 2877 3861; x_wconf 90' lang='lat' dir='ltr'><strong>ex</strong></span> <span class='ocrx_word' id='word_1_631' title='bbox 2904 3808 3084 3865; x_wconf 87' lang='lat' dir='ltr'><strong>causis</strong></span> <span class='ocrx_word' id='word_1_632' title='bbox 3112 3820 3327 3866; x_wconf 87' lang='lat' dir='ltr'><strong>constat</strong></span> <span class='ocrx_word' id='word_1_633' title='bbox 3351 3792 3519 3868; x_wconf 67' lang='lat' dir='ltr'><strong>caro?</strong></span> <span class='ocrx_word' id='word_1_634' title='bbox 3550 3814 3708 3886; x_wconf 88' lang='lat' dir='ltr'><strong>Resp.</strong></span> <span class='ocrx_word' id='word_1_635' title='bbox 3740 3815 3880 3872; x_wconf 81' lang='lat' dir='ltr'><strong>Caro</strong></span> 
     </span>
    </p>
   </div>
   <div class='ocr_carea' id='block_1_81' title="bbox 2308 3900 3874 3973">
    <p class='ocr_par' dir='ltr' id='par_1_81' title="bbox 2308 3900 3874 3973">
     <span class='ocr_line' id='line_1_81' title="bbox 2308 3900 3874 3973; baseline 0.007 -24"><span class='ocrx_word' id='word_1_636' title='bbox 2308 3905 2484 3951; x_wconf 87' lang='lat' dir='ltr'><strong>autem</strong></span> <span class='ocrx_word' id='word_1_637' title='bbox 2527 3912 2594 3952; x_wconf 83' lang='lat' dir='ltr'><strong>ex</strong></span> <span class='ocrx_word' id='word_1_638' title='bbox 2638 3905 2868 3966; x_wconf 88' lang='lat' dir='ltr'><strong>quatuor</strong></span> <span class='ocrx_word' id='word_1_639' title='bbox 2912 3900 3190 3957; x_wconf 90' lang='lat' dir='ltr'><strong>elementis</strong></span> <span class='ocrx_word' id='word_1_640' title='bbox 3236 3913 3515 3973; x_wconf 87' lang='lat' dir='ltr'><strong>compacta</strong></span> <span class='ocrx_word' id='word_1_641' title='bbox 3559 3914 3661 3961; x_wconf 86' lang='lat' dir='ltr'><strong>est.</strong></span> <span class='ocrx_word' id='word_1_642' title='bbox 3711 3906 3874 3961; x_wconf 79' lang='lat' dir='ltr'><strong>Inter.</strong></span> 
     </span>
    </p>
   </div>
   <div class='ocr_carea' id='block_1_82' title="bbox 2308 3985 3881 4059">
    <p class='ocr_par' dir='ltr' id='par_1_82' title="bbox 2308 3985 3881 4059">
     <span class='ocr_line' id='line_1_82' title="bbox 2308 3985 3881 4059; baseline 0.008 -20"><span class='ocrx_word' id='word_1_643' title='bbox 2308 3985 2554 4052; x_wconf 82' lang='lat' dir='ltr'><strong>Quibus?</strong></span> <span class='ocrx_word' id='word_1_644' title='bbox 2583 3986 2737 4057; x_wconf 84' lang='lat' dir='ltr'><strong>Resp.</strong></span> <span class='ocrx_word' id='word_1_645' title='bbox 2767 3986 2901 4043; x_wconf 87' lang='lat' dir='ltr'><strong>Nam</strong></span> <span class='ocrx_word' id='word_1_646' title='bbox 2936 3998 3081 4044; x_wconf 89' lang='lat' dir='ltr'><strong>terra</strong></span> <span class='ocrx_word' id='word_1_647' title='bbox 3128 3992 3181 4046; x_wconf 91' lang='lat' dir='ltr'><strong>in</strong></span> <span class='ocrx_word' id='word_1_648' title='bbox 3222 4007 3385 4048; x_wconf 90' lang='lat' dir='ltr'><strong>carne</strong></span> <span class='ocrx_word' id='word_1_649' title='bbox 3427 4002 3540 4059; x_wconf 91' lang='lat' dir='ltr'><strong>est;</strong></span> <span class='ocrx_word' id='word_1_650' title='bbox 3582 4010 3678 4050; x_wconf 87' lang='lat' dir='ltr'><strong>aer</strong></span> <span class='ocrx_word' id='word_1_651' title='bbox 3706 3996 3757 4050; x_wconf 91' lang='lat' dir='ltr'><strong>in</strong></span> <span class='ocrx_word' id='word_1_652' title='bbox 3786 3996 3881 4051; x_wconf 62' lang='lat' dir='ltr'><strong>ha;</strong></span> 
     </span>
    </p>
   </div>
   <div class='ocr_carea' id='block_1_83' title="bbox 2307 4072 3880 4151">
    <p class='ocr_par' dir='ltr' id='par_1_83' title="bbox 2307 4072 3880 4151">
     <span class='ocr_line' id='line_1_83' title="bbox 2307 4072 3880 4151; baseline 0.008 -24"><span class='ocrx_word' id='word_1_653' title='bbox 2307 4073 2423 4139; x_wconf 90' lang='lat' dir='ltr'><strong>litu,</strong></span> <span class='ocrx_word' id='word_1_654' title='bbox 2452 4075 2646 4129; x_wconf 89' lang='lat' dir='ltr'><strong>humor</strong></span> <span class='ocrx_word' id='word_1_655' title='bbox 2680 4076 2733 4131; x_wconf 91' lang='lat' dir='ltr'><strong>in</strong></span> <span class='ocrx_word' id='word_1_656' title='bbox 2762 4078 3037 4148; x_wconf 87' lang='lat' dir='ltr'><strong>sanguine,</strong></span> <span class='ocrx_word' id='word_1_657' title='bbox 3072 4080 3210 4151; x_wconf 90' lang='lat' dir='ltr'><strong>ignis</strong></span> <span class='ocrx_word' id='word_1_658' title='bbox 3257 4081 3310 4135; x_wconf 91' lang='lat' dir='ltr'><strong>in</strong></span> <span class='ocrx_word' id='word_1_659' title='bbox 3360 4072 3537 4138; x_wconf 85' lang='lat' dir='ltr'><strong>calore</strong></span> <span class='ocrx_word' id='word_1_660' title='bbox 3568 4084 3714 4140; x_wconf 81' lang='lat' dir='ltr'><strong>vitali</strong></span> <span class='ocrx_word' id='word_1_661' title='bbox 3740 4103 3754 4150; x_wconf 89' lang='lat'><strong>;</strong></span> <span class='ocrx_word' id='word_1_662' title='bbox 3784 4086 3880 4143; x_wconf 88' lang='lat' dir='ltr'><strong>ha-</strong></span> 
     </span>
    </p>
   </div>
   <div class='ocr_carea' id='block_1_84' title="bbox 2307 4161 3874 4243">
    <p class='ocr_par' dir='ltr' id='par_1_84' title="bbox 2307 4161 3874 4243">
     <span class='ocr_line' id='line_1_84' title="bbox 2307 4161 3874 4243; baseline 0.008 -26"><span class='ocrx_word' id='word_1_663' title='bbox 2307 4161 2434 4241; x_wconf 87' lang='lat' dir='ltr'><strong>bent</strong></span> <span class='ocrx_word' id='word_1_664' title='bbox 2454 4165 2595 4219; x_wconf 91' lang='lat' dir='ltr'><strong>enim</strong></span> <span class='ocrx_word' id='word_1_665' title='bbox 2636 4165 2692 4220; x_wconf 91' lang='lat' dir='ltr'><strong>in</strong></span> <span class='ocrx_word' id='word_1_666' title='bbox 2735 4166 2889 4222; x_wconf 90' lang='lat' dir='ltr'><strong>nobis</strong></span> <span class='ocrx_word' id='word_1_667' title='bbox 2909 4167 3173 4223; x_wconf 86' lang='lat' dir='ltr'><strong>elementa</strong></span> <span class='ocrx_word' id='word_1_668' title='bbox 3202 4184 3353 4224; x_wconf 87' lang='lat' dir='ltr'><strong>suam</strong></span> <span class='ocrx_word' id='word_1_669' title='bbox 3396 4186 3622 4241; x_wconf 63' lang='lat' dir='ltr'><strong>qumque</strong></span> <span class='ocrx_word' id='word_1_670' title='bbox 3647 4182 3874 4243; x_wconf 81' lang='lat' dir='ltr'><strong>partem,</strong></span> 
     </span>
    </p>
   </div>
   <div class='ocr_carea' id='block_1_85' title="bbox 2305 4252 3872 4332">
    <p class='ocr_par' dir='ltr' id='par_1_85' title="bbox 2305 4252 3872 4332">
     <span class='ocr_line' id='line_1_85' title="bbox 2305 4252 3872 4332; baseline 0.005 -24"><span class='ocrx_word' id='word_1_671' title='bbox 2305 4253 2459 4323; x_wconf 86' lang='lat' dir='ltr'><strong>cujus</strong></span> <span class='ocrx_word' id='word_1_672' title='bbox 2502 4252 2684 4332; x_wconf 63' lang='lat' dir='ltr'><strong>[Isid.,</strong></span> <span class='ocrx_word' id='word_1_673' title='bbox 2710 4254 2925 4328; x_wconf 85' lang='lat' dir='ltr'><strong>quibus]</strong></span> <span class='ocrx_word' id='word_1_674' title='bbox 2954 4257 3082 4327; x_wconf 83' lang='lat' dir='ltr'><strong>quid</strong></span> <span class='ocrx_word' id='word_1_675' title='bbox 3106 4258 3329 4313; x_wconf 90' lang='lat' dir='ltr'><strong>debetur</strong></span> <span class='ocrx_word' id='word_1_676' title='bbox 3348 4274 3602 4331; x_wconf 84' lang='lat' dir='ltr'><strong>compage</strong></span> <span class='ocrx_word' id='word_1_677' title='bbox 3624 4261 3872 4316; x_wconf 88' lang='lat' dir='ltr'><strong>resoluta.</strong></span> 
     </span>
    </p>
   </div>
   <div class='ocr_carea' id='block_1_86' title="bbox 2378 4340 3872 4419">
    <p class='ocr_par' dir='ltr' id='par_1_86' title="bbox 2378 4340 3872 4419">
     <span class='ocr_line' id='line_1_86' title="bbox 2378 4340 3872 4419; baseline 0.005 -24"><span class='ocrx_word' id='word_1_678' title='bbox 2378 4340 2540 4396; x_wconf 84' lang='lat' dir='ltr'><strong>Inter.</strong></span> <span class='ocrx_word' id='word_1_679' title='bbox 2571 4342 2711 4397; x_wconf 87' lang='lat' dir='ltr'><strong>Inter</strong></span> <span class='ocrx_word' id='word_1_680' title='bbox 2745 4360 2959 4401; x_wconf 88' lang='lat' dir='ltr'><strong>carnem</strong></span> <span class='ocrx_word' id='word_1_681' title='bbox 2982 4356 3036 4400; x_wconf 91' lang='lat' dir='ltr'><strong>et</strong></span> <span class='ocrx_word' id='word_1_682' title='bbox 3060 4360 3256 4416; x_wconf 89' lang='lat' dir='ltr'><strong>corpus</strong></span> <span class='ocrx_word' id='word_1_683' title='bbox 3276 4348 3400 4417; x_wconf 91' lang='lat' dir='ltr'><strong>quid</strong></span> <span class='ocrx_word' id='word_1_684' title='bbox 3429 4349 3691 4404; x_wconf 82' lang='lat' dir='ltr'><strong>interest?</strong></span> <span class='ocrx_word' id='word_1_685' title='bbox 3720 4349 3872 4419; x_wconf 78' lang='lat' dir='ltr'><strong>Resp.</strong></span> 
     </span>
    </p>
   </div>
   <div class='ocr_carea' id='block_1_87' title="bbox 654 4430 3874 4526">
    <p class='ocr_par' dir='ltr' id='par_1_87' title="bbox 654 4430 3874 4526">
     <span class='ocr_line' id='line_1_87' title="bbox 654 4430 3874 4526; baseline 0.002 -36"><span class='ocrx_word' id='word_1_686' title='bbox 654 4438 810 4501; x_wconf 79' lang='lat' dir='ltr'><strong>citur,</strong></span> <span class='ocrx_word' id='word_1_687' title='bbox 839 4435 978 4504; x_wconf 89' lang='lat' dir='ltr'><strong>quod</strong></span> <span class='ocrx_word' id='word_1_688' title='bbox 1002 4448 1095 4488; x_wconf 89' lang='lat' dir='ltr'><strong>ore</strong></span> <span class='ocrx_word' id='word_1_689' title='bbox 1125 4434 1395 4486; x_wconf 87' lang='lat' dir='ltr'><strong>trahentes</strong></span> <span class='ocrx_word' id='word_1_690' title='bbox 1422 4446 1599 4485; x_wconf 89' lang='lat' dir='ltr'><strong>aerem</strong></span> <span class='ocrx_word' id='word_1_691' title='bbox 1622 4431 1800 4485; x_wconf 81' lang='lat' dir='ltr'><strong>vivere</strong></span> <span class='ocrx_word' id='word_1_692' title='bbox 1826 4431 1975 4502; x_wconf 78' lang='lat' dir='ltr'><strong>[Ms.,</strong></span> <span class='ocrx_word' id='word_1_693' title='bbox 2006 4431 2206 4506; x_wconf 85' lang='lat' dir='ltr'><strong>videre]</strong></span> <span class='ocrx_word' id='word_1_694' title='bbox 2234 4465 2287 4526; x_wconf 68' lang='grc' dir='ltr'><strong>υ</strong></span> <span class='ocrx_word' id='word_1_695' title='bbox 2308 4430 2447 4486; x_wconf 88' lang='lat' dir='ltr'><strong>Caro</strong></span> <span class='ocrx_word' id='word_1_696' title='bbox 2469 4432 2613 4487; x_wconf 91' lang='lat' dir='ltr'><strong>enim</strong></span> <span class='ocrx_word' id='word_1_697' title='bbox 2641 4444 2695 4488; x_wconf 91' lang='lat' dir='ltr'><strong>et</strong></span> <span class='ocrx_word' id='word_1_698' title='bbox 2722 4449 2913 4505; x_wconf 87' lang='lat' dir='ltr'><strong>corpus</strong></span> <span class='ocrx_word' id='word_1_699' title='bbox 2937 4436 3147 4492; x_wconf 88' lang='lat' dir='ltr'><strong>diversa</strong></span> <span class='ocrx_word' id='word_1_700' title='bbox 3177 4437 3499 4508; x_wconf 80' lang='lat' dir='ltr'><strong>signiﬁcant.</strong></span> <span class='ocrx_word' id='word_1_701' title='bbox 3533 4438 3699 4494; x_wconf 88' lang='lat' dir='ltr'><strong>Inter.</strong></span> <span class='ocrx_word' id='word_1_702' title='bbox 3731 4440 3874 4507; x_wconf 89' lang='lat' dir='ltr'><strong>Quo-</strong></span> 
     </span>
    </p>
   </div>
   <div class='ocr_carea' id='block_1_88' title="bbox 654 4520 1798 4590">
    <p class='ocr_par' dir='ltr' id='par_1_88' title="bbox 654 4520 1798 4590">
     <span class='ocr_line' id='line_1_88' title="bbox 654 4520 1798 4590; baseline -0.01 -5"><span class='ocrx_word' id='word_1_703' title='bbox 654 4528 962 4585; x_wconf 54' lang='lat' dir='ltr'><strong>xide‘amur:</strong></span> <span class='ocrx_word' id='word_1_704' title='bbox 993 4523 1087 4579; x_wconf 86' lang='lat' dir='ltr'><strong>sed</strong></span> <span class='ocrx_word' id='word_1_705' title='bbox 1118 4522 1452 4590; x_wconf 87' lang='lat' dir='ltr'><strong>apertissime</strong></span> <span class='ocrx_word' id='word_1_706' title='bbox 1476 4520 1665 4574; x_wconf 80' lang='lat' dir='ltr'><strong>falsum</strong></span> <span class='ocrx_word' id='word_1_707' title='bbox 1699 4529 1798 4574; x_wconf 89' lang='lat' dir='ltr'><strong>est.</strong></span> 
     </span>
    </p>
   </div>
   <div class='ocr_carea' id='block_1_89' title="bbox 725 4608 2207 4682">
    <p class='ocr_par' dir='ltr' id='par_1_89' title="bbox 725 4608 2207 4682">
     <span class='ocr_line' id='line_1_89' title="bbox 725 4608 2207 4682; baseline -0.005 -12"><span class='ocrx_word' id='word_1_708' title='bbox 725 4616 889 4670; x_wconf 87' lang='lat' dir='ltr'><strong>Inter.</strong></span> <span class='ocrx_word' id='word_1_709' title='bbox 922 4613 1036 4682; x_wconf 87' lang='lat' dir='ltr'><strong>Qua</strong></span> <span class='ocrx_word' id='word_1_710' title='bbox 1056 4610 1303 4667; x_wconf 84' lang='lat' dir='ltr'><strong>ratione?</strong></span> <span class='ocrx_word' id='word_1_711' title='bbox 1334 4608 1485 4679; x_wconf 84' lang='lat' dir='ltr'><strong>Resp.</strong></span> <span class='ocrx_word' id='word_1_712' title='bbox 1519 4609 1653 4676; x_wconf 89' lang='lat' dir='ltr'><strong>Quia</strong></span> <span class='ocrx_word' id='word_1_713' title='bbox 1678 4610 1843 4665; x_wconf 89' lang='lat' dir='ltr'><strong>multo</strong></span> <span class='ocrx_word' id='word_1_714' title='bbox 1869 4612 2014 4680; x_wconf 88' lang='lat' dir='ltr'><strong>prius</strong></span> <span class='ocrx_word' id='word_1_715' title='bbox 2040 4612 2207 4681; x_wconf 89' lang='lat' dir='ltr'><strong>gigni-</strong></span> 
     </span>
    </p>
   </div>
   <div class='ocr_carea' id='block_1_90' title="bbox 654 4700 2205 4775">
    <p class='ocr_par' dir='ltr' id='par_1_90' title="bbox 654 4700 2205 4775">
     <span class='ocr_line' id='line_1_90' title="bbox 654 4700 2205 4775; baseline -0.005 -11"><span class='ocrx_word' id='word_1_716' title='bbox 654 4724 740 4764; x_wconf 92' lang='lat' dir='ltr'><strong>tur</strong></span> <span class='ocrx_word' id='word_1_717' title='bbox 762 4709 958 4770; x_wconf 87' lang='lat' dir='ltr'><strong>anima,</strong></span> <span class='ocrx_word' id='word_1_718' title='bbox 986 4719 1143 4775; x_wconf 89' lang='lat' dir='ltr'><strong>quam</strong></span> <span class='ocrx_word' id='word_1_719' title='bbox 1171 4701 1376 4771; x_wconf 91' lang='lat' dir='ltr'><strong>concipi</strong></span> <span class='ocrx_word' id='word_1_720' title='bbox 1404 4700 1537 4772; x_wconf 85' lang='lat' dir='ltr'><strong>[ore]</strong></span> <span class='ocrx_word' id='word_1_721' title='bbox 1582 4716 1674 4756; x_wconf 88' lang='lat' dir='ltr'><strong>aer</strong></span> <span class='ocrx_word' id='word_1_722' title='bbox 1719 4701 1903 4769; x_wconf 86' lang='lat' dir='ltr'><strong>possit,</strong></span> <span class='ocrx_word' id='word_1_723' title='bbox 1934 4703 2059 4771; x_wconf 89' lang='lat' dir='ltr'><strong>quia</strong></span> <span class='ocrx_word' id='word_1_724' title='bbox 2096 4700 2205 4768; x_wconf 82' lang='lat' dir='ltr'><strong>iam</strong></span> 
     </span>
    </p>
   </div>
   <div class='ocr_carea' id='block_1_91' title="bbox 657 4791 2201 4861">
    <p class='ocr_par' dir='ltr' id='par_1_91' title="bbox 657 4791 2201 4861">
     <span class='ocr_line' id='line_1_91' title="bbox 657 4791 2201 4861; baseline -0.003 -10"><span class='ocrx_word' id='word_1_725' title='bbox 657 4800 708 4851; x_wconf 78' lang='lat' dir='ltr'><strong>in</strong></span> <span class='ocrx_word' id='word_1_726' title='bbox 741 4795 1012 4861; x_wconf 73' lang='lat' dir='ltr'><strong>genitricis</strong></span> <span class='ocrx_word' id='word_1_727' title='bbox 1036 4802 1185 4848; x_wconf 91' lang='lat' dir='ltr'><strong>utero</strong></span> <span class='ocrx_word' id='word_1_728' title='bbox 1215 4792 1361 4855; x_wconf 88' lang='lat' dir='ltr'><strong>vivit,</strong></span> <span class='ocrx_word' id='word_1_729' title='bbox 1387 4799 1441 4845; x_wconf 86' lang='lat' dir='ltr'><strong>et</strong></span> <span class='ocrx_word' id='word_1_730' title='bbox 1483 4791 1600 4846; x_wconf 90' lang='lat' dir='ltr'><strong>ideo</strong></span> <span class='ocrx_word' id='word_1_731' title='bbox 1624 4807 1726 4844; x_wconf 90' lang='lat' dir='ltr'><strong>non</strong></span> <span class='ocrx_word' id='word_1_732' title='bbox 1768 4800 1853 4845; x_wconf 90' lang='lat' dir='ltr'><strong>est</strong></span> <span class='ocrx_word' id='word_1_733' title='bbox 1880 4807 1972 4846; x_wconf 89' lang='lat' dir='ltr'><strong>aer</strong></span> <span class='ocrx_word' id='word_1_734' title='bbox 2003 4794 2201 4857; x_wconf 82' lang='lat' dir='ltr'><strong>animo,</strong></span> 
     </span>
    </p>
   </div>
   <div class='ocr_carea' id='block_1_92' title="bbox 653 4879 2200 4956">
    <p class='ocr_par' dir='ltr' id='par_1_92' title="bbox 653 4879 2200 4956">
     <span class='ocr_line' id='line_1_92' title="bbox 653 4879 2200 4956; baseline -0.003 -17"><span class='ocrx_word' id='word_1_735' title='bbox 653 4886 796 4956; x_wconf 66' lang='lat' dir='ltr'><strong>quod</strong></span> <span class='ocrx_word' id='word_1_736' title='bbox 822 4890 1141 4954; x_wconf 85' lang='lat' dir='ltr'><strong>putaverunt</strong></span> <span class='ocrx_word' id='word_1_737' title='bbox 1165 4882 1403 4948; x_wconf 85' lang='lat' dir='ltr'><strong>quidam,</strong></span> <span class='ocrx_word' id='word_1_738' title='bbox 1447 4880 1571 4946; x_wconf 87' lang='lat' dir='ltr'><strong>quia</strong></span> <span class='ocrx_word' id='word_1_739' title='bbox 1613 4879 1766 4949; x_wconf 61' lang='grc' dir='ltr'><strong>μη,</strong></span> <span class='ocrx_word' id='word_1_740' title='bbox 1796 4879 1938 4950; x_wconf 78' lang='lat' dir='ltr'><strong>quae]</strong></span> <span class='ocrx_word' id='word_1_741' title='bbox 1974 4896 2078 4935; x_wconf 91' lang='lat' dir='ltr'><strong>non</strong></span> <span class='ocrx_word' id='word_1_742' title='bbox 2106 4897 2200 4949; x_wconf 89' lang='lat' dir='ltr'><strong>po-</strong></span> 
     </span>
    </p>
   </div>
   <div class='ocr_carea' id='block_1_93' title="bbox 656 4967 1949 5043">
    <p class='ocr_par' dir='ltr' id='par_1_93' title="bbox 656 4967 1949 5043">
     <span class='ocr_line' id='line_1_93' title="bbox 656 4967 1949 5043; baseline -0.007 -13"><span class='ocrx_word' id='word_1_743' title='bbox 656 4984 871 5031; x_wconf 83' lang='lat' dir='ltr'><strong>tuerunt</strong></span> <span class='ocrx_word' id='word_1_744' title='bbox 892 4975 1259 5043; x_wconf 86' lang='lat' dir='ltr'><strong>inoorpoream</strong></span> <span class='ocrx_word' id='word_1_745' title='bbox 1285 4967 1399 5036; x_wconf 85' lang='lat' dir='ltr'><strong>ejus</strong></span> <span class='ocrx_word' id='word_1_746' title='bbox 1429 4969 1661 5039; x_wconf 83' lang='lat' dir='ltr'><strong>cogitare</strong></span> <span class='ocrx_word' id='word_1_747' title='bbox 1685 4977 1949 5022; x_wconf 87' lang='lat' dir='ltr'><strong>naturam.</strong></span> 
     </span>
    </p>
   </div>
   <div class='ocr_carea' id='block_1_94' title="bbox 730 5059 2206 5128">
    <p class='ocr_par' dir='ltr' id='par_1_94' title="bbox 730 5059 2206 5128">
     <span class='ocr_line' id='line_1_94' title="bbox 730 5059 2206 5128; baseline -0.003 -9"><span class='ocrx_word' id='word_1_748' title='bbox 730 5066 887 5120; x_wconf 72' lang='lat' dir='ltr'><strong>Inter.</strong></span> <span class='ocrx_word' id='word_1_749' title='bbox 919 5066 1014 5118; x_wconf 83' lang='lat' dir='ltr'><strong>Dic</strong></span> <span class='ocrx_word' id='word_1_750' title='bbox 1038 5061 1185 5126; x_wconf 90' lang='lat' dir='ltr'><strong>mihi,</strong></span> <span class='ocrx_word' id='word_1_751' title='bbox 1212 5061 1255 5115; x_wconf 90' lang='lat' dir='ltr'><strong>si</strong></span> <span class='ocrx_word' id='word_1_752' title='bbox 1285 5060 1423 5115; x_wconf 88' lang='lat' dir='ltr'><strong>idem</strong></span> <span class='ocrx_word' id='word_1_753' title='bbox 1454 5059 1523 5113; x_wconf 89' lang='lat' dir='ltr'><strong>sit</strong></span> <span class='ocrx_word' id='word_1_754' title='bbox 1562 5059 1799 5128; x_wconf 87' lang='lat' dir='ltr'><strong>spiritus,</strong></span> <span class='ocrx_word' id='word_1_755' title='bbox 1832 5059 1974 5128; x_wconf 89' lang='lat' dir='ltr'><strong>quod</strong></span> <span class='ocrx_word' id='word_1_756' title='bbox 2001 5069 2054 5115; x_wconf 92' lang='lat' dir='ltr'><strong>et</strong></span> <span class='ocrx_word' id='word_1_757' title='bbox 2091 5062 2206 5115; x_wconf 88' lang='lat' dir='ltr'><strong>ani-</strong></span> 
     </span>
    </p>
   </div>
   <div class='ocr_carea' id='block_1_95' title="bbox 655 5150 2205 5222">
    <p class='ocr_par' dir='ltr' id='par_1_95' title="bbox 655 5150 2205 5222">
     <span class='ocr_line' id='line_1_95' title="bbox 655 5150 2205 5222; baseline -0.002 -13"><span class='ocrx_word' id='word_1_758' title='bbox 655 5157 791 5209; x_wconf 84' lang='lat' dir='ltr'><strong>ma?</strong></span> <span class='ocrx_word' id='word_1_759' title='bbox 839 5155 983 5222; x_wconf 79' lang='lat' dir='ltr'><strong>Resp.</strong></span> <span class='ocrx_word' id='word_1_760' title='bbox 1027 5152 1281 5222; x_wconf 88' lang='lat' dir='ltr'><strong>Spiritum</strong></span> <span class='ocrx_word' id='word_1_761' title='bbox 1326 5150 1463 5203; x_wconf 91' lang='lat' dir='ltr'><strong>idem</strong></span> <span class='ocrx_word' id='word_1_762' title='bbox 1503 5164 1638 5212; x_wconf 86' lang='lat' dir='ltr'><strong>esse,</strong></span> <span class='ocrx_word' id='word_1_763' title='bbox 1688 5151 1827 5218; x_wconf 87' lang='lat' dir='ltr'><strong>quod</strong></span> <span class='ocrx_word' id='word_1_764' title='bbox 1873 5160 1925 5204; x_wconf 89' lang='lat' dir='ltr'><strong>et</strong></span> <span class='ocrx_word' id='word_1_765' title='bbox 1971 5152 2205 5206; x_wconf 81' lang='lat' dir='ltr'><strong>animam</strong></span> 
     </span>
    </p>
   </div>
   <div class='ocr_carea' id='block_1_96' title="bbox 655 5237 2204 5313">
    <p class='ocr_par' dir='ltr' id='par_1_96' title="bbox 655 5237 2204 5313">
     <span class='ocr_line' id='line_1_96' title="bbox 655 5237 2204 5313; baseline -0.001 -16"><span class='ocrx_word' id='word_1_766' title='bbox 655 5243 976 5313; x_wconf 84' lang='lat' dir='ltr'><strong>evangelista</strong></span> <span class='ocrx_word' id='word_1_767' title='bbox 1006 5241 1313 5309; x_wconf 89' lang='lat' dir='ltr'><strong>pronuntiat</strong></span> <span class='ocrx_word' id='word_1_768' title='bbox 1340 5238 1521 5292; x_wconf 81' lang='lat' dir='ltr'><strong>dicens</strong></span> <span class='ocrx_word' id='word_1_769' title='bbox 1548 5256 1559 5289; x_wconf 89' lang='lat'>:</span> <span class='ocrx_word' id='word_1_770' title='bbox 1590 5237 1899 5292; x_wconf 86' lang='lat' dir='ltr'><strong>Potestatem</strong></span> <span class='ocrx_word' id='word_1_771' title='bbox 1928 5241 2086 5293; x_wconf 82' lang='lat' dir='ltr'><strong>habeo</strong></span> <span class='ocrx_word' id='word_1_772' title='bbox 2109 5258 2204 5309; x_wconf 92' lang='lat' dir='ltr'><strong>po-</strong></span> 
     </span>
    </p>
   </div>
   <div class='ocr_carea' id='block_1_97' title="bbox 659 5329 2211 5393">
    <p class='ocr_par' dir='ltr' id='par_1_97' title="bbox 659 5329 2211 5393">
     <span class='ocr_line' id='line_1_97' title="bbox 659 5329 2211 5393; baseline 0.001 -9"><span class='ocrx_word' id='word_1_773' title='bbox 659 5332 812 5387; x_wconf 79' lang='lat' dir='ltr'><strong>nendi</strong></span> <span class='ocrx_word' id='word_1_774' title='bbox 836 5330 1063 5383; x_wconf 75' lang='lat' dir='ltr'><strong>animum</strong></span> <span class='ocrx_word' id='word_1_775' title='bbox 1090 5342 1272 5389; x_wconf 78' lang='lat' dir='ltr'><strong>meum,</strong></span> <span class='ocrx_word' id='word_1_776' title='bbox 1301 5336 1349 5377; x_wconf 87' lang='lat' dir='ltr'><strong>et</strong></span> <span class='ocrx_word' id='word_1_777' title='bbox 1388 5342 1566 5379; x_wconf 85' lang='lat' dir='ltr'><strong>rursus</strong></span> <span class='ocrx_word' id='word_1_778' title='bbox 1608 5336 1904 5393; x_wconf 86' lang='lat' dir='ltr'><strong>potestatem</strong></span> <span class='ocrx_word' id='word_1_779' title='bbox 1934 5329 2092 5383; x_wconf 79' lang='lat' dir='ltr'><strong>habeo</strong></span> <span class='ocrx_word' id='word_1_780' title='bbox 2120 5348 2211 5385; x_wconf 79' lang='lat' dir='ltr'><strong>su-</strong></span> 
     </span>
    </p>
   </div>
   <div class='ocr_carea' id='block_1_98' title="bbox 656 5414 2212 5486">
    <p class='ocr_par' dir='ltr' id='par_1_98' title="bbox 656 5414 2212 5486">
     <span class='ocr_line' id='line_1_98' title="bbox 656 5414 2212 5486; baseline -0.001 -12"><span class='ocrx_word' id='word_1_781' title='bbox 656 5422 825 5476; x_wconf 57' lang='lat' dir='ltr'><strong>tuend?</strong></span> <span class='ocrx_word' id='word_1_782' title='bbox 853 5436 967 5473; x_wconf 88' lang='lat' dir='ltr'><strong>eam</strong></span> <span class='ocrx_word' id='word_1_783' title='bbox 1004 5414 1183 5486; x_wconf 84' lang='lat' dir='ltr'><strong>(Joan.</strong></span> <span class='ocrx_word' id='word_1_784' title='bbox 1212 5430 1266 5479; x_wconf 76' lang='grc' dir='ltr'><strong>χ,</strong></span> <span class='ocrx_word' id='word_1_785' title='bbox 1307 5415 1413 5481; x_wconf 76' lang='grc'><strong>18).</strong></span> <span class='ocrx_word' id='word_1_786' title='bbox 1454 5414 1527 5466; x_wconf 84' lang='lat' dir='ltr'><strong>De</strong></span> <span class='ocrx_word' id='word_1_787' title='bbox 1564 5414 1662 5469; x_wconf 87' lang='lat' dir='ltr'><strong>hac</strong></span> <span class='ocrx_word' id='word_1_788' title='bbox 1704 5430 1909 5483; x_wconf 87' lang='lat' dir='ltr'><strong>quoque</strong></span> <span class='ocrx_word' id='word_1_789' title='bbox 1954 5418 2065 5486; x_wconf 86' lang='lat' dir='ltr'><strong>ipsa</strong></span> <span class='ocrx_word' id='word_1_790' title='bbox 2109 5420 2212 5473; x_wconf 50' lang='lat' dir='ltr'><strong>Do.</strong></span> 
     </span>
    </p>
   </div>
   <div class='ocr_carea' id='block_1_99' title="bbox 658 5507 2214 5579">
    <p class='ocr_par' dir='ltr' id='par_1_99' title="bbox 658 5507 2214 5579">
     <span class='ocr_line' id='line_1_99' title="bbox 658 5507 2214 5579; baseline -0.001 -15"><span class='ocrx_word' id='word_1_791' title='bbox 658 5513 785 5565; x_wconf 87' lang='lat' dir='ltr'><strong>mini</strong></span> <span class='ocrx_word' id='word_1_792' title='bbox 829 5511 1001 5564; x_wconf 84' lang='lat' dir='ltr'><strong>anima</strong></span> <span class='ocrx_word' id='word_1_793' title='bbox 1035 5507 1294 5576; x_wconf 88' lang='lat' dir='ltr'><strong>passionis</strong></span> <span class='ocrx_word' id='word_1_794' title='bbox 1341 5514 1577 5572; x_wconf 90' lang='lat' dir='ltr'><strong>tempore</strong></span> <span class='ocrx_word' id='word_1_795' title='bbox 1620 5516 1939 5561; x_wconf 86' lang='lat' dir='ltr'><strong>memoratus</strong></span> <span class='ocrx_word' id='word_1_796' title='bbox 1988 5524 2214 5579; x_wconf 85' lang='lat' dir='ltr'><strong>evange-</strong></span> 
     </span>
    </p>
   </div>
   <div class='ocr_carea' id='block_1_100' title="bbox 731 5606 2208 5703">
    <p class='ocr_par' dir='ltr' id='par_1_100' title="bbox 731 5606 2208 5703">
     <span class='ocr_line' id='line_1_100' title="bbox 731 5606 2208 5703; baseline -0.002 -11"><span class='ocrx_word' id='word_1_797' title='bbox 731 5657 753 5681; x_wconf 74' lang='grc' dir='ltr'><strong>ει</strong></span> <span class='ocrx_word' id='word_1_798' title='bbox 784 5606 881 5693; x_wconf 57' lang='lat' dir='ltr'><strong>uie</strong></span> <span class='ocrx_word' id='word_1_799' title='bbox 902 5638 1153 5690; x_wconf 79' lang='lat' dir='ltr'><strong>liniuntur</strong></span> <span class='ocrx_word' id='word_1_800' title='bbox 1171 5637 1317 5690; x_wconf 75' lang='lat' dir='ltr'><strong>Dicta</strong></span> <span class='ocrx_word' id='word_1_801' title='bbox 1334 5635 1539 5689; x_wconf 75' lang='lat' dir='ltr'><strong>Alcuini</strong></span> <span class='ocrx_word' id='word_1_802' title='bbox 1559 5636 1609 5687; x_wconf 90' lang='lat' dir='ltr'><strong>in</strong></span> <span class='ocrx_word' id='word_1_803' title='bbox 1626 5634 1884 5703; x_wconf 74' lang='lat' dir='ltr'><strong>operibus</strong></span> <span class='ocrx_word' id='word_1_804' title='bbox 1902 5638 2064 5702; x_wconf 85' lang='lat' dir='ltr'><strong>illius,</strong></span> <span class='ocrx_word' id='word_1_805' title='bbox 2082 5647 2208 5701; x_wconf 88' lang='lat' dir='ltr'><strong>etc.,</strong></span> 
     </span>
    </p>
   </div>
   <div class='ocr_carea' id='block_1_101' title="bbox 659 5712 879 5764">
    <p class='ocr_par' dir='ltr' id='par_1_101' title="bbox 659 5712 879 5764">
     <span class='ocr_line' id='line_1_101' title="bbox 659 5712 879 5764; baseline -0.009 -2"><span class='ocrx_word' id='word_1_806' title='bbox 659 5712 758 5764; x_wconf 76' lang='lat' dir='ltr'><strong>loc.</strong></span> <span class='ocrx_word' id='word_1_807' title='bbox 788 5712 879 5763; x_wconf 71' lang='lat' dir='ltr'><strong>uit.</strong></span> 
     </span>
    </p>
   </div>
   <div class='ocr_carea' id='block_1_102' title="bbox 2309 4522 3875 4598">
    <p class='ocr_par' dir='ltr' id='par_1_102' title="bbox 2309 4522 3875 4598">
     <span class='ocr_line' id='line_1_102' title="bbox 2309 4522 3875 4598; baseline 0.005 -21"><span class='ocrx_word' id='word_1_808' title='bbox 2309 4523 2506 4578; x_wconf 90' lang='lat' dir='ltr'><strong>modo?</strong></span> <span class='ocrx_word' id='word_1_809' title='bbox 2532 4522 2688 4593; x_wconf 88' lang='lat' dir='ltr'><strong>Resp.</strong></span> <span class='ocrx_word' id='word_1_810' title='bbox 2720 4524 2779 4578; x_wconf 89' lang='lat' dir='ltr'><strong>In</strong></span> <span class='ocrx_word' id='word_1_811' title='bbox 2804 4540 2967 4581; x_wconf 87' lang='lat' dir='ltr'><strong>carne</strong></span> <span class='ocrx_word' id='word_1_812' title='bbox 3013 4542 3224 4596; x_wconf 87' lang='lat' dir='ltr'><strong>semper</strong></span> <span class='ocrx_word' id='word_1_813' title='bbox 3249 4544 3446 4598; x_wconf 87' lang='lat' dir='ltr'><strong>corpus</strong></span> <span class='ocrx_word' id='word_1_814' title='bbox 3473 4538 3575 4594; x_wconf 88' lang='lat' dir='ltr'><strong>est,</strong></span> <span class='ocrx_word' id='word_1_815' title='bbox 3608 4544 3715 4585; x_wconf 89' lang='lat' dir='ltr'><strong>non</strong></span> <span class='ocrx_word' id='word_1_816' title='bbox 3739 4546 3875 4585; x_wconf 86' lang='lat' dir='ltr'><strong>sem-</strong></span> 
     </span>
    </p>
   </div>
   <div class='ocr_carea' id='block_1_103' title="bbox 2308 4614 3875 4690">
    <p class='ocr_par' dir='ltr' id='par_1_103' title="bbox 2308 4614 3875 4690">
     <span class='ocr_line' id='line_1_103' title="bbox 2308 4614 3875 4690; baseline 0.006 -24"><span class='ocrx_word' id='word_1_817' title='bbox 2308 4628 2403 4683; x_wconf 85' lang='lat' dir='ltr'><strong>per</strong></span> <span class='ocrx_word' id='word_1_818' title='bbox 2429 4614 2482 4667; x_wconf 90' lang='lat' dir='ltr'><strong>in</strong></span> <span class='ocrx_word' id='word_1_819' title='bbox 2510 4628 2735 4681; x_wconf 84' lang='lat' dir='ltr'><strong>corpore</strong></span> <span class='ocrx_word' id='word_1_820' title='bbox 2755 4627 2902 4669; x_wconf 82' lang='lat' dir='ltr'><strong>caro.</strong></span> <span class='ocrx_word' id='word_1_821' title='bbox 2931 4614 3095 4669; x_wconf 85' lang='lat' dir='ltr'><strong>Inter.</strong></span> <span class='ocrx_word' id='word_1_822' title='bbox 3127 4618 3244 4682; x_wconf 85' lang='lat' dir='ltr'><strong>Qua</strong></span> <span class='ocrx_word' id='word_1_823' title='bbox 3271 4618 3521 4673; x_wconf 85' lang='lat' dir='ltr'><strong>ratione?</strong></span> <span class='ocrx_word' id='word_1_824' title='bbox 3566 4618 3716 4690; x_wconf 84' lang='lat' dir='ltr'><strong>Resp.</strong></span> <span class='ocrx_word' id='word_1_825' title='bbox 3742 4619 3875 4675; x_wconf 80' lang='lat' dir='ltr'><strong>Nam</strong></span> 
     </span>
    </p>
   </div>
   <div class='ocr_carea' id='block_1_104' title="bbox 2306 4703 3875 4779">
    <p class='ocr_par' dir='ltr' id='par_1_104' title="bbox 2306 4703 3875 4779">
     <span class='ocr_line' id='line_1_104' title="bbox 2306 4703 3875 4779; baseline 0.005 -22"><span class='ocrx_word' id='word_1_826' title='bbox 2306 4718 2433 4757; x_wconf 87' lang='lat' dir='ltr'><strong>caro</strong></span> <span class='ocrx_word' id='word_1_827' title='bbox 2473 4710 2575 4766; x_wconf 89' lang='lat' dir='ltr'><strong>est,</strong></span> <span class='ocrx_word' id='word_1_828' title='bbox 2605 4717 2725 4772; x_wconf 76' lang='lat' dir='ltr'><strong>qua:</strong></span> <span class='ocrx_word' id='word_1_829' title='bbox 2770 4703 2917 4770; x_wconf 87' lang='lat' dir='ltr'><strong>vivit,</strong></span> <span class='ocrx_word' id='word_1_830' title='bbox 2964 4704 3105 4759; x_wconf 89' lang='lat' dir='ltr'><strong>idem</strong></span> <span class='ocrx_word' id='word_1_831' title='bbox 3136 4714 3190 4759; x_wconf 90' lang='lat' dir='ltr'><strong>et</strong></span> <span class='ocrx_word' id='word_1_832' title='bbox 3231 4722 3465 4776; x_wconf 88' lang='lat' dir='ltr'><strong>corpus;</strong></span> <span class='ocrx_word' id='word_1_833' title='bbox 3507 4723 3703 4778; x_wconf 87' lang='lat' dir='ltr'><strong>corpus</strong></span> <span class='ocrx_word' id='word_1_834' title='bbox 3730 4711 3875 4779; x_wconf 81' lang='lat' dir='ltr'><strong>quod</strong></span> 
     </span>
    </p>
   </div>
   <div class='ocr_carea' id='block_1_105' title="bbox 2306 4791 3872 4870">
    <p class='ocr_par' dir='ltr' id='par_1_105' title="bbox 2306 4791 3872 4870">
     <span class='ocr_line' id='line_1_105' title="bbox 2306 4791 3872 4870; baseline 0.006 -26"><span class='ocrx_word' id='word_1_835' title='bbox 2306 4807 2411 4845; x_wconf 91' lang='lat' dir='ltr'><strong>non</strong></span> <span class='ocrx_word' id='word_1_836' title='bbox 2443 4791 2595 4855; x_wconf 88' lang='lat' dir='ltr'><strong>vivit,</strong></span> <span class='ocrx_word' id='word_1_837' title='bbox 2620 4792 2757 4848; x_wconf 90' lang='lat' dir='ltr'><strong>idem</strong></span> <span class='ocrx_word' id='word_1_838' title='bbox 2781 4808 2886 4847; x_wconf 87' lang='lat' dir='ltr'><strong>non</strong></span> <span class='ocrx_word' id='word_1_839' title='bbox 2907 4808 3035 4849; x_wconf 86' lang='lat' dir='ltr'><strong>caro</strong></span> <span class='ocrx_word' id='word_1_840' title='bbox 3057 4793 3234 4866; x_wconf 81' lang='lat' dir='ltr'><strong>[Isid.,</strong></span> <span class='ocrx_word' id='word_1_841' title='bbox 3266 4798 3406 4852; x_wconf 89' lang='lat' dir='ltr'><strong>idem</strong></span> <span class='ocrx_word' id='word_1_842' title='bbox 3427 4808 3481 4853; x_wconf 91' lang='lat' dir='ltr'><strong>et</strong></span> <span class='ocrx_word' id='word_1_843' title='bbox 3506 4798 3677 4870; x_wconf 87' lang='lat' dir='ltr'><strong>caro].</strong></span> <span class='ocrx_word' id='word_1_844' title='bbox 3708 4798 3872 4853; x_wconf 86' lang='lat' dir='ltr'><strong>Inter.</strong></span> 
     </span>
    </p>
   </div>
   <div class='ocr_carea' id='block_1_106' title="bbox 2307 4880 3878 4957">
    <p class='ocr_par' dir='ltr' id='par_1_106' title="bbox 2307 4880 3878 4957">
     <span class='ocr_line' id='line_1_106' title="bbox 2307 4880 3878 4957; baseline 0.007 -24"><span class='ocrx_word' id='word_1_845' title='bbox 2307 4881 2621 4947; x_wconf 82' lang='lat' dir='ltr'><strong>Quomodo?</strong></span> <span class='ocrx_word' id='word_1_846' title='bbox 2646 4880 2795 4953; x_wconf 83' lang='lat' dir='ltr'><strong>Resp.</strong></span> <span class='ocrx_word' id='word_1_847' title='bbox 2820 4882 2953 4937; x_wconf 84' lang='lat' dir='ltr'><strong>Nam</strong></span> <span class='ocrx_word' id='word_1_848' title='bbox 2976 4898 3168 4951; x_wconf 89' lang='lat' dir='ltr'><strong>corpus</strong></span> <span class='ocrx_word' id='word_1_849' title='bbox 3179 4885 3372 4939; x_wconf 88' lang='lat' dir='ltr'><strong>dicitur</strong></span> <span class='ocrx_word' id='word_1_850' title='bbox 3396 4888 3643 4957; x_wconf 90' lang='lat' dir='ltr'><strong>autquod</strong></span> <span class='ocrx_word' id='word_1_851' title='bbox 3661 4896 3775 4957; x_wconf 89' lang='lat' dir='ltr'><strong>post</strong></span> <span class='ocrx_word' id='word_1_852' title='bbox 3796 4890 3878 4944; x_wconf 81' lang='lat' dir='ltr'><strong>vi-</strong></span> 
     </span>
    </p>
   </div>
   <div class='ocr_carea' id='block_1_107' title="bbox 2306 4973 3878 5037">
    <p class='ocr_par' dir='ltr' id='par_1_107' title="bbox 2306 4973 3878 5037">
     <span class='ocr_line' id='line_1_107' title="bbox 2306 4973 3878 5037; baseline 0.008 -15"><span class='ocrx_word' id='word_1_853' title='bbox 2306 4979 2415 5023; x_wconf 88' lang='lat' dir='ltr'><strong>tam</strong></span> <span class='ocrx_word' id='word_1_854' title='bbox 2443 4978 2526 5023; x_wconf 87' lang='lat' dir='ltr'><strong>est</strong></span> <span class='ocrx_word' id='word_1_855' title='bbox 2554 4980 2856 5037; x_wconf 88' lang='lat' dir='ltr'><strong>mortuum;</strong></span> <span class='ocrx_word' id='word_1_856' title='bbox 2886 4980 2978 5025; x_wconf 90' lang='lat' dir='ltr'><strong>aut</strong></span> <span class='ocrx_word' id='word_1_857' title='bbox 2998 4973 3112 5027; x_wconf 88' lang='lat' dir='ltr'><strong>sine</strong></span> <span class='ocrx_word' id='word_1_858' title='bbox 3136 4975 3244 5028; x_wconf 87' lang='lat' dir='ltr'><strong>vita</strong></span> <span class='ocrx_word' id='word_1_859' title='bbox 3268 4984 3351 5030; x_wconf 89' lang='lat' dir='ltr'><strong>est</strong></span> <span class='ocrx_word' id='word_1_860' title='bbox 3377 4977 3669 5032; x_wconf 90' lang='lat' dir='ltr'><strong>conditum.</strong></span> <span class='ocrx_word' id='word_1_861' title='bbox 3709 4977 3878 5034; x_wconf 84' lang='lat' dir='ltr'><strong>Inter-</strong></span> 
     </span>
    </p>
   </div>
   <div class='ocr_carea' id='block_1_108' title="bbox 2309 5062 3872 5143">
    <p class='ocr_par' dir='ltr' id='par_1_108' title="bbox 2309 5062 3872 5143">
     <span class='ocr_line' id='line_1_108' title="bbox 2309 5062 3872 5143; baseline 0.008 -28"><span class='ocrx_word' id='word_1_862' title='bbox 2309 5062 2434 5115; x_wconf 92' lang='lat' dir='ltr'><strong>dum</strong></span> <span class='ocrx_word' id='word_1_863' title='bbox 2446 5070 2635 5118; x_wconf 88' lang='lat' dir='ltr'><strong>etcum</strong></span> <span class='ocrx_word' id='word_1_864' title='bbox 2648 5065 2752 5117; x_wconf 85' lang='lat' dir='ltr'><strong>vita</strong></span> <span class='ocrx_word' id='word_1_865' title='bbox 2768 5079 2959 5133; x_wconf 88' lang='lat' dir='ltr'><strong>corpus</strong></span> <span class='ocrx_word' id='word_1_866' title='bbox 2976 5074 3028 5119; x_wconf 89' lang='lat' dir='ltr'><strong>et</strong></span> <span class='ocrx_word' id='word_1_867' title='bbox 3042 5081 3146 5122; x_wconf 91' lang='lat' dir='ltr'><strong>non</strong></span> <span class='ocrx_word' id='word_1_868' title='bbox 3172 5084 3321 5131; x_wconf 84' lang='lat' dir='ltr'><strong>caro,</strong></span> <span class='ocrx_word' id='word_1_869' title='bbox 3334 5078 3391 5123; x_wconf 93' lang='lat' dir='ltr'><strong>ut</strong></span> <span class='ocrx_word' id='word_1_870' title='bbox 3409 5070 3575 5124; x_wconf 86' lang='lat' dir='ltr'><strong>herba</strong></span> <span class='ocrx_word' id='word_1_871' title='bbox 3588 5082 3639 5126; x_wconf 87' lang='lat' dir='ltr'><strong>et</strong></span> <span class='ocrx_word' id='word_1_872' title='bbox 3654 5072 3872 5143; x_wconf 81' lang='lat' dir='ltr'><strong>lignum.</strong></span> 
     </span>
    </p>
   </div>
   <div class='ocr_carea' id='block_1_109' title="bbox 2379 5151 3873 5229">
    <p class='ocr_par' dir='ltr' id='par_1_109' title="bbox 2379 5151 3873 5229">
     <span class='ocr_line' id='line_1_109' title="bbox 2379 5151 3873 5229; baseline 0.006 -25"><span class='ocrx_word' id='word_1_873' title='bbox 2379 5151 2542 5207; x_wconf 86' lang='lat' dir='ltr'><strong>Inter.</strong></span> <span class='ocrx_word' id='word_1_874' title='bbox 2576 5154 2777 5208; x_wconf 89' lang='lat' dir='ltr'><strong>Sensus</strong></span> <span class='ocrx_word' id='word_1_875' title='bbox 2802 5156 3043 5223; x_wconf 89' lang='lat' dir='ltr'><strong>corporis</strong></span> <span class='ocrx_word' id='word_1_876' title='bbox 3068 5168 3200 5223; x_wconf 88' lang='lat' dir='ltr'><strong>quot</strong></span> <span class='ocrx_word' id='word_1_877' title='bbox 3238 5158 3399 5211; x_wconf 88' lang='lat' dir='ltr'><strong>sunt?</strong></span> <span class='ocrx_word' id='word_1_878' title='bbox 3428 5157 3579 5228; x_wconf 79' lang='lat' dir='ltr'><strong>Resp.</strong></span> <span class='ocrx_word' id='word_1_879' title='bbox 3610 5159 3873 5229; x_wconf 90' lang='lat' dir='ltr'><strong>Quinque.</strong></span> 
     </span>
    </p>
   </div>
   <div class='ocr_carea' id='block_1_110' title="bbox 2313 5242 3873 5316">
    <p class='ocr_par' dir='ltr' id='par_1_110' title="bbox 2313 5242 3873 5316">
     <span class='ocr_line' id='line_1_110' title="bbox 2313 5242 3873 5316; baseline 0.006 -22"><span class='ocrx_word' id='word_1_880' title='bbox 2313 5242 2472 5296; x_wconf 88' lang='lat' dir='ltr'><strong>Inter.</strong></span> <span class='ocrx_word' id='word_1_881' title='bbox 2526 5244 2800 5309; x_wconf 86' lang='lat' dir='ltr'><strong>Quomodo</strong></span> <span class='ocrx_word' id='word_1_882' title='bbox 2853 5246 3157 5299; x_wconf 86' lang='lat' dir='ltr'><strong>vocantur?</strong></span> <span class='ocrx_word' id='word_1_883' title='bbox 3204 5244 3355 5316; x_wconf 87' lang='lat' dir='ltr'><strong>Resp.</strong></span> <span class='ocrx_word' id='word_1_884' title='bbox 3414 5249 3589 5313; x_wconf 77' lang='lat' dir='ltr'><strong>Visus,</strong></span> <span class='ocrx_word' id='word_1_885' title='bbox 3641 5250 3873 5313; x_wconf 86' lang='lat' dir='ltr'><strong>auditus,</strong></span> 
     </span>
    </p>
   </div>
   <div class='ocr_carea' id='block_1_111' title="bbox 2309 5335 3079 5403">
    <p class='ocr_par' dir='ltr' id='par_1_111' title="bbox 2309 5335 3079 5403">
     <span class='ocr_line' id='line_1_111' title="bbox 2309 5335 3079 5403; baseline 0.004 -20"><span class='ocrx_word' id='word_1_886' title='bbox 2309 5335 2581 5395; x_wconf 87' lang='lat' dir='ltr'><strong>odoratus,</strong></span> <span class='ocrx_word' id='word_1_887' title='bbox 2611 5344 2793 5403; x_wconf 82' lang='lat' dir='ltr'><strong>gustus</strong></span> <span class='ocrx_word' id='word_1_888' title='bbox 2815 5344 2867 5388; x_wconf 94' lang='lat' dir='ltr'><strong>et</strong></span> <span class='ocrx_word' id='word_1_889' title='bbox 2889 5343 3079 5387; x_wconf 85' lang='lat' dir='ltr'><strong>tactus.</strong></span> 
     </span>
    </p>
   </div>
   <div class='ocr_carea' id='block_1_112' title="bbox 2382 5420 3876 5497">
    <p class='ocr_par' dir='ltr' id='par_1_112' title="bbox 2382 5420 3876 5497">
     <span class='ocr_line' id='line_1_112' title="bbox 2382 5420 3876 5497; baseline 0.007 -25"><span class='ocrx_word' id='word_1_890' title='bbox 2382 5420 2541 5474; x_wconf 87' lang='lat' dir='ltr'><strong>Inter.</strong></span> <span class='ocrx_word' id='word_1_891' title='bbox 2574 5422 2673 5487; x_wconf 89' lang='lat' dir='ltr'><strong>Qui</strong></span> <span class='ocrx_word' id='word_1_892' title='bbox 2716 5439 2781 5477; x_wconf 77' lang='lat' dir='ltr'><strong>ex</strong></span> <span class='ocrx_word' id='word_1_893' title='bbox 2812 5424 2895 5476; x_wconf 90' lang='lat' dir='ltr'><strong>his</strong></span> <span class='ocrx_word' id='word_1_894' title='bbox 2936 5426 3346 5491; x_wconf 86' lang='lat' dir='ltr'><strong>aperiuntur&#39;et</strong></span> <span class='ocrx_word' id='word_1_895' title='bbox 3394 5426 3753 5481; x_wconf 87' lang='lat' dir='ltr'><strong>clauduntur?</strong></span> <span class='ocrx_word' id='word_1_896' title='bbox 3782 5428 3876 5497; x_wconf 85' lang='lat' dir='ltr'><strong>qui</strong></span> 
     </span>
    </p>
   </div>
   <div class='ocr_carea' id='block_1_113' title="bbox 2314 5498 3877 5583">
    <p class='ocr_par' dir='ltr' id='par_1_113' title="bbox 2314 5498 3877 5583">
     <span class='ocr_line' id='line_1_113' title="bbox 2314 5498 3877 5583; baseline 0.009 -27"><span class='ocrx_word' id='word_1_897' title='bbox 2314 5522 2439 5563; x_wconf 83' lang='lat' dir='ltr'><strong>vero</strong></span> <span class='ocrx_word' id='word_1_898' title='bbox 2464 5518 2587 5562; x_wconf 88' lang='lat' dir='ltr'><strong>sunt</strong></span> <span class='ocrx_word' id='word_1_899' title='bbox 2616 5510 2898 5578; x_wconf 84' lang='lat' dir='ltr'><strong>patentes?</strong></span> <span class='ocrx_word' id='word_1_900' title='bbox 2932 5509 3083 5581; x_wconf 83' lang='lat' dir='ltr'><strong>Resp.</strong></span> <span class='ocrx_word' id='word_1_901' title='bbox 3128 5512 3278 5567; x_wconf 82' lang='lat' dir='ltr'><strong>Oculi</strong></span> <span class='ocrx_word' id='word_1_902' title='bbox 3321 5523 3374 5567; x_wconf 89' lang='lat' dir='ltr'><strong>et</strong></span> <span class='ocrx_word' id='word_1_903' title='bbox 3398 5530 3458 5568; x_wconf 90' lang='lat' dir='ltr'><strong>os</strong></span> <span class='ocrx_word' id='word_1_904' title='bbox 3486 5498 3795 5583; x_wconf 81' lang='lat' dir='ltr'><strong>aperiuntur</strong></span> <span class='ocrx_word' id='word_1_905' title='bbox 3824 5528 3877 5570; x_wconf 86' lang='lat' dir='ltr'><strong>et</strong></span> 
     </span>
    </p>
   </div>
   <div class='ocr_carea' id='block_1_114' title="bbox 2392 5638 3333 5711">
    <p class='ocr_par' dir='ltr' id='par_1_114' title="bbox 2392 5638 3333 5711">
     <span class='ocr_line' id='line_1_114' title="bbox 2392 5638 3333 5711; baseline 0.004 -20"><span class='ocrx_word' id='word_1_906' title='bbox 2392 5640 2417 5677; x_wconf 71' lang='grc' dir='ltr'>ι’</span> <span class='ocrx_word' id='word_1_907' title='bbox 2447 5639 2519 5692; x_wconf 80' lang='lat' dir='ltr'><strong>Ex</strong></span> <span class='ocrx_word' id='word_1_908' title='bbox 2544 5638 2729 5692; x_wconf 85' lang='lat' dir='ltr'><strong>Isidor.</strong></span> <span class='ocrx_word' id='word_1_909' title='bbox 2762 5639 2878 5693; x_wconf 87' lang='lat' dir='ltr'><strong>libr.</strong></span> <span class='ocrx_word' id='word_1_910' title='bbox 2908 5657 2956 5693; x_wconf 66' lang='grc' dir='ltr'><strong>ει</strong></span> <span class='ocrx_word' id='word_1_911' title='bbox 2980 5642 3126 5711; x_wconf 85' lang='lat' dir='ltr'><strong>Orig.</strong></span> <span class='ocrx_word' id='word_1_912' title='bbox 3161 5644 3333 5711; x_wconf 71' lang='lat' dir='ltr'><strong>capi.</strong></span> 
     </span>
    </p>
   </div>
  </div>
