4254 6190
427 152 566 208 nos
642 119 649 122 i

1329 148 1478 205 Ol’P.
1522 148 1747 204 ΒΗΜΛ».
1790 177 1859 187 -
1899 145 2308 203 DlSPUTATlO
2347 147 2750 203 PUERORUM.

3522 143 3657 201 “06

422 268 783 331 clauduntur;
828 279 985 318 aures
1022 277 1148 317 vero
1168 271 1242 337 _et
1273 276 1430 315 nares
1457 267 1702 329 patentes
1734 242 1990 312 existunt.
2022 258 2072 318 Δ
2167 257 2330 311 Inter.
2364 255 2512 313 Unde
2532 257 2779 312 dicuntur
2800 255 3019 326 capilli?
3045 256 3197 326 Resp.
3219 255 3403 325 Capilli
3428 266 3549 311 sunt
3569 271 3660 309 vo-

493 355 867 423 Inter-Quare
890 368 1078 410 sensus
1106 351 1406 407 vocantur?
1444 349 1599 417 Resp.
1627 342 1832 403 Sensus
1871 356 1996 401 sunt

423 447 577 511 dicti,
600 445 726 515 quia
752 458 848 514 per
886 458 980 498 eos
1008 442 1185 496 anima
1218 440 1574 495 subtilissime
1598 447 1768 493 totum
1798 453 1995 507 corpus

422 535 588 606 agitat
613 534 797 604 vigore
820 530 1105 596 sentiendi,
1130 529 1276 584 unde
1294 539 1350 585 et
1371 528 1647 600 pra'sentia
1680 541 1995 596 nuncupant-

425 638 532 694 tur,
559 628 703 698 quod
745 627 873 682 sint.
892 641 1002 695 pra:
1043 623 1317 689 sensibus;
1346 623 1491 679 sicut
1525 634 1636 691 prae
1663 617 1851 683 oculis,
1877 631 1999 687 quae

423 726 620 789 prtesto
645 724 767 773 sunt
790 715 978 771 oculis.
1503 706 1528 765 '.
1668 712 1671 715 ⁷

494 807 661 862 Inter.
690 806 830 879 Quid
854 812 938 860 est
964 802 1158 858 visus?
1195 801 1348 871 Resp.
1378 801 1536 856 Visus
1572 810 1676 865 est,
1704 798 1849 868 quia
1876 797 1997 867 phi—

425 896 880 967 losophisbumor
906 893 1120 948 vitreus.
1134 891 1448 962 appellatur.
1482 888 1647 943 Inter.
1672 887 1833 942 Visus
1860 882 2000 939 unde

427 988 485 1041 fit
504 988 529 1039 ’ἐ
552 985 704 1057 Resp.
740 984 926 1040 Visum
950 991 1130 1038 autem
1172 981 1288 1036 ﬁeri
1317 980 1535 1051 quidam
1568 982 1883 1033 asseverant.
1908 984 2003 1028 aut

423 1087 665 1133 extrema
694 1075 916 1130 aetheria
942 1073 1083 1138 luce,-
1111 1080 1204 1127 aut
1248 1072 1460 1127 interno
1485 1069 1672 1139 Spiritu
1709 1068 1885 1122 lucido
1906 1080 2002 1136 per

427 1179 613 1224 tenues
638 1166 753 1221 vias
782 1180 813 1220 a
840 1164 1067 1220 cerebro
1093 1162 1369 1233 venientes
1401 1169 1560 1229 atque
1597 1160 1893 1228 penetratis
1921 1167 2003 1212 tu.-

427 1257 565 1313 nicis
590 1257 644 1311 in
686 1270 812 1311 aere
841 1262 1118 1320 exeuntes,
1154 1262 1210 1308 et
1249 1260 1378 1307 tunc
1405 1249 1781 1306 commistione
1812 1248 2003 1303 similis

426 1348 666 1401 materiai
688 1346 862 1401 visum
892 1345 1099 1399 dantes.

499 1436 663 1490 Inter.
693 1435 845 1492 Unde
867 1435 1065 1490 dicitur
1091 1434 1281 1489 visus?
1319 1432 1474 1503 Resp.
1506 1432 1667 1488 Visus
1694 1439 1777 1486 est
1804 1431 2001 1494 dictus,

426 1544 492 1584 eo
512 1513 675 1597 quod
695 1526 936 1581 vivacior
964 1526 1035 1581 sit
1067 1526 1276 1580 creteris
1303 1524 1549 1581 sensibus
1576 1538 1639 1577 ac
1663 1523 2003 1593 praestantior

2096 348 2222 413 cati,
2251 347 2403 417 quasi
2426 347 2615 417 capitis
2640 347 2753 416 pili,
2787 345 2913 401 facti
2939 354 2999 401 ut
3025 356 3081 402 et
3102 348 3347 402 decorem
3385 356 3656 416 praestent,

2096 445 2151 490 et
2174 437 2453 491 cerebrum
2496 435 2753 491 adversus
2785 434 2951 505 frigus
2994 436 3259 493 muniant.
3300 445 3459 505 atque
3492 451 3521 490 a
3550 436 3663 490 sole

2094 528 2399 583 defendant.
2950 512 2955 519 “

2167 620 2332 675 Inter.
2380 621 2475 676 Pili
2513 637 2681 691 quare
2708 623 3011 677 vocantur?
3050 620 3205 693 Resp.
3238 622 3373 678 Dicti
3413 633 3538 678 sunt
3566 638 3666 678 au-

2099 722 2206 766 tem
2233 712 2323 782 pili
2349 728 2377 766 a
2399 713 2554 782 pelle,
2580 714 2646 768 de
2674 727 2777 783 qua
2803 714 3066 782 prodeunt
3090 731 3103 779 ;
3135 714 3272 769 sicut
3311 724 3365 769 et
3388 715 3549 785 pilum
3579 716 3664 771 di-

2099 802 2241 856 citur
2267 818 2297 855 a
2324 801 2449 872 pila,
2480 802 2569 856 ubi
2596 803 2924 873 pigmentum
2954 804 3313 859 contunditur.

2171 889 2336 944 Inter.
2367 890 2624 945 Czesaries
2667 891 2804 946 unde
2841 890 3179 960 appellatur?
3215 891 3366 963 Resp.
3412 893 3666 949 Czesarics

2101 996 2129 1032 a
2163 979 2415 1034 caedendo
2453 988 2534 1034 est
2558 988 2763 1043 vocata,
2796 980 3020 1049 ideoque
3065 988 3271 1034 tantum
3300 983 3535 1038 virorum
3564 995 3662 1038 est.

2103 1070 2265 1125 Inter.
2324 1070 2501 1136 Quare
2545 1071 2780 1125 virorum
2831 1079 2883 1130 et
2935 1086 3037 1125 non
3088 1071 3464 1126 feminarum?
3516 1074 3664 1143 Resp.

2104 1163 2367 1230 Quoniam
2394 1162 2564 1215 vinnn
2601 1163 2753 1217 decet
2801 1170 3013 1217 tonsum
3060 1178 3198 1226 esse,
3247 1164 3523 1218 nmlicrcm
3563 1183 3667 1219 nun

2104 1255 2274 1309 decet.

2173 1343 2336 1398 Inter.
2370 1343 2507 1410 Quid
2536 1352 2659 1397 sunt
2687 1344 2893 1397 cunne?
2923 1342 3070 1413 Resp.
3100 1343 3277 1401 (Iuniae
3304 1354 3427 1399 sunt
3460 1363 3607 1415 prrpt
3625 1350 3670 1398 ie

2104 1452 2208 1490 non
2248 1436 2368 1489 caesi
2396 1432 2600 1504 capilli,
2629 1446 2682 1489 et
2714 1444 2796 1490 est
2837 1451 3015 1490 sermo
3060 1435 3297 1491 Cnemis.
3347 1436 3507 1491 Inter.
3558 1439 3670 1503 Qun

2106 1525 2346 1579 ratione?
2386 1522 2536 1593 Resp.
2567 1526 2760 1579 Cumas
2786 1529 2941 1579 enim
2960 1525 3131 1581 Graeci
3157 1525 3362 1580 Cuimos
3388 1543 3417 1581 a
3441 1528 3672 1581 secando

424 1620 540 1675 sive
567 1617 818 1683 velocior,
862 1615 1197 1684 ampliusque
1221 1615 1415 1686 vigeat,
1454 1624 1715 1683 quantum
1744 1613 2004 1667 memoria
2041 1597 2081 1657 Β
2109 1615 2314 1687 [Forte,
2358 1616 2531 1693 κὸμιοις2
2564 1630 2592 1668 a
2628 1618 2821 1679 κόπτω,
2873 1616 3010 1686 scca]
3067 1618 3383 1681 nominant;
3442 1619 3579 1672 unde
3621 1627 3674 1672 et

430 1710 571 1763 inter
602 1716 795 1763 cmtera
824 1707 1019 1763 mentis
1063 1705 1237 1761 cilicia
1264 1723 1278 1771 ;
1322 1706 1550 1759 vicinior
1574 1712 1658 1759 est
1681 1704 1823 1758 enim
1852 1718 2003 1757 cere-

428 1796 545 1861 bro,
578 1798 720 1852 unde
746 1797 926 1852 omnia
956 1804 1216 1861 manant;
1244 1782 1313 1849 ex
1335 1810 1444 1865 quo
1486 1794 1562 1858 fit,
1602 1805 1658 1848 ut
1686 1809 1769 1858 ea,
1796 1809 1914 1863 quae
1940 1794 2006 1848 ad

429 1890 565 1945 alios
590 1890 865 1959 pertinent
901 1904 1113 1953 sensus,
1158 1888 1339 1942 videre
1368 1887 1640 1943 dicamus:
1692 1888 1854 1941 veluti
1886 1902 2008 1941 cum

369 2001 372 2005 ’
430 1982 694 2036 dicimus:
723 1980 854 2036 Vide
880 1980 1147 2051 quomodo
1190 1987 1373 2044 sonat,
1399 1979 1518 2034 vide
1544 1979 1812 2048 quomodo
1847 1978 2008 2048 sapit,

431 2070 511 2123 sic
540 2077 595 2124 et
621 2076 836 2123 caetera.

504 2156 671 2212 Inter.
697 2156 923 2212 Auditus
947 2172 1114 2227 quare
1134 2156 1432 2227 appellatur
1452 2158 1475 2197 θ
1494 2156 1648 2225 Resp.
1682 2155 1909 2209 Auditus
1930 2164 2011 2210 est

435 2246 729 2317 appellatus
755 2260 821 2301 eo
855 2247 997 2315 quod
1023 2262 1180 2302 voces
1204 2246 1436 2312 hauriat,
1465 2247 1569 2301 hoc
1598 2254 1701 2311 est,
1742 2260 1864 2300 aere
1894 2260 2010 2298 vcr-

438 2339 626 2393 berato
660 2339 919 2408 suscipiat
943 2354 1123 2395 sonos.
1560 2358 1571 2366 -
1966 2390 1977 2407 ,

510 2428 673 2484 Inter.
710 2428 888 2497 Quare
914 2430 1110 2485 dicitur
1128 2430 1426 2486 odoratus?
1450 2430 1605 2500 Resp.
1638 2430 1841 2484 Dicitur
1866 2430 2011 2484 enim

434 2521 711 2585 odoratus,
734 2521 887 2591 quasi
907 2522 1049 2578 aclis
1069 2522 1249 2578 odoris
1263 2530 1496 2577 attactus
1511 2521 1690 2593 [Isid.,
1709 2520 2010 2593 attractus].

436 2610 601 2664 Tactu
630 2610 774 2664 enim
804 2624 929 2665 aere
956 2612 1207 2677 sentitur,
1238 2612 1316 2666 sic
1357 2620 1411 2666 et
1435 2611 1683 2673 olfactus,
1710 2611 1851 2679 quod
1885 2611 2015 2667 odo-

432 2701 581 2757 ribus
601 2699 881 2777 alﬁciatur.
914 2700 1079 2754 Inter.
1104 2699 1313 2756 Gustus
1342 2700 1482 2755 unde
1503 2698 1839 2769 appellatur?
1860 2698 2009 2770 Resp.

432 2792 634 2850 Gustus
660 2794 804 2848 enim
836 2809 867 2848 a
891 2801 1109 2865 gutture
1132 2801 1218 2850 est
1242 2795 1433 2849 dictus.

504 2886 668 2940 Inter.
702 2886 903 2942 Tactus
929 2902 1097 2958 quare
1125 2887 1387 2943 vocatur?
1427 2887 1583 2957 Resp.
1615 2886 1813 2942 Tactus
1839 2886 2013 2941 dictus

2107 1706 2267 1776 Cyrin
2298 1706 2521 1760 tundere
2553 1695 2982 1777 [Ιίόι·τε,’κιέρειν,
3016 1706 3252 1777 tundere]
3299 1707 3503 1761 dicunt.
3550 1708 3673 1762 Inde

2107 1806 2160 1851 et
2180 1798 2308 1873 etrri
2334 1805 2627 1861 vocantur;
2661 1797 2983 1866 quodetiam
3013 1797 3171 1851 iidem
3198 1796 3368 1853 Gneci
3399 1795 3674 1852 mal/onem

2108 1888 2312 1961 [Forte,
2344 1904 2370 1941 a
2396 1889 2599 1959 μα).λός,
2643 1888 2766 1942 Ittna
2796 1887 3072 1959 promissa]
3103 1897 3313 1943 vocant.
3359 1878 3522 1942 Inter.
3556 1888 3670 1943 Cri-
3740 1936 3743 1937 ν

2109 1996 2205 2035 nes
2230 1980 2368 2034 unde
2380 1980 2686 2051 ,vocantur?
2720 1978 2869 2048 Resp.
2898 1980 3087 2035 Crines
3117 1990 3294 2035 autem
3318 1983 3531 2051 proprie
3563 1998 3675 2037 nm-

2110 2075 2298 2130 li'crum
2341 2082 2485 2137 sunt,
2516 2082 2569 2127 et
2597 2073 2722 2127 dicti
2772 2074 2950 2127 crines
2993 2088 3058 2127 eo
3103 2073 3247 2143 quod
3289 2072 3437 2127 vittis
3476 2073 3679 2128 discer-

2110 2174 2326 2229 nuntur,
2359 2165 2497 2218 unde
2524 2173 2577 2218 et
2605 2163 2983 2217 diScriminalia
3025 2162 3292 2226 dicuntur,
3324 2179 3353 2216 a
3381 2163 3573 2233 quibus
3599 2164 3681 2218 di-

2111 2257 2238 2310 visae
2266 2255 2576 2326 religantur.

2182 2346 2347 2401 Inter.
2394 2347 2529 2412 Quid
2572 2354 2695 2419 sunt
2746 2354 2985 2415 tympura
3032 2344 3140 2416 [Ita
3177 2345 3330 2409 cod.;
3372 2346 3495 2417 leg.,
3528 2354 3676 2421 tem-

2112 2435 2307 2507 pora]?
2335 2434 2484 2504 Resp.
2522 2435 2784 2505 Tympora
2809 2444 2933 2489 sunt
2962 2450 3080 2504 qua:
3106 2435 3353 2490 calvariae
3374 2436 3560 2490 dextra
3590 2435 3678 2490 lte-

2113 2542 2285 2595 vaque
2309 2525 2606 2595 subjacent.

2182 2616 2347 2671 Inter.
2379 2615 2553 2683 Quare
2597 2617 2671 2669 ita
2702 2616 3001 2669 vocantur?
3029 2614 3179 2685 Resp.
3211 2615 3332 2669 Ideo
3360 2616 3437 2669 sic
3476 2630 3679 2669 nuncu—

2113 2703 2330 2779 pantur,
2349 2708 2473 2777 quia
2496 2716 2792 2771 moventur,
2816 2707 3035 2776 ipsaque
3065 2706 3356 2761 mobilitate
3374 2706 3525 2775 quasi
3548 2713 3680 2760 tem-

2113 2814 2243 2869 pora
2272 2815 2302 2852 a
2333 2798 2650 2868 quibusdam
2681 2796 2969 2860 intervallis
2998 2790 3293 2857 mutantur.

2182 2889 2346 2943 Inter.
2380 2889 2557 2956 Quare
2582 2890 2723 2943 dicta
2753 2897 2837 2942 cst
2874 2878 3038 2943 facies
3059 2889 3081 2941 ?
3106 2887 3255 2957 Resp.
3290 2887 3475 2949 Facies
3505 2888 3573 2942 ab
3596 2888 3675 2942 ef-

432 2987 535 3043 est,
562 2994 627 3033 eo
649 2980 790 3049 quod
818 2935 1111 3049 perti-actet
1135 2990 1191 3036 et
1220 2990 1420 3052 tangat,
1444 2991 1499 3037 et
1523 2935 1621 3051 per
1640 2978 1820 3037 omnia
1846 2995 2011 3035 mem-
2039 2935 2086 2999 c
2115 2977 2237 3049 ﬁgie
2265 2985 2348 3032 est
2386 2977 2545 3040 dicta,
2592 2976 2677 3030 ubi
2711 2974 2913 3047 [ἔδοι-ις,
2941 2975 3036 3046 ibi]
3064 2984 3146 3029 est
3184 2935 3326 3028 crnim
3353 2985 3461 3028 tota
3493 2974 3675 3046 [Isid.,

434 3075 531 3129 bra
559 3074 797 3145 vigorem
826 3090 1017 3132 sensus
1045 3083 1312 3146 aspergat.
1363 3074 1495 3129 Nam
1534 3084 1675 3130 tactu
1723 3075 2011 3145 probamus

351 3222 358 3228 ,
433 3164 690 3234 quidquid
722 3164 937 3219 caeteris
963 3164 1207 3219 sensibus
1227 3164 1472 3233 judicare
1499 3181 1604 3221 non
1636 3182 1939 3237 possumus.

504 3255 668 3310 Inter.
705 3255 916 3319 Genera
949 3264 1136 3311 tactus
1172 3265 1301 3326 quot
1344 3272 1466 3312 esse
1510 3257 1803 3313 dicuntur?
1850 3256 2008 3327 Resp.

436 3348 569 3401 Duo.
596 3347 760 3402 Inter.
794 3346 965 3414 Quae?
1000 3346 1153 3416 Resp.
1187 3346 1293 3401 Aut
1313 3348 1457 3401 enim
1484 3348 1821 3423 extrinsecus
1849 3348 2011 3412 venit,

435 3436 577 3504 quod
606 3435 764 3491 feriat
788 3451 802 3500 ;
833 3443 927 3489 aut
956 3436 1101 3489 intus
1132 3435 1182 3488 in
1210 3435 1324 3505 ipso
1345 3450 1571 3503 corpore
1594 3436 1789 3501 oritur,
1816 3444 1874 3489 ut
1893 3450 2015 3489 sen-

439 3528 620 3581 tiatur.

508 3618 672 3672 Inter.
705 3616 878 3672 [labet
916 3616 1282 3686 unusquisque
1323 3630 1512 3671 sensus
1539 3614 1809 3685 propriam
1852 3598 2013 3667 natu-

439 3713 572 3775 ram,
600 3725 667 3763 an
714 3710 858 3764 non?
906 3708 1058 3777 Resp.
1100 3707 1272 3762 Habet
1296 3708 1529 3779 quidem.
1569 3705 1734 3761 Inter.
1778 3706 1894 3774 Qua
1923 3720 2012 3761 ra-

416 3802 624 3855 tione?
653 3800 807 3870 Resp.
842 3800 992 3867 Quod
1022 3800 1166 3855 enim
1189 3799 1475 3855 videndum
1502 3806 1605 3863 est,
1648 3798 1819 3853 oculis
1863 3799 2011 3869 capi-

438 3900 563 3955 tur;
594 3890 735 3959 quod
762 3889 1109 3955 audiendum,
1146 3889 1407 3954 auribus;
1436 3903 1599 3958 quam
1630 3887 1810 3943 mollia
1852 3888 2014 3959 422

438 3991 494 4037 et
519 3982 673 4047 dura,
706 3988 850 4037 tactu
885 3980 1258 4047 aestimantur;
1301 3993 1461 4051 sapor
1484 3992 1614 4033 vero
1638 3986 1837 4049 gustu;
1880 3977 2025 4033 odor'

440 4081 619 4129 autem
648 4071 875 4127 naribus
900 4069 1135 4125 ducitur.
1869 4077 1875 4083 '

508 4166 676 4222 Inter.
705 4164 835 4235 Quae
866 4172 949 4221 est
976 4163 1151 4234 prima
1179 4176 1307 4232 pars
1344 4160 1623 4217 hominis?
1648 4158 1801 4231 Resp.
1832 4159 2013 4215 Prima

2112 3066 2409 3139 totafacta]
2438 3066 2885 3139 ligurazhominis,
2915 3076 2971 3120 et
3000 3064 3411 3135 uniuscnjusquc
3438 3081 3677 3137 personat

2111 3159 2365 3231 cognitio.

2184 3249 2347 3303 Inter.
2382 3248 2579 3315 Quare
2605 3248 2800 3325 dicitur
2841 3248 3061 3301 vultus?
3090 3245 3240 3316 Resp.
3285 3246 3469 3300 Vultus
3499 3247 3676 3301 dictus

2113 3348 2214 3403 est,
2244 3354 2309 3393 eo
2328 3338 2470 3408 quod
2495 3353 2591 3407 per
2611 3352 2732 3391 eum
2756 3336 3003 3391 voluntas
3026 3336 3187 3389 animi
3217 3337 3531 3390 ostenditur.

2184 3428 2347 3482 Inter.
2378 3428 2491 3495 Qua
2519 3427 2764 3481 ratione?
2805 3425 2957 3493 Resp.
3006 3424 3305 3479 Secundum
3352 3410 3703 3478 voluntatem"

2110 3519 2257 3573 enim
2284 3517 2336 3571 in
2369 3517 2544 3571 varios
2569 3524 2744 3570 motus
2768 3522 3023 3577 mutatur,
3053 3514 3190 3567 unde
3211 3522 3263 3567 et
3301 3514 3549 3568 differunt
3577 3515 3678 3570 sibi

2114 3614 2377 3677 utraque;
2405 3622 2526 3661 nam
2557 3604 2721 3661 facies
2762 3604 3071 3674 simpliciter
3106 3604 3367 3673 accipitur
3394 3605 3457 3659 de
3498 3607 3680 3662 unius-

2112 3698 2369 3769 cujusque
2408 3698 2633 3753 naturali
2665 3704 2919 3768 aspcctu;
2953 3694 3130 3749 vultus
3175 3703 3351 3749 autem
3378 3696 3676 3751 animorum

2114 3791 2425 3861 qualitatem
2454 3788 2734 3860 signiﬁcat.

2184 3880 2349 3935 Inter.
2379 3880 2553 3934 Frons
2597 3879 2738 3933 unde
2782 3894 2974 3933 nomen
3021 3877 3266 3946 accepit?
3310 3876 3460 3945 Resp.
3508 3877 3678 3929 Frons

2114 3973 2256 4026 enim
2299 3972 2367 4027 ab
2402 3971 2676 4028 oculorum
2703 3969 3056 4024 foraminibus
3086 3968 3359 4022 nominata
3399 3975 3518 4032 est;
3566 3969 3679 4022 hzec

2114 4060 2289 4131 imago
2315 4059 2557 4130 quaedam
2585 4058 2770 4123 animi,
2802 4059 3102 4127 mentisque
3137 4050 3341 4112 motum
3377 4059 3555 4127 speci‘e
3580 4075 3677 4113 sua

2112 4151 2383 4223 exprimit,
2411 4150 2537 4205 dum
2564 4149 2648 4205 vel
2672 4149 2791 4204 laeta
2818 4148 2899 4204 vel
2925 4148 3091 4203 tristis
3120 4157 3222 4223 est.
3542 4189 3546 4193 .
3580 4142 3600 4159 ν’

439 4276 565 4332 pars
587 4222 829 4330 corporis
857 4222 1039 4328 caput.
1068 4222 1235 4308 me}.
1266 4252 1444 4321 Quare
1470 4251 1545 4308 ita
1565 4222 1829 4306 vocatur?
1856 4250 2008 4320 Resp.
2038 4276 2108 4337 ο,
2185 4240 2308 4295 Haec
2472 4238 2638 4337 frater
2659 4239 2752 4305 mi,
2773 4237 2839 4294 de
2861 4222 3333 4337 rationeltumanze
3357 4249 3559 4296 natura:
3578 4224 3679 4296 liae

439 4348 563 4403 Ideo
584 4350 729 4403 enim
754 4348 942 4404 datum
965 4355 1052 4402 est
1078 4344 1152 4399 illi
1180 4345 1284 4400 hoc
1309 4357 1525 4409 nomen,
1553 4356 1620 4399 eo
1644 4341 1786 4411 quod
1807 4346 1862 4396 et
1889 4356 2011 4396 sen-

441 4453 533 4493 sus
556 4452 751 4492 omnes
772 4445 829 4490 et
851 4436 1001 4492 nervi
1030 4435 1153 4491 inde
1179 4433 1650 4504 initiumcapiant,
1676 4440 1836 4502 atque
1860 4446 2013 4488 exeo

442 4528 617 4583 omnis
643 4525 853 4598 vigendi
879 4539 1043 4581 causa
1070 4525 1315 4590 oriatur;
1342 4524 1413 4579 ibi
1439 4524 1585 4580 enim
1608 4539 1795 4581 omnes
1822 4537 2014 4580 sensus

442 4633 738 4695 apparent;
768 4624 907 4680 unde
949 4622 1117 4693 ipsius
1143 4620 1354 4691 animas,
1384 4636 1502 4690 quae
1526 4620 1756 4677 consulit
1779 4620 2010 4691 corpOri,

443 4714 834 4783 quodaando
854 4713 989 4785 gerit
1006 4725 1310 4782 personam.

2117 4336 2233 4393 vice
2259 4333 2521 4391 sufﬁciant
2548 4333 2625 4407 (II
2633 4350 2858 4405 ususque
2885 4350 2949 4388 ex
2971 4332 3151 4405 Isid.).

2736 4444 2967 4500 CAPUT
2997 4444 3079 4498 ΙΙΙ.

2709 4530 2774 4569 DE
2799 4529 3110 4569 εριιιιτιιιυε.

2128 4578 2133 4579 7
2186 4612 2350 4666 Inter.
2382 4610 2487 4664 lsta
2511 4607 2639 4662 mihi
2668 4602 2953 4668 suﬂiciunt,
2979 4602 3074 4659 sed
3115 4602 3162 4657 si
3206 4601 3399 4672 placet,
3444 4614 3681 4657 rcverta-

2117 4720 2238 4761 mur
2275 4702 2341 4757 ad
2385 4698 2643 4753 rationem
2694 4695 2932 4765 spiritus,
2980 4694 3048 4749 de
3085 4708 3192 4763 quo
3235 4692 3392 4763 paulo
3432 4694 3679 4764 superius

513 4762 1467 4872 βοά]
1488 4797 1513 4851 τ
1538 4797 1910 4869 Πιερινθι-ιὶι
2109 4797 2223 4865 iam
2248 4790 2445 4862 aliquid
2485 4762 2771 4859 protulisti,
2811 4793 2866 4840 et
2903 4762 3307 4856 investigcmus,
3339 4786 3399 4840 in
3426 4762 3676 4854 quantum

446 4908 509 4949 ea
533 4905 681 4962 pars,
706 4906 815 4961 qua
840 4892 1019 4962 capilli
1042 4890 1232 4961 capitis
1259 4888 1603 4961 colliguntur,
1627 4896 1683 4944 et
1708 4888 1761 4943 in
1789 4905 1895 4959 qua
1913 4906 2015 4946 ete-

448 4984 619 5041 taries
642 4979 878 5044 vertitur,
905 4981 1047 5035 unde
1073 4990 1127 5035 et
1154 4987 1513 5051 nuncupatur.

519 5074 685 5129 Inter.
715 5068 855 5138 Quid
876 5076 961 5123 est
986 5068 1264 5125 calvaria?
1304 5068 1454 5141 Resp.
1497 5063 1741 5122 Calvam
1764 5068 2016 5123 estdicta

448 5168 518 5223 ab
539 5165 752 5223 ossibus
772 5160 938 5219 calvis
963 5174 1059 5231 per
1080 5161 1453 5219 deiectionem.
1479 5167 1537 5216 et
1558 5158 1871 5216 neutraliter
1889 5175 2015 5231 pro-

448 5258 742 5313 nuntiatur.

520 5347 682 5403 Inter.
718 5346 857 5415 Quid
882 5352 966 5402 est
992 5343 1335 5413 occipitium?
1374 5344 1524 5415 Resp.
1575 5342 1890 5414 Occipitium
1934 5352 2018 5399 est

450 5438 641 5509 capitis
679 5452 805 5507 pars
847 5435 1133 5506 posterior,
1180 5434 1335 5502 quasi
1385 5443 1571 5493 contra
1617 5434 1888 5503 capitium,
1933 5433 2014 5489 vel

452 5530 594 5600 quod
622 5528 689 5583 sit
725 5525 913 5595 Capitis
939 5534 1251 5581 retrorsum.

2118 4887 2226 4941 Deo
2268 4878 2604 4951 permittente
2650 4874 2941 4939 valeamus,
2983 4884 3112 4945 quot
3156 4874 3305 4947 illa,
3332 4875 3473 4945 quod
3524 4874 3684 4942 spiri-

2118 4985 2202 5030 tus
2222 4954 2363 5029 idem
2407 4976 2617 5025 creator
2648 4967 2887 5023 omnium
2929 4968 3204 5023 creasset?
3235 4965 3386 5033 Resp.
3442 4962 3683 5031 Difﬁcilis

2115 5080 2201 5119 res
2224 5069 2308 5117 est
2349 5060 2418 5115 ad
2460 5056 2909 5129 investigandum,
2949 5057 3042 5114 sed
3077 5065 3252 5111 tamen
3298 5052 3576 5117 faciamus,
3621 5063 3680 5107 ut

2115 5152 2281 5208 dicis..
2811 5200 2823 5213 ,

2184 5243 2350 5298 Inter.
2397 5243 2493 5300 Dic
2523 5256 2649 5315 ergo
2690 5241 2849 5309 mihi,
2887 5248 3019 5308 quot
3063 5227 3283 5307 spiritus
3329 5235 3517 5295 vitales
3561 5250 3681 5291 esse

2116 5337 2444 5393 credantur?
2470 5336 2620 5407 Resp.
2654 5331 2955 5389 Secundum
2993 5331 3136 5400 quod
3164 5328 3285 5400 legi,
3323 5336 3434 5383 tres
3461 5327 3681 5399 spiritus

2117 5429 2305 5485 vitales
2334 5430 2535 5484 creavit
2565 5428 2903 5497 omnipotens
2933 5424 3092 5479 Deus.
3120 5422 3284 5477 Inter.
3315 5422 3415 5491 Qui
3445 5432 3568 5479 sunt
3592 5424 3683 5478 bi?

2117 5522 2267 5592 Resp.
2324 5519 2469 5576 Unus
2510 5526 2611 5585 est,
2658 5518 2748 5588 qui
2789 5532 2947 5572 carne
2992 5530 3094 5569 non
3139 5513 3371 5579 tegitur;
3413 5513 3547 5569 alius
3586 5505 3698 5576 quin
