4254 6268
612 167 750 229 HO?

1460 176 1515 229 υ.
1558 178 1618 230 ιτ.
1659 176 1881 230 Αιιιικι
1924 174 2053 230 SEU
2094 168 2369 225 ALCUNI
2410 163 2695 224 Ol’EllL'M
2734 161 2914 221 PARS
2957 164 3085 219 Vill.

3740 140 3885 214 uos

606 302 771 343 carne
800 289 1016 358 tegitur,
1044 288 1138 342 sed
1175 303 1279 341 nou
1320 302 1440 342 cum
1480 303 1643 341 came
1683 288 1945 351 moritur;
1994 284 2181 340 tertius
2210 282 2255 339 Α
2286 276 2557 339 hominem
2593 282 2886 351 tumentem
2931 272 3160 341 spiritu;
3197 278 3287 324 aut
3326 269 3465 323 sicut
3508 267 3727 329 dicitur,
3761 270 3872 340 spi-

608 394 755 442 vero,
787 374 880 447 qui
906 390 1067 432 carne
1095 377 1306 448 tegitur,
1333 386 1387 430 et
1412 392 1533 431 cum
1553 392 1716 431 carne
1734 378 1977 431 moritur.

681 492 845 547 Inter.
874 490 1026 547 Nunc
1056 506 1205 562 rogo,
1232 501 1291 546 ut
1324 491 1453 546 mihi
1480 493 1710 562 aperias,
1740 491 1829 561 qui
1858 506 1925 547 ex
1967 493 2051 546 his
2076 507 2181 546 non

608 585 806 656 tegitur
831 598 1028 650 carne;
1061 592 1117 638 et
1142 598 1304 638 carne
1343 583 1561 654 tegitur,
1604 583 1695 639 scd
1722 599 1827 637 non
1867 597 1989 638 cum
2019 598 2183 637 carne

608 673 989 745 moritur;qui
1012 688 1139 728 vero
1175 688 1339 728 carne
1364 674 1582 745 tegitur,
1626 683 1828 729 etcum
1869 688 2032 726 carne
2070 688 2182 727 mo-

609 763 790 818 ritur?
810 780 904 819 seu
930 765 1095 819 etiam
1122 765 1488 834 unusquisque
1510 780 1694 819 eorum
1723 763 1790 817 ad
1814 779 1974 832 quam
2014 763 2180 832 perti-

608 866 733 909 neat
757 856 1101 911 creaturam?
1126 853 1276 925 Resp.
1327 856 1561 926 Spiritus
1603 871 1851 925 namque,
1884 857 1975 925 qui
2022 870 2184 909 carne

606 961 714 1002 non
760 948 976 1018 tegitur,
1024 948 1336 1019 angelorum
1385 958 1510 1012 est;
1560 947 1783 1018 spiritus
1835 956 2035 1009 autem,
2092 946 2181 1015 qui

605 1050 770 1091 carne
818 1036 1032 1107 tegitur,
1076 1038 1169 1109 sed
1210 1052 1319 1093 non
1353 1051 1473 1091 cum
1521 1051 1683 1091 carne
1711 1028 1961 1099 moritur,
2011 1035 2184 1089 hami.-

604 1144 737 1184 num
761 1137 879 1195 est;
924 1129 1145 1199 spiritus
1185 1143 1332 1193 vero,
1378 1128 1470 1198 qui
1513 1143 1675 1182 carne
1716 1129 1930 1198 tegitur,
1979 1134 2033 1180 et
2060 1132 2180 1181 cum

605 1235 771 1275 carne
810 1220 1055 1285 moritur,
1097 1218 1483 1289 jumentorum,
1529 1220 1875 1286 omniumque
1904 1218 2181 1270 brutoruin

607 1310 919 1364 animalium
945 1320 1046 1364 est.

680 1420 842 1475 Inter.
890 1421 1167 1476 Habentur
1211 1423 1393 1491 plures
1440 1423 1683 1491 spiritus,
1727 1438 1793 1474 au
1826 1421 1979 1475 non?
2028 1421 2177 1490 Resp.

610 1514 805 1582 l’tique
849 1514 1131 1571 habentur.
1183 1513 1348 1567 Inter.
1399 1512 1728 1579 Quomodo?
1774 1511 1927 1583 Resp.
1978 1512 2185 1565 Dicitur

2284 368 2419 421 ritus
2445 357 2728 437 superbiae,
2752 363 2974 433 spiritus
2996 376 3151 415 vanae
3174 359 3373 432 gloriae.

2355 455 2521 509 Inter.
2547 452 2826 521 Quomodo
2856 451 2923 505 ad
2953 448 3411 517 submissionem?
3441 445 3597 517 Resp.
3632 447 3710 501 Ad
3742 449 3875 505 sub-

2284 543 2594 599 missionem
2628 555 2860 611 quoque,
2893 540 3036 596 sicut
3068 539 3121 593 in
3156 538 3353 593 bonam
3385 545 3635 607 partem:
3678 535 3875 608 Inspi-

2285 637 2387 690 ritu
2403 634 2736 697 humilitatis,
2756 640 2831 696 ct,
2856 631 2990 685 beati
3007 645 3257 701 pauperes
3277 628 3465 699 spiritu
3483 626 3701 699 (Matth.
3716 644 3771 694 ν,
3788 628 3866 699 3).

2286 727 2351 781 Et
2380 710 2668 794 Apostolus
2690 723 2755 778 de
2779 737 3028 777 sermone
3054 720 3148 775 Dei
3178 720 3328 786 dicit,
3368 720 3512 789 quod
3556 720 3627 775 sit
3662 722 3870 787 pertin-

2257 832 2405 885 .gens
2438 827 2600 883 usque
2647 815 2716 866 ad
2750 810 3053 866 divisionem
3098 810 3309 875 animis,
3342 824 3404 863 ac
3446 809 3664 878 spiritus
3703 807 3862 880 (Πρὸ.
3924 874 3927 875 ν

2284 921 2356 968 ιν,
2393 905 2503 977 12).
2529 903 2688 959 Juxta
2728 918 2888 972 quem
2913 902 3072 957 talem
3116 902 3334 956 modum
3364 903 3560 958 dicitur
3594 912 3648 957 et
3684 903 3865 958 divina

2282 994 2677 1050 animadversio
2715 993 2957 1063 spiritus,
2994 992 3133 1047 sicut
3159 991 3421 1062 scriptum
3442 1001 3522 1047 est
3550 1010 3562 1046 :
3618 990 3701 1045 En
3734 1010 3860 1062 pro-

2284 1087 2449 1156 feram
2478 1084 2617 1140 vobis
2658 1085 2900 1156 spiritum
2943 1100 3136 1147 meum,
3177 1093 3226 1137 et
3268 1082 3537 1137 ostendam
3566 1082 3718 1136 uerba
3746 1100 3864 1137 mea

2284 1174 2463 1248 (Prov.
2500 1192 2536 1239 I,
2564 1175 2675 1247 23).
2720 1174 2787 1228 Et
2818 1174 3038 1239 iterum,
3082 1174 3249 1244 iniqui
3274 1174 3529 1229 dicuntur
3564 1173 3722 1227 ﬂante
3754 1173 3866 1229 Deo

2282 1266 2529 1335 periisse,
2576 1274 2630 1319 et
2669 1265 2860 1335 spiritu
2905 1264 3000 1318 ira:
3044 1262 3160 1332 ejus
3200 1278 3319 1317 esse
3354 1251 3679 1331 consumpti,
3722 1266 3867 1332 quod

2284 1358 2467 1425 utique
2493 1371 2599 1409 non
2623 1355 2839 1424 proprie
2870 1355 3068 1409 dicitur
3112 1355 3176 1409 de
3202 1355 3334 1419 Deo,
3368 1353 3462 1409 sed
3498 1354 3868 1424 metaphorioe

2284 1450 2353 1503 ab
2393 1447 2644 1502 humanis
2678 1443 2914 1501 motibus
2956 1444 3271 1500 translatum
3304 1454 3386 1499 est
3419 1444 3486 1498 ad
3531 1444 3721 1499 Deum.

2358 1536 2520 1591 Inter.
2578 1536 2925 1591 Inveniuntur
2968 1535 3055 1589 alii
3104 1535 3346 1603 spiritus,
3394 1548 3462 1592 an
3515 1533 3665 1587 non?
3705 1531 3863 1603 Resp.

604 1606 767 1697 etiam
792 1614 847 1661 et
866 1621 991 1677 pars
1012 1607 1223 1671 animae,
1266 1607 1317 1662 id
1356 1619 1457 1670 est,
1492 1605 1823 1661 rationabilis
1852 1621 2024 1697 tuens,
2064 1620 2184 1675 quae
2215 1618 2259 1676 Β
2288 1628 2557 1697 Scriptum
2602 1635 2685 1682 ρει
2731 1626 2895 1680 etiam
2930 1624 2996 1679 de
3018 1624 3165 1679 sole:
3212 1621 3418 1693 Ggrans
3460 1622 3694 1693 gyrando
3722 1623 3868 1675 vadit

603 1696 793 1753 oculus
813 1706 895 1753 cst
922 1698 1134 1764 animm,
1162 1698 1411 1770 spiritus,
1449 1712 1569 1767 quae
1594 1712 1763 1766 capax
1792 1703 1877 1751 est
1918 1696 2183 1751 donorum

605 1789 889 1857 spirituum
930 1786 1135 1860 [Forte.
1167 1786 1570 1859 spiritualium],
1602 1797 1655 1841 et
1681 1785 1875 1841 divina:
1915 1785 2184 1840 inhabita-

606 1878 771 1935 tionis
792 1879 1017 1949 gratiam
1047 1877 1252 1932 obtinet
1279 1877 1671 1948 participando,
1715 1878 1855 1931 sicut
1896 1874 2183 1945 Apostolus

607 1978 683 2023 ait
708 1988 719 2022 :
751 1968 1085 2025 Renovamini
1110 1970 1294 2039 spiritu
1319 1970 1502 2024 mentis
1523 1977 1704 2024 restraz
1726 1966 1939 2038 (Ephes.
1971 1980 2043 2021 tv.
2065 1963 2179 2043 23).

606 2060 672 2113 l-Zt
706 2060 900 2114 iterum
928 2077 939 2113 :
988 2058 1046 2115 Si
1074 2061 1288 2114 vivimus
1316 2061 1524 2129 spiritu.
1572 2060 1757 2129 spiritu
1782 2068 1830 2111 et
1857 2056 2179 2110 ambulemus

607 2149 748 2218 (Gal.
780 2167 832 2215 ν,
854 2150 965 2220 25).
998 2150 1062 2204 Et
1100 2151 1226 2205 item
1254 2169 1266 2203 :
1309 2148 1411 2205 Vos
1438 2161 1611 2206 autent
1642 2150 1695 2203 in
1725 2165 1882 2202 carne
1914 2165 2013 2201 non
2036 2148 2177 2207 estis,

605 2239 694 2292 sed
732 2240 783 2292 in
808 2240 990 2309 spiritu
1016 2238 1186 2310 (Rom.
1218 2256 1331 2303 \‘Itt,
1360 2242 1436 2309 9).

681 2350 838 2405 Inter.
893 2351 987 2405 Est
1016 2351 1111 2406 tibi
1155 2350 1356 2420 aliquid
1402 2346 1629 2423 amplius
1654 2352 1719 2405 ad
1764 2350 2181 2420 requirendum?

611 2442 762 2511 Resp.
810 2440 1004 2495 Etiam.
1058 2438 1223 2494 Inter.
1276 2440 1466 2509 Quid?
1512 2440 1665 2512 Resp.
1716 2440 1923 2496 Dicitur
1966 2453 2204 2508 quoque.

606 2531 925 2601 generaliter
951 2540 1059 2585 tota
1102 2532 1278 2586 anima
1322 2532 1561 2602 spiritus,
1605 2532 1743 2586 sicut
1780 2530 1846 2586 de
1872 2528 2096 2583 Domino
2127 2529 2179 2581 in

608 2620 893 2692 tivangelio
940 2623 1199 2692 scriptum
1243 2630 1325 2676 est
1363 2641 1375 2675 :
1435 2620 1697 2675 Inclinato
1746 2621 1912 2690 capite
1959 2618 2181 2672 tradidit

607 2711 841 2780 spiritum
882 2711 1061 2781 (Joan.
1103 2728 1214 2775 xIx,
1264 2712 1375 2782 50).
1424 2711 1488 2766 Et
1532 2711 1669 2767 Psal.
1716 2712 1781 2765 de
1822 2707 2130 2764 hominibus
2165 2727 2177 2760 :

608 2801 781 2857 Exirit
801 2804 1013 2873 spiritus
1049 2820 1226 2858 eorum
1251 2803 1420 2874 (Psal.
1457 2806 1567 2866 xiv,
1594 2802 1670 2871 4).
1700 2800 1763 2855 Et
1784 2799 2137 2855 Ecclesiastes
2164 2819 2174 2852 :

609 2893 739 2959 Quis
773 2895 932 2960 novit,
969 2896 1015 2947 si
1042 2896 1257 2964 spiritus
1301 2895 1531 2964 ﬁliorum
1568 2894 1736 2947 Adam
1782 2892 2015 2947 ascendit
2062 2909 2179 2946 sur—

2285 1720 2519 1790 spiritus.
2566 1718 2655 1772 Vel
2707 1718 2847 1771 sicut
2895 1716 2999 1769 alia
3042 1714 3207 1769 habet
3249 1712 3571 1767 translatio:
3610 1710 3869 1766 Lustrans

2286 1810 2520 1863 universi.
2558 1824 2647 1878 per
2688 1805 2964 1860 circuitum
3010 1804 3176 1876 pergit
3218 1803 3428 1873 spiritus
3473 1801 3669 1874 (Eccle.
3717 1817 3754 1865 ι,
3781 1800 3863 1871 6).

2286 1902 2389 1959 Sed
2417 1904 2483 1959 de
2508 1903 2592 1957 his
2613 1899 2978 1971 superioribus
3014 1898 3185 1953 modis
3217 1905 3365 1967 patet
3402 1896 3618 1957 veritas,
3643 1908 3761 1962 qure
3782 1892 3868 1947 di-

2282 2003 2480 2049 cuntur
2518 1992 2777 2062 spiritus;
2817 1992 2883 2045 de
2922 1990 3024 2044 hoc
3062 2002 3297 2059 quoque,
3344 1987 3488 2057 quod
3526 1984 3608 2040 sol
3644 1984 3868 2054 Spiritus

2262 2086 2495 2145 dicitur,
2536 2080 2641 2137 non
2678 2080 2937 2144 declarat,
2964 2094 3132 2149 quare
3161 2080 3391 2143 dicatur,
3420 2085 3555 2132 teste
3576 2075 3733 2131 beato
3752 2075 3867 2129 Au-

2284 2176 2516 2246 guszino,
2555 2176 2646 2244 qui
2674 2173 2749 2227 ait
2777 2192 2788 2224 :
2824 2170 3014 2226 Dicant
3039 2172 3127 2244 qui
3155 2180 3390 2240 possunt,
3423 2178 3477 2224 et
3500 2167 3725 2238 reliqua.

2356 2266 2520 2320 Inter.
2561 2263 2656 2319 llis
2684 2266 2754 2318 ita
2780 2262 3029 2333 expletis,
3058 2261 3299 2332 supplico
3336 2260 3655 2315 charitatem
3695 2268 3864 2321 tuam,

2285 2366 2342 2411 ut
2376 2355 2503 2409 mihi
2537 2354 2802 2409 veraciter
2852 2353 3087 2422 aperias,
3136 2352 3183 2405 si
3227 2351 3282 2404 in
3322 2349 3526 2405 sanctis
3574 2347 3867 2417 Scripturis

2281 2448 2467 2517 plures
2499 2445 2718 2515 spiritus
2747 2444 2849 2498 sim
2883 2459 3045 2497 ausus
3069 2440 3438 2512 investigare?
3472 2438 3624 2507 Resp.
3648 2436 3860 2508 Utique.

2284 2541 2449 2594 Inter.
2475 2540 2589 2607 Qua
2618 2538 2872 2593 ratione?
2905 2535 3059 2607 Resp.
3090 2534 3345 2590 Summus
3367 2546 3597 2603 namque
3619 2530 3865 2587 conditor

2283 2639 2337 2683 et
2359 2628 2657 2683 \‘iriﬂcator
2699 2627 2932 2697 Spiritus
2966 2624 3305 2695 omnipotens
3326 2623 3470 2678 Deus
3510 2630 3731 2693 propter
3757 2621 3863 2689 spi-

2286 2717 2493 2773 ritalem
2516 2727 2572 2773 et
2592 2716 2961 2788 incorpoream
2984 2725 3229 2771 naturam
3251 2715 3469 2785 spiritus
3490 2712 3705 2777 dicitur,
3728 2710 3865 2766 sicut

2285 2809 2496 2864 Veritas
2531 2809 2583 2861 iu
2625 2807 2915 2879 Evangelio
2937 2807 3051 2861 ait:
3110 2805 3339 2876 Spiritus
3373 2812 3450 2858 est
3486 2802 3652 2867 Deus,
3680 2810 3727 2856 et
3756 2818 3861 2865 eos,

2281 2899 2371 2969 qui
2391 2897 2614 2951 adorant
2644 2912 2787 2961 eum,
2817 2895 2873 2949 in
2898 2896 3086 2966 spiritu
3110 2905 3157 2949 et
3179 2896 3395 2951 veritate
3420 2903 3621 2965 oportet
3644 2892 3862 2947 adorare

606 3002 724 3040 smn
752 2973 948 3057 (Eccle.
1002 3001 1084 3051 ιιι,
1112 2986 1224 3056 21).
1268 2985 1546 3051 Dicuntur,
1579 2985 1719 3041 sicut
1756 2984 2005 3054 superius
2039 2983 2171 3046 dixi,
2199 2975 2248 3038 C
2278 2988 2457 3061 (Joan.
2486 3002 2556 3051 tv,
2590 2984 2705 3058 24).
2746 2986 3007 3042 Dicuntur
3027 2984 3171 3041 enim
3201 2986 3339 3042 dona
3381 2985 3678 3058 gratiarum
3703 2983 3861 3053 spiri-

609 3079 800 3133 animm
818 3079 1057 3134 omnium
1085 3077 1393 3134 animalium
1436 3078 1677 3147 spiritus.
1720 3078 1787 3132 dc
1811 3076 2007 3147 quibus
2035 3074 2174 3130 idem

610 3168 961 3222 I-Icclesiastes
988 3170 1101 3222 ait:
1154 3166 1282 3233 Quis
1308 3168 1464 3231 norit,
1497 3168 1539 3219 si
1565 3168 1777 3236 spiritus
1820 3168 2175 3234 jumentorum

608 3256 884 3311 descendat
913 3258 1175 3312 deorsum.
1209 3257 1269 3311 Et
1304 3258 1355 3312 in
1385 3258 1489 3311 ﬂue
1515 3256 1873 3326 psalmorum,
1903 3254 2043 3311 unde
2064 3257 2175 3327 jam

609 3352 808 3403 dictum
828 3356 946 3402 est:
981 3347 1164 3402 Omnis
1201 3349 1415 3417 spiritus
1456 3346 1632 3400 laudet
1676 3345 1954 3401 Dominum
2003 3342 2173 3415 (Psal.

605 3456 694 3503 ut,
724 3438 797 3509 6).
832 3439 885 3494 In
920 3438 1178 3495 Hebraico
1199 3438 1396 3494 etenim
1425 3437 1616 3510 legitur
1647 3457 1659 3491 :
1712 3435 1876 3491 Omne
1900 3438 2038 3508 quod
2076 3440 2180 3509 spi-

610 3542 713 3595 rat,
736 3532 909 3588 laudet
940 3532 1238 3588 Dominum.
1272 3534 1338 3589 Et
1360 3535 1413 3589 in
1432 3534 1623 3590 Genesi
1650 3554 1661 3588 :
1691 3533 1874 3588 Omnis
1899 3551 2043 3599 caro,
2063 3552 2179 3606 quae

610 3622 792 3675 habeat
825 3624 1063 3693 spiritum
1091 3625 1210 3678 vita:
1240 3623 1390 3695 (Gen.
1425 3640 1515 3689 vn,
1546 3625 1654 3696 15).
1696 3625 1901 3680 Dicitur
1926 3626 2069 3680 enim
2094 3642 2181 3679 vo-

611 3712 743 3766 calis
769 3710 926 3767 ﬂatus
954 3713 1005 3765 ia
1030 3714 1244 3768 homine
1272 3714 1510 3781 spiritus,
1553 3715 1693 3769 sicut
1736 3715 1811 3769 ait
1856 3713 2175 3782 Apostolus:

614 3802 752 3855 Nam
781 3802 826 3855 si
855 3818 993 3855 orem
1023 3801 1220 3873 lingua,
1250 3804 1463 3874 spiritus
1483 3804 1687 3874 quidem
1711 3820 1854 3857 meus
1881 3814 2016 3869 ornt,
2041 3820 2181 3855 metes

610 3903 780 3947 autem
810 3909 923 3947 mea
948 3893 1059 3947 sine
1083 3892 1256 3962 [metu
1290 3905 1361 3948 est
1389 3892 1439 3965 (I
1466 3894 1585 3948 Cor.
1620 3910 1730 3958 xiv,
1772 3894 1874 3963 M).

683 4002 845 4057 Inter.
873 4003 1059 4059 Adhuc
1085 4004 1152 4060 de
1182 4003 1387 4060 ratione
1417 4005 1698 4075 spirituum
1722 4020 1750 4058 a
1784 4013 1835 4058 te
1866 4004 2053 4058 audire
2092 4021 2182 4058 vo-

614 4090 848 4145 luissem.
876 4092 1026 4163 Resp.
1055 4094 1120 4147 Et
1156 4109 1255 4162 ego
1279 4094 1393 4159 tibi,
1421 4104 1576 4165 prout
1604 4096 1734 4160 scio,
1781 4095 1955 4150 adhuc
1983 4094 2178 4150 dicam.

614 4180 820 4234 Dicitur
844 4198 1054 4253 quoque
1098 4184 1252 4240 ﬂatus
1288 4193 1568 4241 ventorum
1615 4188 1859 4257 spiritus,
1888 4187 2027 4241 sicut
2052 4188 2185 4241 scri—

2282 3091 2388 3143 tus,
2432 3080 2577 3134 sicut
2604 3078 2929 3150 evangelista
2977 3086 3211 3134 testatur
3243 3094 3364 3133 cum
3414 3077 3599 3133 verbis
3632 3074 3861 3139 Domini,

2280 3172 2370 3239 qui
2407 3171 2517 3224 ait:
2565 3166 2815 3221 Flumina
2856 3168 2920 3223 de
2946 3176 3121 3222 ventre
3162 3170 3277 3236 ejus
3304 3167 3469 3236 ﬂuent
3507 3179 3660 3236 aqua
3696 3164 3821 3218 circ
3843 3180 3863 3228 ,-

2281 3262 2549 3331 subjungit
2572 3280 2585 3313 :
2625 3258 2741 3313 Hoc
2766 3268 2942 3312 autent
2968 3260 3171 3312 dicebat
3206 3258 3271 3312 de
3296 3258 3504 3328 spiritu,
3530 3273 3682 3328 quem
3719 3273 3865 3311 acce-

2280 3352 2418 3421 pturi
2455 3358 2601 3403 erant
2646 3348 2909 3402 credentes
2962 3348 3017 3401 in
3067 3364 3183 3402 eum
3228 3346 3407 3403 (Iona.
3453 3363 3547 3412 vn,
3583 3348 3698 3420 58).
3752 3346 3867 3403 Hoc

2281 3443 2438 3497 modo
2467 3442 2699 3510 Spiritus
2724 3450 2945 3496 sanctus
2979 3440 3239 3496 mentium
3281 3439 3553 3495 habitator
3580 3455 3701 3497 esse
3728 3440 3865 3496 dici-

2282 3547 2387 3602 tur,
2413 3538 2548 3592 sicut
2574 3536 2859 3605 Apostolus
2889 3537 2993 3589 ait:
3022 3534 3252 3605 Corpora
3274 3546 3446 3590 uestra
3469 3536 3715 3607 templum
3738 3544 3866 3589 sunt

2283 3629 2512 3699 Spiritus
2537 3629 2725 3682 sancti.
2754 3627 2822 3681 Et
2856 3635 2977 3695 post
3004 3640 3175 3693 pauca
3208 3645 3218 3679 :
3262 3625 3565 3693 Glorifieate
3592 3635 3639 3679 et
3662 3610 3868 3693 portate

2282 3717 2449 3771 Deum
2475 3717 2528 3770 in
2567 3732 2779 3785 corpore
2807 3725 2975 3769 vestro
3002 3715 3059 3785 (I
3085 3714 3207 3769 Cor.
3238 3728 3313 3778 vr,
3349 3714 3435 3778 l9,
3461 3712 3574 3783 ΞΟ).
3603 3712 3669 3768 Et
3696 3710 3819 3767 alibi
3848 3733 3861 3768 :

2283 3806 2527 3860 Charitas
2562 3805 2659 3860 Dei
2707 3806 2903 3875 diffusa
2933 3815 3005 3860 est
3038 3805 3090 3859 in
3134 3803 3380 3859 cordibus
3407 3803 3597 3858 nostris
3629 3818 3723 3871 per
3745 3800 3866 3874 Spi-

2284 3902 2438 3953 ritum
2465 3908 2720 3964 sanctum,
2760 3900 2849 3969 qui
2872 3899 3027 3952 datus
3053 3906 3127 3952 est
3159 3896 3303 3951 nobis
3334 3893 3506 3961 (Rom.
3542 3911 3593 3963 v,
3620 3894 3706 3966 ‘5).
3743 3893 3866 3950 Haec

2283 3995 2349 4049 de
2372 3993 2648 4063 spiritibus
2670 3993 2884 4047 habeto.

2884 4102 3110 4160 CAPUT
3138 4100 3225 4157 IV.

2698 4210 2717 4237 ³
2750 4212 2813 4251 DE
2844 4210 3015 4250 DECEI
3041 4207 3127 4249 bII
3152 4208 3453 4249 NOIINIBUS.

612 4282 760 4343 ptum
782 4283 902 4371 est:
950 4272 1173 4371 §piritus
1199 4276 1541 4371 prpe-Aelianum
1570 4278 1738 4343 (Psal.
1773 4296 1828 4344 x,
1856 4279 1887 4332 ’1
1911 4296 1926 4344 ς
1954 4277 2178 4369 et‘Psal.
2215 4311 2265 4371 υ
2358 4292 2521 4345 Inter,
2547 4288 2757 4343 Prolata
2784 4286 2995 4339 ratione
3024 4299 3085 4352 sp

2259 4324 2265 4358 ,
2358 4292 2521 4345 Inter.
2547 4288 2757 4343 Prolata
2784 4286 2995 4339 ratione
3024 4283 3331 4352 spirituum,
3354 4294 3497 4333 nunc
3521 4277 3643 4333 volo
3673 4284 3731 4331 ut
3771 4276 3857 4329 di-

612 4379 830 4429 chvm,
857 4364 931 4435 8).
961 4364 1025 4418 Et
1053 4364 1174 4418 alihi
1202 4384 1214 4418 :
1244 4363 1401 4436 423
1428 4363 1625 4435 Spiritu
1647 4369 1927 4423 vehementi
1950 4361 2181 4427 conteres

618 4469 769 4507 nares
817 4451 1029 4507 Tharsis
1067 4452 1235 4523 (Psal.
1266 4466 1430 4517 xum,
1464 4455 1540 4525 8).
1581 4455 1813 4510 Adduxit
1845 4474 2046 4529 quoque
2074 4459 2182 4513 Do—

615 4543 784 4597 minus
814 4544 1047 4612 spiritum
1074 4560 1225 4614 super
1246 4548 1460 4609 terram,
1498 4553 1546 4599 et
1571 4543 1839 4601 diminuta
1867 4557 1985 4602 sunt
2030 4565 2180 4619 aqua:

618 4629 767 4699 (Gen.
790 4648 907 4699 vui,
933 4634 1006 4705 i).
1043 4634 1303 4690 Dicuntur
1331 4643 1385 4689 et
1409 4635 1731 4693 adversaria:
1756 4644 2047 4707 potestates
2073 4640 2181 4709 spi-

620 4722 772 4783 ritus,
798 4723 935 4777 sicut
969 4726 1223 4795 scriptum
1254 4736 1335 4781 est
1360 4746 1372 4780 :
1416 4725 1644 4797 Spiritus
1671 4727 1884 4782 Domini
1910 4728 2183 4783 malusir—

619 4813 799 4867 ruebat
834 4815 890 4867 in
919 4813 1048 4868 Saul
1093 4816 1144 4886 (I
1172 4816 1295 4887 Reg.
1335 4834 1487 4882 xvut,
1524 4818 1630 4887 10).
1662 4819 1727 4874 Et
1767 4820 1999 4874 itemm:
2050 4816 2180 4872 Cum

617 4904 915 4960 immundus
938 4908 1149 4976 spiritus
1178 4910 1355 4961 πίεν-ῆι
1388 4911 1459 4963 ab
1478 4911 1681 4964 homine
1708 4909 1919 4982 (Matth.
1950 4926 2045 4974 su,
2069 4911 2179 4983 45).

622 4996 825 5053 Dicitur
852 4998 1014 5053 etiam
1056 5006 1230 5052 motus
1256 4999 1421 5052 animi
1468 4998 1547 5052 vel
1579 5000 1644 5053 ad
1674 5000 2074 5067 excitationem,
2103 5001 2185 5055 vel

623 5088 689 5141 ad
722 5078 1127 5143 submissionem
1164 5087 1400 5157 spiritus.

694 5202 854 5257 Inter.
889 5202 1165 5269 Quomodo
1186 5204 1252 5256 ad
1286 5200 1709 5256 excitationem?
1734 5200 1886 5273 Resp.
1930 5204 2009 5259 Ad
2046 5204 2192 5267 exci-

625 5295 879 5348 tationem
917 5308 1168 5364 namque,
1216 5294 1354 5349 sicut
1402 5290 1635 5347 diximus
1674 5289 1879 5363 [Forte,
1914 5293 2185 5365 dicimus],

696 5504 717 5529 -λ
743 5489 1069 5544 Trithemius
1094 5492 1179 5544 lib.
1202 5509 1235 5544 ll
1252 5492 1317 5547 dc
1338 5492 1477 5547 Viris
1506 5487 1799 5553 illustribus
1812 5488 1872 5542 0.
1892 5490 1948 5541 S.
1967 5489 2049 5544 Β..
2068 5505 2183 5557 cap.

630 5566 979 5622 ‘26,reccusel
1031 5560 1165 5612 inter
1226 5564 1418 5633 scripta
1473 5558 1676 5613 Alcuini
1718 5577 1729 5609 :
1764 5557 1834 5611 De
1878 5558 2186 5631 proprietate

2285 4398 2377 4437 cas
2416 4380 2569 4445 mihi,
2596 4377 2790 4447 quibus
2820 4373 3126 4428 nominibus
3156 4372 3211 4425 in
3257 4369 3556 4440 Scripturis
3580 4369 3861 4425 sacris.....

2287 4474 2517 4549 [Suppt.,
2549 4471 2690 4525 Deus
2716 4465 3056 4539 appellatur].
3075 4465 3224 4538 Resp.
3256 4465 3453 4521 Decem
3475 4465 3694 4520 nomina
3717 4461 3864 4517 Deus

2285 4564 2489 4631 habere
2512 4560 2725 4632 legitur.
2767 4557 2932 4612 Inter.
2958 4556 3087 4625 Quae
3117 4564 3244 4612 sunt
3270 4557 3419 4611 haec?
3443 4553 3594 4631 Resp.
3620 4552 3863 4607 Primum

2288 4655 2428 4725 apud
2458 4650 2697 4707 Πάπιος
2709 4664 2905 4706 nomen
2932 4649 3025 4704 Dei
3050 4648 3116 4703 El
3137 4644 3678 4711 dicitur;secundum
3705 4640 3865 4710 Elei,-

2280 4748 2503 4819 _tertium
2531 4743 2689 4807 Eloe;
2710 4751 2963 4814 quartum
2988 4740 3251 4801 Sabaoth;
3276 4737 3524 4807 quintum
3543 4731 3862 4801 Elion;ses-

2288 4846 2401 4891 tum
2429 4833 2575 4899 Eiei;
2622 4832 2907 4903 septimum
2953 4827 3187 4889 Adonei,
3216 4835 3466 4880 octavum
3518 4822 3623 4889 Ia;
3660 4841 3860 4881 nonum

2289 4933 2763 4995 tetragransmaton,
2790 4918 2932 4991 quod
2963 4926 3044 4973 est
3066 4916 3199 4970 Iade
3227 4914 3394 4979 Iade;
3433 4916 3704 4972 decimum
3730 4929 3861 4972 vom

2292 5015 2475 5070 Sadai.

2364 5104 2528 5159 Inter.
2560 5104 2712 5159 Nunc
2738 5116 2867 5173 rogo
2894 5108 2954 5153 ut
2982 5100 3170 5153 horum
3197 5100 3436 5153 omnium
3477 5099 3741 5152 rationem
3781 5106 3860 5150 at-

2291 5216 2396 5269 que
2418 5196 2933 5270 interpretationem,
2949 5191 3015 5247 de
3036 5193 3230 5262 quibus
3251 5192 3456 5257 dixisti,
3477 5202 3649 5260 quare
3668 5201 3861 5245 vocem

2292 5303 2397 5356 tur,
2423 5292 2552 5347 mihi
2579 5302 2835 5349 exponas.
2860 5283 3014 5355 Resp.
3043 5285 3345 5343 Secundum
3359 5284 3501 5357 quod
3526 5282 3646 5357 legi,
3668 5282 3856 5342 faciam

2291 5490 2576 5550 nominum,
2613 5502 2724 5555 qum
2757 5484 2863 5537 Deo
2898 5486 3251 5539 attribuuntur
3276 5485 3327 5537 in
3362 5481 3645 5553 Scripturis
3673 5478 3865 5537 librum

2292 5573 2470 5609 unum.
3050 5582 3057 5591 '

2414 6204 2447 6211 ι
2546 6194 2691 6201 __-_,
