4254 6190
456 146 589 201 1109
646 177 653 183 ν

1358 138 1505 194 UPl‘.
1550 135 1772 193 DUBlA.
1815 166 1880 176 —
1924 136 2331 192 DlSPUTATlO
2371 133 2773 190 PUERORUM.

3559 126 3687 179 1110

451 256 592 328 quod
618 253 815 323 petisti.
845 264 868 290 ε
891 248 1132 302 Primum
1154 247 1290 315 apud
1311 247 1545 299 Hebr-eos
1570 246 1662 318 Dei
1685 261 1897 308 nomen,
1921 245 2021 300 sic—
2049 255 2094 312 Α
2124 254 2227 301 test
2254 262 2269 311 ;
2296 245 2388 301 sed
2412 260 2441 299 a
2466 243 2708 300 faciendo
2735 243 2873 312 quod
2906 244 3028 304 vult,
3064 260 3165 296 non
3196 260 3222 295 ιι
3253 240 3521 310 patiendo,
3547 242 3690 311 quod

451 352 511 397 ut
529 342 660 405 dixi,
686 339 751 392 El
777 336 992 398 dicitur,
1010 334 1151 405 quod
1174 333 1264 387 alii
1293 334 1476 397 Deum,
1496 334 1584 386 alii
1608 332 2022 403 aethimologiam

451 435 569 504 ejus
585 431 955 500 exprimentes
969 424 1164 494 Chyros
1183 423 1202 495 [
1207 423 1387 490 Forte,
1413 424 1679 498 ἰσχυρός),
1708 426 1757 478 id
1776 433 1877 487 est,
1912 426 2021 479 l'or-

431 533 562 602 ‘tem
610 520 943 603 interpretati
990 529 1133 583 sunt,
1182 518 1301 571 ideo
1338 518 1481 586 quod
1520 518 1663 571 nulla
1714 512 2025 571 inﬁrmitate

453 618 794 689 opprimitur,
816 616 911 670 sed
933 614 1088 669 {ortis
1115 621 1217 677 est,
1246 625 1299 667 et
1321 611 1590 669 sulliciens
1608 613 1675 665 ad
1696 613 1875 666 omnia
1900 628 2023 680 per-

452 710 731 780 petranda.
795 707 1099 762 Secundum
1138 721 1353 770 nomen,
1417 706 1551 769 Elei,
1608 705 1822 758 tertium
1875 704 2022 766 Eloe,

453 797 595 868 quod
614 807 900 866 utrumque
930 797 981 850 iu
1009 796 1258 850 Latinum
1289 794 1424 848 Deus
1466 793 1691 859 dicitur;
1730 801 1814 847 est
1846 803 2026 847 autem

455 902 647 941 nomen
671 887 721 940 in
746 885 989 940 Latinum
1004 902 1071 940 ex
1086 883 1126 940 G
1137 901 1269 940 raeca
1298 884 1651 953 appellatione
1677 881 1989 935 translatum
2012 897 2026 943 ;

457 991 579 1031 nam
610 976 749 1031 Deus
786 974 971 1031 Graece
1012 974 1175 1028 Theos
1204 967 1417 1037 dicitur,
1450 973 1500 1026 id
1537 981 1639 1035 est,
1683 973 1864 1036 timor,
1891 971 2031 1024 unde

457 1074 689 1121 tractum
730 1073 815 1121 est
842 1080 1036 1119 nomen
1069 1064 1229 1129 Deus,
1284 1062 1425 1132 quod
1462 1076 1584 1115 eum
1626 1062 1925 1115 colentibus
1963 1060 2032 1113 sit

456 1158 648 1219 timor;
680 1154 820 1210 Deus
867 1164 1045 1209 autem
1099 1156 1318 1226 proprie
1366 1169 1559 1209 nomen
1592 1162 1674 1208 est
1730 1152 2030 1217 Trinitatis,

462 1245 733 1310 pertinens
762 1244 824 1298 ad
855 1244 1089 1309 Patrem,
1116 1252 1167 1297 el
1192 1243 1386 1297 Filium
1402 1242 1727 1311 etSpiritum
1753 1248 2029 1303 sanctum;

460 1339 526 1389 ad
558 1350 717 1405 quam
747 1335 1065 1389 Trinitatem
1093 1335 1254 1389 etiam
1297 1335 1520 1404 reliqua,
1548 1348 1666 1402 qua)
1693 1332 1829 1387 infra
1868 1332 2033 1386 Deum

459 1433 585 1478 sunt
619 1425 817 1494 posita,
845 1423 1099 1479 vocabula
1135 1422 1477 1478 referuntur.
1526 1421 1787 1487 Quartum
1840 1434 2035 1475 nomen

461 1514 555 1567 Dei
585 1513 780 1568 dicitur
811 1512 1063 1577 Sabaoth,
1093 1514 1232 1581 quod
1263 1513 1486 1567 vertitur
1513 1513 1563 1565 in
1594 1510 1845 1564 Latinum
1891 1526 2037 1563 exer-

2122 350 2228 389 non
2258 335 2405 399 vult;
2434 334 2576 404 quod
2603 333 2645 388 si
2674 334 2958 395 accideret,
2984 347 3320 400 nequaquam
3348 340 3488 386 eSset
3516 333 3691 386 omni-

2122 434 2311 494 potens
2332 443 2346 490 ;
2368 424 2498 478 facit
2516 426 2659 479 enim
2685 424 2940 493 quidquid
2963 422 3094 486 vult,
3114 432 3168 476 et
3192 422 3311 476 inde
3334 423 3692 491 omnipotens.

2122 517 2252 570 item
2273 517 2635 585 omnipotens,
2655 515 2777 582 quia
2794 513 2960 582 ipsius
2975 519 3098 566 sunt
3122 511 3323 574 omnia,
3355 526 3473 581 qua:
3496 511 3692 581 ubique

2124 616 2284 671 sunt;
2309 608 2452 661 solus
2478 606 2621 659 enim
2653 607 2815 659 totius
2844 605 3023 658 mundi
3055 605 3213 657 habet
3240 604 3563 671 imperitum-

2197 697 2357 749 Inter.
2388 696 2483 750 Est
2511 675 2749 757 licitum;
2763 695 2915 764 plura
2948 695 3163 748 nomina
3192 693 3285 748 Dei
3314 694 3602 761 inquirere,
3625 707 3691 744 an

2126 792 2278 845 non?
2321 789 2466 860 Resp.
2512 788 2655 843 Licet
2705 788 2929 855 utique.
2960 784 3120 839 Inter.
3169 782 3484 849 Quomodo?
3534 780 3683 849 Resp.

2128 882 2386 935 Dicuntur
2409 880 2568 934 etiam
2595 887 2648 932 et
2668 878 2770 931 alia
2794 876 3032 945 quaedam
3066 876 3117 928 in
3168 874 3331 928 Deum
3362 872 3690 926 substantia-
3728 884 3731 887 λ

2129 973 2267 1031 liter,
2285 972 2519 1032 nomina,
2537 978 2595 1023 ut
2611 968 2940 1031 immortalis,
2959 964 3392 1032 incorruptibilis,
3411 963 3697 1017 incommu-

2132 1063 2323 1125 tabilis,
2365 1071 2627 1123 :eternns;
2671 1060 2809 1115 unde
2846 1068 2899 1113 et
2921 1060 3112 1113 merito
3146 1064 3349 1112 cuncta:
3376 1054 3700 1126 praeponitur

2131 1162 2419 1215 creaturae;
2447 1153 2644 1206 dicitur
2671 1152 2833 1205 etiam
2862 1149 3155 1211 invisibilis,
3182 1146 3539 1217 impassibilis,
3564 1147 3693 1200 sim-

2133 1243 2274 1314 plex,
2305 1244 2662 1310 incorporeus,
2696 1242 2988 1294 immensus
3015 1250 3067 1294 et
3090 1237 3373 1307 perfectus.

2206 1334 2367 1388 Inter.
2425 1333 2603 1398 Quare
2654 1331 2848 1385 dicitur
2900 1329 3249 1384 immortalis?
3294 1327 3441 1396 Resp.
3499 1327 3700 1380 Dicitur

2135 1427 2298 1480 etiam
2327 1424 2659 1484 immortalis,
2692 1423 2830 1477 sicut
2859 1421 2921 1474 de
2947 1435 3010 1474 eo
3035 1420 3293 1488 scriptum
3331 1428 3449 1489 est:
3492 1416 3594 1482 Qui
3620 1434 3702 1468 30--

2141 1516 2221 1570 lus
2250 1517 2397 1569 habet
2425 1514 2862 1567 immortalitatem
2885 1512 2932 1581 (l
2964 1511 3095 1565 Tim.
3118 1528 3189 1575 vt,
3214 1510 3329 1579 16);
3355 1510 3477 1580 quia
3506 1510 3558 1563 in
3587 1510 3703 1579 ejus

460 1605 678 1668 rituum,
711 1604 823 1657 sive
850 1603 1113 1665 virtutum,
1161 1602 1227 1655 de
1263 1616 1369 1671 quo
1398 1602 1449 1654 in
1485 1599 1690 1670 psalmo
1722 1599 1789 1652 ab
1843 1597 2044 1668 angelis
2078 1592 2116 1649 Β
2148 1615 2337 1661 natura
2359 1605 2496 1659 nulla
2523 1613 2605 1659 est
2628 1602 3003 1665 commutatio;
3032 1617 3153 1654 nam
3182 1600 3353 1653 omnis
3379 1595 3705 1652 mutabilitas

461 1695 692 1749 dicitur:
738 1694 865 1759 Quis
905 1703 980 1748 est
1006 1693 1104 1746 iste
1136 1708 1225 1746 rex
1263 1690 1460 1762 gloriu’,
1495 1690 1749 1744 Dominus
1799 1690 2042 1742 virtutum

460 1780 633 1847 '(Psal.
682 1799 836 1847 niti,
876 1782 951 1851 8).
994 1783 1131 1837 Sunt
1175 1782 1319 1836 enim
1368 1782 1421 1835 in
1476 1779 1775 1851 hujnsmodi
1828 1777 2043 1831 ordina-

464 1875 607 1927 tione
634 1875 858 1928 virtutes
884 1874 1077 1939 multze,
1110 1883 1171 1928 ut
1188 1874 1381 1944 angeli,
1411 1864 1749 1943 archangeli,
1779 1869 2046 1939 principa—

466 1972 570 2029 tus,
605 1971 659 2018 et
680 1971 991 2033 potestates,
1019 1964 1305 2032 cunctique
1334 1962 1570 2017 cmlestis
1593 1961 1793 2015 militia:
1807 1960 2042 2022 ordines,

463 2068 691 2122 quorum
719 2062 894 2105 tamen
924 2060 978 2105 et
1003 2052 1090 2105 ille
1115 2052 1373 2105 Dominus
1410 2060 1492 2104 est
1519 2067 1533 2113 ;
1565 2064 1751 2104 omnes
1780 2048 1921 2103 enim
1948 2046 2048 2101 sub

467 2144 582 2212 ipso
611 2151 754 2207 sunt,
809 2140 1029 2212 ejusque
1093 2141 1385 2194 dominatui
1440 2139 1738 2209 subjaccnt.
1792 2137 2045 2204 Quintum

470 2235 643 2297 Elian,
676 2234 817 2303 quod
854 2234 1236 2303 interpretatur
1262 2233 1315 2286 in
1362 2232 1613 2286 Latinum
1652 2230 1916 2293 excelsus,
1956 2232 2044 2300 qui

466 2339 627 2393 supra
654 2322 817 2379 ccelos
837 2332 939 2388 est,
970 2323 1110 2378 sicut
1137 2323 1399 2392 scriptum
1438 2331 1522 2377 est
1561 2321 1625 2375 de
1651 2335 1714 2374 eo
1750 2338 1762 2373 :
1797 2317 2046 2372 Excelsae

467 2414 741 2479 Dominus,
769 2410 923 2483 super
946 2413 1099 2467 caelos
1135 2411 1302 2483 gloria
1344 2412 1459 2481 ejus
1509 2408 1924 2482 (Psal.cxu,4),
1949 2409 2047 2463 Ex-

466 2507 643 2561 ceisus
670 2515 849 2561 autem
873 2506 1049 2561 dictus
1078 2521 1176 2577 pro
1203 2504 1355 2560 valde
1407 2504 1600 2569 celsus,
1653 2519 1717 2557 ex
1761 2502 1903 2556 enim
1942 2516 2042 2571 pro

470 2596 615 2667 valde
646 2598 883 2667 ponitur,
913 2599 1065 2666 quasi
1095 2598 1343 2663 eximius,
1393 2597 1545 2667 quasi
1591 2595 1748 2651 valde
1782 2596 2041 2651 eminens.

469 2689 695 2744 Sextum
723 2687 861 2753 Eiei,
886 2690 937 2742 id
966 2697 1069 2754 est,
1099 2690 1185 2758 qui
1206 2699 1279 2741 est
1312 2707 1323 2740 :
1369 2687 1510 2742 Deus
1554 2686 1697 2741 enim
1746 2685 1913 2749 solus,
1954 2688 2044 2755 qui

469 2786 724 2843 aeternus,
768 2788 863 2844 est,
887 2786 942 2833 et
992 2780 1061 2833 ob
1112 2779 1214 2833 hoc
1269 2777 1360 2847 qni
1417 2776 1696 2832 exordium
1743 2789 1848 2829 non
1887 2775 2047 2830 habet

466 2868 719 2921 essentiae
734 2882 927 2923 nomen
954 2883 1081 2924 vere
1111 2876 1293 2925 tenet:
1319 2870 1420 2925 hoc
1447 2868 1590 2924 enim
1616 2882 1810 2923 nomen
1831 2868 1896 2922 ad
1924 2882 2045 2921 san-

469 2964 615 3011 ctum
664 2956 878 3028 Moysen
904 2974 1001 3028 per
1030 2958 1275 3031 angelum
1304 2970 1387 3016 est
1440 2960 1676 3016 delatum
1709 2979 1721 3016 :
1780 2960 2039 3030 qttatrenli
2068 2946 2114 3007 C

470 3050 633 3114 enim,
662 3051 802 3120 quod
822 3059 966 3105 esset
984 3065 1176 3106 nomen
1192 3052 1329 3121 ejus,
1348 3052 1437 3119 qui
1465 3067 1587 3105 eum
1608 3066 1835 3122 pergere
1857 3051 2047 3120 βιωςί-

471 3143 649 3213 piebat
672 3144 737 3199 ad
763 3142 1013 3213 populum
1028 3158 1093 3197 ex
1108 3140 1342 3214 [Egypto
1357 3141 1709 3205 liberandum,
1736 3140 2008 3211 respondit
2030 3156 2042 3191 :

472 3230 583 3301 Ego
611 3224 725 3285 sum
738 3232 826 3301 qui
853 3248 989 3298 sum,
1006 3241 1053 3285 et
1076 3232 1213 3286 dices
1232 3230 1355 3301 [iliis
1372 3230 1663 3301 Israel,qui
1698 3231 1943 3296 est,.misit
1970 3247 2048 3283 me

472 3323 539 3375 ad
567 3341 651 3378 vos
679 3323 873 3395 (Exod.
894 3340 975 3388 ιιι,
1000 3323 1112 3395 14),
1141 3333 1393 3393 tanquam
1415 3324 1465 3377 in
1490 3323 1605 3393 ejus
1623 3323 2044 3394 comparatione,

471 3418 562 3484 qui
592 3432 717 3470 vere
744 3427 847 3481 est,
874 3418 998 3486 quia
1020 3409 1467 3471 incommutabilis
1488 3424 1589 3481 est,
1637 3430 1703 3470 ea
1744 3430 1862 3483 qum
1901 3429 2048 3469 core-

472 3506 747 3561 mutabilia
776 3507 915 3561 facta
949 3517 1092 3569 sunt,
1119 3506 1271 3575 quasi
1289 3520 1395 3559 non
1417 3506 1541 3559 sint.
1567 3504 1719 3571 Quod
1744 3506 1886 3559 enim
1915 3506 2045 3559 dici-

471 3604 580 3659 tur,
610 3594 728 3665 fuit,
752 3611 855 3650 non
885 3602 998 3659 est;
1031 3602 1085 3649 et
1112 3594 1251 3664 quod
1274 3594 1491 3658 dicitur,
1519 3594 1639 3657 erit,
1663 3593 1898 3647 nondum
1921 3601 2003 3647 est
2030 3611 2045 3655 ;

474 3686 613 3743 Dens
639 3695 819 3743 autem
841 3701 959 3742 esse
990 3695 1197 3742 tantum
1217 3685 1383 3755 novit,
1408 3683 1574 3740 fuisse
1594 3690 1649 3739 et
1675 3682 1911 3737 futurum
1930 3698 2049 3738 esse

474 3792 579 3831 non
609 3778 786 3842 novit;
810 3777 955 3833 solus
979 3776 1120 3831 enim
1146 3775 1308 3831 Pater
1332 3790 1457 3831 cum
1484 3774 1621 3829 Filio
1638 3782 1694 3828 et
1709 3772 1912 3845 Spiritu
1930 3789 2053 3828 san-

472 3875 561 3920 cto
585 3868 849 3921 veraciter
872 3877 976 3932 est,
1022 3867 1173 3935 cujus
1219 3867 1467 3922 essentia)
1516 3874 1887 3935 comparatum
1930 3882 2049 3921 esse

471 3964 735 4020 nostrum,
769 3972 873 4012 non
903 3972 1022 4012 esse
1043 3966 1145 4011 est.
1177 3957 1329 4013 Unde
1351 3958 1483 4017 etin
1505 3956 1769 4025 colloquio
1780 3954 2045 4009 dicimus:

471 4047 775 4112 uivitoDeus,
797 4048 921 4119 quia
948 4048 1177 4103 essentia
1204 4048 1313 4101 vita
1346 4047 1494 4109 vivit,
1533 4061 1695 4116 quam
1744 4060 1891 4100 mors
1943 4060 2047 4099 non

471 4136 650 4192 habet.
680 4135 978 4207 Septimum
1006 4138 1231 4203 Adonai,
1262 4138 1406 4207 quod
1434 4135 1759 4208 generaliter
1785 4135 2051 4203 interpre-

473 4234 616 4281 tatur
644 4226 913 4295 Dominus,
941 4228 1081 4299 quod
1107 4227 1411 4283 dominetur
1430 4233 1693 4282 creaturze
1712 4233 1937 4289 cunctae,
1968 4224 2050 4278 vel

470 4316 633 4389 424
652 4320 793 4387 quod
824 4297 1071 4375 creatura
1088 4322 1263 4376 omnis
1287 4320 1579 4375 dominatui
1596 4316 1710 4387 ejus
1730 4317 1997 4372 deserviat
2027 4334 2040 4381 ;
2076 4297 2124 4355 Ῐ)

471 4403 728 4460 Dominus
740 4421 887 4477 ergo,
913 4417 967 4461 et
988 4408 1129 4468 Deus
1151 4427 1166 4474 ;
1186 4402 1268 4464 vel
1286 4410 1429 4479 quod
1446 4409 1751 4464 dominetur
1767 4406 2039 4468 omnibus,

472 4495 554 4551 vel
581 4496 722 4566 quod
752 4497 1003 4551 timeatur
1028 4514 1059 4551 a
1084 4501 1310 4577 cunctis.
1350 4499 1631 4563 Octavum,
1671 4496 1766 4564 Ia,
1807 4497 1950 4567 quod
1987 4497 2041 4551 in
2064 4540 2079 4553 .

473 4583 583 4639 Deo
618 4593 823 4639 tantum
847 4586 1082 4657 ponitur,
1104 4588 1244 4655 quod
1265 4586 1428 4639 etiam
1458 4588 1509 4639 in
1536 4586 1763 4639 Alleluia
1792 4586 1843 4640 in
1865 4584 2044 4640 novis-

472 4671 606 4725 sima
635 4672 833 4743 syllaba
857 4684 1033 4728 sonat.
1058 4674 1269 4728 Nonum
1298 4681 1782 4742 tetragrammaton,
1810 4675 1911 4729 hoc
1937 4680 2039 4735 est,

404 4776 409 4779 '
471 4767 703 4827 quatuor
727 4763 1046 4830 litterarum,
1086 4765 1226 4834 quod
1265 4764 1478 4835 preprie
1524 4762 1663 4832 apud
1710 4763 1949 4818 Hebreos
1987 4763 2039 4816 in

472 4848 585 4903 Deo
608 4852 842 4919 ponitur,
863 4853 1020 4920 Iade,
1055 4856 1107 4910 id
1133 4864 1235 4922 est,
1263 4856 1469 4910 duabus
1497 4852 1587 4919 la,
1620 4869 1740 4923 qua:
1775 4852 2042 4923 duplicata

476 4939 738 4997 ineffabile
773 4941 902 4997 illud
936 4955 991 4997 et
1037 4945 1329 5014 gloriosum
1378 4945 1472 5001 Dei
1515 4958 1709 5001 nomen
1763 4942 2040 5005 elliciunt;

473 5034 671 5090 dicitur
702 5041 881 5087 autem
910 5032 1211 5101 ineﬂ‘abilis,
1242 5052 1348 5091 non
1372 5039 1494 5108 quia
1541 5034 1644 5091 dici
1696 5051 1801 5090 non
1848 5042 2077 5104 potest}

474 5127 568 5183 sed
597 5126 721 5197 quia
754 5124 894 5180 ﬁniri
923 5139 1082 5181 sensu
1107 5138 1161 5181 et
1190 5129 1458 5184 intellectu
1488 5130 1720 5182 humano
1746 5126 2047 5183 nullatenus

474 5225 667 5285 potest,
698 5223 753 5270 et
780 5215 922 5281 ideo,
967 5214 1093 5285 quia
1121 5214 1187 5276 de
1228 5231 1294 5270 eo
1323 5217 1453 5271 nihil
1506 5217 1663 5288 digne
1695 5214 1799 5268 dici
1848 5224 2043 5285 potest,

476 5304 756 5361 ineﬂ‘abilis
782 5315 882 5361 est.
916 5306 1191 5362 Decimum
1214 5322 1339 5361 vero
1378 5308 1565 5371 Sadai,
1597 5308 1649 5362 id
1675 5314 1776 5371 est,
1806 5308 2048 5377 omnipo-

478 5404 613 5448 tens.
641 5394 879 5450 Vocatur
898 5405 1075 5449 autem
1101 5395 1458 5463 omnipotens,
1491 5413 1555 5452 eo
1582 5398 1719 5465 quod
1743 5399 1918 5451 omnia
1954 5414 2045 5466 po-

550 5531 572 5557 ι·
600 5518 673 5571 Ex
699 5517 819 5570 Isid.
846 5520 936 5571 lib.
966 5538 1037 5574 ιιι
1066 5521 1365 5589 Originum,
1390 5538 1503 5589 (τῳ.
1536 5524 1580 5577 1.

2144 1710 2248 1749 non
2312 1694 2752 1749 inconvenienter
2798 1676 3097 1747 mortalitas
3143 1691 3368 1753 dicitur;
3414 1689 3703 1744 secundum

2144 1784 2289 1857 quod
2312 1790 2366 1837 et
2394 1782 2568 1835 anima
2596 1782 2790 1836 dicitur
2816 1782 2973 1842 mori,
3006 1796 3109 1833 non
3136 1779 3259 1847 quia
3288 1779 3340 1831 in
3381 1794 3592 1845 corpus,
3625 1777 3707 1830 vrl

2146 1875 2199 1928 in
2223 1875 2456 1943 aliquam
2482 1865 2704 1927 alteram
2730 1872 3079 1926 substantiam
3117 1878 3354 1923 mutatur
3372 1878 3427 1922 et
3462 1869 3703 1930 vertitur,

2145 1964 2237 2018 sed
2268 1965 2323 2017 in
2353 1965 2466 2033 ipsa
2494 1978 2584 2017 sua
2614 1963 2929 2027 substantia,
2966 1960 3221 2030 quidquid
3255 1960 3357 2013 alio
3383 1958 3538 2013 modo
3570 1976 3708 2013 nunc

2145 2063 2246 2118 est,
2270 2066 2361 2108 aut
2402 2054 2520 2117 fuit,
2568 2054 2859 2108 secundum
2905 2054 2954 2106 id
2980 2053 3122 2121 quod
3166 2052 3368 2106 destitit
3403 2066 3521 2105 esse
3570 2051 3710 2119 quod

2145 2151 2282 2209 erat,
2302 2141 2544 2197 mortalis
2568 2142 2753 2211 utique
2777 2141 3221 2212 deprehenditur;
3256 2154 3317 2193 ac
3336 2153 3431 2207 per
3446 2139 3547 2193 hoc
3569 2139 3714 2192 solus

2148 2235 2288 2289 Deus
2310 2234 2505 2290 dicitur
2546 2232 2882 2295 immortalis,
2909 2232 3030 2301 quia
3083 2230 3228 2284 solus
3251 2237 3331 2284 est
3360 2229 3712 2284 incommuta-

2145 2325 2285 2379 bilis.

2213 2417 2376 2472 Inter.
2408 2417 2587 2483 Quare
2612 2418 2806 2473 dicitur
2844 2416 3298 2486 incorruptibiiis?
3337 2414 3489 2483 Resp.
3531 2413 3711 2468 Incorv

2146 2508 2413 2579 ruptibilis
2441 2507 2758 2578 appellatur,
2781 2508 2904 2576 quia
2949 2506 3216 2575 corrumpi
3246 2513 3301 2559 et
3346 2505 3562 2559 dissolvi
3611 2520 3714 2558 non

2145 2612 2339 2675 potest,
2364 2617 2463 2658 nec
2488 2601 2671 2662 dividi;
2697 2598 2950 2671 quidquid
2991 2599 3131 2653 enim
3175 2597 3319 2667 capit
3368 2596 3706 2657 divisionem,

2143 2705 2197 2750 et
2229 2696 2501 2750 interitum
2530 2692 2706 2764 capit;
2742 2692 2828 2746 ille
2855 2706 2953 2745 nec
2984 2689 3144 2745 dividi
3176 2695 3371 2760 petest.
3397 2703 3495 2743 nec
3527 2688 3715 2743 interi—

2146 2787 2239 2850 mi,
2270 2786 2409 2841 unde
2436 2783 2853 2854 incorruptibilis
2873 2790 2972 2838 est.
3059 2790 3064 2795 '

2218 2874 2379 2929 Inter.
2408 2874 2560 2930 Unde
2592 2874 2789 2929 dicitur
2814 2871 3300 2928 incommutabilis?
3332 2868 3483 2938 Resp.
3509 2868 3715 2922 ineoru-

2147 2963 2419 3020 mutabilis
2449 2963 2570 3017 inde
2592 2969 2694 3026 est,
2718 2963 2842 3031 quia
2867 2975 3078 3030 semper
3102 2966 3299 3021 manet,
3325 2966 3380 3011 et
3403 2958 3597 3011 mutari
3622 2973 3715 3011 ne-

2145 3057 2273 3122 scit;
2306 3040 2405 3112 nec
2426 3053 2659 3126 prolicit,
2678 3055 2800 3125 quia
2827 3052 3095 3123 perlectus
3119 3060 3220 3114 est,
3251 3064 3351 3104 nec
3369 3050 3567 3112 deﬁcit,
3591 3051 3714 3119 quia

2146 3155 2377 3203 aeternus
2406 3154 2503 3202 est.
3282 3149 3286 3153 ’

2217 3237 2379 3293 Inter.
2413 3236 2689 3303 Quomodo
2714 3244 2797 3303 est
2814 3236 3076 3290 aeternus?
3104 3232 3256 3303 Resp.
3283 3232 3415 3299 Quia
3446 3231 3561 3286 sine
3576 3238 3714 3285 tem—

2148 3343 2277 3398 pore
2304 3336 2404 3391 est,
2434 3343 2538 3383 non
2564 3329 2708 3383 enim
2731 3330 2892 3393 habet
2913 3328 3141 3389 initium,
3173 3324 3564 3394 neque‘ﬁnem;
3593 3323 3715 3377 hinc

2148 3429 2201 3473 et
2229 3420 2604 3488 sempiternus,
2637 3435 2703 3473 eo
2732 3419 2873 3489 quod
2895 3419 2966 3471 sit
2990 3432 3198 3485 seraper
3223 3425 3472 3470 aeternus.

2218 3508 2382 3562 Inter.
2415 3508 2563 3563 Unde
2594 3509 2790 3563 dicitur
2830 3506 3102 3560 aeternus?
3132 3504 3285 3573 Resp.
3322 3504 3363 3557 Λ
3400 3506 3715 3574 quibusdam

2149 3606 2327 3652 autem
2354 3604 2589 3652 aeternus
2614 3596 2682 3650 ab
2718 3596 2903 3650 ethere
2948 3593 3185 3648 creditur
3229 3593 3423 3658 dictus,
3466 3594 3716 3662 quoniam

2148 3689 2344 3744 coelum
2371 3690 2525 3745 sedes
2551 3689 2667 3758 ejus
2692 3689 2949 3753 habetur;
2982 3685 3120 3741 unde
3147 3694 3200 3740 et
3228 3686 3352 3740 illud
3373 3706 3384 3738 :
3404 3683 3597 3739 Caium
3621 3703 3719 3737 ctr-

2150 3780 2187 3831 li
2214 3780 2436 3834 Domino
2463 3777 2632 3849 (Psal.
2655 3793 2805 3843 (λιιι,
2837 3779 3018 3843 16),οι
3047 3776 3140 3830 rel.

2221 3871 2383 3925 Inter.
2424 3873 2601 3938 Quare
2639 3871 2833 3926 dicitur
2864 3868 3176 3923 invisibilis?
3224 3865 3373 3935 Resp.
3399 3865 3532 3932 Quia
3583 3880 3715 3918 nun-

2149 3977 2309 4030 quam
2326 3976 2421 4030 per
2437 3959 2788 4015 substantiam
2803 3974 2954 4010 suam
2970 3955 3214 4025 apparuit
3229 3952 3396 4007 oculis
3413 3950 3711 4007 mortalium

2151 4051 2407 4115 Trinitas,
2436 4050 2537 4103 nisi
2562 4064 2660 4119 per
2704 4048 2933 4116 speciem
2974 4044 3224 4111 subjectzc
3271 4052 3532 4099 creatum
3573 4058 3713 4095 eam-

2151 4142 2377 4210 demque
2421 4139 2601 4212 [Isid.,
2632 4137 2999 4209 ejusdemque]
3042 4152 3341 4206 corporetc;
3384 4150 3509 4189 nam
3561 4148 3715 4189 nemo

2150 4242 2327 4303 potest
2361 4234 2530 4302 ipsam
2560 4230 3041 4287 manifestationem
3073 4228 3318 4285 essentne
3342 4228 3435 4283 Dei
3458 4228 3641 4282 videre
3664 4238 3712 4281 et

2149 4330 2349 4390 vivere,
2369 4327 2508 4381 sicut
2532 4334 2583 4380 et
2608 4326 2807 4380 dictum
2829 4334 2913 4378 est
2926 4323 3109 4393 Moysi.
3138 4321 3285 4377 Unde
3308 4329 3361 4375 et
3380 4320 3638 4374 Dominus
3662 4322 3713 4371 in

2154 4417 2436 4487 Evangelio
2459 4417 2587 4469 dicit
2614 4434 2627 4468 :
2672 4416 2835 4468 Deum
2880 4430 3027 4468 nemo
3052 4413 3177 4466 vidit
3214 4427 3439 4481 unquam
3467 4408 3643 4479 (Joan.
3673 4426 3711 4468 ι.

2152 4511 2260 4580 18).
2290 4508 2393 4563 Res
2422 4514 2505 4561 est
2528 4507 2669 4559 enim
2700 4506 2998 4565 invisibilis,
3038 4504 3263 4571 ideoque
3291 4519 3395 4555 non
3423 4500 3595 4564 oculo,
3622 4503 3713 4556 sed

2149 4600 2309 4655 corde
2337 4596 2652 4667 quaerendus
2677 4602 2777 4648 est.

2222 4697 2383 4751 Inter.
2416 4693 2691 4761 Quomodo
2724 4701 2806 4748 est
2831 4682 3205 4762 impassibilis?
3230 4690 3381 4761 Resp.
3425 4690 3561 4758 Quia
3600 4694 3714 4747 nul-

2152 4792 2215 4844 lis
2244 4784 2734 4859 perturbationibus
2754 4784 2998 4847 aliicitur,
3027 4786 3221 4854 quibus
3245 4784 3505 4857 fragilitas
3528 4787 3715 4841 huma-

2153 4897 2219 4935 na
2251 4876 2590 4953 succumbit;
2622 4866 2893 4929 non'enim
2922 4876 3189 4948 attingunt
3208 4892 3330 4932 eum
3360 4878 3479 4931 ulla:
3510 4876 3717 4945 passio—

2151 4984 2263 5032 nes,
2290 4974 2348 5019 ut
2372 4965 2555 5029 libido,
2584 4965 2874 5029 iracundia,
2906 4966 3189 5036 cupiditas,
3225 4970 3383 5023 timor
3411 4966 3591 5039 [Isid.,
3615 4964 3712 5019 do-

2151 5055 2273 5126 lor],
2292 5068 2516 5118 mceror,
2540 5053 2762 5118 invidia,
2788 5062 3076 5120 et'czetera,
3102 5058 3293 5126 quibus
3307 5070 3456 5109 mens
3478 5055 3710 5108 humana

2155 5146 2417 5200 turbatur.
2443 5142 2547 5200 Sed
2566 5159 2686 5198 cum
2704 5145 2899 5200 dicitur
2929 5145 3067 5200 Deus
3094 5146 3268 5207 irasci,
3299 5154 3389 5197 aut
3414 5143 3593 5209 zelari,
3622 5157 3708 5200 aut

2153 5234 2351 5300 dolere,
2387 5242 2570 5289 nostro
2594 5250 2695 5289 usu
2715 5236 2927 5290 dicitur.
2972 5233 3121 5302 Apud
3146 5234 3308 5288 Deum
3332 5235 3473 5287 enim
3494 5244 3707 5303 pertur’

2154 5324 2297 5379 batio
2318 5324 2458 5377 nulla
2482 5332 2586 5390 est,
2629 5326 2767 5395 apud
2786 5339 2943 5395 quem
2975 5322 3329 5392 tranquillitas
3369 5337 3575 5377 summa
3606 5337 3708 5379 est.

2223 5415 2383 5469 Inter.
2408 5414 2584 5481 Quare
2614 5426 2835 5472 vocatur
2858 5414 3115 5483 simplex?
3141 5414 3291 5483 Resp.
3323 5415 3557 5485 Simplex
3580 5418 3705 5471 diri~
