4254 6214
639 94 801 193 ἰιιι

1473 149 1528 203 Β.
1570 149 1896 207 l"._Al.Bl.\'l
1941 152 2071 209 SEU
2110 153 2386 210 ALL'L'INI
2427 159 2714 218 OPERUM
2756 161 2935 220 PARS
2976 164 3104 220 VIII.

3802 173 3955 230 Ill!

569 263 574 269 ‘
669 262 757 306 tur
800 255 915 310 sive
970 272 1073 309 non
1115 260 1412 313 amittendo
1458 264 1601 329 quod
1631 263 1813 327 habet,
1842 280 1935 319 seu
1979 265 2106 333 quia
2152 281 2255 319 non
2288 269 2333 329 Α
2364 272 2517 327 nobis
2548 273 2740 330 faciem
2791 288 2973 344 tuam;
3009 295 3071 335 ac
3100 282 3146 335 si
3170 280 3380 336 dicatur
3411 303 3421 336 :
3457 284 3531 339 Da
3560 286 3714 341 nobis
3751 292 3950 359 cogni—

665 348 807 401 aliud
839 358 921 401 est
952 351 1082 418 ipse,
1110 362 1165 404 et
1191 352 1332 404 aliud
1360 354 1502 421 quod
1534 356 1586 406 in
1613 355 1727 421 ipso
1755 365 1871 418 est;
1908 356 2045 409 sicut
2070 357 2121 409 in
2152 358 2248 435 ho-

2358 362 2556 416 tioneni
2588 374 2755 419 tuam.
2790 366 2881 422 Sic
2903 378 2956 423 et
2980 371 3194 440 vestigia
3222 370 3317 425 Dei
3344 372 3612 439 dicuntur,
3642 378 3767 447 quia
3791 396 3947 434 nunc

668 438 836 501 mine,
864 441 1018 509 cujus
1044 443 1434 508 alindestesse,
1453 446 1665 499 etalind
1683 462 1895 514 sapere,
1920 462 2043 500 nam
2061 457 2116 500 et
2134 464 2253 503 esse
2356 451 2496 504 Deus
2524 468 2621 521 per
2656 457 2929 524 speculum
2958 438 3303 527 cognoscitur
3328 477 3343 525 ;
3385 462 3451 516 ad
3482 438 3779 533 perfectum
3805 482 3946 522 vero

666 539 861 598 potest,
887 539 941 583 et
962 532 1176 601 sapiens
1207 547 1310 585 non
1334 549 1486 598 esse;
1517 535 1657 589 Deus
1683 545 1860 589 autem
1886 536 2049 589 habet
2066 551 2249 589 essen-

663 620 814 685 tiam,
843 622 1003 675 habet
1025 633 1079 676 et
1098 623 1436 690 sapientiam,
1460 625 1554 678 sed
1581 640 1700 692 qua:
1726 625 1910 689 habet,
1935 624 2037 679 hoc
2061 634 2115 679 et
2142 636 2244 689 est,

659 724 715 766 et
736 714 917 767 omnia
946 731 1082 768 unus
1105 724 1206 775 est,
1234 730 1297 770 ac
1326 718 1549 785 proinde
1591 717 1817 785 simplex
1841 726 1943 779 est,
1974 717 2100 786 quia
2139 732 2244 770 non

658 803 711 857 in
736 817 801 858 eo
828 804 1028 875 aliquid
1052 807 1345 861 accidentis
1371 816 1475 871 est,
1505 806 1595 861 sed
1625 817 1679 860 ct
1710 808 1852 877 quod
1884 816 1990 871 est,
2020 808 2242 876 etquod

658 895 710 949 in
738 895 850 965 ipso
869 905 973 960 est,
999 897 1361 951 essentialiter
1386 908 1491 961 est,
1520 907 1749 966 excepto
1773 894 1915 967 quod
1936 895 2241 950 relativead

652 1002 1029 1056 quamcunque
1068 1002 1353 1057 personam
1390 996 1490 1040 est.
1538 987 1820 1045 Summum
1864 976 2083 1049 bonum,
2116 988 2239 1056 quia
2280 984 2285 987 ’

652 1076 1108 1134 incommutabilis
1132 1087 1245 1142 est;
1285 1087 1534 1132 creatura
1573 1093 1702 1132 vero
1740 1079 1959 1143 bonum,
1998 1080 2091 1133 sed
2132 1090 2267 1132 non'

650 1183 919 1229 summum
944 1179 1047 1234 est,
1068 1172 1191 1239 quia
1226 1170 1503 1243 mutabilis
1528 1179 1639 1234 est;
1664 1179 1718 1223 et
1740 1170 1866 1224 dum
1912 1170 1983 1224 sit
2021 1169 2235 1247 quidem

568 1323 573 1328 τ
646 1260 865 1325 bonum,
898 1276 1002 1314 non
1034 1269 1210 1315 tamen
1241 1276 1361 1315 esse
1393 1269 1569 1331 potest
1588 1270 1641 1314 et
1662 1274 1952 1314 Stlllllmllll.

717 1349 879 1405 Inter.
914 1352 1091 1418 Quare
1112 1352 1312 1407 dicitur
1333 1350 1722 1421 incorporeus?
1747 1348 1896 1419 Resp.
1917 1348 2040 1404 Ideo
2054 1350 2233 1405 incor-

642 1457 859 1513 poreus,
900 1444 984 1498 vel
1038 1443 1393 1513 incorporalis
1444 1443 1585 1497 Deus
1634 1441 1853 1506 dicitur,
1896 1451 1954 1495 ut
2014 1442 2234 1511 spiritus

641 1534 914 1599 credatur,
949 1534 1030 1589 vel
1070 1534 1417 1605 intelligatur,
1458 1542 1639 1587 etnon
1673 1547 1889 1601 corpus.
1930 1531 2064 1585 Nam
2104 1532 2230 1587 dum

638 1624 839 1678 dicitur
859 1626 1096 1694 spiritus,
1128 1625 1245 1694 ejus
1269 1624 1604 1694 signiﬁcatur
1631 1621 1952 1676 substantia.

708 1710 875 1765 Inter.
906 1714 1082 1779 Quare
1114 1714 1411 1767 inuncnsus
1438 1710 1770 1781 appellatur?
1799 1710 1951 1780 Resp.
1980 1710 2115 1774 Quia
2139 1710 2227 1765 ille

635 1813 827 1856 euneta
852 1803 1146 1868 concludit,
1169 1813 1225 1857 et
1250 1820 1278 1857 a
1311 1803 1525 1857 nemine
1540 1800 1907 1864 concluditur,
1927 1801 2021 1855 sed
2041 1801 2222 1856 omnia

636 1892 774 1945 intra
798 1894 915 1963 ejus
943 1896 1235 1963 potentiam
1263 1903 1629 1951 coarctantur.

674 1980 869 2035 -Inter.
903 1980 1082 2049 Quare
1115 1982 1315 2037 dicitur
1348 1981 1656 2051 perfectus?
1702 1982 1858 2053 Resp.
1905 1984 2039 2050 Quia
2093 1983 2221 2038 nihil

630 2074 800 2141 possit
824 2074 872 2127 ei
904 2072 1083 2142 adjici.
1114 2067 1367 2129 Attamen
1401 2075 1468 2130 de
1496 2076 1960 2131 consummatione
1988 2076 2221 2145 alicujus

629 2162 757 2215 facti
786 2162 1043 2230 perfectio
1080 2164 1293 2218 dicitur.
1341 2163 1503 2217 Inter.
1553 2166 1694 2220 Deus
1741 2175 1939 2229 autem,
1992 2168 2082 2235 qui
2114 2182 2219 2220 non

627 2263 714 2308 est
774 2252 963 2315 factus,
1007 2257 1275 2324 quomodo
1328 2266 1505 2325 potest
1546 2273 1667 2313 esse
1714 2257 2019 2329 perfectus?
2065 2258 2214 2329 Resp.

630 2346 741 2400 Hoc
773 2347 1088 2401 vocabulum
1119 2364 1181 2401 ex
1217 2364 1313 2401 usu
1359 2358 1543 2402 nostro
1586 2350 1817 2419 sumpsit
1843 2350 2076 2403 humana
2104 2351 2219 2403 ino-

626 2438 733 2506 pia,
764 2438 902 2491 sicut
928 2446 979 2490 et
1014 2436 1213 2506 reliqua
1244 2435 1461 2507 herba,
1503 2445 1769 2507 quatenus
1810 2437 1879 2501 id,
1912 2438 2054 2506 quod
2086 2438 2218 2492 inef-

624 2528 783 2582 fabile
812 2539 925 2594 est,
958 2539 1229 2600 utcunque
1258 2530 1360 2584 diei
1388 2531 1559 2601 possit
1583 2530 1690 2601 (Ea:
1719 2529 1884 2600 Isid.)
1904 2528 1940 2601 ].

695 2620 861 2675 Inter.
895 2620 1075 2687 Quare
1094 2622 1235 2676 idem
1280 2631 1507 2677 vocatur
1541 2622 1795 2677 creator?
1837 2620 1993 2691 Resp.
2031 2621 2215 2675 Dictus

618 2721 706 2769 est
730 2714 876 2769 enim
903 2724 1117 2769 creator
1137 2730 1235 2785 pro
1256 2716 1426 2769 totius
1442 2713 1625 2769 mundi
1652 2713 1814 2769 rebus
1836 2714 1905 2766 ab
1925 2713 2043 2782 ipso
2064 2727 2215 2766 crea-

621 2806 723 2869 tis;
769 2802 899 2857 nihil
936 2804 1080 2858 enim
1109 2814 1215 2867 est,
1240 2807 1383 2875 quod
1419 2819 1526 2859 non
1552 2803 1819 2874 originem
1842 2817 1872 2856 a
1897 2802 2006 2857 Deo
2030 2810 2209 2857 traxe-

618 2897 709 2949 rit.
743 2894 859 2964 lpse
883 2903 937 2950 et
960 2910 1117 2959 unus,
1142 2896 1265 2966 quia
1300 2894 1463 2949 dividi
1495 2910 1600 2949 non
1622 2902 1817 2964 potest,
1852 2892 1935 2947 vel
1968 2894 2093 2963 quia
2130 2894 2210 2947 ni-

618 2986 692 3040 hil
710 2986 849 3041 aliud
863 3002 981 3042 essc
996 2964 1193 3058 potest,
1211 2988 1353 3057 quod
1369 2988 1702 3042 tantumdem
1714 2986 1893 3055 capiat
1904 2986 2206 3055 potestatis.
2238 2964 2284 3025 θ

689 3077 814 3133 Πιεε
840 3080 1023 3150 igitur,
1056 3095 1175 3149 quin
1211 3081 1278 3133 de
1319 3080 1429 3135 Deo
1469 3080 1746 3148 hucusque
1778 3077 1919 3131 dicta
1951 3084 2097 3141 sunt,
2144 3077 2207 3130 ad

620 3178 783 3221 totam
808 3172 1076 3239 pertinent
1100 3170 1421 3223 Trinitatem
1457 3179 1674 3239 propter
1708 3183 1869 3221 unam
1900 3178 1957 3223 et
1989 3177 2211 3225 coaeter-

619 3276 740 3314 nani
758 3263 1137 3325 substantiam,
1163 3263 1275 3315 sive
1297 3262 1347 3315 in
1372 3260 1552 3323 Patre,
1570 3260 1683 3314 sive
1706 3260 1758 3313 in
1777 3259 1912 3313 Filio
1951 3258 2068 3327 ejus
2094 3260 2208 3312 uni-

516 3378 527 3387 ·
614 3356 795 3425 genito
818 3358 868 3409 in
894 3356 1063 3409 forma
1088 3355 1203 3421 Dei,
1223 3356 1336 3409 sive
1355 3354 1407 3407 in
1434 3354 1638 3423 Spiritu
1663 3362 1872 3415 saneto,
1911 3353 2038 3422 quia
2072 3368 2210 3406 unus

616 3449 850 3517 Spiritus
869 3459 952 3503 est
980 3448 1068 3503 Dei
1096 3448 1271 3502 Patris
1295 3456 1350 3501 ct
1372 3444 1491 3499 Filii
1514 3443 1630 3513 ejus
1651 3444 1914 3513 unigeniti

688 3538 852 3592 Inter.
878 3539 1027 3595 Nunc
1049 3538 1335 3593 voluissem
1359 3537 1521 3600 scire,
1558 3536 1602 3591 si
1630 3535 1861 3604 amplius
1882 3534 1948 3593 de
1981 3535 2210 3595 nomini-

614 3630 715 3681 bus
759 3628 851 3679 Dei
896 3644 1058 3682 ausus
1099 3643 1274 3682 essem
1322 3626 1679 3695 investigare?
1707 3624 1857 3694 Resp.
1898 3624 1969 3679 Es
2002 3625 2205 3694 utique.

612 3717 641 3773 I
651 3728 781 3770 uter.
806 3716 920 3783 Qua
936 3730 1008 3771 ra?
1021 3718 1140 3772 ione
1154 3718 1176 3769 ?
1199 3716 1355 3785 Resp.
1380 3715 1518 3771 Sunt
1537 3715 1699 3770 etiam
1715 3715 1960 3784 quzedam
1976 3716 2209 3770 vocabu-

613 3809 663 3862 la
687 3824 751 3862 ex
776 3824 871 3861 usu
896 3817 1079 3862 nostro
1101 3808 1167 3861 ad
1190 3808 1359 3861 Deum
1376 3817 1588 3876 sumpta
1608 3805 1675 3862 de
1699 3805 1959 3861 membris
1983 3806 2204 3871 nostris,

614 3902 728 3955 sive
746 3902 811 3955 de
829 3899 1193 3955 inferioribus.
1222 3898 1287 3952 Et
1310 3898 1434 3966 quia
1453 3899 1502 3951 in
1521 3897 1737 3967 propria
1752 3904 1947 3951 natura
1961 3896 2207 3951 invisibi-

614 3991 680 4045 lis
700 4001 753 4045 et
774 3993 1121 4061 incorporeus
1136 3998 1238 4054 est.
1259 4005 1357 4061 pro
1388 3988 1688 4044 eﬂicientiis
1713 3996 1888 4043 tamen
1911 4004 2202 4045 causarum

617 4086 668 4136 in
696 4085 809 4153 ipso
834 4098 1014 4138 rerum
1033 4083 1238 4152 species
1253 4081 1655 4147 adscribuntur,
1675 4090 1733 4139 ut
1749 4095 1900 4137 more
1915 4080 2206 4138 locutionis

615 4185 812 4229 nostra:
832 4176 1039 4231 facilius
1059 4176 1294 4245 seipsum
1317 4176 1574 4230 insinuet.
2076 4234 2083 4241 _

686 4264 850 4320 Inter.
874 4266 945 4323 Ut
970 4262 1073 4321 hoc
1096 4267 1395 4335 intelligere
1424 4267 1652 4335 possim,
1698 4266 1945 4332 obsecro,
1975 4274 2036 4319 ut
2065 4266 2198 4321 mihi

616 4356 855 4411 indicare
882 4370 986 4409 non
1028 4354 1261 4409 renuas?
1293 4353 1449 4423 Resp.
1486 4353 1620 4420 Quia
1645 4355 1827 4409 omnia
1858 4354 2007 4411 videt
2029 4362 2201 4418 recte,

612 4447 813 4500 dicitur
826 4444 1013 4500 oet-lus
1032 4462 1045 4508 ;
1074 4453 1292 4515 propter
1306 4443 1449 4514 quod
1464 4443 1641 4497 omnia
1665 4443 1814 4499 audit
1829 4450 1996 4507 recte,
2010 4442 2209 4497 dicitur

613 4538 787 4602 aui-is;
808 4551 906 4607 pro
927 4552 1012 4601 eo,
1040 4535 1183 4606 quod
1207 4534 1493 4597 avertitur,
1514 4533 1676 4604 425
1700 4533 1972 4598 ambulat;
1997 4547 2097 4602 pro
2116 4546 2203 4597 eo,
2240 4592 2251 4601 .

613 4628 755 4695 quod
775 4636 1072 4698 exspectat,
1095 4634 1231 4691 stat;
1253 4626 1330 4680 sic
1351 4634 1407 4679 et
1422 4626 1473 4679 in
1494 4624 1705 4679 eteteris
1728 4626 1917 4679 borum
1940 4624 2207 4679 similibus

612 4720 681 4772 ab
706 4719 953 4775 humanis
978 4721 1212 4775 motibus
1231 4718 1386 4791 [Isid.
1407 4759 1421 4783 ,
1444 4716 1742 4789 mentibus]
1764 4716 1998 4771 trahitur
2017 4716 2208 4771 simili—

614 4807 742 4861 tudo
776 4808 841 4861 ad
871 4809 1060 4873 Deum,
1107 4812 1247 4868 sicut
1275 4820 1357 4865 est
1396 4810 1722 4867 obliviscens
1764 4816 1820 4864 ct
1856 4822 2199 4873 memorans;

614 4899 739 4954 hinc
772 4908 874 4964 est,
914 4903 1057 4969 quod
1088 4913 1144 4958 et
1175 4904 1442 4973 Propheta
1486 4904 1619 4959 dicit
1650 4922 1663 4957 :
1697 4901 1907 4956 Iuravit
1944 4900 2201 4956 Dominus

614 4993 930 5046 exercituum
954 5009 1045 5062 per
1063 4995 1292 5049 animam
1313 5011 1460 5049 suam
1485 4994 1617 5064 (Ier.
1643 5010 1716 5058 LI.
1746 4993 1851 5064 Η).

684 5083 848 5137 Inter.
884 5082 1164 5149 Quomodo
1194 5098 1290 5151 per
1318 5084 1552 5139 animum
1572 5083 1786 5152 jurasse
1818 5084 2043 5149 dicitur,
2073 5097 2197 5139 cum

615 5175 756 5233 Deus
804 5180 1038 5234 animam
1090 5194 1195 5231 non
1235 5176 1441 5230 habet?
1504 5174 1653 5243 Resp.
1691 5175 1804 5228 lloc
1850 5185 2038 5231 nostro
2068 5192 2196 5231 nar-

618 5283 701 5325 rat
727 5272 916 5327 ell'cctu
941 5288 955 5332 ;
985 5272 1125 5325 sicut
1177 5279 1230 5322 ct
1262 5267 1429 5321 facies
1462 5266 1554 5319 Dei
1588 5266 1639 5321 in
1672 5264 1969 5334 Seripturis
1995 5267 2198 5323 sanctis

618 5375 722 5412 non
750 5376 897 5423 caro,
935 5360 1028 5413 sed
1057 5359 1239 5414 divina
1269 5355 1505 5425 cognitio
1538 5354 1871 5425 intelligitur,
1890 5356 2078 5411 eadem
2109 5372 2194 5411 ra-

620 5450 785 5510 tione,
823 5451 947 5518 quia
975 5465 1073 5517 per
1123 5449 1313 5503 fat-ient
1346 5453 1689 5515 conspectam
1721 5446 1949 5517 quisque
2000 5462 2196 5518 cogno-

621 5540 798 5594 scitur.
837 5538 943 5591 ll0e
971 5540 1112 5592 enim
1160 5540 1209 5591 in
1236 5537 1475 5591 oratione
1530 5537 1637 5591 Deo
1694 5535 1926 5591 dicitur:
1960 5537 2194 5593 Ostende

2350 540 2689 616 omnipotens
2741 546 3058 615 reperietur,
3094 547 3221 602 dum
3271 549 3321 602 in
3354 550 3533 605 futuro
3577 553 3713 608 faeie
3750 550 3818 608 ad
3847 558 3941 610 fr.-

2350 631 2487 685 ciem
2518 632 2819 704 quibusque
2853 637 3037 691 electis
3063 640 3497 707 pncscntabitur,
3529 651 3587 697 ut
3618 645 3788 714 ipsam
3814 662 3953 716 spe-

2346 720 2483 774 ciem
2511 724 2963 795 contemplentur,
3019 727 3173 796 cujus
3224 747 3366 786 nunc
3413 734 3639 805 vestigia
3670 752 3937 807 compre-

2344 810 2581 868 hendere
2613 826 2899 881 conantur,
2926 818 3027 873 hoc
3052 829 3155 885 est,
3193 838 3357 891 quem
3398 825 3581 880 videre
3608 842 3704 896 per
3733 843 3935 897 specu-

2342 899 2452 953 lum
2483 902 2755 958 dicuntur.
2813 906 2948 961 Nam
2976 918 3031 962 et
3060 910 3197 963 situs
3238 920 3291 965 et
3321 914 3562 978 habitus,
3595 924 3649 969 et
3695 915 3847 970 locus
3870 927 3933 972 et

2342 998 2554 1059 tempus
2584 1008 2690 1051 non
2738 994 2792 1049 in
2825 995 2935 1053 Deo
2964 1000 3205 1068 proprie,
3250 1003 3343 1055 sed
3369 1019 3466 1072 per
3518 1005 3928 1063 similitudinem

2341 1081 2598 1137 translata
2651 1085 2943 1154 dicuntur;
2982 1091 3179 1160 quippe
3223 1093 3401 1147 sedere
3452 1113 3613 1165 super
3654 1096 3927 1155 Cherubin

2338 1167 2558 1235 dicitur,
2589 1174 2730 1241 quod
2762 1184 2849 1229 est
2879 1179 2946 1231 ad
2995 1179 3157 1232 situm
3184 1198 3199 1240 :
3231 1189 3286 1234 et
3315 1199 3327 1235 :
3368 1184 3625 1253 Abyssut
3668 1196 3924 1257 tanquam

2338 1259 2691 1315 vestimentum
2722 1265 2944 1319 amictus
2969 1266 3139 1337 (Psal.
3165 1284 3281 1333 cui,
3308 1271 3384 1337 6),
3410 1273 3553 1341 quod
3576 1282 3659 1327 est
3679 1275 3745 1329 ad
3770 1275 3925 1330 habi-

2338 1358 2446 1404 tum
2473 1367 2487 1416 ;
2529 1361 2585 1405 et
2608 1367 2623 1405 :
2650 1353 2788 1407 Anni
2814 1356 2891 1409 tui
2920 1373 3025 1411 non
3054 1359 3295 1428 deﬁcient
3321 1360 3493 1433 (Psal.
3531 1380 3605 1427 et,
3636 1364 3749 1437 28),
3771 1366 3919 1435 quod

2335 1440 2403 1493 ad
2433 1450 2643 1510 tempus
2688 1445 2959 1512 pertinet;
3000 1458 3093 1502 et:
3133 1447 3191 1503 Si
3220 1454 3503 1506 ascendere
3552 1454 3605 1507 in
3631 1455 3834 1519 calum,
3858 1468 3917 1508 tu

2332 1530 2439 1584 illic
2477 1548 2529 1586 es
2559 1530 2727 1603 (Psal.
2757 1552 3020 1603 «xxxviii,
3047 1538 3123 1608 8),
3171 1542 3315 1610 quod
3361 1544 3429 1598 ad
3461 1544 3638 1599 locum
3688 1555 3908 1612 manet;

2261 1610 2307 1669 Β
2331 1630 2384 1673 ει
2412 1621 2463 1674 in
2511 1620 2801 1692 Propheta,
2831 1625 3058 1694 plaustri
3085 1631 3353 1697 portantis
3384 1631 3568 1697 fenum
3612 1636 3820 1704 Species
3842 1610 3913 1693 ad

2327 1712 2494 1765 Deum
2532 1712 2729 1769 dicitur
2759 1735 2770 1769 :
2800 1726 2855 1770 et
2896 1719 3011 1773 lucc
3060 1722 3238 1775 omnia
3289 1737 3387 1792 per
3407 1724 3635 1795 ﬁguram
3687 1727 3908 1794 dicitur,

2327 1808 2451 1873 quia
2499 1806 2631 1860 nihil
2680 1818 2763 1863 est
2807 1810 3001 1865 horum
3046 1812 3112 1867 ad
3156 1816 3540 1884 proprietatem
3596 1819 3911 1875 substantia:

2325 1894 2459 1963 ejus.
2501 1894 2625 1951 Haec
2678 1899 2768 1952 tibi
2818 1900 2886 1955 de
2922 1901 3013 1957 Dei
3069 1905 3375 1962 nominibus
3428 1908 3704 1979 hucusque
3760 1912 3913 1967 sum-

2325 1998 2488 2040 CIIII".

2954 2107 3181 2176 CAPUT
3219 2108 3280 2163 V.

2323 2238 2385 2277 DE
2408 2239 2501 2277 Slix
2525 2241 2803 2283 :ETATIBCS
2825 2246 3011 2294 HUNDI,
3037 2246 3071 2283 Ι
3087 2246 3256 2287 υοιιιε
3276 2247 3644 2291 νιιιειιεετῑτ
3672 2253 3903 2293 μικοιιιε.

2395 2342 2559 2397 Inter.
2600 2344 2724 2400 Haec
2767 2348 2897 2400 mihi
2933 2348 3227 2415 sufﬁciunt,
3278 2352 3372 2407 sed
3395 2354 3652 2422 quoniam
3682 2371 3711 2410 a
3738 2372 3900 2411 sena-

2320 2436 2400 2487 rio
2424 2451 2649 2497 numero
2678 2438 2794 2492 haec
2819 2438 3113 2509 disputatio
3149 2452 3333 2497 nostra
3360 2445 3525 2517 empit
3555 2447 3785 2507 initium,
3820 2448 3903 2500 in-

2318 2526 2595 2594 quinatus
2621 2542 2687 2583 ex
2720 2540 2874 2597 parte
2924 2532 3188 2587 rationem
3220 2550 3313 2591 sex
3346 2547 3565 2593 aetatum
3594 2538 3776 2593 mundi
3803 2554 3816 2602 ;
3847 2548 3903 2592 ct

2317 2630 2436 2682 qua:
2462 2632 2649 2672 earum
2688 2621 2828 2675 ratio
2875 2622 2964 2686 sit,
3002 2632 3057 2677 ct
3080 2633 3209 2695 quot
3236 2629 3632 2696 generationes,
3664 2628 3747 2682 vel
3770 2640 3902 2697 quot

2316 2709 2441 2760 anni
2475 2709 2524 2761 in
2555 2725 2873 2781 unaquaque
2900 2727 3087 2768 earum
3135 2718 3535 2783 contineantur,
3566 2727 3625 2772 ut
3665 2718 3903 2774 breviter

2318 2798 2446 2851 mihi
2474 2814 2713 2869 exponas
2753 2804 3000 2858 obsecro.
3042 2804 3192 2875 Resp.
3237 2806 3311 2885 De
3343 2808 3778 2877 generationibus
3808 2826 3898 2863 ea-

2317 2908 2454 2955 rum,
2505 2903 2665 2962 prout
2719 2896 2954 2949 donante
2992 2897 3219 2952 Domina
3269 2902 3493 2969 possim,
3553 2902 3897 2968 solvam;de

2315 2983 2473 3037 annis
2496 3000 2643 3049 vero,
2673 2985 2811 3039 sicut
2840 2988 3004 3051 nosti,
3049 2988 3248 3043 diversi
3279 2991 3491 3045 diversa
3518 2994 3777 3056 sentiunt,
3812 3002 3896 3045 at-

2316 3082 2494 3128 tamen
2540 3073 2697 3144 juxta
2744 3077 2887 3147 quod
2921 3094 2987 3133 ex
3020 3078 3149 3150 ipsis‘
3188 3081 3427 3138 invenire
3458 3084 3620 3149 valui,
3647 3092 3749 3137 tum
3782 3083 3894 3137 fra-

2316 3161 2553 3218 ternitati
2584 3167 2937 3235 respondebo.
2964 3168 3145 3225 Prima
3170 3180 3303 3225 aetas
3335 3171 3453 3235 fuit,
3488 3173 3591 3226 nisi
3622 3171 3795 3238 fallor,
3822 3174 3893 3228 ab

2312 3254 2482 3308 Adam
2534 3270 2701 3322 usque
2747 3258 2814 3309 ad
2865 3257 3010 3322 Noe,
3063 3261 3345 3315 continens
3400 3264 3774 3329 generationes
3825 3281 3892 3328 ιι,

2312 3358 2481 3397 annos
2512 3345 2806 3400 secundum
2857 3347 3110 3403 ﬂebueos
3137 3347 3238 3405 inc
3260 3367 3366 3406 va.
3400 3352 3717 3420 Secundum
3749 3356 3891 3411 LXX

2313 3436 2639 3505 interpretes
2660 3440 2780 3490 iicc
2808 3453 2933 3492 xui.
2962 3438 3209 3495 Secunda
3241 3458 3271 3495 a
3298 3441 3408 3497 Noe
3426 3460 3599 3514 usque
3622 3446 3688 3499 ad
3719 3446 3890 3499 Abra-

2312 3528 2462 3591 ham,
2487 3528 2771 3584 contiuens
2796 3530 3043 3584 similiter
3066 3534 3441 3603 generationes
3466 3553 3523 3599 Χ,
3563 3552 3733 3591 annos
3761 3538 3888 3606 jux-

2312 3626 2363 3672 ta
2403 3616 2643 3674 llebreos
2681 3635 2876 3685 ccxtu,
2914 3622 3068 3690 juxta
3100 3623 3243 3677 LXX
3298 3640 3425 3680 vero
3450 3642 3679 3681 CCLXX".
3707 3626 3889 3679 Tertia

2309 3709 2377 3763 ab
2399 3710 2672 3763 Abraham
2709 3726 2877 3779 usque
2906 3711 2973 3764 ad
3013 3712 3177 3766 David
3204 3717 3579 3783 generationes
3613 3731 3723 3779 λιν,
3756 3717 3885 3769 anni

2308 3798 2605 3851 secundum
2645 3797 2885 3854 llebreos
2914 3816 3206 3855 nccccxut.
3233 3802 3433 3869 Quarta
3462 3820 3492 3859 a
3528 3805 3697 3863 David
3721 3823 3889 3876 usque

2309 3888 2376 3943 ad
2408 3890 2931 3960 transmigrationem
2993 3893 3297 3963 Babylonia:
3350 3900 3729 3955 generationes
3773 3916 3884 3965 xiv,

2307 3981 2433 4034 anni
2460 3982 2617 4051 juxta
2641 3981 2880 4037 llebreos
2900 3999 3208 4040 ccccumv.
3240 3988 3435 4055 Quinta
3462 3990 3691 4061 denique
3716 4006 3888 4061 usque

2305 4076 2370 4130 ad
2393 4075 2680 4131 adventum
2714 4078 2926 4133 Domini
2956 4081 3125 4134 nostri
3170 4079 3297 4136 lesu
3344 4082 3545 4138 Christi
3588 4086 3883 4141 secundum

2303 4183 2519 4222 carnem
2549 4169 2923 4241 generationes
2967 4187 3076 4235 xw,
3112 4172 3241 4226 anni
3288 4188 3417 4227 vero
3446 4174 3603 4243 juxta
3648 4174 3887 4229 Hebreos

2306 4271 2622 4313 nuxxvuu.
2655 4257 2816 4313 Sexta
2848 4260 3131 4327 siquidem,
3164 4276 3284 4329 qua:
3328 4278 3471 4317 nunc
3517 4266 3696 4336 agitur
3740 4265 3884 4321 nulla

2313 4346 2721 4414 generationum
2748 4346 2831 4400 vel
2861 4355 3163 4417 temporum
3182 4351 3319 4406 serie
3340 4348 3511 4420 certa,
3543 4355 3637 4409 sed
3668 4365 3726 4409 ut
3752 4365 3883 4411 tetas

2309 4435 2584 4505 decrepita
2628 4437 2742 4507 ipsa
2795 4440 2955 4494 totius
2994 4442 3173 4496 szecali
3212 4456 3386 4501 morte
3432 4446 3684 4504 ﬁnienda.
3746 4450 3885 4506 Ecce

2309 4526 2477 4583 habes
2507 4528 2563 4583 in
2597 4530 2803 4598 paucis,
2841 4548 2961 4602 qua:
3008 4534 3073 4588 de
3126 4538 3375 4594 aetatibus
3430 4540 3615 4595 mundi
3665 4540 3884 4608 majoris

2308 4619 2565 4688 quassisti.

2379 4708 2544 4765 Inter.
2582 4711 2688 4767 Ista
2718 4718 2939 4785 recipio,
2965 4719 3007 4771 si
3040 4725 3218 4772 tamen
3243 4719 3424 4772 dicere
3447 4717 3729 4784 voluisses,
3753 4730 3883 4790 quot

2306 4800 2414 4854 sint
2432 4811 2620 4860 anates
2645 4807 2830 4862 mundi
2885 4808 3153 4863 minoris?
3188 4806 3339 4875 Resp.
3380 4806 3623 4863 Totidem
3650 4815 3794 4875 sunt,
3824 4817 3883 4864 ut

2305 4906 2445 4957 reor,
2479 4905 2611 4964 quot
2640 4904 2694 4950 et
2728 4898 2966 4966 majoris.

2374 4981 2542 5039 Inter.
2584 4987 2651 5041 Et
2677 4988 2721 5043 si
2746 4988 2967 5043 tetidem
2998 4995 3146 5052 sunt,
3195 4987 3462 5056 quomodo
3492 4990 3875 5053 nominantur;

2304 5076 2388 5129 vel
2410 5094 2530 5148 quze
2548 5090 2634 5135 est
2663 5097 2847 5135 earnm
2858 5061 3024 5145 ratio,
3054 5089 3149 5135 aut
3165 5091 3293 5153 quot
3310 5085 3467 5139 annis
3491 5084 3836 5140 continentur
3853 5082 3879 5136 ?

2308 5167 2463 5238 Resp.
2506 5169 2683 5226 Prima
2707 5187 2892 5226 earum
2945 5171 3168 5228 infantia
3205 5183 3288 5230 est
3313 5176 3467 5246 pueri
3517 5176 3787 5231 nascentis
3810 5174 3877 5230 ad

2306 5259 2499 5327 lucem,
2525 5271 2729 5332 septem
2760 5263 3046 5319 continens
3074 5281 3244 5323 annos
3269 5284 3285 5334 ;
3312 5283 3443 5323 nam
3477 5266 3656 5322 infans
3682 5264 3880 5322 dicitur

2304 5352 2466 5407 homo
2502 5355 2688 5424 prima:
2716 5354 2908 5413 anatis.
2940 5370 3007 5411 eo
3055 5359 3197 5428 quod
3229 5361 3407 5414 adhuc
3446 5358 3569 5424 fari,
3601 5358 3655 5414 id
3676 5372 3781 5421 ess,
3802 5354 3880 5411 lo—

2303 5445 2393 5513 qui
2426 5446 2620 5499 nescit.
2656 5444 2900 5499 Secunda
2931 5451 3159 5516 pueritia
3182 5459 3285 5514 est,
3314 5466 3447 5519 pura
3471 5458 3527 5505 et
3549 5448 3779 5506 necdum
3812 5444 3879 5499 ad

2302 5536 2666 5607 generanduni
2693 5543 2833 5605 apta,
2864 5540 3085 5596 tendens
3110 5540 3357 5612 usquead
3375 5557 3462 5599 xiv
3482 5555 3671 5597 annos.
3698 5534 3878 5591 Tertia

4147 5014 4149 5135 ι
