4254 6204
323 159 326 162 ’
415 168 549 226 m3

1309 169 1456 228 OPP.
1495 174 1719 231 DUBlA.
1759 206 1830 217 —
1866 175 2275 234 DlSPUTATl-O
2310 176 2712 234 Ριλειιοιιωι

3499 185 3634 242 ιω

407 284 770 343 adolescentia
785 284 855 340 ad
870 286 1189 358 gignendum
1215 286 1416 353 adulta,
1439 303 1558 358 quae
1577 288 1866 360 porrigitur
1887 305 1972 344 us-
1997 303 2044 358 Α
2072 288 2205 342 hora
2240 285 2360 359 [Ita
2397 287 2554 352 cod-;
2594 287 2692 358 leg.
2732 286 2860 357 ot-a]
2897 299 3021 342 sunt
3068 290 3190 345 linis
3227 291 3423 356 maris,
3449 292 3634 348 lluvio-

410 393 513 448 que
536 377 604 432 ad
628 392 772 433 xxvn
800 393 985 432 annos.
1019 377 1219 445 Quarta
1241 380 1496 450 juventus
1513 381 1821 436 ﬁrmissima
1842 391 1969 434 aeta-

411 478 522 522 tum
535 469 797 542 omnium,
825 468 1014 524 finiens
1036 471 1088 524 in
1110 471 1550 544 quinquagesimo
1573 490 1734 528 anno.
1773 475 1968 540 Quinta

345 565 364 576 "
408 572 542 616 mtas
576 561 758 618 senior
788 570 870 616 est
893 561 1146 632 gravitas,
1171 577 1289 631 quae
1310 572 1394 618 est
1417 554 1700 619 declinatio
1722 581 1753 618 a
1783 566 1970 635 juven-

409 659 524 706 tute
554 651 623 706 ad
663 659 1014 716 senectutem,
1067 653 1300 707 nondum
1349 661 1528 709 tamen
1576 663 1848 718 senectus,
1876 655 1969 712 sed

404 741 516 810 jam
540 741 774 795 nondum
794 740 1083 810 juventus;
1117 742 1231 796 haec
1253 741 1395 797 enim
1429 751 1559 797 tetas
1585 758 1618 798 a
1641 743 1970 815 quinquage-

409 833 546 887 simo
570 847 712 914 anno
767 832 1046 902 incipiens,
1101 831 1156 887 in
1186 834 1578 905 septuagesimo
1626 835 1965 888 terminatur.

411 922 575 977 Sexta
601 931 734 978 tetas
757 933 1030 988 senectus,
1065 937 1186 994 quae
1229 923 1386 991 nullo
1423 938 1684 978 annorum
1731 932 1970 992 tempore

411 1018 614 1082 linitur,
641 1017 734 1072 sed
757 1024 879 1086 post
902 1017 1137 1086 quinque
1159 1014 1276 1072 illas
1293 1023 1481 1071 aetates
1497 1024 1968 1086 quantumcunque

407 1111 531 1164 vitae
555 1118 658 1174 est,
683 1107 945 1164 senectuti
969 1105 1328 1177 deputabitur.

480 1198 644 1252 Inter.
682 1197 820 1265 Quid
847 1197 1001 1252 nobis
1020 1195 1357 1254 sentiendum
1382 1203 1468 1251 est
1483 1195 1550 1251 de
1577 1195 1696 1260 hoc,
1729 1195 1869 1265 quod
1896 1195 1970 1249 lc-

410 1292 553 1361 gitur
583 1291 633 1344 in
662 1290 910 1362 psalmo:
945 1289 1011 1343 Et
1052 1305 1213 1360 usque
1268 1290 1323 1344 in
1371 1299 1635 1344 senectam
1677 1299 1724 1342 et
1766 1289 1968 1343 senium

410 1379 580 1446 (Psal.
612 1396 738 1445 LXX,
771 1379 904 1449 l8)?
939 1377 1095 1450 Resp.
1138 1379 1358 1434 Senium
1402 1379 1544 1433 enim
1586 1394 1712 1449 pars
1735 1386 1818 1433 est
1851 1377 1972 1432 ulti-

407 1486 494 1526 ma
531 1470 822 1525 senectutis
869 1470 1031 1534 dicta,
1069 1470 1213 1538 quod
1258 1471 1329 1524 sit
1361 1472 1618 1525 terminus
1649 1479 1814 1525 sexta:
1843 1478 1970 1524 teta-

406 1562 496 1616 tis.
527 1561 650 1618 llaec
672 1562 736 1617 de
759 1561 1006 1617 aetatibus
1032 1563 1246 1618 habeto.

998 1673 1223 1731 CAPUT
1255 1674 1338 1735 Vl.

852 1780 917 1820 DE
943 1781 1170 1822 RATIONES
1214 1783 1496 1822 TEMPt'tllU‘N
1506 1807 1517 1818 .

475 1877 718 1941 Domine,
746 1877 1000 1945 quoniam
1026 1893 1214 1932 omnes
1241 1885 1425 1933 aetates
1461 1886 1515 1933 et
1536 1879 1716 1933 omnia
1746 1879 1963 1944 stecula,

405 1967 548 2023 sicut
570 1967 770 2038 optime
815 1967 1005 2030 nostis,
1042 1982 1138 2036 per
1185 1967 1395 2050 diversa
1447 1967 1618 2038 Spatia
1667 1967 1966 2037 temporum

405 2070 684 2116 transeunt
729 2067 890 2128 atque
914 2059 1240 2123 discurrunt,
1272 2059 1316 2114 si
1340 2058 1527 2129 placet,
1573 2060 1840 2126 volumus,
1874 2077 1969 2114 au-

406 2150 630 2204 xiliante
655 2150 880 2205 Domino
913 2149 978 2203 de
1011 2149 1213 2204 eisdem
1242 2149 1590 2220 temporibus,
1623 2158 1778 2220 prout
1806 2151 1966 2205 intel-

405 2238 616 2310 ligimus
667 2241 718 2295 in
766 2240 1047 2310 prtescntia
1106 2245 1282 2295 veStra
1330 2240 1528 2311 aliquid
1557 2239 1754 2296 habere
1784 2241 1967 2312 dispu-

406 2331 644 2386 talionis.

473 2421 638 2477 Inter.
680 2422 793 2488 Die,
844 2420 1010 2477 frater
1051 2421 1385 2486 charissime,
1439 2423 1628 2476 horum
1664 2429 1964 2492 temporum

403 2513 542 2574 ratio
567 2514 666 2568 sub
697 2523 826 2582 quot
848 2513 1096 2583 capitulis
1115 2512 1436 2576 continetur,
1461 2512 1514 2565 in
1545 2519 1801 2581 quantum
1825 2528 1966 2568 nunc

403 2603 470 2656 ad
501 2611 740 2656 nostram
785 2601 1020 2672 pertinet
1046 2603 1504 2673 disputationem?
1539 2601 1689 2673 Resp.
1731 2603 1844 2658 Nisi
1874 2601 1968 2658 fal-

403 2690 488 2748 lor
516 2692 615 2748 sub
642 2709 670 2746 x
705 2692 952 2762 capitulis
1002 2693 1297 2749 consistere
1334 2694 1588 2748 cernitur.
1624 2693 1796 2768 .Inter.
1838 2693 1966 2760 Qua:

401 2793 527 2837 sunt
550 2783 709 2838 haec?
747 2782 901 2853 Resp.
945 2781 1183 2838 Primum
1238 2784 1530 2852 capitulum
1564 2792 1646 2839 est
1699 2785 1766 2840 de
1797 2783 1965 2839 Chro—

403 2875 539 2930 nica:
561 2874 839 2941 vocabulo,
859 2873 1150 2929 secundum
1177 2873 1242 2928 de
1264 2875 1548 2928 momentis
1573 2883 1628 2928 et
1655 2874 1822 2940 horis,
1856 2883 1963 2928 ter-

2070 393 2188 432 rum
2214 386 2270 432 et
2289 377 2754 432 vestimentorum.
3709 447 3712 450 ῃ

2137 463 2298 523 Inter.
2326 468 2468 537 Quid
2490 480 2574 524 cst
2600 470 2756 525 dies?
2789 469 2944 540 Resp.
2978 470 3099 526 Dies
3124 479 3209 525 est
3235 474 3520 542 praisentia
3542 489 3634 529 so-

2064 558 2152 626 lis,
2182 562 2296 640 sive
2337 560 2413 617 sol
2440 576 2602 630 supra
2640 569 2834 624 terras,
2883 562 3022 614 sicut
3067 577 3168 616 nox
3215 562 3296 615 sol
3325 562 3425 618 sub
3455 565 3634 620 terris.

2065 648 2230 704 Inter.
2268 649 2586 718 Quomodo?
2624 651 2778 721 Resp.
2812 650 2883 707 Ut
2930 652 3073 706 enim
3125 651 3241 711 dies
3265 661 3356 706 aut
3399 669 3505 706 nox
3542 654 3634 719 sit,

2065 757 2229 799 causa
2257 752 2364 806 est,
2389 755 2449 797 ut
2470 759 2633 812 supra
2674 751 2874 798 terram
2901 743 2981 799 sol
3028 743 3118 808 sit,
3177 752 3269 819 aut
3317 742 3417 798 sub
3447 744 3630 798 terris.

2066 829 2233 886 Inter.
2273 832 2396 886 Dies
2421 841 2552 901 quot
2575 823 2745 887 horas
2762 832 2965 886 habet?
3016 831 3170 899 Resp.
3206 832 3330 887 Dies
3366 833 3636 903 legitimus

2068 937 2194 976 xxxv
2217 922 2472 976 horarum
2492 931 2594 986 est,
2622 935 2792 990 usque
2815 920 2942 974 dum
2965 918 3083 974 dies
3108 930 3163 974 et
3205 936 3310 975 nox
3337 921 3514 990 spatio
3549 921 3631 975 sui

2067 1027 2256 1066 cursus
2284 1011 2352 1065 ab
2371 1011 2578 1066 oriente
2607 1026 2775 1081 usque
2804 1010 2869 1064 ad
2917 1011 3081 1065 alium
3109 1010 3425 1067 orientalem
3466 1011 3636 1066 solem

2067 1101 2187 1156 caeli
2215 1101 2541 1154 volubilitate
2590 1099 2891 1165 concludit;
2929 1115 3053 1154 nam
3095 1099 3316 1154 abusive
3349 1098 3465 1154 dies
3491 1115 3629 1154 unus

2066 1197 2149 1244 est
2181 1190 2413 1259 spatium
2444 1189 2513 1242 ab
2561 1190 2768 1245 oriente
2809 1189 2919 1244 sole
2972 1203 3144 1258 usque
3184 1189 3257 1244 ad
3278 1189 3632 1244 occidentem.

2069 1274 2233 1330 Inter.
2263 1275 2375 1330 Diei
2393 1277 2566 1346 spatia
2585 1285 2715 1346 quot
2739 1279 2905 1331 sunt?
2931 1276 3082 1348 Resp.
3109 1277 3242 1331 Duo.
3274 1276 3437 1330 Inter.
3465 1276 3630 1343 Quae?

2066 1366 2217 1436 Resp.
2241 1367 2643 1432 \lnterdianum,
2692 1374 2746 1418 ct
2769 1373 3111 1429 nocturnum,
3164 1374 3219 1420 et
3250 1373 3332 1420 est
3381 1365 3493 1420 dies
3521 1364 3636 1433 qui.

2066 1459 2188 1513 dem
2226 1458 2479 1513 horarum
2534 1473 2684 1522 xxiv,
2734 1456 2967 1527 spatium
3002 1466 3179 1510 autem
3233 1456 3486 1510 horarum
3533 1471 3629 1510 xu.

2068 1544 2233 1599 Inter.
2265 1545 2416 1600 Unde
2446 1545 2640 1599 dicitur
2664 1545 2820 1599 dies?
2858 1543 3012 1614 Resp.
3067 1542 3299 1599 Vocatus
3346 1552 3430 1598 est
3459 1553 3637 1597 autem

2000 1633 2044 1693 Β
2071 1639 2184 1693 dies
2215 1655 2242 1690 a
2264 1647 2416 1708 parte
2439 1637 2678 1702 meliore,
2711 1636 2850 1690 unde
2871 1636 2996 1690 etin
3029 1651 3126 1690 usu
3155 1644 3252 1699 est,
3283 1643 3340 1688 ut
3361 1633 3475 1689 sine
3496 1649 3638 1688 com.

2071 1727 2456 1780 memoratione
2481 1725 2654 1779 noctis
2681 1739 2962 1779 numerum
3007 1724 3250 1778 dicamus
3277 1724 3503 1786 dierum,
3535 1722 3640 1777 sic-

2068 1826 2127 1870 ut
2152 1825 2206 1872 et
2232 1817 2286 1891 in
2324 1815 2438 1887 lege
2491 1815 2671 1868 divina
2704 1815 2964 1883 scriptum
3004 1823 3124 1868 est:
3168 1811 3391 1865 Factum
3421 1821 3496 1866 est
3527 1828 3638 1866 ves—

2065 1923 2186 1975 pere
2212 1913 2259 1960 et
2285 1922 2436 1958 ntane
2463 1905 2571 1958 dies
2596 1893 2749 1957 imus.
2784 1902 2949 1957 Inter.
2980 1903 3074 1957 Dic
3098 1903 3248 1966 mihi,
3274 1902 3468 1970 quibus
3491 1901 3640 1957 horis

2067 1996 2359 2050 secundum
2405 1994 2847 2050 consuetudinem
2874 1991 3311 2060 .‘uniuscujusquc
3350 1991 3524 2061 gentis
3553 2006 3638 2044 rae

2068 2086 2267 2142 tionem
2321 2085 2535 2138 inchoat
2579 2084 2734 2138 dies?
2772 2083 2927 2153 Resp.
3000 2082 3304 2137 Secundum
3356 2081 3635 2152 ASgyptios

2066 2177 2254 2245 incipit
2288 2174 2355 2228 ah
2397 2189 2595 2230 occasu
2643 2173 2810 2237 solis;
2842 2173 3137 2227 secundum
3197 2171 3390 2226 Persas
3425 2170 3492 2241 ab
3518 2181 3636 2225 ortu

2066 2268 2196 2323 solis
2220 2286 2234 2333 ;
2266 2268 2557 2322 secundum
2579 2265 2935 2322 Athenienses
2965 2279 2995 2318 a
3022 2280 3073 2317 γι
3105 2264 3240 2318 hora
3262 2265 3364 2317 diei
3393 2282 3406 2330 ;
3441 2279 3624 2318 secun-

2066 2360 2192 2413 dum
2249 2358 2520 2413 Romanos
2573 2373 2698 2412 vero
2727 2373 2756 2412 a
2812 2355 2987 2412 media
3039 2363 3218 2420 nocte,
3257 2355 3398 2408 unde
3425 2363 3478 2409 et
3509 2363 3635 2407 tunc

2064 2449 2386 2521 gallicinium
2439 2459 2540 2514 est,
2597 2464 2824 2518 quorum
2877 2464 2979 2503 vox
3009 2447 3112 2503 diei
3163 2446 3399 2503 ostendit
3437 2461 3638 2516 praeco—

2067 2539 2233 2603 nium,
2262 2538 2475 2608 quando
2504 2546 2557 2591 et
2592 2537 2917 2590 ntesonictios
2943 2535 3152 2590 alllatus
3169 2535 3257 2590 sit.
3290 2535 3455 2589 Inter.
3489 2532 3640 2589 Unde

2065 2629 2192 2684 dicti
2230 2637 2354 2683 sunt
2401 2628 2514 2682 dies
2535 2628 2558 2680 ’ἒ
2588 2625 2741 2697 Resp.
2781 2626 2909 2682 Dies
2937 2641 2967 2679 a
2997 2624 3100 2680 diis
3148 2632 3273 2680 sunt
3299 2623 3450 2688 dicti,
3499 2639 3638 2692 quo-

2067 2737 2186 2775 rum
2212 2720 2424 2776 nomina
2461 2719 2688 2775 Romani
2715 2717 3037 2789 quibusdam
3077 2716 3343 2772 sideribus
3395 2731 3640 2770 sacrave-

2067 2817 2209 2863 runt.
2241 2808 2403 2862 Inter.
2433 2808 2547 2876 Qua
2577 2807 2825 2863 ratione?
2862 2805 3012 2877 Resp.
3060 2804 3298 2859 Primum
3328 2804 3470 2859 enim
3495 2804 3634 2858 diem

2069 2917 2098 2955 a
2136 2901 2246 2956 sole
2276 2902 2695 2972 appellaverunt,
2726 2900 2817 2970 qui
2845 2900 3096 2970 princeps
3118 2906 3199 2952 est
3225 2899 3462 2952 omnium
3495 2898 3632 2952 side—

403 2963 536 3059 ‘_i“m
657 2964 866 3030 diebus,
892 2973 1143 3059 (“fanum
1270 2971 1446 3030 “Oder
1469 2964 1717 3059 quium")
1741 2965 1806 3018 de
1987 2978 2035 3041 (Ξ
2069 3007 2208 3058 rum,
2251 2963 2391 3046 sicut
2416 3001 2471 3045 et
2512 2990 2652 3044 idem
2684 2963 2807 3044 dies
2845 2963 3486 3059 caput-est'cunctorum
3518 2988 3631 3043 die-

403 3054 658 3120 domadis,
693 3062 902 3108 sextum
928 3054 993 3108 de
1020 3055 1316 3120 mensibus,
1346 3057 1633 3126 septimum
1681 3053 1747 3107 de
1775 3054 1957 3108 solsti-

319 3195 322 3197 Α
403 3147 490 3201 tiis
517 3155 570 3201 et
592 3145 945 3216 mquinoctiis,
968 3152 1214 3198 octavum
1240 3145 1305 3198 de
1326 3145 1656 3214 temporibus
1679 3145 1825 3208 anni,
1870 3160 1960 3199 no—

403 3253 528 3292 num
550 3239 615 3292 de
658 3237 834 3302 annis,
869 3235 1135 3290 decimum
1165 3235 1229 3290 de
1276 3227 1663 3306 olympiadibus
1697 3244 1750 3289 et
1777 3233 1960 3289 lustris

401 3337 454 3381 et
489 3327 724 3396 jubileis.

475 3419 637 3474 Inter.
672 3421 810 3476 Ecce
834 3422 1104 3491 protulisti
1159 3436 1442 3475 numerum
1475 3429 1529 3474 et
1575 3421 1791 3474 nomina
1817 3420 1961 3489 capi-

402 3511 654 3577 tulorum,
685 3527 828 3567 nunc
858 3520 981 3580 peto
1002 3521 1061 3565 ut
1085 3511 1215 3564 mihi
1240 3512 1447 3581 aperire
1477 3527 1583 3566 non
1616 3527 1830 3575 renuas,
1855 3527 1960 3580 qua

403 3602 582 3674 lingua
631 3600 896 3658 Chronica
947 3601 1285 3673 appellatur?
1325 3600 1478 3673 Resp.
1535 3602 1712 3668 Certe,
1769 3602 1958 3668 frater,

360 3741 362 3744 ,
402 3694 527 3766 quia
553 3693 826 3750 humiliter
853 3694 1033 3764 petisti
1063 3708 1126 3748 ea
1149 3709 1265 3764 qua:
1295 3693 1433 3749 scire
1456 3694 1628 3766 cupis,
1659 3708 1758 3764 ego
1780 3703 1959 3749 autem

404 3785 547 3853 quod
570 3784 806 3856 intelligo
833 3784 1135 3850 amabiliter
1160 3783 1255 3839 tibi
1279 3785 1519 3840 indicare
1539 3785 1713 3856 cupio.
1745 3798 1769 3825 α
1799 3783 1962 3839 Chro-

546 3875 733 3996 lGrzece
754 3876 968 3942 dicitur,
1003 3891 1122 3947 qua:
1144 3875 1307 3931 latine
1333 3884 1632 3947 temporum
1671 3876 1838 3932 series
1862 3889 1960 3946 ap-

402 3957 469 3996 ne
509 3958 539 3996 a
567 3960 649 3996 ur.

400 3957 649 4014 pellatur.

469 4023 635 4110 ἀπ
662 4036 829 4092 Inter.
870 4035 1002 4106 Quis
1029 4051 1147 4093 eam
1199 4036 1540 4107 composuit?
1579 4034 1736 4105 Resp.
1773 4021 1960 4090 Euse-

402 4129 522 4185 bius
547 4125 690 4185 enim
721 4129 1063 4187 Caesariensis
1092 4129 1373 4200 episcOpus
1406 4127 1543 4197 apud
1579 4125 1794 4183 Graecos
1816 4127 1957 4181 illam

400 4225 588 4291 edidit,
613 4225 705 4281 sed
732 4222 1088 4296 Hieronymus
1128 4221 1289 4277 Pater
1336 4221 1390 4276 in
1433 4220 1681 4274 Latinam
1725 4219 1958 4291 linguam

2063 3095 2201 3134 rum.
2234 3079 2538 3133 Secundum
2567 3091 2596 3130 a
2621 3078 2766 3141 luna,
2793 3091 2912 3146 qua:
2938 3076 3036 3132 soli
3064 3084 3118 3130 et
3145 3075 3429 3146 splendore
3451 3085 3504 3130 ct
3528 3091 3634 3130 ma-

2061 3168 2336 3240 gnitudine
2381 3158 2626 3237 proxima
2651 3173 2751 3231 est,
2784 3172 2839 3220 et
2885 3179 2952 3220 ex
2978 3180 3042 3221 eo
3071 3175 3280 3219 mutuat
3327 3162 3479 3236 [.lIs.,
3509 3180 3628 3219 mu-

2061 3257 2160 3330 tat]
2210 3257 2405 3312 lumen.
2464 3256 2704 3312 Tertium
2752 3257 2820 3312 ab
2849 3257 3002 3312 stella
3044 3257 3251 3322 Martis,
3295 3273 3414 3327 qua:
3443 3273 3635 3328 vesper

2061 3355 2300 3401 vocatur.
2338 3347 2597 3413 Quartum
2625 3345 2830 3401 astclla
2880 3347 3146 3412 Mercurii,
3197 3359 3358 3417 quam
3411 3347 3629 3416 quidam

2061 3434 2345 3488 candidum
2373 3433 2629 3488 circulum
2660 3434 2858 3488 dicunt.
2890 3431 3145 3501 Quintum
3175 3434 3243 3488 ab
3281 3434 3432 3488 stella
3460 3433 3629 3497 Jovis,
3672 3473 3676 3479 .

2061 3538 2222 3592 quam
2251 3522 2515 3575 Ftetonem
2543 3521 2712 3592 [lsid.,
2748 3520 3108 3593 Phaetontem]
3137 3524 3305 3577 aiunt.
3343 3522 3564 3578 Sextum
3594 3541 3622 3578 a

2062 3611 2283 3667 Veneris
2313 3611 2484 3677 stella,
2513 3628 2674 3682 quam
2695 3611 3005 3668 Luciferum
3049 3624 3321 3682 asserunt,
3350 3632 3467 3686 qua:
3496 3618 3633 3672 inter
3683 3603 3685 3606 i

2060 3701 2237 3757 omnia
2289 3703 2466 3757 sidera
2517 3702 2636 3774 plus
2671 3703 2806 3759 lucis
2856 3705 3036 3759 habet.
3096 3703 3416 3776 Septimum,
3451 3725 3578 3764 vero
3601 3729 3630 3764 a

2063 3795 2214 3851 stella
2249 3794 2483 3860 Saturni,
2514 3811 2632 3866 qua:
2652 3781 2804 3853 Sexto
2827 3797 2964 3853 coelo
2985 3797 3163 3854 locata
3187 3816 3256 3856 xx
3285 3799 3471 3874 [lsid.,
3503 3803 3628 3874 xxx]

2063 3888 2218 3943 annis
2247 3887 2417 3943 fertur
2437 3887 2650 3959 explere
2677 3903 2893 3944 cursum
2927 3905 3102 3946 suum.

2132 3977 2298 4032 Inter.
2339 3978 2516 4045 Quare
2547 3979 2616 4033 ab
2638 3980 2720 4034 his
2745 3996 2818 4034 νη
2847 3979 3014 4034 stellis
3046 3980 3159 4036 dies
3184 3982 3442 4036 nominati
3465 3986 3631 4036 sunt?

2062 4065 2216 4138 Resp.
2268 4067 2392 4123 Ideo
2413 4068 2558 4124 enim
2591 4084 2655 4123 ex
2687 4069 2773 4123 his
2807 4085 2880 4123 vn
2937 4070 3105 4124 stellis
3159 4072 3375 4126 nomina
3420 4072 3627 4141 dierum

2061 4155 2285 4226 gentiles
2305 4156 2586 4222 dederunt,
2613 4157 2738 4227 quia
2769 4173 2864 4229 per
2895 4159 3112 4215 easdem
3138 4159 3338 4230 aliquid
3359 4161 3463 4218 sibi
3486 4151 3627 4219 efﬁci

2059 4245 2456 4312 existimarunt,
2473 4247 2728 4315 dicentes,
2761 4248 2962 4304 habere
2982 4265 3012 4304 a
3034 4248 3144 4305 sole
3159 4251 3427 4322 spiritum,
3443 4268 3473 4308 a
3505 4253 3625 4307 luna

401 4317 545 4370 illam
573 4318 856 4376 convertit.
883 4313 1114 4371 Cltronos
1129 4312 1363 4388 [χρόνος]
1387 4313 1530 4367 enim
1552 4311 1756 4378 Grmce,
1775 4310 1957 4366 Latine

2033 4340 2037 4367 ι
2062 4324 2274 4406 corpus,
2311 4330 2358 4393 'a
2387 4338 2651 4395 Mercurio
2680 4340 2952 4412 ingenium
2983 4351 3037 4397 et
3068 4342 3324 4412 linguam,
3355 4360 3386 4399 a
3419 4342 3627 4402 Venere

401 4417 610 4478 tempus
635 4407 1034 4478 interpretatur.

471 4497 634 4554 Inter.
677 4493 939 4566 Tempora
964 4497 1018 4549 in
1045 4504 1177 4567 quot
1207 4504 1389 4568 partes
1413 4492 1760 4552 dividuntur?
1801 4489 1954 4560 Resp.

400 4586 458 4642 lu
493 4603 606 4643 sex.
646 4585 809 4644 Inter.
857 4582 914 4642 In
941 4569 1188 4654 quibus?
1237 4583 1390 4653 Resp.
1429 4585 1486 4640 lu
1523 4581 1827 4647 momentis,
1864 4579 1961 4634 ho-

403 4680 496 4744 ris,
535 4679 742 4746 diebus,
770 4677 1060 4744 mensibus,
1109 4676 1265 4734 annis
1291 4684 1348 4730 et
1374 4676 1646 4731 lustribus.
1925 4727 1932 4735 ,

470 4767 636 4824 Inter.
675 4767 814 4838 Quid
834 4778 918 4825 est
944 4767 1312 4826 momentum?
1346 4765 1500 4837 Resp.
1529 4764 1854 4821 Momentum
1877 4772 1960 4820 est

401 4859 680 4917 minimum
731 4868 892 4931 atque
941 4861 1376 4932 angustissimum
1411 4866 1621 4928 tempus
1654 4874 1685 4913 a
1713 4868 1859 4914 motu
1888 4861 1960 4914 si-

402 4950 590 5007 derum
615 4950 814 5004 dictum
841 4966 855 5015 ;
887 4958 970 5006 est
990 4951 1134 5030 enim
1173 4951 1483 5008 extremitas
1528 4951 1674 5005 horae
1701 4950 1756 5006 in
1783 4951 1960 5006 brevi-

404 5043 502 5099 bus
552 5038 866 5104 intervallis,
915 5041 1276 5112 cum-aliquid
1329 5041 1433 5097 sibi
1480 5040 1623 5096 cedit
1657 5049 1817 5110 atque
1840 5055 1960 5096 sue-

402 5135 563 5192 cedit.

473 5246 638 5302 Inter.
677 5245 819 5302 Hora
847 5259 952 5316 qua
979 5243 1158 5316 lingua
1188 5245 1424 5301 dicitur?
1449 5246 1598 5318 Resp.
1632 5246 1779 5302 Hora
1801 5246 1955 5303 Grat-

402 5353 526 5392 cum
567 5352 760 5399 nomen
810 5345 914 5404 est,
939 5344 996 5392 et
1049 5346 1224 5391 tamen
1278 5337 1529 5392 Latinum
1569 5347 1742 5394 sonat.
1787 5338 1953 5394 Inter.

405 5427 544 5498 Quid
573 5437 657 5487 est
704 5430 880 5485 hora?
919 5429 1074 5500 Resp.
1124 5427 1269 5484 Finis
1305 5437 1388 5484 est
1436 5431 1710 5500 temporis,
1738 5430 1872 5491 sicut
1906 5437 1960 5486 et

473 5573 500 5602 ³
538 5560 617 5620 Ex
645 5559 770 5617 Isid.
801 5559 918 5616 libr.
946 5578 974 5616 v
1003 5561 1278 5633 Originum
1319 5576 1438 5630 cap.
1476 5563 1534 5620 l8
1556 5571 1606 5617 et
1633 5579 1780 5634 seqq.

2067 4427 2407 4496 voluptatem,
2421 4443 2451 4482 a
2471 4428 2637 4484 Marte
2649 4431 2982 4500 sanguinem,
2998 4447 3026 4485 a
3039 4447 3169 4487 ..ονε
3190 4436 3599 4504 temperantiam
3609 4480 3623 4503 ,

2059 4535 2088 4607 a
2120 4518 2353 4576 Saturno
2376 4521 2693 4588 humorem;
2734 4524 2853 4579 talis
2884 4526 3079 4598 quippe
3111 4522 3625 4603 exstitit‘gentilium

2058 4611 2303 4679 stultitia,
2334 4615 2425 4684 qui
2461 4613 2559 4670 sibi
2594 4615 2863 4672 ﬁnxerunt
2894 4626 3000 4674 tam
3031 4621 3318 4678 ridiculosa
3348 4623 3621 4695 figmenta.

2129 4701 2294 4758 Inter.
2347 4704 2623 4772 Quomodo
2678 4721 2900 4764 vocatur
2961 4709 3091 4774 dies,
3132 4712 3270 4782 apud
3342 4712 3625 4770 Hebreos?

2060 4788 2212 4863 Resp.
2252 4793 2404 4866 Apud
2439 4794 2674 4853 Hebreos
2715 4807 2894 4854 autem
2921 4799 3035 4854 dies
3055 4800 3225 4869 prima
3270 4818 3374 4856 una
3420 4803 3623 4859 sabbati

1973 4928 1987 4940 .
2059 4882 2276 4948 dicitur,
2335 4885 2426 4955 qui
2480 4886 2618 4954 apud
2669 4901 2767 4941 nos
2810 4887 2926 4943 dies
2956 4889 3263 4946 Dominieus
3312 4902 3412 4948 est.
3456 4893 3618 4949 Inter.

2062 4968 2307 5027 Secunda
2351 4971 2555 5028 sabbati
2594 4988 2763 5042 quare
2798 4975 3140 5047 appellatur?
3173 4978 3326 5052 Resp.
3375 4981 3620 5040 Secunda

2059 5063 2267 5118 sabbati
2302 5062 2531 5117 secunda
2580 5061 2734 5131 feria,
2786 5081 2947 5136 quem
2981 5069 3266 5127 saeculares
3312 5073 3452 5128 diem
3483 5073 3622 5129 [unm

2058 5159 2271 5206 vocant.
2308 5151 2470 5206 Inter.
2495 5149 2632 5219 Quid
2655 5155 2858 5210 tertia?
2884 5155 3039 5229 Resp.
3063 5158 3243 5215 Tertia
3268 5161 3476 5216 sabbati
3513 5171 3611 5216 ter-

2061 5244 2133 5298 tia
2160 5242 2314 5306 feria,
2341 5258 2501 5312 quem
2527 5243 2667 5299 diem
2703 5245 2776 5300 illi
2812 5245 2998 5303 Martis
3037 5259 3246 5302 vocant.
3286 5247 3449 5303 Inter.
3479 5247 3617 5316 Quid

2061 5343 2144 5388 est
2162 5334 2397 5403 quarta?
2435 5332 2583 5405 Resp.
2633 5335 2836 5404 Quarta
2871 5337 3076 5392 sabbati
3119 5346 3307 5407 quarta
3354 5338 3484 5393 feria
3511 5349 3614 5405 est,

2063 5426 2150 5495 qui
2200 5425 2444 5483 Mercurii
2501 5427 2613 5485 dies
2658 5439 2740 5485 est
2772 5444 2801 5484 a
2846 5429 3086 5500 paganis.
3152 5429 3312 5484 Inter.
3371 5432 3505 5498 Quid
3535 5440 3646 5509 cst_
