4254 6222
609 269 747 328 IIIS

1424 262 1483 316 Β.
1524 259 1584 315 F.
1624 255 1847 313 ALBINI
1888 253 2017 310 εει]
2059 248 2335 306 ΑΜᾺῈΙΝῙ
2372 243 2652 304 οινειιωι
2692 240 2867 295 PARS
2910 237 3035 291 \'III.

3710 221 3853 277 1116

603 384 835 458 quinta?
864 382 1015 450 Resp.
1042 380 1235 446 Quinta
1266 376 1473 431 sabbati
1495 375 1682 445 quinta
1705 370 1838 425 feria
1859 376 1962 431 est,
1990 365 2041 419 id
2064 370 2168 426 est,
2199 368 2244 427 Α
2271 358 2463 415 alicubi
2491 358 2644 411 aliter
2669 346 2882 419 legitur,
2922 362 3025 400 non
3057 360 3084 396 a
3121 349 3281 410 quota
3324 339 3432 402 die,
3465 336 3559 391 sed
3596 351 3626 387 a
3667 334 3813 387 conti
3824 362 3851 372 ο

606 455 794 548 quinta
828 492 857 529 a
883 473 968 527 die
1005 469 1299 532 Dominico,
1330 468 1421 539 qui
1450 465 1588 536 apud
1636 460 1859 534 gentiles
1896 455 2045 512 Jovis
2074 468 2167 508 vo-

607 546 780 624 catur.
818 565 980 620 Inter.
1014 562 1151 629 Quid
1196 570 1279 615 est
1323 557 1515 614 sexta?
1572 554 1723 624 Resp.
1764 551 1927 606 Sexta
1959 546 2168 604 sabbati

607 668 760 715 sexta
796 655 928 712 feria
952 655 1170 716 dicitur,
1194 650 1283 721 qui
1314 648 1451 719 apud
1481 646 1702 702 eosdem
1728 655 1965 713 paganos
2002 637 2169 691 Vene-

606 755 684 808 ris
724 757 966 805 vocatur.
1003 745 1165 799 Inter.
1202 741 1497 797 Sabbatum
1545 735 1675 807 quid
1699 734 1823 790 est?
1852 731 2005 801 Resp.
2035 727 2173 783 Sab-

608 845 792 898 batum
816 850 907 895 aut
937 838 1198 909 septimus
1228 850 1259 887 a
1289 830 1563 887 Dominico
1605 821 1693 882 die
1717 833 1820 888 est,
1855 835 2014 893 quem
2050 833 2175 889 gen-

609 937 729 991 tiles
763 914 996 988 Saturno
1017 929 1351 988 dicaverunt,
1381 927 1435 976 et
1464 917 1759 976 Saturnum
1781 911 1965 989 [Isid.,
1990 910 2176 965 Satur-

611 1026 686 1097 ni]
718 1024 1149 1079 nominaverunt.

668 1085 842 1168 “Inter.
878 1110 1169 1167 Sabbatum
1217 1105 1345 1174 quid
1398 1094 1819 1169 interpretatur?
1856 1091 2008 1159 Resp.
2046 1085 2176 1141 Sab-
2221 1157 2227 1163 _

606 1207 790 1260 batum
830 1209 1007 1256 autem
1043 1215 1109 1254 ex
1136 1195 1345 1250 lchreo
1381 1193 1434 1247 in
1462 1187 1710 1243 Latinum
1754 1182 1967 1251 requies
2016 1179 2174 1231 inter-

606 1304 865 1367 pretatur,
896 1307 961 1348 eo
996 1289 1140 1359 quod
1167 1288 1219 1341 in
1247 1300 1331 1340 .eo
1356 1282 1497 1337 Deus
1536 1275 1890 1347 requievisset
1917 1269 1984 1324 ab
2006 1266 2177 1322 omni-

608 1356 707 1438 bus
733 1381 984 1453 operibus
1012 1356 1148 1433 suis.
1179 1374 1365 1430 Melius
1385 1380 1564 1424 autem
1593 1365 1647 1419 in
1670 1358 1941 1419 vocabulis
1964 1356 2173 1444 dierum

605 1479 671 1533 de
695 1450 788 1532 ore
811 1473 1114 1530 Christiano
1161 1468 1294 1523 ritus
1325 1459 1576 1531 loquendi
1624 1450 2016 1537 ecclesiasticus
2058 1459 2176 1516 pro-

606 1571 786 1635 redit;
823 1579 1001 1624 tamen
1035 1564 1081 1619 si
1108 1576 1269 1633 quem
1297 1555 1437 1611 forte
1481 1547 1813 1608 consuetudo
1845 1540 2090 1601 traxerit,
2118 1543 2177 1589 ut

607 1662 738 1717 illud
773 1628 944 1714 exeat
972 1672 1039 1711 ex
1073 1628 1189 1717 ore,
1224 1647 1366 1719 quod
1398 1642 1663 1716 improbat
1704 1638 1760 1694 in
1792 1636 1977 1712 corde,
2024 1628 2176 1684 intel-

607 1756 735 1826 ligat
785 1753 903 1808 illos
957 1762 1164 1811 omnes,
1191 1745 1257 1799 de
1306 1754 1535 1813 quorum
1584 1730 1888 1790 nominibus
1925 1722 2172 1797 appellati

608 1816 733 1902 sunt
753 1848 807 1901 hi
828 1846 965 1909 dies,
986 1841 1234 1898 homines
1258 1836 1422 1890 fuisse
1447 1848 1465 1899 ;
1489 1840 1544 1887 et
1570 1844 1670 1900 pro
1686 1821 1961 1883 beneﬁciis
1992 1816 2174 1891 [Isid.,

606 1954 663 1997 et
694 1948 912 2012 propter
935 1907 1220 2004 beneficia]
1254 1929 1498 2000 quaedam
1540 1919 1808 1983 mortalia,
1840 1914 1965 2012 quia
2009 1907 2174 2012 pleri:

612 2048 756 2087 mum
791 2035 1078 2103 potuerunt
1111 2034 1167 2080 et
1185 2024 1531 2079 eminuerunt
1553 2015 1607 2069 in
1632 2013 1735 2067 hoc
1770 2005 1986 2067 sreculo,
2016 2001 2177 2055 delati

609 2134 733 2178 sunt
778 2122 857 2178 eis
882 2121 951 2176 ab
1002 2100 1331 2173 amatoribus
1374 2110 1488 2165 suis
1541 2102 1705 2161 divini
1751 2102 2003 2159 honores,
2043 2093 2177 2147 etin

609 2214 798 2268 diebus
840 2221 893 2266 et
927 2207 1209 2265 sideribus.
1250 2202 1360 2259 Sed
1408 2199 1639 2271 primunt
1679 2208 1709 2248 a
1740 2186 2046 2245 nominibus
2077 2184 2175 2236 ho-

610 2304 811 2357 minum
844 2302 1021 2357 sidera
1072 2300 1399 2366 nuncupata,
1450 2299 1506 2347 et
1537 2304 1567 2341 a
1597 2282 1863 2340 sideribus
1899 2277 2015 2331 dies
2052 2281 2177 2327 sunt

612 2393 881 2465 appellati.
1426 2376 1437 2393 “

682 2486 845 2539 Inter.
887 2481 1038 2537 Unde
1069 2479 1320 2534 dicuntur
1368 2473 1558 2530 ferina?
1596 2470 1745 2537 Resp.
1790 2468 1955 2523 Ferite
1999 2476 2177 2520 autem

611 2592 640 2629 a
673 2574 834 2635 fando
868 2580 991 2627 sunt
1026 2568 1363 2637 nuneupatm,
1390 2564 1531 2634 quol
1570 2563 1640 2618 sit
1674 2562 1726 2616 in
1757 2560 1837 2615 eis
1873 2557 2024 2613 nobis
2047 2566 2182 2612 tem-

610 2686 710 2740 pus
755 2664 1023 2727 dictionis,
1076 2658 1127 2715 id
1155 2669 1258 2723 cst,
1284 2660 1336 2713 in
1381 2656 1563 2711 divino
1603 2654 1686 2709 vel
1734 2653 1969 2706 humano
2000 2647 2181 2703 oh’icio

612 2739 732 2814 I'ari.
777 2757 881 2813 Sed
901 2771 967 2810 ex
997 2754 1082 2809 his
1109 2752 1260 2807 festis
1287 2749 1473 2805 diebus
1503 2747 1779 2801 hominum
1835 2756 1998 2796 causa
2035 2739 2183 2793 iusti-

614 2860 758 2905 tutos
811 2849 1031 2903 feriatos
1072 2844 1374 2899 divinorum
1432 2852 1709 2894 sacrorum
1748 2833 1930 2905 [Isid.,
1976 2831 2081 2887 Sed
2113 2846 2178 2885 ex

616 2943 681 2996 iis
710 2940 829 2995 festi
860 2939 974 2993 dies
1008 2934 1237 3003 instituti
1280 2938 1406 2986 sunt
1433 2928 1709 2984 hominum
1741 2940 1902 2980 causa
1932 2942 1944 2978 :
1978 2916 2175 2985 feriati,

610 3048 776 3087 causa
809 3028 1110 3084 divinorum
1132 3018 1452 3093 sacrorum].

683 3121 848 3177 Inter.
894 3118 1083 3174 Partes
1118 3112 1223 3169 diei
1254 3121 1383 3182 quot
1424 3108 1590 3165 sunt?
1623 3105 1770 3178 Resp.
1806 3103 1959 3159 Tres.
2010 3101 2177 3157 Inter.

615 3214 745 3280 Quae
765 3222 888 3267 sunt
916 3207 1041 3263 hae?
1098 3204 1250 3275 Resp.
1285 3202 1463 3267 Mane,
1510 3199 1783 3262 meridies,
1819 3203 1874 3252 et
1908 3210 2179 3267 suprema.

617 3306 781 3359 Inter.
814 3298 1091 3367 Quomodo
1131 3295 1331 3351 mane?
1364 3292 1516 3361 Resp.
1550 3289 1706 3344 Mane
1754 3288 1845 3367 lux
1879 3295 2092 3340 matura
2129 3294 2186 3340 et

617 3395 795 3465 plena,
841 3365 943 3445 nec
964 3389 1078 3459 jam
1129 3381 1518 3455 crepusculum.
1565 3379 1731 3433 Inter.
1784 3365 1961 3443 Quare
1991 3375 2187 3430 dicitur

618 3478 819 3541 mane?
842 3481 996 3552 Resp.
1034 3479 1187 3533 Mane
1207 3482 1388 3530 autem
1410 3488 1441 3528 a
1462 3488 1620 3527 manu
1657 3478 1740 3525 est
1764 3468 1987 3523 dictttm.
2016 3465 2181 3522 Inter.

620 3583 733 3648 Qua
760 3574 1005 3632 ratione?
1036 3572 1187 3642 Resp.
1225 3567 1443 3623 Manum
1481 3566 1625 3621 enim
1654 3561 1861 3633 antiqui
1883 3560 2082 3615 bonum
2109 3558 2187 3612 di-

622 3672 815 3725 ecbant
844 3681 869 3708 ι
896 3685 910 3731 ;
947 3664 1075 3737 quid
1096 3662 1239 3719 cnim
1270 3657 1461 3714 melius
1499 3656 1662 3711 luce?
1691 3654 1793 3709 Alii
1821 3660 1979 3707 mane
2001 3649 2189 3706 existi-

625 3771 771 3816 mant
787 3760 965 3814 vocari
994 3756 1061 3811 ab
1085 3752 1384 3817 animabus,
1409 3762 1637 3819 quarum
1655 3744 1837 3819 [Isid.,
1861 3759 1892 3798 a
1918 3741 2185 3805 manibus,

626 3855 678 3907 id
726 3859 828 3914 est,
868 3849 991 3911 diis,
1044 3859 1294 3915 quorum,
1348 3838 1482 3911 δια]
1512 3836 1854 3893 conversatio
1883 3849 1914 3887 a
1953 3833 2081 3886 luna
2119 3833 2188 3887 ad

625 3955 825 3998 terram
852 3947 954 3993 cst.
993 3935 1092 3989 Alii
1123 3939 1313 4004 putant
1343 3928 1411 3985 ab
1438 3941 1581 3992 aere,
1608 3926 1731 3997 quia
1762 3940 1973 3990 manus,
2005 3923 2059 3977 id
2082 3929 2188 3989 est,

614 4033 802 4087 ‘clarus
824 4037 983 4097 atque
1018 4023 1349 4095 perspicuus.

698 4123 861 4176 Inter.
921 4118 1167 4173 Meridies
1211 4129 1377 4186 quare
1435 4111 1699 4168 vocatur?
1732 4110 1884 4182 Resp.
1939 4105 2189 4164 Meridies

628 4217 769 4269 dicta
804 4213 955 4283 quasi
997 4210 1274 4273 medidies,
1304 4208 1408 4263 hoc
1439 4215 1544 4271 est,
1578 4205 1923 4270 mediusdies,
1958 4202 2041 4257 vel
2061 4201 2189 4272 quia

629 4314 755 4357 tunc
782 4304 967 4372 purior
989 4302 1102 4354 dies
1134 4307 1236 4352 est.
1273 4295 1479 4349 Merum
1510 4295 1653 4348 enim
1682 4307 1874 4362 purum
1896 4290 2190 4356 diciturYin

2274 449 2419 503 uenti
2445 448 2530 502 die
2554 443 2739 499 cotidie
2761 440 2973 493 dicitur.

2342 538 2505 592 Inter.
2545 534 2679 589 Cras
2715 541 2883 601 quare
2933 521 3275 594 appellatur?
3309 517 3463 588 Resp.
3502 515 3668 579 Cras,
3701 513 3849 583 quod
3918 552 3927 555 -

2273 642 2349 687 est
2378 639 2583 700 postea.
2618 626 2933 679 Hesternum
2964 626 3047 671 est
3079 613 3268 684 pridie,
3305 620 3360 665 et
3396 610 3595 664 dictum
3632 605 3850 661 hester-

2273 739 2399 778 num
2427 722 2494 776 ab
2516 736 2601 785 eo,
2632 716 2770 788 quod
2792 714 2905 785 jam
2926 712 3039 766 dies
3070 711 3180 778 ipse
3204 708 3273 761 sit
3298 722 3329 759 a
3354 704 3507 759 nobis
3533 710 3845 763 extraneas,

2275 823 2329 869 ct
2353 808 2722 883 praztcreundo
2751 807 2973 860 alienus.

2347 903 2511 957 Inter.
2562 899 2716 956 Unde
2753 896 2947 951 dicitur
2987 890 3199 963 pridie?
3247 887 3398 957 Resp.
3447 883 3624 941 Pridie
3665 891 3844 937 autem

2275 993 2478 1047 dictum
2513 987 2669 1058 quasi
2705 984 2870 1054 priori
2910 982 3014 1037 die.
3038 976 3340 1040 'Perendie,
3377 974 3429 1030 id
3456 980 3559 1039 est,
3583 986 3681 1042 per
3719 979 3847 1023 ante

2276 1083 2438 1146 diem,
2464 1079 2548 1151 vel
2577 1078 2631 1131 in
2659 1075 3011 1138 antecessum,
3043 1069 3094 1124 id
3116 1077 3217 1132 est,
3240 1068 3408 1138 prius.

2346 1172 2510 1226 Inter.
2554 1168 2705 1225 Unde
2733 1167 2874 1222 dicta
2908 1172 2988 1218 est
3017 1161 3155 1217 nox?
3192 1159 3346 1228 Resp.
3379 1156 3496 1211 Nox
3534 1170 3565 1210 a
3599 1154 3842 1209 nocendo

2277 1270 2361 1316 est
2379 1260 2549 1323 dicta,
2576 1272 2640 1312 eo
2659 1254 2800 1325 quod
2830 1252 2996 1309 oculis
3020 1258 3239 1313 noceat;
3266 1260 3385 1318 quae
3413 1242 3769 1301 idcirco'lunze
3790 1252 3844 1297 et

2278 1353 2513 1407 siderum
2539 1350 2712 1404 lucem
2734 1346 2914 1411 habet,
2946 1359 3011 1398 ne
3038 1343 3290 1398 indecora
3318 1346 3481 1403 esset,
3508 1344 3639 1391 etut
3660 1348 3845 1391 conso-

2278 1443 2519 1497 larentur
2564 1453 2751 1495 omnes
2794 1444 2951 1491 nocte
2997 1441 3299 1503 operantes,
3340 1436 3394 1485 et
3433 1436 3493 1483 ut
3530 1424 3846 1497 quibusdam

2279 1531 2663 1596 animantibus,
2693 1543 2811 1599 qua:
2839 1527 3011 1580 lucem
3037 1525 3164 1579 solis
3193 1522 3332 1577 ferre
3358 1534 3462 1573 non
3497 1521 3740 1588 possunt,
3780 1514 3845 1568 ad

2280 1621 2654 1693 sullicienliam
2679 1624 3081 1687 temperaretur.

2211 1706 2252 1761 li
2350 1714 2513 1767 Inter.
2546 1710 2838 1766 Alternatio
2863 1708 2966 1762 dici
2992 1714 3043 1761 et
3071 1703 3243 1759 noctis
3264 1718 3361 1758 cur
3388 1701 3528 1756 facta
3555 1699 3669 1754 est?
3697 1696 3845 1767 Resp.

2284 1803 2465 1857 Noctis
2506 1808 2683 1855 autem
2724 1806 2778 1852 et
2820 1796 2924 1851 diei
2964 1794 3246 1849 allernatio
3282 1798 3502 1862 propter
3537 1786 3849 1843 vicissitudi-

2280 1909 2404 1948 nem
2435 1890 2729 1947 dormiendi
2757 1886 3113 1957 vigilandique
3139 1883 3329 1939 effecta
3352 1889 3457 1947 est,
3493 1888 3547 1936 et
3578 1888 3638 1935 ut
3672 1876 3849 1948 operis

2282 1984 2457 2040 diurni
2483 1983 2720 2037 laborem
2752 1979 2923 2034 noctis
2945 1977 3156 2046 requies
3183 1981 3464 2044 temperet.

2354 2073 2518 2129 Inter.
2558 2070 2733 2138 Quare
2765 2068 2902 2125 facta
2926 2078 3010 2123 est
3034 2066 3180 2121 nox?
3214 2063 3366 2135 Resp.
3398 2062 3504 2117 Aut
3533 2060 3656 2130 quia
3694 2058 3853 2127 longe

2285 2166 2471 2221 itinere
2496 2152 2730 2218 lassatur
2757 2160 2855 2225 sol,
2885 2168 3079 2214 etcum
3111 2158 3175 2212 ad
3202 2145 3445 2211 ultimum
3473 2151 3597 2209 cmli
3622 2149 3852 2221 spatium

2280 2255 2542 2327 pervenit,
2572 2244 3008 2321 elanguescit,ac
3038 2248 3337 2303 labefactus
3362 2244 3503 2301 emat
3520 2257 3644 2297 suos
3664 2240 3814 2311 ignes
3837 2256 3851 2294 :

2279 2356 2373 2401 aut
2401 2346 2524 2416 quia
2552 2344 2739 2399 eadem
2772 2342 2822 2395 vi
2849 2339 2949 2396 sub
2978 2350 3150 2394 terras
3174 2338 3401 2408 cogitur,
3430 2334 3537 2404 qua
3566 2346 3727 2402 super
3755 2337 3856 2383 ter-

2284 2454 2369 2492 ras
2394 2435 2615 2508 pertulit
2648 2431 2852 2506 [Forte,
2899 2427 3139 2502 protulit]
3188 2428 3401 2490 lumen;
3447 2430 3502 2478 et
3551 2422 3632 2476 sic
3668 2418 3857 2473 umbra

2282 2540 2436 2598 terrm
2459 2537 2671 2583 noctem
2694 2524 2843 2580 facit.
2890 2523 3042 2580 Unde
3064 2531 3119 2577 et
3137 2519 3391 2591 Virgilius
3413 2516 3568 2589 (/En.
3602 2530 3663 2581 tt,
3689 2511 3815 2580 250)
3840 2529 3855 2566 ;

3015 2653 3090 2703 lin
3112 2658 3133 2704 t
3154 2651 3351 2703 Oceano
3368 2665 3491 2712 nox,

2406 2719 2859 2789 Involvens-umbra
2878 2729 3056 2778 magna
3081 2724 3366 2776 terramque
3394 2714 3675 2777 polumque.
3716 2728 3721 2729 ν

2352 2826 2515 2879 Inter.
2556 2824 2745 2877 Partes
2770 2821 2943 2876 noctis
2966 2829 3093 2891 quot
3118 2819 3277 2875 sunt?
3313 2816 3463 2881 Resp.
3492 2814 3730 2885 Septem.
3763 2811 3860 2865 In-

2281 2928 2375 2969 ter.
2419 2915 2582 2981 Qure?
2620 2913 2769 2983 Resp.
2812 2913 3036 2983 VeSper,
3063 2907 3453 2978 crepusculum,
3483 2904 3860 2966 conticinium,

2285 3008 2681 3077 intempestum,
2713 3004 3057 3076 gallicinium,
3086 3001 3425 3065 matutinum,
3456 3006 3511 3053 et
3544 2994 3856 3053 diluculum.

2289 3100 2453 3155 Inter.
2490 3099 2626 3167 Quid
2649 3106 2732 3152 est
2751 3095 2973 3166 vesper?
3003 3092 3152 3165 Resp.
3191 3093 3485 3162 Vesperum
3510 3089 3578 3143 ab
3598 3086 3755 3144 stella
3775 3101 3864 3140 oc-

2285 3193 2537 3250 cidentali
2564 3198 2830 3255 vocatum,
2865 3203 2981 3258 qua:
3015 3185 3180 3241 solem
3209 3182 3488 3239 occiduum
3516 3179 3775 3248 sequitur,
3807 3184 3863 3231 et

2286 3284 2537 3339 tenebras
2566 3289 2850 3349 sequentes
2879 3278 3149 3349 prtecetlit,
3184 3276 3249 3329 de
3274 3289 3377 3343 qua
3418 3270 3669 3341 Virgilius
3706 3266 3858 3340 (in.

2287 3388 2325 3436 ι,
2350 3369 2475 3441 578)
2507 3388 2519 3423 :

2410 3478 2539 3529 Ante
2557 3479 2688 3527 diem
2708 3477 2871 3527 clauso
2896 3477 3139 3538 componit
3159 3475 3347 3537 \‘eSper
3367 3474 3580 3535 Olympo.

2358 3582 2521 3636 Inter.
2561 3580 2714 3638 Unde
2756 3588 2880 3635 sunt
2912 3577 3145 3634 tenebrae
3180 3576 3374 3632 dieue?
3414 3574 3566 3644 Resp.
3596 3571 3747 3640 Quod
3788 3576 3866 3621 te-

2288 3682 2452 3727 neant
2495 3671 2732 3726 umbras.
2773 3670 2935 3723 Inter.
2972 3668 3112 3734 Quid
3143 3675 3226 3721 est
3259 3661 3676 3734 crepusculum?
3711 3658 3863 3726 Resp.

2287 3760 2671 3831 Crepusculum
2706 3767 2789 3812 est
2825 3757 2983 3810 dubia
3011 3755 3123 3809 lux.
3163 3753 3299 3805 Nam
3334 3764 3615 3819 creperum
3648 3746 3865 3801 dubium

2289 3853 2538 3915 dicimus,
2569 3850 2671 3903 hoc
2698 3854 2801 3912 est,
2833 3846 2973 3899 inter
2999 3845 3170 3898 lucem
3200 3840 3546 3895 et'tenebras.

2360 3939 2525 3997 Inter.
2566 3937 2703 4005 Quid
2749 3944 2832 3990 est
2876 3932 3263 3989 conticinium?
3301 3931 3450 4001 Resp.
3506 3926 3862 3985 Conticinium

2288 4042 2391 4099 est,
2419 4031 2633 4103 quando
2672 4044 2859 4085 omnes
2893 4029 3071 4094 silent,
3122 4026 3489 4084 conticescere
3526 4024 3672 4079 enim
3709 4021 3871 4087 silere

2288 4133 2391 4180 est.
3250 4133 3267 4145 '
3828 4166 3831 4169 η

2358 4215 2523 4269 Inter.
2565 4214 2702 4281 Quid
2724 4198 2809 4269 est
2837 4210 3259 4282 intempestum?
3293 4208 3445 4276 Resp.
3486 4205 3869 4275 Intempestum

2291 4314 2376 4360 est
2409 4306 2640 4359 medium
2675 4312 2729 4367 et
2757 4305 3113 4363 inactuosum,
3146 4299 3289 4368 quod
3320 4302 3417 4352 est
3442 4304 3652 4365 tempus
3689 4293 3869 4367 [Isid.,

631 4403 743 4447 toto
764 4393 905 4447 enim
949 4390 1034 4443 die
1064 4386 1194 4441 nihil
1246 4385 1443 4439 clarius
1490 4382 1733 4445 meridie,
1762 4381 1978 4450 quando
2018 4380 2101 4436 sol
2130 4380 2186 4435 in
2212 4390 2272 4449 ι)
2292 4395 2629 4447 maculosum
2657 4393 2834 4446 noctis
2876 4388 3130 4465 tempus],
3163 4388 3376 4456 quando
3406 4386 3489 4457 agi
3516 4385 3648 4441 “ibi!
3673 4393 3867 4458 potes“

632 4480 806 4537 medio
830 4479 965 4535 coelo
1003 4476 1201 4541 rutilat,
1229 4481 1283 4529 et
1321 4484 1533 4528 omnem
1560 4470 1745 4526 orbem
1801 4469 1916 4539 pari
1950 4468 2193 4525 claritate

632 4576 883 4629 illustrat.
1459 4601 1463 4606 -
1600 4616 1607 4623 .

701 4668 866 4722 Inter.
903 4664 1039 4732 Quid
1074 4670 1154 4717 est
1178 4658 1472 4731 suprema?
1505 4656 1653 4727 Resp.
1704 4655 1961 4726 Suprema
1998 4662 2197 4725 estpo-

633 4770 831 4815 strema
862 4773 989 4829 pars
1015 4756 1141 4821 diei,
1163 4752 1376 4825 quando
1411 4749 1490 4806 sol
1516 4763 1731 4804 cursum
1774 4762 1928 4802 suum
1959 4746 2012 4800 in
2034 4746 2195 4818 527

634 4864 883 4904 occasum
906 4848 1103 4909 vertit;
1140 4853 1193 4899 et
1222 4841 1361 4899 dicta
1390 4856 1661 4913 suprema,
1685 4838 1828 4911 quod
1859 4845 2103 4909 superest
2128 4838 2198 4893 ad

632 4952 842 5012 partem
874 4940 1112 4993 ultimam
1134 4937 1257 5015 diei.

710 5030 871 5085 Inter.
914 5028 1102 5083 Serum
1126 5042 1290 5095 quare
1309 5026 1541 5081 dicitur?
1568 5025 1724 5096 Resp.
1749 5025 1937 5081 Serum
1955 5029 2201 5079 vocatum

640 5132 722 5179 est
758 5138 785 5176 a
826 5119 1020 5175 clausis
1054 5116 1207 5180 seris,
1248 5116 1460 5184 quando
1481 5114 1593 5183 jam
1621 5130 1721 5169 nox
1761 5116 1924 5181 venit,
1955 5124 2015 5170 ιιι
2039 5127 2205 5169 unus—

639 5216 864 5287 quisque
892 5226 1079 5266 somno
1107 5207 1270 5262 tutior
1297 5205 1374 5261 Iit.
1959 5246 1961 5250 Α

712 5307 875 5361 Inter.
916 5302 1025 5358 Cur
1044 5300 1239 5355 dicitur
1262 5297 1422 5355 hodie
1439 5294 1508 5350 It?
1542 5296 1694 5367 Resp.
1719 5297 1907 5363 Hodie,
1931 5300 2088 5367 quasi
2105 5299 2208 5353 hoc

644 5397 727 5452 die
749 5416 761 5450 :
786 5397 864 5451 sic
890 5405 944 5450 et
968 5391 1236 5464 quottidie,
1272 5404 1376 5444 non
1412 5386 1617 5453 cotidie,
1648 5396 1707 5442 ut
1732 5387 1803 5442 sit
1828 5397 1957 5456 quot
1985 5388 2203 5452 diebus;

717 5538 739 5565 ι
778 5525 979 5581 Bonum
1002 5524 1256 5577 dicebant.
1303 5522 1463 5576 Manu
1499 5522 1630 5583 dies,
1672 5536 1773 5573 vox
1809 5520 2088 5574 familiaris
2115 5534 2207 5573 ve-

650 5595 848 5649 teribus
898 5594 1081 5657 Gallis,
1143 5594 1333 5662 (inquit
1380 5592 1617 5646 Valesius
1670 5592 1721 5645 in
1756 5590 1948 5662 Notitia
2006 5589 2203 5662 Gallia-

654 5682 787 5729 num,
822 5680 935 5734 pag.
971 5664 1093 5731 562)
1135 5658 1286 5717 notos
1333 5679 1488 5717 mane
1548 5661 1923 5725 salutantibus,
1976 5677 2079 5729 qua
2112 5658 2205 5711 ho-

1824 6198 1895 6209 νην-ν

2296 4490 2351 4535 et
2377 4481 2555 4535 omnia
2584 4494 2777 4550 sopore
2796 4480 2975 4549 quieta
3000 4488 3144 4533 sunt.
3178 4477 3315 4532 Nam
3338 4484 3547 4547 tempus
3566 4490 3663 4546 per
3688 4487 3869 4531 senon

2299 4572 2630 4642 intelligitur,
2667 4571 2766 4626 nisi
2806 4586 2901 4641 per
2933 4579 3085 4625 actus
3124 4571 3407 4625 humanos.
3457 4568 3593 4624 Nam
3638 4566 3869 4622 medium

2300 4661 2471 4731 noctis
2508 4668 2627 4715 actu
2663 4668 2811 4715 caret
2839 4677 2852 4712 :
2878 4675 3005 4734 ergo
3044 4668 3335 4729 tempestas
3374 4660 3648 4713 inactuosa
3689 4652 3870 4726 [Isid.,

2303 4753 2638 4821 intempesta,
2674 4749 2996 4824 inactuosa],
3028 4750 3183 4820 quasi
3214 4750 3331 4803 sine
3362 4757 3617 4816 tempore,
3644 4744 3747 4800 hoc
3766 4752 3870 4807 est,

2304 4842 2420 4897 sine
2454 4850 2595 4907 actu,
2636 4856 2736 4913 per
2765 4858 2925 4913 quem
2960 4839 3259 4895 dinoscitur
3293 4843 3523 4905 tempus.
3566 4833 3719 4891 Unde
3743 4842 3826 4889 est
3857 4851 3869 4887 z

2300 4924 2665 5003 Intempestive
2684 4932 2885 4985 venisti.
2916 4930 3058 4999 Ergo
3086 4934 3347 4996 tempesta
3381 4924 3594 4991 dicitur,
3632 4924 3758 4996 quia
3787 4940 3875 4980 ca-

2304 5030 2389 5078 ret
2410 5032 2671 5093 tempora,
2700 5022 2755 5077 id
2780 5028 2883 5085 est,
2909 5024 3125 5073 actuum
3166 5011 3320 5087 [Isid.
3347 5014 3443 5086 leg.
3470 5015 3651 5088 :Ergo
3682 5014 3872 5070 Intem-

2306 5120 2454 5181 pesta
2479 5120 2716 5175 voeatur,
2743 5109 2867 5179 quia
2888 5114 3037 5160 caret
3065 5112 3322 5175 tempore,
3355 5105 3408 5160 id
3440 5111 3542 5170 est,
3565 5100 3731 5173 actu].

2378 5201 2541 5256 Inter.
2594 5200 2732 5268 Quid
2784 5206 2866 5251 est
2912 5194 3293 5265 gallicinium?
3336 5193 3487 5263 Resp.
3535 5190 3876 5247 Gallicinium

2310 5299 2527 5362 propter
2562 5289 2747 5362 gallos,
2779 5285 2914 5340 lucis
2948 5285 3322 5355 prmnuntiatio
3350 5281 3531 5357 [Isid.,
3569 5278 3706 5361 lucis
3743 5294 3877 5350 pra:-

2310 5356 2549 5456 nuntios]
2565 5356 2796 5438 dictum.
3358 5356 3361 5357 ν
3602 5356 3613 5390 ⁵

2310 5532 2432 5571 nam
2471 5515 2806 5579 faustamque
2855 5510 2996 5566 diem
3051 5511 3239 5565 amicis
3294 5505 3741 5579 apprecabanttir.
3797 5504 3875 5559 Du

2309 5588 2486 5653 Cange
2518 5597 2632 5638 voc.
2666 5581 2846 5653 Manu.

2382 5658 2405 5695 ιι
2423 5645 2563 5708 Ἡμεῖς
2592 5652 2915 5706 concordant
2942 5667 3060 5705 cum
3083 5651 3342 5721 opusculo
3368 5650 3431 5704 de
3455 5645 3868 5715 Orthographia.
3946 5672 3949 5675 <
