4254 6204
605 152 823 210 "lll9

1494 151 1552 205 Β.
1595 151 1656 207 ι’.
1697 151 1921 207 ALBINI
1962 150 2090 233 εει]
2132 149 2409 208 ALCUlNl
2446 152 2732 210 OPERL‘M
2769 153 2950 211 PARS
2990 150 3118 211 Vill.

3796 155 3951 211 “‘20

685 261 875 328 ricula,
910 260 1031 331 quia
1070 276 1176 316 non
1211 266 1375 326 stant,
1416 258 1508 315 sed
1534 271 1780 315 currunt.
1824 262 1989 316 Inter.
2023 262 2137 329 Qua
2167 278 2259 317 ra-
2290 273 2336 329 Λ
2367 278 2496 329 xxx,
2541 273 2635 320 aut
2666 267 2982 334 solstitialis,
3022 271 3113 340 qui
3151 270 3391 325 continet
3438 287 3511 327 xu
3561 287 3795 335 menses,
3844 263 3951 331 aut

683 351 870 407 tione?
904 350 1058 421 Resp.
1093 350 1318 407 Constat
1339 359 1517 405 autem
1539 358 1662 421 post
1689 351 1887 407 factum
1914 352 2169 407 mundum
2189 366 2257 406 ex

682 439 942 512 qualitate
969 457 1162 498 cursus
1187 450 1333 508 solis,
1359 450 1597 513 tempora
1622 444 1675 497 in
1699 452 1881 499 ternos
1900 460 2112 499 menses
2130 442 2262 499 fuis-

683 548 744 589 se
779 533 970 599 divisa,
1001 547 1228 603 quorum
1252 542 1557 605 temporqu
1578 533 1735 591 talem
1759 544 1969 589 veteres
1990 535 2263 590 discretio-

683 639 808 681 nem
828 623 1054 690 faciunt,
1081 633 1141 680 ut
1168 625 1399 695 primum
1422 640 1662 680 mensem
1690 641 1787 682 ver
1817 640 2013 681 novum
2041 626 2259 691 dicitur,

632 735 637 747 ι
682 713 977 769 secundum
1030 713 1290 780 adultum,
1343 716 1560 770 tertium
1603 731 1732 771 vero
1770 732 2028 787 praeceps.
2069 716 2159 770 Sic
2205 724 2261 771 et

680 813 844 859 aestas
869 805 921 860 in
949 805 1063 860 suis
1085 804 1257 873 tribus
1285 806 1561 862 mensibus
1593 822 1752 872 nova,
1792 806 1994 871 adulta,
2034 814 2090 861 et
2126 822 2258 877 pra:-

682 909 829 963 ceps.
880 894 1010 949 item
1037 896 1209 955 hiems
1238 912 1397 961 nova,
1425 897 1628 964 adulta,
1650 908 1705 954 et
1726 915 1984 969 pneceps,
2016 899 2129 953 sive
2160 913 2258 951 cx-

681 997 875 1043 trema.
921 987 1072 1044 Unde
1111 998 1163 1044 et
1195 998 1278 1069 est
1312 990 1439 1045 illud
1467 1010 1478 1044 :
1504 991 1759 1045 Extreme
1795 989 1896 1045 sub
1928 1006 2055 1047 casu
2088 990 2260 1046 hiems

683 1074 865 1148 [Isid.,
894 1086 1150 1133 extrema:
1175 1078 1276 1135 sub
1300 1095 1483 1134 casum
1515 1078 1750 1152 hiemis].

752 1167 915 1223 Inter.
962 1169 1067 1225 Ver
1094 1170 1235 1227 unde
1265 1172 1609 1242 appellatur?
1640 1170 1793 1245 Resp.
1831 1176 1937 1230 Ver
1970 1182 2147 1229 autem
2176 1176 2256 1229 di-

678 1270 846 1326 ctum,
878 1261 1019 1331 quod
1056 1262 1210 1316 viret.
1261 1262 1412 1318 'l'unc
1439 1264 1581 1319 enim
1616 1274 1735 1333 post
1766 1265 1996 1320 hiemem
2034 1266 2259 1320 vestitur

680 1351 837 1407 tellus
865 1351 1063 1417 herbis,
1090 1360 1146 1407 et
1171 1353 1223 1407 in
1247 1352 1431 1408 florem
1462 1361 1655 1409 cuncta
1685 1364 2023 1425 rumpuntur.

750 1439 915 1495 Inter.
964 1434 1150 1496 Aistas
1196 1443 1339 1497 unde
1374 1442 1613 1498 dicitur?
1648 1442 1801 1515 Resp.
1844 1445 2029 1501 .-Estas
2066 1446 2259 1501 dicitur

679 1534 747 1587 ab
773 1543 927 1600 aestu,
959 1534 1010 1589 id
1044 1544 1125 1589 est
1151 1550 1181 1599 a
1210 1534 1425 1601 calone;
1452 1544 1683 1592 etatstas
1707 1536 1862 1606 quasi
1894 1545 2061 1595 ustas.
2094 1538 2146 1592 id
2173 1544 2257 1592 est

678 1635 868 1680 onusta
893 1635 948 1681 et
968 1626 1136 1681 arida.
1168 1625 1301 1680 Nam
1326 1626 1475 1682 calor
1500 1628 1681 1684 aridus
1706 1638 1808 1684 est.

750 1719 917 1774 Inter.
956 1719 1261 1775 Autumnus
1287 1721 1429 1777 unde
1466 1722 1808 1792 appellatur?
1844 1722 1997 1792 Resp.
2034 1723 2260 1779 Autum-

682 1828 783 1867 nus
813 1829 843 1867 a
875 1822 1191 1884 tempestate
1226 1824 1467 1879 vocatus,
1504 1817 1721 1885 quando
1759 1825 1814 1872 et
1850 1816 1973 1872 folia
2006 1817 2261 1873 arborum

678 1902 897 1968 cadunt,
922 1913 976 1958 et
997 1900 1177 1959 omnia
1207 1914 1597 1961 maturescunt.

750 1991 916 2048 Inter.
950 1993 1131 2050 llicms
1154 2009 1323 2066 quare
1347 1995 1581 2051 dicitur?
1615 1996 1767 2067 Resp.
1803 1997 1987 2053 llicms
2016 2010 2095 2055 est
2122 2001 2259 2055 ratio

678 2084 938 2142 emisferii
986 2094 1287 2157 nuncupata
1330 2085 1485 2158 [IsitL
1531 2086 1770 2143 lliemem
1814 2098 1991 2144 autem
2022 2091 2163 2146 ratio

682 2176 1052 2249 nuncupavit].
1086 2177 1251 2232 Inter.
1286 2176 1607 2244 Quomodo?
1646 2177 1800 2250 Resp.
1830 2180 1965 2246 Quia
1994 2189 2118 2234 tunc
2141 2180 2259 2235 bre-

681 2268 819 2321 viori
854 2268 1077 2323 solvitur
1102 2267 1259 2341 [Isid.
1303 2268 1556 2340 volvitur]
1592 2270 1813 2324 circulo.
1863 2271 2013 2325 Unde
2061 2280 2115 2324 et
2157 2271 2259 2326 hoc

682 2368 892 2432 tempus
924 2360 1113 2415 bruma
1150 2360 1365 2425 dicitur,
1398 2361 1549 2431 quasi
1580 2360 1771 2415 braxin
1810 2360 1990 2432 [Isid.,
2026 2372 2259 2440 Βραχεῐα

679 2451 887 2530 enim],
916 2454 967 2508 id
987 2462 1069 2508 est
1096 2452 1273 2507 brevis
1297 2471 1309 2506 :
1335 2452 1416 2508 vel
1445 2469 1473 2507 a
1500 2453 1642 2518 cibo,
1670 2454 1814 2523 quod
1842 2453 2013 2523 major
2038 2455 2110 2509 sit
2134 2464 2259 2509 tunc

679 2544 929 2600 vescendi
970 2546 1254 2615 appetitus.
1298 2544 1614 2623 Inter..Qua
1654 2547 1894 2615 ratione?
1930 2546 2082 2617 Resp.
2126 2547 2261 2601 Eda—

572 2646 578 2652 '
681 2637 817 2695 citas
846 2637 989 2692 enim
1034 2636 1218 2692 Gra‘ce
1256 2638 1438 2691 bruma
1472 2638 1787 2708 appellatur.
1825 2638 1977 2695 Unde
2000 2648 2055 2694 et
2082 2639 2263 2693 inlini-

683 2729 813 2780 mati
840 2727 1113 2793 dicuntur,
1136 2728 1331 2798 quibus
1359 2726 1635 2784 fastidium
1658 2738 1741 2784 est
1767 2729 2028 2783 ciborum.
2074 2725 2081 2731 ’

756 2818 920 2872 Inter.
960 2817 1227 2873 llibcrnus
1261 2834 1427 2888 quare
1466 2820 1539 2873 ita
1574 2821 1835 2875 vocatur?
1872 2820 2026 2891 Resp.
2070 2819 2261 2875 Iliber-

682 2924 785 2964 nus
810 2916 987 2963 autem
1027 2909 1167 2964 inter
1199 2908 1429 2964 hiemem
1459 2918 1513 2963 et
1543 2925 1785 2976 vernum,
1815 2912 1964 2982 quasi
2005 2911 2261 2965 Ιιίνρτιιιιε

2358 365 2583 421 magnus
2618 354 2865 411 omnibus
2902 356 3129 425 planetis
3162 358 3215 412 in
3249 358 3496 413 eumdem
3532 358 3710 415 locum
3748 375 3947 418 recur-

2357 443 2616 506 rentibus,
2644 445 2787 515 quod
2814 445 2874 501 fit
2893 454 3014 517 post
3036 464 3206 503 annos
3238 448 3547 505 solstitiales
3573 450 3860 520 plurimos.

2428 534 2593 589 Inter.
2635 535 2773 603 Quid
2795 545 2880 593 est
2902 554 3031 604 aera,
3060 540 3142 594 vel
3167 540 3288 608 quis
3311 555 3375 600 ea
3404 542 3731 597 constituit?
3768 542 3938 615 Resp.

2354 621 2487 678 Era
2533 624 2861 695 singulorum
2903 643 3161 684 annorum
3199 638 3281 684 est
3314 631 3672 699 constitutas
3716 634 3941 690 Caesare

2356 712 2617 782 Augusto,
2659 716 2871 785 quando
2918 718 3151 788 primum
3196 735 3359 776 censu
3410 723 3684 794 exagitato
3741 722 3935 796 μαῖα..

2357 816 2577 857 censum
2605 806 2803 878 exegit,
2834 808 2919 879 ac]
2948 808 3247 865 Romanum
3274 811 3784 884 orbem‘descripsit.
3837 814 3941 870 In-

2356 902 2450 945 ter.
2503 895 2651 951 Unde
2685 898 2884 951 dicitur
2918 900 3068 953 aera?
3103 898 3256 971 Resp.
3298 900 3449 956 Dicta
3489 911 3572 958 est
3605 912 3784 959 autem
3819 919 3936 959 cra

2358 998 2420 1036 ex
2462 1000 2550 1049 eo,
2592 986 2735 1056 quod
2777 988 2952 1089 omni?
2995 989 3141 1044 orbis
3173 1004 3248 1046 res
3281 990 3506 1047 reddere
3543 992 3819 1050 professus
3848 1004 3957 1050 est.

2358 1072 2683 1141 reipubliczn.

2427 1164 2591 1237 429
2613 1166 2775 1222 Inter.
2798 1168 3055 1240 Olimpias
3076 1154 3215 1225 unde
3227 1156 3460 1225 dicitur?
3482 1170 3636 1243 Resp.
3669 1174 3957 1245 Olimpias-

2358 1257 2497 1327 apud
2530 1256 2747 1313 Grzecos
2775 1266 2859 1314 est
2881 1260 3174 1314 constituta
3200 1262 3337 1330 apud
3360 1261 3564 1317 Elidem
3585 1262 3805 1318 Grecis:
3853 1264 3934 1318 ci-

2359 1348 2584 1402 vitatem
2630 1347 2759 1403 Eliis
2806 1348 3082 1418 agentibus
3137 1365 3361 1418 agonem
3413 1359 3470 1405 et
3518 1352 3931 1422 quinquennale

2359 1445 2655 1504 certamen,
2679 1447 2909 1507 quatuor
2928 1439 3115 1494 mediis
3142 1440 3297 1494 annis
3336 1441 3696 1507 vacantibus;
3745 1450 3801 1496 et
3862 1443 3936 1497 ob

2360 1527 2463 1582 hoc
2490 1527 2698 1583 Elidum
2727 1530 3038 1585 certaminis
3066 1539 3275 1601 tempus
3321 1531 3665 1603 olimpiadem
3704 1548 3936 1590 vocave-

2286 1620 2334 1679 B
2363 1630 2505 1687 runt,
2562 1624 2914 1692 quadriennio
2962 1624 3014 1679 in
3055 1641 3160 1680 una
3186 1626 3473 1696 olimpiade
3509 1636 3814 1705 supputato.

2430 1715 2595 1785 Inter.
2624 1714 2763 1784 Quid
2785 1725 2868 1771 est
2889 1716 3148 1772 lustrum?
3170 1717 3325 1788 Resp.
3354 1718 3605 1774 Lustrum
3633 1728 3717 1774 est
3740 1730 3934 1789 pente-

2361 1806 2509 1871 tesis,
2563 1806 2615 1860 id
2644 1814 2748 1870 est,
2784 1807 3226 1877 quinquennium,
3257 1808 3399 1876 quod
3423 1808 3612 1878 quinto
3634 1824 3776 1863 anno
3797 1810 3937 1865 dicis

2361 1906 2447 1950 tur
2498 1896 2657 1951 condi
2712 1906 2933 1967 propter
2978 1897 3289 1967 olimpiades
3339 1913 3368 1950 a
3411 1897 3690 1954 Romanis.
3738 1899 3932 1954 Adhuc

2360 1985 2503 2039 enim
2529 1984 2808 2051 consules;
2838 1985 3011 2040 adhuc
3047 2002 3152 2041 non
3177 1988 3294 2040 erat
3314 2001 3441 2040 aera.
3478 1987 3574 2043 Est
3602 1990 3747 2044 enim
3773 1989 3933 2058 quin-

2359 2073 2628 2143 quennale
2659 2082 2887 2143 tempus.
2934 2072 3099 2127 Inter.
3157 2074 3335 2142 Quare
3360 2074 3434 2129 ita
3464 2078 3723 2131 vocatur?
3771 2074 3926 2145 Resp.

2360 2164 2482 2219 ideo
2516 2165 2659 2219 enim
2690 2164 2769 2219 sic
2793 2174 3033 2229 vocatur,
3084 2180 3151 2220 eo
3201 2168 3344 2235 quod
3376 2181 3541 2221 censu
3569 2178 3732 2237 super
3775 2167 3934 2237 quin-

2361 2255 2654 2325 queuuium
2710 2256 2763 2309 in
2817 2255 3087 2326 republica
3126 2266 3345 2326 peracto
3384 2256 3513 2311 urbs
3535 2256 3705 2311 Roma
3738 2255 3935 2312 lustra-

2361 2344 2536 2400 batur.

2432 2433 2602 2487 Inter.
2658 2431 2911 2489 Iubcleus
2932 2494 2939 2503 ,
2962 2437 3089 2505 quid
3119 2438 3539 2507 interpretatur?
3568 2436 3723 2507 Resp.
3757 2437 3930 2492 lntcr-

2360 2530 2605 2594 pretatur
2626 2524 2770 2578 enim
2797 2526 3125 2582 remissionis
3148 2542 3337 2581 annus.
3391 2526 3487 2581 Est
3532 2529 3676 2584 enim
3702 2527 3931 2583 llebrai-

2364 2629 2461 2693 cus
2499 2622 2555 2667 et
2598 2629 2777 2670 sermo
2815 2624 2868 2670 et
2898 2632 3171 2683 numerus,
3225 2620 3317 2687 qui
3368 2619 3609 2687 septenis
3658 2633 3931 2674 annorum

2364 2704 2765 2770 ebdomadibus,
2822 2707 2875 2762 id
2925 2716 3024 2773 est,
3073 2724 3139 2763 xi.
3200 2716 3254 2763 et
3298 2724 3352 2762 rx
3416 2708 3571 2763 annis
3621 2710 3838 2773 texitur,
3875 2712 3930 2764 in

2364 2795 2559 2864 quibus
2615 2796 2998 2867 clangebantur
3051 2800 3208 2863 tubae,
3264 2807 3320 2853 et
3359 2798 3426 2853 ad
3468 2814 3657 2855 omnes
3694 2810 3932 2857 reverte-

2366 2885 2525 2940 batur
2560 2888 2779 2957 antiqua
2816 2890 3103 2957 possessio,
3164 2891 3341 2946 debita
3392 2891 3827 2959 absolvebantur,
3878 2904 3933 2947 et

683 2998 867 3073 [Isid.,
915 2999 1261 3073 byevernus],
1312 3001 1402 3071 qui
1457 2974 1777 3072 plerumque
1895 3011 2049 3071 parte
2092 3011 2260 3056 totam
2289 2974 2334 3036 (εἶ
2367 2976 2826 3073 φηίξῗφθδθξωτ
2878 2976 3170 3035 Ῑίδθηδίθδ·
3224 2979 3377 3037 “uno
3438 2998 3723 3038 “unm
3766 2984 3937 3038 “iam

685 3093 915 3147 hiemem
943 3092 1231 3162 significat.
1276 3090 1442 3146 Inter.
1478 3092 1601 3147 [huc
1629 3102 1867 3164 tempora
1896 3094 1982 3148 cui
2012 3093 2267 3162 deputan-

685 3180 817 3233 tur?
858 3179 1011 3250 Resp.
1054 3179 1411 3233 Ascribuntur
1437 3181 1579 3234 enim
1606 3180 1831 3250 singulis
1854 3180 2094 3249 partibus
2118 3180 2261 3235 caeli.

687 3272 851 3325 Inter.
897 3271 1216 3338 Quomodo?
1261 3271 1415 3342 Resp.
1459 3272 1565 3327 Ver
1601 3271 1798 3343 quippe
1836 3266 2030 3326 Orienti
2074 3271 2262 3335 datur,

684 3364 812 3433 quia
844 3368 1056 3417 tunch
1091 3363 1247 3417 terris
1270 3363 1448 3418 omnia
1475 3363 1741 3417 oriuntur.
1789 3356 1970 3420 lisias
1992 3378 2123 3417 vero
2150 3377 2264 3415 mc-

690 3455 917 3521 ridiauo,
957 3470 1021 3509 eo
1072 3454 1213 3525 quod
1260 3470 1385 3525 pars
1432 3453 1547 3524 ejus
1586 3455 1766 3511 calore
1811 3453 2123 3527 ﬂagrantior
2172 3454 2262 3508 sit.

688 3546 873 3603 lliems
906 3547 1294 3619 septemtrioni,
1329 3564 1395 3604 eo
1424 3548 1566 3618 quod
1596 3548 1885 3620 frigoribus
1920 3556 1974 3601 et
2006 3554 2266 3617 perpetuo

689 3638 808 3708 gelu
833 3648 1027 3710 torpet.
1058 3639 1365 3695 Autumnus
1387 3639 1632 3701 occiduo,
1656 3648 1878 3707 propter
1902 3635 2045 3706 quod
2073 3651 2267 3707 graves

691 3731 906 3787 morbos
936 3732 1117 3786 habet.
1168 3730 1322 3787 Unde
1357 3737 1413 3785 et
1453 3738 1580 3784 tunc
1618 3729 1799 3783 omnia
1846 3726 1969 3781 folia
2016 3728 2268 3780 arborum
2369 3792 2375 3797 ὓ

690 3824 949 3881 defluunt.
993 3823 1061 3879 Ut
1093 3831 1270 3877 autem
1302 3831 1590 3878 autumnus
1616 3819 1850 3874 abundtt
1882 3817 2103 3881 morbis,
2143 3816 2269 3871 facit

692 3922 793 3974 hoc
814 3918 1103 3974 confinium
1130 3915 1347 3988 frigoris
1376 3924 1431 3969 et
1453 3902 1643 3970 caloris
1674 3922 1727 3969 et
1758 3910 2173 3983 compugnantia
2196 3910 2274 3964 in-

652 4008 655 4009 ⁷
693 4022 776 4068 tra
797 4027 858 4070 se
882 4012 1275 4070 contrariorum
1300 4026 1505 4066 aerum.

768 4102 932 4159 Inter.
971 4103 1159 4159 Annus
1185 4104 1313 4174 quid
1346 4104 1468 4157 est?
1506 4100 1659 4171 Resp.
1697 4100 1885 4154 Annus
1908 4108 1992 4154 est
2020 4097 2148 4153 solis
2176 4112 2271 4151 an-

698 4198 919 4265 fractus,
943 4214 1062 4271 cum
1092 4197 1325 4270 peractis
1355 4204 1436 4251 ter
1471 4186 1687 4251 centum
1722 4192 1997 4263 sexaginta
2035 4191 2275 4260 quinque

696 4289 887 4344 diebus
908 4287 974 4343 ad
1004 4290 1190 4343 eadem
1214 4287 1330 4343 loca
1353 4286 1587 4342 siderum
1619 4284 1774 4340 redit.
1809 4282 1973 4335 Inter.
2018 4279 2166 4338 Unde
2194 4280 2274 4334 di—

695 4381 839 4435 citur
863 4378 1077 4435 annos?
1109 4376 1261 4447 Resp.
1290 4376 1477 4430 Annus
1502 4375 1677 4431 dictus
1702 4382 1803 4437 est,
1834 4374 1956 4442 quia
1996 4372 2271 4427 mensibus

699 4474 755 4529 in
784 4488 842 4529 se
865 4468 1262 4528 recurrentibus
1289 4467 1539 4524 volvitur.
1578 4465 1734 4522 Unde
1763 4474 1817 4519 et
1840 4464 2089 4527 annulus,
2115 4463 2268 4533 quasi

696 4576 926 4628 annuus,
957 4560 1011 4617 id
1031 4567 1135 4627 est,
1163 4556 1421 4621 circulus,
1447 4556 1588 4627 quod
1612 4556 1666 4609 in
1696 4570 1756 4610 se
1783 4552 1986 4610 redeat.
2037 4552 2187 4609 Unde
2217 4562 2272 4609 ct

700 4652 953 4725 Virgilius
976 4648 1183 4725 (Georg.
1213 4667 1273 4718 ιι,
1304 4649 1429 4720 402)
1456 4666 1469 4701 :

826 4788 987 4849 Atque
1013 4788 1065 4836 tn
1086 4798 1142 4837 se
1161 4797 1250 4837 sua
1274 4796 1363 4847 per
1386 4786 1597 4859 vestigia
1622 4782 1832 4835 volvitur
1850 4791 2026 4831 annos.

706 4907 798 4964 Sic
824 4908 967 4963 enim
1002 4909 1143 4977 apud
1184 4908 1465 4982 Egyptios
1499 4909 1840 4966 indicabatur
1870 4916 1995 4963 ante
2033 4906 2278 4961 inventas

682 5038 683 5041 η
707 5002 932 5065 litteras,
959 5000 1103 5071 picto
1132 5001 1362 5057 dracone
1386 5003 1610 5059 caudam
1638 5014 1792 5059 suam
1822 5002 2125 5065 mordente,
2151 4998 2277 5068 quia

706 5093 839 5149 inse
867 5090 1119 5147 recurrit.
1162 5090 1265 5145 Alii
1306 5104 1503 5145 annum
1541 5092 1729 5149 dicunt
1760 5090 2118 5163 apotilanistai
2154 5088 2280 5162 [ἀπὸ

706 5192 797 5241 τοῦ
824 5180 1200 5255 basiabam],
1234 5180 1288 5238 id
1327 5188 1431 5249 est,
1474 5180 1545 5235 ab
1582 5180 1949 5247 innovatione,
1990 5187 2283 5237 renovatur

708 5279 853 5334 enim
879 5294 1107 5350 semper.

790 5366 953 5424 Inter.
995 5367 1134 5435 Quot
1171 5376 1298 5425 sunt
1326 5366 1483 5423 aliter
1510 5378 1771 5420 annorum
1803 5366 2085 5438 tempora?
2126 5364 2281 5435 Resp.

715 5462 986 5515 Annorum
1016 5468 1255 5529 tempora
1288 5457 1391 5513 tria
1420 5464 1568 5511 sunt.
1617 5453 1780 5508 Inter.
1798 5453 1945 5522 Qua:
1978 5464 2103 5511 sunt
2130 5453 2284 5510 ham?

719 5551 873 5623 Resp.
916 5550 1020 5606 Aut
1043 5551 1184 5607 enim
1216 5550 1420 5607 lunaris
1442 5556 1523 5605 est
1551 5562 1740 5615 annus,
1779 5548 1870 5620 qui
1900 5546 2137 5605 continet
2173 5548 2285 5603 dies

2369 3068 2421 3121 in
2476 3068 2663 3125 diebus
2706 3071 3047 3127 Pentecostes
3082 3082 3136 3128 et
3164 3074 3261 3143 ipsi
3299 3074 3634 3130 celebramus
3686 3083 3805 3143 post
3835 3073 3935 3127 Do.

2366 3158 2496 3212 mini
2546 3161 3020 3226 resurrectionem,
3066 3163 3289 3217 remissa
3313 3163 3467 3232 culpa
3500 3174 3555 3217 et
3581 3165 3743 3218 totius
3772 3163 3934 3219 debiti

2364 3240 2633 3317 cirOgrafo
2695 3248 3101 3322 [chirographo]
3163 3263 3428 3307 evacuate
3486 3253 3553 3307 ab
3602 3255 3748 3308 omni
3798 3270 3935 3309 nexu

2364 3328 2554 3401 liberi,
2614 3339 2967 3409 suscipientes
3024 3343 3395 3398 advenientem
3454 3344 3509 3398 in
3558 3360 3657 3400 nos
3708 3347 3934 3417 gratiam

2367 3426 2599 3495 Spiritus
2638 3430 2827 3483 sancti.
2873 3430 2993 3485 llaec
3040 3448 3208 3503 pauca
3260 3435 3351 3488 tibi
3383 3436 3448 3490 de
3479 3444 3780 3505 temporum
3843 3452 3935 3490 ra-

2276 3538 2279 3542 ν
2368 3515 2515 3570 tione
2564 3518 2794 3586 prolata,
2833 3536 3110 3591 quousque
3164 3518 3365 3592 majora
3426 3522 3791 3594 proferantur,
3827 3522 3936 3577 sul"-

2371 3608 2573 3662 ficiant.

2998 3703 3231 3758 CAPUT
3264 3703 3351 3759 γη

2797 3810 2861 3847 DE
2894 3810 3083 3848 VETERI
3128 3810 3497 3850 Tl-ISTAIIENTO.

2442 3902 2706 3970 Quoniam
2732 3904 2911 3959 omnia
2972 3921 3070 3975 per
3100 3906 3341 3962 diversas
3372 3916 3677 3977 temporum
3727 3925 3938 3966 succes-

2374 3993 2554 4049 siones
2590 3993 2659 4049 ab
2695 3994 2852 4049 initio
2908 4004 3167 4051 creaturae
3214 4007 3363 4069 gesta
3399 4008 3560 4067 atque
3613 4000 3935 4072 conscripta,

2376 4086 2612 4141 maxime
2638 4086 2693 4140 in
2730 4085 2923 4141 Vetere
2961 4086 3304 4145 Testamento
3355 4100 3648 4147 narrantur
3690 4100 3849 4161 atque
3872 4092 3941 4149 lo-

2374 4183 2591 4248 guntur,
2621 4175 2819 4232 idcirco
2842 4178 2886 4231 si
2911 4177 3057 4243 libet,
3083 4186 3241 4248 prout
3266 4193 3409 4233 nunc
3427 4179 3685 4257 occurrit,
3711 4178 3937 4249 dispute-

2378 4284 2497 4324 mus
2519 4269 2661 4324 inter
2684 4284 2799 4332 nos,
2851 4284 2969 4336 quze
2994 4269 3277 4323 diversitas
3304 4278 3465 4338 atque
3496 4268 3865 4340 multiplicius
3885 4271 3936 4327 in

2376 4359 2565 4413 eodem
2590 4355 2936 4411 Testamento
2964 4355 3243 4410 habeatur.

2449 4448 2614 4503 Inter.
2676 4446 2743 4501 Et
2766 4447 2891 4517 quia
2913 4446 3028 4501 hzec
3056 4446 3128 4501 ita
3161 4458 3411 4519 aguntur,
3456 4449 3544 4504 dic
3570 4442 3733 4517 mihi,
3783 4450 3940 4508 Vetus

2377 4538 2779 4593 Testamentum
2812 4553 2979 4609 quare.
3014 4537 3264 4593 dicatur?
3288 4537 3443 4609 Resp.
3476 4538 3641 4596 Vetus
3662 4539 3815 4604 enim
3844 4540 3935 4596 Τε-

2377 4637 2702 4685 stamentum
2718 4641 2959 4697 vocatur,
2982 4632 3107 4700 quia
3123 4631 3372 4686 veniente
3393 4629 3544 4692 Novo
3569 4614 3822 4696 cessavit,
3847 4631 3938 4686 sic-

2380 4728 2439 4773 ut
2474 4719 2549 4774 ait
2577 4720 2863 4791 Apostolus
2898 4742 2909 4775 :
2963 4722 3143 4777 Vetera
3182 4723 3499 4777 transierunt
3531 4732 3580 4776 et
3619 4739 3734 4778 erce
3772 4724 3939 4777 omnia

2380 4798 2523 4881 faeta
2568 4822 2688 4868 sunt
2720 4830 2849 4869 nova
2906 4814 2989 4883 (II
3018 4812 3139 4866 Cor.
3164 4828 3219 4875 γ,
3257 4809 3367 4882 l7).

2451 4904 2617 4961 Inter.
2646 4905 2811 4961 Vetus
2841 4905 3241 4960 Testamentum
3275 4903 3327 4957 in
3358 4911 3488 4973 quot
3518 4904 3671 4961 libris
3698 4905 3937 4961 dinume-

2383 4998 2567 5053 ratur?
2620 4994 2770 5068 Resp.
2808 4995 2865 5048 ιιι
2896 5008 3014 5048 va.
3069 4991 3233 5046 Inter.
3280 4992 3522 5059 Qomodo
3570 4994 3940 5051 nominantur?

2384 5088 2536 5159 Resp.
2588 5084 2831 5148 Genesis,
2860 5082 3092 5147 Exodus,
3128 5080 3412 5149 Leviticus,
3469 5082 3755 5150 Numerus,
3812 5083 3941 5139 Deu-

2385 5178 2736 5240 teronomius,
2764 5172 2944 5239 Iosue,
2974 5170 3239 5241 Iudicum,
3269 5172 3433 5242 Ruth,
3467 5175 3615 5235 Libri
3643 5174 3852 5245 Regum
3881 5193 3951 5243 iv,

2386 5268 2853 5340 Paralipomenon,
2875 5261 2997 5330 Job,
3024 5262 3364 5333 Psalterium,
3385 5264 3825 5332 Proverbiorum,
3861 5270 3955 5327 Ee-

2352 5362 2695 5426 .clesiastes,
2763 5356 3041 5413 Canticum
3084 5356 3460 5424 Canticorum,
3517 5357 3664 5414 Libri
3714 5358 3942 5431 Prophe-

2388 5466 2564 5511 tarum
2596 5469 2704 5517 xvi,
2755 5448 2909 5514 Tobi,
2949 5449 3150 5517 Iudith,
3196 5450 3388 5507 llester
3439 5460 3494 5507 et
3518 5450 3939 5507 Machabeorum.

2460 5542 2621 5599 Inter.
2677 5540 2909 5597 I‘rolatis
2932 5545 3163 5599 muneris
3219 5542 3345 5614 quid
3400 5544 3451 5597 in
3496 5553 3821 5612 unaquaque
3859 5550 3943 5593 co-
