4254 6200
380 379 514 438 1121

1280 383 1426 439 orr.
1468 384 1692 441 DL'BlA.
1732 417 1799 427 —
1837 385 2248 447 DlSPliTATlO
2282 348 2686 450 rtzrﬁsontm.

3476 405 3617 466 li?!

378 510 498 552 rum
550 492 915 565 principaliter
977 494 1347 562 contineatur,
1397 498 1545 551 brevi
1590 512 1839 552 sermone
1883 508 1941 552 ut
1970 503 2018 562 B
2050 502 2141 557 Dei
2182 503 2248 557 ad
2282 518 2405 558 etim
2428 520 2527 574 per
2553 506 2838 575 turbinem,
2866 519 2918 564 et
2958 511 3149 583 duplex
3172 513 3288 583 ejus
3316 516 3369 571 in
3400 516 3502 573 {lue
3534 537 3617 575 rc-

374 584 511 638 mibi
540 583 772 653 aperias,
803 582 1047 637 obsecro.
1076 582 1229 654 Resp.
1259 585 1425 639 Prout
1454 585 1691 640 Domino
1705 587 1941 644 donante

376 673 552 740 valeo,
579 672 792 728 faciam.

447 762 611 817 Inter.
641 763 739 817 Dic
761 776 894 833 ergo
915 763 1066 829 mihi,
1090 764 1217 834 quid
1252 767 1589 822 contineatur
1622 769 1673 821 in
1698 766 1942 823 Genesi?

380 853 534 924 Resp.
579 865 606 894 ι
655 852 975 908 Continetur
992 855 1137 909 enim
1170 855 1224 909 in
1254 871 1321 911 eo
1345 856 1547 913 fabrica
1577 858 1780 923 mundi,
1811 872 1943 912 con-

356 944 508 999 'ditio
562 945 819 1011 hominis,
843 944 1205 1012 cataclismus,
1246 946 1439 1003 divisio
1469 959 1647 1014 terrm,
1693 949 1943 1031 confusio

372 1031 696 1102 linguarum,
739 1044 798 1091 et
830 1044 981 1105 gesta
1007 1036 1248 1091 omnium
1302 1035 1743 1095 Patriambarum
1771 1056 1941 1110 usque

334 1136 345 1145 '
373 1124 440 1178 ad
476 1124 864 1195 ingressionem
900 1125 1063 1181 Israel
1089 1127 1154 1181 in
1200 1125 1512 1200 Egyptum.

443 1233 609 1289 Inter.
645 1235 783 1303 Quid
812 1236 867 1291 in
891 1222 1113 1293 Exodo?
1140 1235 1296 1309 Resp.
1326 1238 1656 1295 llebreorum
1681 1240 1938 1307 servitus,

368 1324 528 1393 plaga
576 1322 818 1395 Egypti,
891 1340 1143 1397 egressus
1188 1327 1387 1398 populi,
1443 1330 1706 1399 protectio
1762 1332 1941 1399 nubis,

374 1412 634 1468 transitus
660 1413 831 1467 maris
862 1413 1050 1480 Rubri,
1082 1430 1294 1472 mersus
1314 1416 1630 1484 Pharaonis,
1661 1418 1827 1491 gloria
1850 1420 1944 1477 de—

372 1504 697 1560 cantationis
747 1494 929 1577 [Isid.,
992 1505 1174 1578 gloriae
1222 1508 1572 1582 deeantatio],
1618 1518 1951 1580 congressus

369 1593 561 1659 eremi,
610 1592 762 1648 cibus
791 1609 1021 1661 mannis,
1072 1593 1267 1650 ﬂuenta
1298 1597 1354 1651 in
1384 1597 1718 1653 dulcedinem
1762 1614 1940 1667 versa,

368 1696 546 1753 pugna
570 1681 852 1750 Amalech,
877 1686 1127 1740 mandata
1151 1684 1408 1758 decalogi,
1431 1688 1593 1743 archa
1615 1692 1941 1759 testamenti,

366 1776 425 1827 et
451 1769 720 1826 dedicatio
771 1771 1102 1827 tabernaculi
1126 1784 1181 1828 et
1210 1775 1511 1831 oblationis.

439 1879 603 1935 Inter.
658 1880 799 1949 Quid
856 1881 910 1937 in
960 1882 1230 1939 Levitico?
1277 1882 1432 1955 Resp.
1488 1884 1599 1942 Lex
1644 1887 1938 1943 sacriﬁcio-

370 1983 492 2027 rum
524 1978 582 2024 et
606 1970 907 2031 hostiarum
935 1972 1238 2038 diversitas,
1269 1973 1576 2029 indumenta
1602 1976 1935 2046 pontiﬁcum,

369 2063 670 2118 ministeria
692 2063 996 2131 levitarum,
1042 2065 1285 2120 ciborum
1330 2067 1604 2133 diserctio,
1652 2069 1938 2124 diversitas

368 2153 708 2223 papnlorum,
733 2154 1187 2228 purgatioﬁesque
1208 2159 1506 2214 hostiarum
1538 2159 1719 2231 [Isid.,
1749 2176 1941 2232 purga-

370 2241 641 2313 tionisque
666 2241 749 2297 vel
779 2242 1011 2314 hostiae].
1746 2270 1756 2279 ι

438 2327 604 2386 Inter.
651 2330 790 2401 Quid
816 2331 868 2387 in
906 2331 1186 2387 Numero?
1218 2332 1371 2405 Resp.
1420 2336 1671 2407 Egressio
1704 2337 1937 2393 tribuum

365 2433 433 2475 ex
455 2418 710 2493 Egypto,
763 2432 820 2477 et
842 2438 907 2478 xi.
933 2422 1159 2478 duarum
1186 2440 1283 2493 per
1308 2439 1549 2480 ercmum
1597 2427 1936 2482 mansionum

366 2520 727 2567 sacramenta.

437 2602 606 2657 Inter.
632 2603 772 2671 Quid
801 2604 855 2658 in
880 2604 1331 2660 Deuteronomio?
1361 2603 1518 2677 Resp.
1545 2604 1939 2678 Recapitulatio

365 2690 521 2764 legis,
549 2701 605 2746 et
631 2694 833 2759 omnia,
883 2709 1003 2762 qua:
1035 2680 1174 2749 inter
1200 2693 1399 2761 Faran,
1435 2704 1490 2750 et
1531 2695 1725 2763 Obetb,
1769 2708 1824 2753 et
1844 2697 1953 2753 [δέ

368 2779 497 2847 ban,
519 2787 575 2835 et
585 2778 816 2834 Asaroth
831 2796 999 2849 usque
1013 2782 1080 2836 ad
1102 2780 1458 2838 Cadesbarnie
1474 2783 1692 2840 fuerunt
1708 2801 1739 2840 a
1760 2786 1940 2858 Moyse

366 2867 561 2941 populo
595 2868 719 2923 data
757 2866 939 2940 [Isid.,
980 2870 1251 2943 mandata]
1291 2880 1449 2941 atque
1495 2875 1778 2943 promissa,
1825 2891 1942 2931 ma-

367 2958 679 3015 ledictiones
702 2969 1045 3029 peccatorum
1071 2969 1126 3015 et
1145 2962 1525 3033 promissiones
1553 2964 1935 3032 beatitudinis;

368 3047 440 3103 ibi
470 3049 619 3117 canit
653 3050 925 3104 canticum
964 3050 1193 3122 Moyses,
1255 3053 1325 3107 ibi
1370 3054 1460 3108 dat
1510 3054 1939 3113 benedictionem

369 3136 493 3192 ﬁliis
526 3137 706 3202 Israel,
736 3138 828 3203 ibi,
867 3147 1008 3193 terra
1034 3142 1461 3210 repromissionis
1484 3154 1793 3213 conspecta,
1826 3160 1941 3201 mo-

367 3227 509 3281 ritur
540 3238 596 3282 et
618 3226 894 3296 sepelitur.

438 3316 603 3372 Inter.
652 3318 791 3385 Quid
814 3319 867 3371 in
903 3317 1028 3373 Jesu
1056 3317 1238 3373 Nave?
1294 3320 1449 3391 Resp.
1497 3321 1781 3377 Transitus
1820 3321 1942 3379 Jor-

368 3408 524 3464 danls
559 3407 794 3463 ﬁliorum
828 3408 991 3464 Israel
1026 3418 1080 3464 et
1130 3410 1467 3477 circumcisio
1505 3412 1757 3477 secunda,
1811 3414 1939 3469 sub-

364 3498 544 3552 versio
581 3498 1013 3564 Cbanancorum,
1063 3510 1117 3555 et
1145 3501 1335 3555 diVisio
1386 3510 1542 3557 teme
1583 3510 1791 3570 eorum,
1840 3521 1939 3562 nec

367 3601 472 3640 non
502 3594 557 3641 et
591 3588 877 3643 haereditas
902 3597 1047 3643 sorte
1079 3599 1348 3660 suscepta.

437 3676 605 3730 Inter.
644 3678 778 3744 Quid
831 3680 883 3733 in
924 3678 1059 3733 libro
1110 3679 1388 3735 Judicum?
1444 3681 1853 3751 Resp.'Peccata
1882 3698 1938 3744 et

366 3766 594 3821 servitus
619 3765 799 3831 Israel,
817 3768 1230 3824 exclamationes
1265 3770 1462 3841 populi,
1485 3784 1539 3829 et
1563 3771 1937 3833 miserationes

367 3854 458 3909 Dei
486 3856 717 3910 adeum.
764 3908 769 3909 γ

438 3942 602 3998 Inter.
640 3945 777 4014 Quid
817 3948 869 4002 in
920 3948 1096 4003 Ruth?
1131 3948 1281 4020 Resp.
1325 3950 1558 4011 Historia
1607 3956 1933 4026 Moabitidis,

365 4030 432 4086 dc
462 4033 616 4103 cujus
637 4036 804 4106 stirpe
832 4037 1104 4093 descendit
1131 4038 1315 4095 David.

436 4141 600 4196 Inter.
650 4142 788 4210 Quid
825 4145 879 4207 in
930 4144 1169 4216 Regum?
1225 4149 1377 4220 Resp.
1431 4152 1712 4216 Transitus
1755 4158 1933 4212 archie

363 4232 645 4289 dominicae
681 4248 711 4287 a
751 4231 950 4290 ludatis
975 4236 1043 4291 ad
1070 4248 1274 4307 gentes,
1311 4242 1665 4298 sacerdotium
1697 4242 1836 4311 Heli,
1880 4256 1930 4303 et

367 4322 419 4377 in
453 4322 619 4379 David
655 4324 940 4394 imperium
973 4326 1115 4398 regis
1150 4326 1348 4396 Saulis,
1386 4340 1534 4401 gesta
1571 4348 1755 4404 regum
1783 4335 1932 4392 Judze

363 4424 435 4485 et,
463 4414 845 4482 lsraelitarum,
901 4418 1137 4487 gentium
1181 4422 1581 4493 transmigratio
1628 4440 1841 4495 quoque
1864 4428 1931 4483 ab

364 4515 547 4556 errore
580 4504 894 4561 idololatria:
915 4509 1075 4563 Israel
1107 4511 1159 4564 in
1183 4510 1421 4577 Assiriis,
1446 4522 1503 4568 et
1544 4514 1804 4571 adventus
1826 4517 1932 4572 Na—

350 4587 738 4661 .bugodonosor
789 4595 844 4649 in
905 4596 1267 4665 Hierusalem,
1320 4602 1434 4657 sive
1490 4604 1651 4659 etiam
1705 4606 1929 4677 captivi.-

370 4688 451 4734 tas
499 4681 797 4752 principum
850 4702 913 4741 ac
959 4690 1168 4758 populi,
1208 4703 1261 4747 et
1320 4694 1601 4752 subversio
1654 4696 1804 4753 urbis
1846 4701 1929 4754 vel

370 4769 573 4840 templi.

437 4857 600 4912 Inter.
643 4859 779 4928 Quid
803 4864 854 4917 in
880 4863 1354 4935 Paralipomenon?
1405 4870 1558 4941 Resp.
1587 4873 1734 4929 Ordo
1769 4892 1931 4948 gene-

369 4951 633 5005 rationum
661 4962 716 5009 et
746 4964 1063 5027 temporum,
1089 4971 1143 5015 et
1176 4972 1481 5019 sanctarum
1528 4966 1929 5038 Scripturarum

366 5038 613 5103 eruditio,
651 5058 749 5099 nec
793 5063 896 5101 non
936 5059 989 5103 et
1037 5052 1293 5122 quidquid
1346 5054 1397 5108 in
1446 5057 1670 5112 historia
1720 5058 1929 5117 Veteris

368 5126 693 5185 Testamenti
721 5136 919 5191 omissa
948 5151 1091 5205 sunt,
1144 5153 1233 5198 aut
1258 5144 1484 5203 fortasse
1516 5165 1620 5203 non
1656 5150 1810 5220 plene
1844 5154 1927 5207 di-

366 5226 535 5287 gesta,
562 5219 617 5273 in
630 5220 758 5275 sisto
786 5229 1094 5283 summatim
1116 5247 1179 5287 ac
1214 5234 1448 5291 breviter
1478 5219 1739 5309 explicata
1780 5253 1923 5297 sunt.

437 5329 599 5384 Inter.
646 5332 784 5399 Quid
834 5336 885 5389 in
916 5335 1055 5392 Job?
1122 5340 1271 5413 Resp.
1320 5348 1781 5417 Ejusdem-sancti
1825 5355 1925 5409 viri

369 5417 579 5485 damna,
620 5421 824 5489 funera,
846 5426 930 5481 vel
972 5427 1193 5498 ﬂagella,
1233 5445 1286 5487 et
1314 5442 1699 5496 contumeliosa
1736 5458 1928 5498 conso-

371 5502 592 5561 lantium
638 5510 781 5566 dicta
822 5532 834 5566 :
878 5516 1107 5571 lamenta
1168 5535 1378 5590 quoque
1436 5529 1575 5596 ejus,
1639 5530 1689 5583 in
1733 5533 1928 5600 quibus

378 5596 532 5649 .otius
590 5603 771 5654 mundi
818 5598 1053 5674 deplorat
1082 5608 1371 5677 miseriam,
1422 5618 1716 5672 consolatio
1764 5622 1926 5676 etiam

442 5720 466 5747 ι
504 5707 647 5771 lsid.,
688 5710 808 5767 libr.
846 5716 1256 5787 Prommiorum,
1284 5738 1311 5775 a
1337 5739 1439 5793 quo
1470 5730 1521 5781 in
1567 5730 1746 5787 multis
1767 5732 1959 5790 diil‘ert.

2042 593 2366 646 muneratio.
2470 635 2505 649 χ

2113 678 2278 735 Inter.
2326 681 2465 749 Quid
2511 682 2565 738 in
2619 684 2756 741 libro
2797 687 3163 745 l’salinorum?
3224 692 3377 764 Resp.
3432 698 3613 753 Conti-

2042 777 2238 823 nentur
2270 771 2414 825 enim
2455 772 2509 826 in
2544 788 2612 828 eo
2647 774 2930 845 allegorice
2973 794 3037 832 ac
3073 782 3249 850 tvpice
3277 797 3617 842 sacramenta

2041 856 2271 928 signata,
2288 860 2382 914 sed
2402 862 2711 932 specialiter
2724 866 2993 932 nativitas,
3013 871 3194 938 passio
3212 878 3269 926 et
3293 880 3618 930 resurrectio
3656 880 3662 888 ‘

2040 943 2264 1001 Christi.
2676 958 2687 970 ‘
2730 976 2733 977 ν

2116 1033 2284 1090 Inter.
2332 1037 2471 1105 Quid
2520 1039 2575 1094 in
2616 1039 2769 1098 libris
2804 1042 3143 1103 Salomonis?
3197 1048 3354 1122 Resp.
3409 1052 3464 1107 In
3486 1052 3613 1107 Pro-

2042 1122 2240 1205 verbiis
2261 1126 2407 1181 enim
2432 1128 2657 1184 moralia
2684 1131 2882 1188 docens
2910 1150 3007 1204 per
3032 1151 3391 1217 [communem
3425 1156 3621 1212 quem-

2041 1202 2167 1267 dam
2209 1213 2459 1284 loquendi
2501 1232 2659 1273 usum
2697 1202 2942 1278 altiorem
2978 1202 3384 1297 intelligentiam
3428 1202 3617 1292 edidit.

2042 1311 2098 1356 et
2124 1304 2585 1383 conservationem
2620 1309 3017 1379 mandatorum,
3039 1315 3123 1371 vel
3169 1318 3427 1385 doctrina:
3452 1322 3624 1379 ωεις-

2042 1392 2141 1447 stis
2172 1380 2562 1451 institutionem
2604 1396 2857 1455 brevibus
2907 1404 3191 1460 sententiis
3228 1384 3516 1479 coaptavit.
3557 1411 3615 1465 lu

2042 1480 2366 1540 Ecclesiaste
2386 1481 2515 1543 vero
2537 1501 2721 1545 rerum
2754 1499 3004 1549 naturam
3030 1496 3324 1553 discutiens
3343 1509 3399 1555 et
3422 1512 3619 1557 cuncta

2042 1568 2096 1623 in
2126 1572 2329 1627 mundo
2356 1575 2558 1630 caduca
2591 1586 2648 1632 et
2669 1594 2805 1633 vana
2824 1595 2949 1636 esse
2995 1588 3359 1655 reprehendit,
3404 1605 3617 1647 rerum-

2041 1673 2148 1729 que
2174 1661 2416 1716 omnium
2453 1662 2741 1735 fragilitate
2760 1682 3044 1741 perspecta
3078 1678 3386 1732 renuntiare
3414 1679 3615 1735 mundo

2042 1748 2338 1807 admonuit.
2400 1752 2458 1809 In
2511 1754 2749 1813 Canticis
2792 1759 3133 1819 Canticorum
3183 1779 3269 1832 ea,
3327 1784 3446 1838 quae
3492 1783 3618 1827 sunt

1967 1838 2282 1932 greatestia
2316 1842 2401 1932 vel
2456 1844 2638 1901 divina
2683 1849 2785 1905 sub
2825 1854 3004 1923 specie
3051 1848 3233 1925 Sponsi
3277 1867 3333 1913 et
3388 1875 3616 1932 sponsae,

2038 1925 2203 1998 ‘30
2225 1928 2426 1987 Christi
2461 1932 2824 2010 Ecclesiteque
2859 1944 3124 2000 unitatem
3171 1925 3433 2004 declarat-
3458 1925 3619 2021 aulue

2040 2020 2276 2075 animam
2297 2023 2367 2078 ad
2380 2039 2618 2083 amorem
2641 2031 2943 2088 caelestium
2960 2036 3205 2093 excitans
3220 2041 3287 2095 ad
3302 2020 3618 2112 pervenien-

2039 2106 2165 2162 dum
2193 2110 2261 2166 ad
2284 2116 2615 2171 consortium
2640 2118 2735 2175 Dei
2759 2131 3034 2191 provocat.
3136 2183 3142 2189 ,

2114 2198 2280 2256 Inter.
2329 2204 2467 2275 Quid
2502 2207 2556 2262 in
2580 2208 2899 2281 Prophetis?
2941 2214 3091 2288 Resp.
3117 2217 3431 2292 Quanquam
3452 2226 3619 2283 multa

2040 2286 2268 2389 pbscura
2304 2293 2359 2347 in
2381 2294 2463 2349 eis
2515 2296 2783 2367 legantur,
2848 2286 3093 2372 qutedam
3118 2322 3184 2362 ex
3224 2286 3306 2366 eis
3359 2313 3454 2370 tibi
3490 2332 3617 2388 pro-
3666 2380 3672 2389 _

2040 2375 2186 2472 ferre
2208 2396 2313 2472 non
2347 2383 2645 2456 denegabo.
2700 2389 2865 2447 Inter.
2898 2394 2995 2451 Dic
3025 2412 3174 2471 ergo,
3224 2403 3354 2472 quid
3384 2406 3435 2460 in
3459 2375 3617 2464 E-saiu

2039 2466 2210 2524 debeo
2274 2471 2637 2545 intelligere?
2697 2478 2854 2552 Resp.
2914 2466 3349 2549 Occuliationem
3412 2495 3620 2554 alarum

2040 2555 2269 2613 duorum
2315 2559 2581 2633 Seraphin
2611 2568 2916 2626 sedentium
2940 2574 2994 2629 in
3021 2577 3215 2634 throno
3237 2580 3355 2644 Dei.
3410 2593 3465 2639 et
3495 2597 3617 2657 post

2038 2646 2302 2705 visionem
2351 2650 2503 2708 ludat
2561 2664 2619 2711 et
2677 2657 3014 2719 Hierusalem
3080 2667 3342 2726 adversus
3393 2646 3620 2731 caeteras

2039 2743 2246 2828 gentes,
2293 2752 2414 2808 qua:
2439 2741 2497 2796 in
2514 2742 2744 2801 circuitu
2772 2746 2889 2816 ejus
2935 2762 3078 2821 sunt,
3134 2755 3456 2828 [pr0phetiie
3484 2777 3616 2817 con-

2038 2823 2202 2877 vertit
2234 2839 2557 2895 sermonem,
2587 2830 2663 2904 et]
2691 2838 2985 2894 secundum
3037 2823 3352 2911 qualitatem
3373 2848 3612 2905 locorum

2040 2921 2094 2967 et
2122 2914 2490 2973 diversitatem
2517 2920 2642 2975 vitte
2676 2924 2837 2990 mala,
2868 2942 2989 2996 qius
3036 2932 3116 2986 eis
3152 2942 3376 2991 ventura
3409 2949 3614 3005 essent,

2041 3002 2340 3071 denuntiat,
2366 3044 2367 3049 η
2399 3018 2453 3064 et
2476 3019 2600 3080 post
2622 3014 2989 3084 captivitatem
3020 3019 3355 3080 Hierusalem
3406 3002 3616 3086 ruiuaui

2040 3093 2343 3181 Babylonia:
2385 3103 2763 3160 comminatur.
2824 3106 3025 3166 Deinde
3072 3128 3259 3170 necem
3309 3117 3614 3184 Philistiim.

1965 3182 2013 3245 C
2046 3178 2399 3243 vastationem
2453 3189 2627 3258 Moab,
2660 3200 3043 3256 exterminium
3095 3202 3366 3273 Damasci,
3400 3178 3619 3283 Egypli

2043 3277 2479 3345 commotionem,
2505 3289 2561 3336 et
2586 3283 2927 3342 solitudinem
2951 3291 3359 3366 marisdeserti,
3383 3277 3620 3353 obsidio-

2044 3384 2166 3423 nem
2196 3385 2409 3441 quoque
2435 3373 2623 3438 Edam,
2660 3375 2840 3448 fugam
2865 3392 2918 3434 et
2954 3382 3231 3439 interitum
3262 3387 3493 3454 Arabiae,
3524 3406 3619 3445 ex-

2042 3459 2242 3514 cidium
2291 3462 2444 3517 vallis
2484 3463 2635 3531 Sion,
2677 3468 3087 3527 subversionem
3128 3476 3293 3530 etiam
3322 3477 3469 3548 Tyri.

2110 3548 2277 3605 Inter.
2310 3552 2449 3620 Quid
2482 3555 2532 3610 in
2560 3554 2869 3614 Hieremia?
2922 3560 3077 3633 Resp.
3108 3564 3333 3620 Locutio
3369 3569 3617 3638 simplex.

2040 3638 2344 3696 intellectus
2373 3641 2570 3710 facilis,
2621 3646 2853 3703 imitatio
2881 3654 3143 3721 corporis,
3183 3664 3237 3708 et
3266 3655 3317 3707 iu
3353 3659 3620 3725 passioni-

2039 3728 2140 3783 bus
2192 3730 2304 3784 suis
2361 3730 2539 3803 imago
2598 3732 2920 3805 exprimitur
2962 3740 3356 3810 Redemptoris,
3399 3744 3616 3803 destru-

2036 3818 2146 3872 ctio
2185 3820 2335 3890 regni
2367 3821 2581 3883 diaboli,
2632 3832 2689 3880 et
2711 3824 2997 3882 :edillcatio
3027 3828 3235 3900 imperii
3269 3829 3489 3900 iustitia!
3536 3838 3616 3893 vel

2038 3908 2179 3966 fidei.
2736 3900 2737 3907 ‘
2949 3935 2957 3943 ‘

2107 4002 2271 4059 Inter.
2302 4006 2443 4075 Quid
2476 4009 2529 4064 in
2557 4009 2844 4067 Ezechiel?
2874 4013 3030 4086 Resp.
3058 4014 3446 4073 Describuntur
3468 4021 3610 4076 enim

2036 4092 2090 4146 in
2126 4109 2192 4149 eo
2222 4099 2476 4167 mysteria
2500 4102 2662 4156 totius
2686 4103 2961 4169 Ecclesia},
2989 4122 3108 4177 qua:
3128 4123 3193 4163 ex
3221 4108 3390 4167 latere
3412 4112 3614 4170 Christi

2034 4182 2264 4239 formata
2292 4198 2395 4242 est.

2103 4268 2267 4325 Inter.
2295 4273 2430 4340 Quid
2460 4276 2513 4330 in
2537 4276 2837 4357 Danihele?
2871 4280 3023 4352 Resp.
3062 4282 3284 4367 Legitur
3308 4287 3363 4342 in
3402 4303 3473 4345 eo
3505 4305 3613 4348 non

2034 4359 2205 4414 solum
2240 4370 2463 4437 ventura
2513 4369 2843 4437 praedicatio,
2881 4373 2974 4426 sed
3022 4362 3186 4429 etiam
3207 4375 3449 4455 deﬁnitio
3480 4390 3616 4436 tem-

2034 4452 2181 4519 poris
2215 4453 2605 4513 incarnationis
2631 4460 2713 4515 vel
2749 4452 3015 4533 passionis
3044 4483 3110 4520 ex
3139 4452 3331 4523 ordine
3375 4483 3560 4542 regum
3596 4494 3608 4527 :

1962 4543 2009 4604 υ
2033 4544 2115 4599 vel
2151 4561 2434 4604 numerum
2486 4565 2771 4619 annorum,
2843 4572 2942 4611 nec
2970 4573 3076 4613 non
3108 4569 3161 4613 ct
3188 4576 3407 4632 regnum
3455 4563 3611 4619 Atili-

2034 4633 2245 4700 christi,
2280 4638 2392 4691 sive
2432 4639 2499 4693 de
2533 4640 2617 4694 die
2635 4640 2823 4710 judicii
2858 4646 2939 4699 vel
2971 4662 3139 4717 regno
3168 4658 3500 4716 sanctorum,
3558 4664 3609 4707 et

2036 4726 2087 4779 in
2114 4726 2221 4782 line
2254 4728 2369 4797 ejus
2407 4733 2702 4799 prophetia,-
2754 4734 3013 4792 Susannte
3049 4738 3281 4812 {Suppl.,
3337 4743 3605 4817 historia].

2104 4817 2270 4873 Inter.
2310 4820 2446 4887 Quid
2480 4822 2531 4874 in
2578 4820 2763 4876 Oseze?
2825 4823 2982 4895 Resp.
3022 4828 3240 4899 Legitur
3260 4833 3611 4890 historialiter

2034 4907 2217 4962 ultima
2244 4910 2531 4965 credulitas
2550 4907 2858 4969 Iudaeorum
2895 4914 2946 4967 in
2977 4915 3213 4983 Christo,
3244 4930 3298 4974 et
3321 4924 3483 4980 tOtius
3510 4923 3610 4980 Do-

2035 4998 2247 5052 minicze
2300 5001 2711 5055 resurrectionis
2743 5003 2875 5058 dies.

2103 5089 2267 5143 Inter.
2330 5091 2465 5158 Quid
2498 5092 2549 5145 in
2576 5090 2761 5148 Johel?
2810 5095 2958 5165 Resp.
3017 5098 3105 5152 lllc
3138 5107 3343 5154 tantum
3397 5104 3462 5157 ad
3509 5103 3605 5159 Ju-

2031 5182 2153 5235 dam
2185 5190 2239 5237 et
2276 5174 2607 5238 Hierusalem
2668 5187 2981 5242 vaticinium
3020 5189 3195 5245 ferens
3225 5201 3277 5245 et
3322 5190 3487 5266 [post]
3513 5210 3607 5247 vo-

2033 5271 2275 5341 luptuosa
2308 5275 2552 5329 convivia
2596 5278 2662 5331 ad
2696 5279 2895 5334 luctum
2933 5293 3187 5349 provocat
3236 5284 3598 5351 Hierusalem,

2030 5360 2403 5429 excidiumque
2424 5363 2538 5431 ejus
2564 5370 2874 5434 pronuntiat
2901 5379 2954 5423 et
2983 5372 3315 5425 vocationem
3340 5375 3601 5442 gentium.

2104 5450 2267 5504 Inter.
2314 5452 2451 5518 Quid
2489 5456 2539 5508 in
2570 5457 2768 5511 Amos?
2829 5460 2982 5530 Resp.
3032 5462 3271 5529 Quatuor
3318 5465 3461 5517 enim
3487 5480 3606 5520 sce-

2034 5540 2142 5593 lera
2161 5540 2397 5607 gentium
2451 5546 2550 5598 sub
2595 5549 2757 5603 totius
2789 5552 2965 5603 mundi
3001 5552 3166 5619 figura
3210 5553 3519 5608 describens
3548 5566 3608 5613 et

2036 5629 2318 5682 adventum
2342 5630 2539 5685 Christi
2570 5638 2818 5691 omnibus
2846 5624 3185 5695 annuntians.
