4254 6216
745 357 883 413 “9.5

1513 357 1569 410 Β.
1607 358 1671 416 F.
1714 355 1935 411 ALBINI
1976 354 2105 410 SEli
2141 350 2413 406 ALCUINI
2453 351 2735 407 OPERUM
2778 350 2955 405 PARS
2998 352 3123 406 Vl".

3834 347 3992 403 ιιξι

809 469 976 524 Inter.
1019 469 1160 536 Quid
1189 469 1243 524 in
1269 468 1481 523 Abdia?
1531 467 1681 537 Resp.
1740 466 2035 535 lncrepatio
2076 462 2300 533 mystica
2328 466 2377 521 Α
2404 460 2593 526 tulisti,
2642 463 2694 515 in
2751 471 2881 530 quot
2932 462 3151 516 ordines
3199 462 3491 515 secundum
3547 460 3789 533 llehrcos
3837 460 3985 513 divi-

740 559 1006 629 superbiae
1059 557 1245 622 Edom,
1277 558 1471 627 prioris
1496 557 1743 611 videlicet
1783 555 1961 625 populi
2005 553 2304 615 audaciam,

740 648 885 718 quod
934 646 1204 702 Christum
1235 647 1521 711 occiderit;
1562 655 1617 701 et
1661 645 1899 717 futuram
1943 645 2170 699 salutem
2202 641 2305 694 Do-

741 736 895 791 mini.

810 823 975 877 Inter.
1006 822 1145 889 Quid
1198 822 1250 877 in
1277 820 1447 878 Iona?
1492 821 1647 891 Resp.
1680 821 1931 890 Figuram
1962 834 2155 889 gerens
2184 832 2305 886 pas-

740 912 908 966 sionis
932 912 1230 981 mortisque
1271 912 1354 966 vel
1384 911 1798 966 resurrectionis
1845 909 2069 973 Christi,
2096 909 2149 962 in
2172 923 2307 963 nau-

741 1003 911 1075 fragio
938 1004 1184 1059 videlicet
1206 1019 1303 1059 suo
1329 1012 1384 1059 et
1408 1004 1737 1073 proiectione
1766 1004 1832 1057 de
1862 1002 1984 1056 navi
2032 1002 2085 1055 in
2114 996 2263 1054 mare
2288 1018 2301 1053 :

741 1108 843 1149 nec
874 1110 981 1148 non
1002 1102 1056 1150 et
1090 1094 1156 1149 de
1179 1095 1546 1149 absorbitione
1573 1095 1676 1149 ceti
1710 1096 1873 1148 trium
1889 1094 2095 1148 dierum
2120 1107 2183 1147 ac
2205 1107 2302 1147 no-

645 1202 661 1280 ;
738 1184 929 1249 otium,
965 1185 1050 1239 vel
1074 1185 1216 1254 quod
1239 1185 1293 1238 in
1322 1183 1511 1240 Ninive
1537 1185 1907 1255 pamitentiam
1946 1183 2144 1238 mundo
2170 1197 2305 1251 pra:-

742 1277 957 1332 dixerit.

812 1364 973 1419 Inter.
1025 1364 1189 1431 Quid‘
1220 1366 1275 1419 in
1320 1364 1557 1420 Michea?
1598 1363 1752 1434 Resp.
1798 1357 2171 1419 Commin'atur
2210 1361 2306 1413 Sa;

742 1454 925 1508 maria:
969 1454 1105 1507 iram
1163 1454 1372 1507 Domini
1423 1453 1493 1507 ob
1560 1466 1780 1506 causam
1834 1450 2244 1504 simulacrorum
2289 1466 2301 1500 :

743 1544 1122 1612 interitumque
1172 1552 1455 1598 venturum
1503 1541 1697 1611 populo
1747 1539 2078 1595 lsrahelitico
2103 1540 2306 1593 denun-

742 1634 860 1697 tiat,
911 1643 966 1687 et
1025 1648 1227 1700 locum,
1274 1634 1327 1687 in
1379 1644 1485 1701 quo
1531 1638 1843 1686 nasceretur
1885 1630 2155 1693 Christus,
2214 1630 2306 1683 dc-

742 1730 1021 1777 monstrat.

2406 551 2634 605 duntur?
2687 551 2841 623 Resp.
2890 552 2943 607 ln
2981 562 3110 607 tres.
3154 551 3321 607 Inter.
3359 552 3671 619 Quomodo?
3696 552 3854 625 Resp.
3920 553 3981 608 in

2407 641 2540 709 legis
2572 642 2793 706 scilicet,
2830 643 3206 711 prophetarum
3233 651 3287 697 et
3306 644 3791 712 agyographorum.

2474 728 2638 782 Inter.
2687 730 2897 785 Primus
2946 730 3078 785 ordo
3127 730 3257 800 legis
3305 731 3572 800 quomodo
3623 730 3983 801 accipiendos

2404 818 2519 872 est?
2566 818 2722 887 Resp.
2786 818 2998 873 Primus
3018 818 3151 875 ordo
3191 819 3323 888 legis
3345 819 3399 874 in
3433 819 3671 889 quinque
3697 818 3849 874 libris
3880 833 3983 873 ao-

2406 906 2618 973 cipitur.
2658 906 2820 960 Inter.
2859 908 2955 973 Qui
2987 916 3113 961 sunt
3134 908 3230 962 hi?
3264 907 3414 978 Resp.
3468 908 3681 963 Primus
3725 917 3808 963 est
3842 907 3984 961 Bre-

2405 998 2528 1061 sitlr,
2586 997 2728 1066 quod
2761 1006 2843 1052 est
2896 997 3162 1062 Genesis;
3196 999 3461 1053 secundus
3496 996 3765 1062 Elesmod,
3826 998 3978 1066 quod

2405 1096 2487 1141 cst
2535 1088 2780 1155 Exodus;
2830 1090 3020 1143 tertius
3078 1085 3316 1153 Vaiecra,
3372 1088 3517 1158 quod
3544 1098 3628 1144 est
3661 1088 4023 1153 Leviticus;.

2405 1184 2630 1243 quartus
2695 1160 3016 1245 Vagedaber,
3068 1176 3209 1246 quod
3258 1184 3342 1231 est
3401 1176 3694 1243 Numerus;
3750 1178 3978 1246 quintus

2409 1263 2824 1331 Heliadabarim,
2845 1268 2987 1337 quod
3003 1276 3086 1322 est
3106 1268 3568 1323 Deutcronomius.
3588 1269 3652 1323 lli
3676 1279 3799 1324 sunt
3818 1273 3972 1341 quin-

2406 1370 2510 1423 que
2540 1355 2659 1409 libri
2686 1343 2872 1425 Moysi,
2922 1372 3055 1426 quos
3086 1358 3278 1414 Hebrei
3317 1358 3531 1424 Tltorat,
3579 1359 3757 1414 Latini
3784 1359 3975 1430 Legem

2406 1446 2691 1515 appellant,
2713 1455 2762 1501 et
2787 1449 2900 1503 haec
2918 1449 3132 1519 proprie
3146 1448 3229 1502 lex
3250 1450 3701 1519 appellatur,qua:
3715 1466 3810 1521 per
3830 1451 3979 1521 Moy-

2406 1551 2499 1589 sen
2527 1536 2651 1591 data
2677 1546 2779 1591 est.

2475 1624 2635 1678 Inter.
2669 1625 2812 1682 Ordo
2846 1630 3111 1685 secundus
3135 1630 3309 1699 qualis
3329 1630 3445 1684 est?
3476 1629 3631 1700 Resp.
3692 1629 3974 1687 Secundus

2406 1714 2538 1768 ordo
2552 1726 2633 1769 est
2656 1714 3065 1785 Prophetarum,
3090 1719 3264 1788 inquo
3282 1721 3664 1774 contineantur
3679 1719 3801 1775 libri
3821 1729 3972 1775 octo.

814 1811 976 1865 Inter.
1023 1810 1162 1877 Quid
1184 1811 1242 1865 in
1286 1809 1490 1864 Naum?
1538 1809 1693 1878 Resp.
1738 1806 2303 1863 Pronuntiatsimula—
2334 1790 2570 1858 BInter.
2627 1804 2902 1871 Quomodo
2957 1809 3338 1863 nominantur?
3391 1808 3546 1880 Resp.
3610 1810 3823 1865 Primus
3884 1819 3995 1867 est.

744 1915 837 1955 cra
862 1901 1099 1969 gentium
1129 1901 1551 1963 exterminanda,
1619 1914 1717 1954 nec
1741 1914 1846 1955 non
1876 1906 1930 1954 et
1957 1899 2143 1953 urbem
2180 1914 2308 1953 san-

741 1992 960 2062 guinum
990 1990 1319 2046 Hierusalem
1346 2010 1360 2044 :
1384 2000 1504 2059 post
1534 1990 1689 2058 cujus
1712 1991 1985 2045 interitum
2015 1992 2178 2061 pedes
2209 2006 2307 2045 an-

741 2082 994 2135 nuntians
1016 2095 1222 2150 paccm.
1251 2081 1303 2135 id
1324 2090 1427 2146 est,
1453 2080 1748 2136 Salvatoris
1776 2083 2064 2135 adventum
2105 2080 2305 2135 Christi

740 2171 1061 2238 proclamat.
1528 2234 1531 2235 ν

812 2259 976 2313 Inter.
1006 2259 1141 2327 Quid
1170 2259 1222 2313 in
1245 2259 1492 2313 Abacuc?
1538 2259 1693 2330 Resp.
1756 2260 1814 2314 In
1846 2261 2111 2330 principio
2158 2261 2309 2315 volu-

747 2353 905 2407 minis
952 2352 1034 2407 sui
1056 2352 1340 2421 descripsit
1367 2351 1637 2406 diabolum
1681 2366 1802 2406 cum
1834 2351 2090 2406 membris
2121 2360 2175 2407 et
2195 2366 2307 2406 mo—

739 2443 889 2497 ribus
915 2443 1027 2496 suis
1056 2458 1071 2494 :
1099 2441 1153 2494 in
1180 2441 1286 2494 line
1312 2454 1438 2494 vero
1460 2442 1773 2508 pronuntiat
1796 2442 2082 2496 adventum
2111 2452 2167 2496 et
2186 2456 2311 2510 pas-

745 2531 950 2583 sionem
982 2528 1294 2583 Salvatoris.

814 2616 1143 2696 Inter..Qutd
1188 2618 1242 2671 in
1295 2616 1595 2686 Sophonia?
1662 2614 1813 2687 Resp.
1864 2616 2125 2672 Prtedicat
2162 2620 2307 2683 enim

742 2709 1117 2763 contritionem
1141 2708 1338 2761 montis
1359 2706 1506 2770 Sion,
1538 2707 1625 2775 qui
1651 2715 1733 2762 est
1754 2707 1907 2762 collis
1934 2707 2265 2761 Hierusalem
2292 2725 2305 2760 :

744 2811 844 2851 nec
867 2810 971 2851 non
993 2804 1048 2851 et
1067 2796 1289 2849 aliarum
1313 2796 1547 2866 gentium
1569 2796 1919 2859 eversionem,
1946 2805 2309 2865 terroremque

742 2884 845 2939 dici
868 2884 1063 2955 judicii
1123 2885 1329 2938 intonat
1361 2902 1372 2937 :
1398 2893 1453 2938 et
1494 2885 1711 2938 tertium
1737 2885 1877 2939 diem
1904 2886 2310 2940 resurrectionis

741 2972 941 3028 Christi
981 2975 1286 3043 prophetat,
1313 2982 1473 3042 atque
1502 2974 1554 3027 in
1596 2975 1883 3029 adventum
1905 2974 2106 3031 Christi
2135 2986 2308 3031 totum

744 3062 930 3116 erbem
971 3063 1071 3118 sub
1100 3078 1205 3116 uno
1218 3063 1346 3132 jugo
1388 3063 1951 3117 Dominoserviturum
2007 3066 2307 3121 annuntiat.

2405 1890 2566 1945 Iosue
2588 1891 2823 1959 Beunon,
2861 1897 2951 1965 qui
2978 1896 3166 1951 Latine
3188 1899 3314 1953 Iesu
3353 1897 3498 1953 Nave
3520 1900 3734 1954 dicitur.
3767 1898 3977 1955 Secun-

2409 1984 2508 2037 dus
2558 1982 2816 2053 Sopthim,
2848 1988 2991 2055 quod
3026 2001 3109 2043 est
3132 1988 3400 2044 Iudicum.
3453 1990 3668 2046 Tertius
3696 1990 3975 2051 Samuhel.

2410 2074 2500 2140 qui
2543 2082 2633 2128 est
2654 2074 2854 2144 Regum
2888 2077 3109 2144 primus.
3155 2078 3387 2146 Quartus
3416 2079 3721 2146 Malachim,
3752 2081 3843 2150 qui
3888 2090 3979 2135 est

2408 2162 2611 2231 Regum
2660 2164 2941 2219 secundus.
2999 2165 3227 2233 Quintus
3280 2166 3489 2223 Esaias.
3547 2168 3745 2227 Sextus
3787 2169 3976 2224 Hiere-

2408 2251 2556 2305 mias.
2612 2250 2880 2321 Septimus
2941 2253 3200 2309 Ezechiel.
3260 2255 3493 2313 Octavus
3543 2257 3822 2322 Tharesra,
3877 2259 3976 2327 qui

2408 2341 2604 2395 dicitur
2658 2357 2732 2394 xu
2780 2344 3195 2412 prophetarum;
3248 2348 3339 2414 qui
3369 2345 3509 2410 libri,
3566 2347 3691 2415 quia
3740 2347 3843 2401 sibi
3869 2361 3973 2416 pro

2409 2432 2669 2486 brevitate
2719 2434 2954 2503 adjuncti
3010 2444 3155 2501 sunt,
3206 2451 3303 2505 pro
3361 2453 3469 2491 uno
3505 2437 3858 2507 accipiuntur.

2480 2522 2642 2575 Inter.
2676 2522 2857 2588 Qualis
2882 2532 2961 2577 est
3008 2526 3140 2579 ordo
3174 2526 3401 2580 tertius?
3424 2524 3577 2595 Resp.
3602 2525 3817 2580 Tertius
3839 2525 3975 2580 ordo

2408 2620 2489 2665 est
2518 2614 2997 2682 agyographorum,
3023 2614 3073 2666 id
3096 2622 3195 2678 est,
3222 2623 3405 2669 sancta
3434 2615 3783 2670 scribentium
3803 2618 3968 2679 dicta,

2409 2701 2499 2768 qui
2536 2710 2659 2754 sunt
2718 2700 2838 2753 libri
2883 2717 3094 2755 novem.
3148 2702 3315 2758 Inter.
3369 2703 3649 2770 Quomodo
3676 2708 3974 2760 vocantur?

2412 2787 2566 2857 Resp.
2597 2788 2805 2843 Primus
2842 2782 3139 2859 appellatur
3161 2791 3280 2846 Iob.
3312 2792 3589 2848 Secundus
3620 2791 3963 2850 Psalterium.

2411 2880 2624 2934 Tertius
2675 2880 2920 2944 Masloth,
2976 2884 3118 2952 quod
3171 2894 3255 2937 est
3314 2883 3593 2937 Proverbia
3648 2883 3964 2940 Salomonis.

2410 2968 2640 3035 Quartus
2697 2968 2912 3033 Ca'leth,
2974 2972 3116 3039 quod
3172 2981 3255 3027 est.
3320 2971 3675 3026 Ecctesiastes.
3746 2972 3972 3040 Quintus

2414 3054 2716 3124 Sgrasirim,
2764 3057 2906 3126 quod
2935 3055 3206 3111 Canticum
3246 3058 3822 3116 Canticorum.Sextus
3862 3061 3968 3115 Da-

817 3150 978 3206 Inter.
1040 3151 1175 3219 Quid
1220 3153 1273 3206 in
1312 3151 1524 3221 Aggca?
1570 3151 1723 3221 Resp.
1757 3151 2097 3207 Restauratio
2126 3155 2307 3224 templi
2336 3134 2382 3196 C
2414 3146 2568 3200 nihel.
2605 3147 2761 3220 531
2813 3149 3082 3219 Septimus
3114 3150 3465 3217 Dabreiantin,
3501 3153 3643 3221 quod
3685 3160 3769 3207 est
3796 3151 3968 3208 Verba

743 3241 974 3306 Domini,
1023 3250 1074 3295 et
1108 3241 1360 3295 contritio
1406 3242 1641 3309 gentium
1678 3242 1759 3295 vel
1814 3244 2104 3295 commotio
2148 3244 2310 3297 totius

747 3333 950 3396 mundi,
996 3340 1053 3385 et
1082 3333 1338 3385 adventus
1387 3330 1606 3393 Christi,
1651 3346 1745 3385 seu
1793 3333 2076 3401 captivitas
2112 3334 2307 3403 populi.

821 3419 987 3473 Inter.
1034 3419 1171 3487 Quid
1219 3420 1269 3474 in
1316 3420 1611 3474 Zacharia?
1661 3419 1811 3490 Resp.
1866 3420 2138 3492 Leguntur
2166 3425 2307 3478 enim

748 3512 801 3565 in
826 3526 890 3566 eo
919 3512 1150 3566 visiones
1205 3513 1447 3575 diversae,
1491 3527 1609 3580 qua:
1636 3512 1849 3580 longum
1877 3523 1961 3567 est
1982 3531 2298 3581 numerare;

747 3604 801 3657 in
831 3602 1024 3673 quibus
1049 3604 1209 3656 etiam
1273 3603 1480 3656 diversa
1538 3602 1790 3671 mysteria
1824 3602 2163 3673 intelligenda
2187 3620 2310 3658 esse

749 3702 1063 3746 noscuntur.

817 3779 982 3835 Inter.
1026 3781 1165 3847 Quid
1197 3781 1247 3834 in
1274 3781 1573 3835 Malacliia?
1618 3782 1771 3851 Resp.
1802 3784 2142 3838 Demonstrat
2167 3786 2307 3839 enim

748 3871 803 3923 in
829 3869 1089 3938 principio
1116 3868 1402 3922 voluminis
1424 3871 1503 3921 sui
1533 3870 1711 3923 odium
1731 3870 2033 3924 Jutlzcorum
2059 3874 2109 3926 in
2146 3875 2305 3935 Esau,

748 3972 803 4015 et
823 3961 1156 4014 dilectionem
1184 3961 1405 4014 minoris
1444 3961 1621 4029 populi
1661 3962 1713 4015 in
1748 3960 1932 4016 Iacob.
1994 3963 2049 4015 ln
2084 3980 2310 4033 sequen-

749 4053 891 4106 tibus
943 4059 1118 4104 autcm
1168 4052 1418 4120 reprobat
1446 4049 1627 4105 Itidem
1674 4053 1917 4107 victimas
1951 4054 2136 4124 [Isid.,
2165 4064 2310 4109 vetc-

750 4155 837 4194 res
875 4138 1023 4194 Iudae
1054 4139 1341 4211 victimas],
1389 4149 1443 4195 et
1498 4142 1821 4197 sacrificium
1870 4145 2161 4200 transferre
2222 4163 2310 4202 an—

750 4227 993 4293 nuntiat;
1048 4228 1101 4280 in
1133 4226 1288 4281 tinem
1331 4243 1456 4281 vero
1486 4228 1769 4283 adventum
1818 4231 2027 4287 Domini
2076 4243 2130 4289 et
2168 4236 2305 4289 diem

745 4314 954 4383 iudicii,
1000 4321 1370 4387 justorumque
1423 4320 1639 4387 praemia
1670 4327 1725 4374 et
1754 4321 2051 4389 impiorum
2086 4340 2302 4393 pmuas;

750 4408 1013 4463 Johannis
1038 4423 1167 4462 vero
1188 4409 1473 4461 adventum
1502 4410 1732 4477 primum
1754 4418 1809 4463 et
1834 4411 1994 4466 llclite
2016 4417 2303 4469 secundum

751 4498 1050 4551 annuntiat.

823 4586 983 4639 Inter.
1016 4585 1152 4652 Quid
1184 4586 1236 4639 in
1279 4585 1481 4639 Esdra?
1510 4585 1658 4657 Resp.
1710 4588 2001 4644 Renovatio
2033 4587 2302 4645 murorui'n

754 4675 1083 4729 lliernsalem
1135 4684 1188 4729 et
1213 4674 1408 4743 templi,
1464 4675 1579 4729 sive
1608 4676 1822 4741 altaris;
1880 4692 1979 4732 nec
2011 4694 2115 4733 non
2152 4680 2308 4749 etju-

754 4767 829 4819 ris
856 4766 1135 4820 sacerdotii
1163 4766 1445 4829 restitutio,
1473 4781 1565 4819 seu
1587 4775 1783 4821 sancta:
1805 4768 2075 4835 religionis
2096 4769 2303 4824 culmen

756 4855 937 4907 multis
984 4856 1173 4922 opibus
1204 4857 1436 4924 gentium
1481 4867 1534 4911 et
1554 4857 1851 4925 principum
1875 4857 2157 4911 Persarum
2190 4876 2305 4912 mu-

757 4942 973 4996 neribus
1000 4953 1361 5014 perornatum.

828 5032 987 5086 Inter.
1047 5032 1183 5098 Quid
1217 5032 1268 5085 in
1306 5033 1709 5087 Machabeorum
1743 5034 1919 5088 Libris
1976 5044 2058 5087 est
2119 5036 2307 5090 intelli—

756 5124 1019 5192 gendum?
1044 5122 1195 5193 Resp.
1236 5122 1537 5178 Prmnotant
1559 5126 1697 5178 enim
1722 5124 1898 5195 prrelia
1918 5125 2057 5179 inter
2082 5125 2311 5180 Hebreo-

760 5228 876 5265 rum
910 5214 1068 5267 duces
1097 5222 1151 5267 et
1176 5223 1360 5283 gentes
1390 5214 1692 5279 Persarum,
1730 5208 2069 5285 pugnantque
2109 5215 2310 5268 Subba-

759 5312 935 5357 torum
964 5314 1017 5357 et
1046 5305 1248 5359 nobiles
1292 5306 1695 5360 Machabeorum
1742 5308 2080 5375 triumphos;
2140 5310 2310 5363 fmdus

758 5407 967 5461 quoque
990 5392 1340 5446 amicitiarum
1366 5409 1487 5447 cum
1518 5394 1877 5449 Romanorum
1910 5397 2131 5450 (lucibus
2163 5407 2307 5451 acta-

761 5499 862 5550 que
886 5484 1224 5553 legationum.
2250 5502 2251 5505 ‘

832 5570 989 5624 Inter.
1038 5572 1098 5625 Hi
1134 5573 1271 5638 libri,
1303 5575 1366 5628 de
1395 5575 1587 5641 quibus
1636 5586 1856 5628 actenus
1894 5578 2150 5631 rationem
2180 5594 2304 5646 pro-

2412 3240 2637 3302 dierum,
2697 3242 2798 3295 hoc
2830 3250 2911 3295 est
2953 3241 3414 3311 Paralipomenon.
3466 3242 3700 3298 Octavus
3742 3243 3963 3298 Hesdra.

2413 3326 2591 3382 Nonus
2628 3328 2833 3392 Hester,
2876 3330 2968 3398 qui
3015 3330 3172 3384 simul
3222 3346 3407 3385 omnes
3441 3333 3696 3402 quinque,
3745 3341 3884 3399 octo,
3915 3344 3967 3387 et

2411 3431 2599 3472 novem
2645 3417 2777 3472 fiunt
2808 3435 2937 3484 χιιι,
2990 3420 3128 3475 sicut
3152 3423 3395 3489 superius
3416 3423 3751 3480 dictumtest.

2480 3506 2643 3561 Inter.
2676 3507 2947 3562 Habentur
2985 3509 3164 3577 plures
3210 3510 3332 3563 libri
3372 3509 3581 3567 Veteris
3611 3513 3961 3577 Testamenti,

2412 3612 2478 3649 an
2513 3598 2653 3649 non?
2675 3596 2829 3665 Resp.
2864 3597 3138 3651 [labentur
3175 3600 3377 3668 utique.
3408 3599 3570 3654 Inter.
3598 3601 3699 3668 Qui
3729 3610 3852 3656 sunt
3874 3604 3965 3656 hi?

2414 3685 2566 3755 Resp.
2600 3686 2823 3752 Quidam
2859 3691 3051 3741 autem'
3073 3687 3247 3753 Ruth;
3287 3699 3341 3743 et
3366 3688 3585 3761 Cynoth,
3610 3694 3750 3761 quod
3784 3693 3964 3748 Latine
4016 3716 4021 3717 ν

2410 3774 2604 3827 dicitur
2631 3774 2955 3828 Lamentatio
2980 3775 3278 3842 Hieremitr,
3310 3782 3665 3850 agyographis
3686 3782 3961 3851 adjiciunt.

2409 3874 2463 3920 et
2488 3882 2644 3919 xxnu
2678 3866 2943 3919 volumina
2978 3868 3181 3925 Veteris
3211 3870 3538 3925 Testamenti
3572 3871 3795 3937 faciunt,
3817 3874 3961 3944 juxta

2412 3971 2569 4009 xxuu
2615 3956 2852 4011 seniores
2872 3998 2885 4021 ,
2917 3958 3008 4025 qui
3055 3967 3177 4011 ante
3224 3969 3566 4029 conspectum
3596 3960 3806 4016 Dom'ni
3836 3965 3963 4017 assi-

2411 4055 2597 4124 stunt._

2477 4138 2641 4204 Inter,
2670 4137 3019 4194 Inveniuntur
3039 4141 3265 4210 amplius
3286 4156 3351 4195 ex
3382 4142 3533 4197 libris
3554 4143 3765 4198 Veteris
3785 4143 3962 4199 Testa-

2408 4228 2607 4281 meuti?
2633 4227 2782 4301 Resp.
2814 4230 3006 4282 Etiam.
3050 4229 3214 4283 Inter.
3253 4231 3564 4297 Quomodo?
3592 4231 3745 4302 Resp.
3789 4231 3958 4289 Habe—

2409 4327 2496 4372 tur
2523 4319 2683 4373 etiam
2710 4316 2841 4373 ordo
2875 4331 3094 4389 quartus
3122 4336 3307 4375 eorum
3338 4321 3593 4377 librorum
3615 4364 3629 4387 ,
3658 4324 3748 4393 qui
3786 4325 3840 4379 in
3878 4340 3960 4379 ca-

2411 4425 2547 4465 none
2589 4408 2850 4465 Hebraieo
2881 4427 2982 4465 non
3013 4422 3152 4466 sunt.
3198 4413 3361 4467 Inter.
3404 4413 3680 4480 Quomodo
3711 4424 3961 4469 vocantur

2409 4500 2518 4553 illi?
2565 4500 2716 4569 Resp.
2773 4501 2981 4555 Primus
3028 4511 3110 4555 est
3152 4501 3303 4554 Liber
3345 4501 3643 4573 Sapientia.
3693 4503 3959 4559 Secundus

2408 4592 2822 4646 Ecclesiasticus.
2850 4592 3061 4645 Tertius
3084 4591 3228 4645 Tobi.
3254 4592 3485 4659 Quartus
3506 4592 3713 4648 Iudith.
3739 4593 3957 4662 Quintus

2406 4694 2461 4738 et
2484 4694 2666 4737 sextus
2702 4683 3124 4749 Machabeorum,
3154 4700 3287 4754 quos
3311 4685 3434 4739 licet
3467 4684 3635 4741 Judmi
3671 4687 3811 4741 inter
3840 4702 3959 4757 apo.

2406 4772 2541 4841 grifa
2570 4781 2845 4842 separent;
2889 4772 3125 4828 Ecclesia
3163 4782 3341 4828 tamen
3365 4774 3562 4829 Christi
3593 4776 3731 4829 inter
3760 4776 3962 4833 divinos

2411 4862 2573 4915 libros
2592 4863 2819 4916 honorat
2845 4873 2899 4916 et
2931 4863 3185 4932 prtedicat
3211 4875 3257 4916 ι.
3394 4852 3397 4853 ν

2483 4951 2645 5005 Inter.
2671 4952 2978 5006 Transactis
2996 4953 3299 5007 nominibus
3320 4963 3373 5007 et
3394 4954 3689 5020 ordinibus,
3704 4956 3786 5013 vel
3805 4960 3959 5014 etiam

2413 5044 2540 5111 quid
2566 5059 2629 5097 cx
2660 5051 2811 5110 parte
2836 5034 2887 5129 in
2914 5042 3111 5096 eisdem
3146 5042 3295 5098 libris
3321 5044 3655 5112 continetur,
3696 5062 3835 5123 nunc
3869 5049 3961 5101 oh-

2409 5148 2584 5195 secro,
2609 5138 2668 5183 ut
2691 5130 2976 5197 scriptores
3000 5146 3183 5185 eorum
3207 5172 3221 5195 ,
3250 5132 3338 5199 qui
3369 5130 3626 5198 fuissent,
3657 5148 3758 5189 nec
3777 5150 3877 5189 non
3908 5146 3960 5191 et

2409 5218 2665 5272 vocabula
2689 5257 2703 5281 ,
2742 5233 2908 5286 quare
2952 5220 3314 5288 unusquisque
3369 5236 3555 5275 eorum
3604 5220 3686 5274 ita
3723 5233 3956 5287 vocetur,

2411 5310 2538 5361 mihi
2577 5308 2801 5377 aperias.
2830 5308 2979 5379 Resp.
3009 5310 3163 5376 Vere,
3194 5310 3380 5376 frater,
3408 5326 3655 5379 magnam
3694 5321 3750 5367 et
3782 5311 3957 5367 didici-

2410 5396 2514 5449 lem
2542 5412 2654 5449 rem
2683 5412 2712 5449 a
2741 5412 2823 5450 me
2855 5400 3104 5466 requiris,
3134 5416 3291 5469 quam
3325 5409 3530 5466 tamen;
3555 5411 3715 5471 prout
3740 5402 3958 5459 Domino

2410 5486 2619 5540 volente
2648 5486 2816 5545 valeo,
2848 5487 2943 5539 tibi
2969 5501 3247 5557 exponam.

2480 5576 2645 5629 Inter.
2673 5578 2765 5629 Dic
2791 5592 2919 5645 ergo
2942 5579 3089 5639 mihi,
3123 5580 3329 5635 Veteris
3359 5582 3681 5637 Testamentj
3706 5579 3956 5639 librorum

834 5698 857 5724 ι
898 5685 1024 5738 \‘idc
1054 5700 1166 5752 qum
1195 5690 1491 5741 notavimus
1519 5689 1582 5741 ad
1614 5689 1727 5741 libr.
1760 5706 1771 5741 ι
1802 5689 2058 5742 adversus
2093 5690 2406 5760 Elipandum
2430 5693 2651 5759 hujusce
2688 5701 2815 5744 tow.
2853 5695 2954 5747 col.
2980 5696 3100 5747 9.34.
