4254 6200
397 361 534 443 ms

1299 363 1445 420 ore.
1488 363 1714 421 DUBIA.
1752 392 1819 404 -
1859 363 2267 423 DISPU'I‘ATIO
2308 332 2710 424 nonnenon.

3496 367 3631 423 “9.6

395 485 645 533 auctores
685 475 777 548 qui
824 477 1083 535 fuissent!
1127 476 1277 550 Resp.
1320 492 1346 518 ι
1370 478 1581 536 Veteris
1627 477 1959 533 Testamenti
1987 480 2038 540 Α
2129 476 2293 534 Inter.
2324 479 2893 559 Paralipomenonqua
2916 479 3093 550 lingua
3123 445 3452 550 appellatur?
3476 477 3630 550 Resp.

393 573 686 630 secundum
732 572 1079 630 Hebreomm‘
1115 573 1464 629 traditionem
1504 572 1563 627 hi
1610 570 1962 641 perhibentur

393 669 657 718 auctores.
678 662 891 730 Primus
922 662 1133 735 Moyses
1155 662 1349 720 divinae
1383 660 1625 717 historia:
1652 672 1961 729 cosmogra-

358 768 363 773 ‘
393 748 532 805 Ilcon
560 749 618 804 in
649 751 886 821 quinque
913 751 1274 807 voluminibus
1300 750 1488 815 edidit,
1514 747 1659 819 quod
1675 738 1960 803 Pentateu-

392 851 519 895 cum
566 839 894 907 nouliuatur.
943 840 1110 897 Inter.
1160 841 1353 913 Quare
1383 841 1458 895 ita
1503 839 1760 895 vocatur?
1798 836 1955 907 Resp.

389 925 748 987 Pentateucus
780 938 971 987 autem”
1002 946 1036 986 a
1077 931 1314 1001 quinque
1348 917 1713 985 voluminibus
1739 927 1956 984 dicitur.

389 1017 556 1076 Inter.
593 1020 710 1089 Qua
736 1022 980 1078 ratione?
1000 1020 1158 1093 Resp.
1190 1020 1361 1074 Penta
1387 1018 1532 1076 enim
1570 1016 1756 1073 Greece
1779 1015 1960 1087 [quin-

389 1111 518 1186 que]
550 1111 762 1169 tlteueos
789 1128 919 1170 vero
952 1112 1205 1169 volumen
1237 1118 1482 1176 vocatur,
1511 1109 1604 1165 ubi
1639 1115 1696 1163 et
1734 1106 1960 1162 Genesis

386 1200 592 1270 primus
622 1210 864 1257 vocatur.
897 1201 1064 1258 Inter.
1091 1201 1245 1258 Unde
1280 1199 1507 1256 Genesis
1534 1197 1765 1255 dicitur?
1798 1195 1955 1265 Resp.

385 1288 612 1349 Genesis
662 1293 799 1348 liber
846 1293 973 1349 inde
1021 1278 1340 1364 appellatur,
1385 1306 1452 1347 eo
1491 1289 1639 1360 quod.
1677 1287 1958 1345 exordium

386 1383 570 1441 mundi
595 1391 653 1439 et
678 1384 956 1454 generatio
983 1383 1166 1439 surculi
1193 1383 1248 1438 in
1275 1397 1342 1437 eo
1362 1380 1721 1438 contineatur.

454 1471 619 1528 Inter.
655 1473 873 1529 Exedus
901 1473 1041 1529 unde
1068 1487 1262 1529 nomen
1297 1470 1538 1540 accepit?
1564 1467 1715 1539 Resp.
1742 1465 1957 1520 Exodns

384 1577 513 1619 vero
535 1564 739 1620 exitum
761 1565 829 1621 ab
857 1563 1092 1636 Egypto
1119 1565 1205 1620 vel
1235 1578 1513 1637 egressum
1546 1554 1727 1633 populi
1753 1556 1957 1611 Israhel

382 1651 597 1723 digerit,
627 1661 684 1708 et
708 1668 777 1710 ex
803 1669 867 1710 ea
890 1669 1054 1710 causa
1083 1669 1279 1710 nomen
1307 1653 1530 1723 accepit.

453 1740 616 1797 Inter.
649 1740 920 1798 Leviticus
943 1744 1085 1799 unde
1106 1742 1339 1801 dicitur?
1359 1741 1513 1811 Resp.
1550 1740 1839 1811 Leviticus‘
1862 1754 1957 1811 ap-

2031 565 2502 639 -Paraiipomenon
2527 568 2714 626 Graece
2743 569 2961 636 dicitur,
2987 569 3132 639 quod
3174 584 3273 625 nos
3306 570 3634 639 praetermis-

2058 673 2243 714 sorum
2268 660 2354 715 vel
2394 659 2723 731 reliquorum
2769 661 2951 718 dicere
2996 675 3314 731 possumus,
3358 660 3485 731 quia
3508 676 3629 723 -ea,

2057 762 2178 819 quae
2200 749 2253 804 in
2279 747 2421 820 Lege
2439 764 2540 805 nec
2562 764 2672 805 non
2695 750 2748 804 in
2775 750 2983 822 Regum
3012 749 3166 806 Iihns
3188 749 3272 805 vel
3296 748 3520 825 omissa,
3546 750 3631 802 vel

2059 850 2166 891 non
2204 837 2361 907 plena
2395 838 2565 893 relata
2597 846 2758 906 sunt,
2794 837 2852 894 in
2885 839 2987 895 isto
3015 838 3325 895 summatim
3358 853 3422 893 ac
3455 837 3655 893 brevi-n

2058 935 2143 982 ter
2172 927 2527 998 explicantur.
3202 960 3205 961 ν
3424 975 3435 981 -
3540 966 3546 973 .

2088 1014 2295 1073 'Inter.
2325 1017 2570 1089 Scriptor
2597 1019 2719 1075 libri
2763 1020 2865 1075 Job
2909 1022 3002 1090 qui
3044 1019 3179 1075 fuit?
3217 1018 3364 1090 Resp.
3408 1019 3632 1074 Librum

2054 1105 2159 1166 Job
2177 1109 2398 1179 quidam
2423 1109 2640 1183 Moysen
2664 1112 2946 1183 scripsisse
2972 1112 3323 1177 arbitrantur,
3346 1109 3433 1164 alii
3466 1124 3632 1163 unum

2057 1198 2125 1255 ex
2146 1201 2453 1271 prophetis;
2488 1203 2731 1257 nonnulli
2764 1219 2894 1259 vero
2928 1204 3177 1259 eumdem
3210 1201 3310 1258 Job
3354 1209 3476 1270 post
3522 1200 3634 1269 pla-

2057 1305 2181 1362 gam
2208 1306 2319 1347 suae
2342 1293 2611 1362 passionis
2631 1279 2949 1365 scriptorem
2979 1294 3143 1349 fuisse
3168 1295 3460 1358 :estimant,
3490 1292 3632 1363 arbi-

2060 1389 2288 1446 trantes,
2320 1390 2380 1435 ut
2406 1382 2498 1452 qui
2530 1384 2827 1438 certamina
2855 1384 3114 1450 spiritalis
3136 1380 3332 1455 pugna:
3353 1384 3631 1441 sustinuit.

2059 1470 2175 1539 ipse
2196 1478 2447 1526 narraret
2470 1486 2608 1541 quas
2632 1472 2887 1527 victorias
2912 1472 3199 1541 expedivit.
3227 1471 3497 1541 Principia
3534 1488 3627 1545 au-

2059 1569 2169 1614 tem
2193 1567 2250 1615 et
2284 1558 2419 1614 ﬁnes
2445 1558 2567 1614 libri
2596 1558 2697 1615 Job
2723 1562 2862 1630 apud
2901 1560 3141 1616 llcbreos
3184 1576 3347 1630 prosa
3385 1561 3635 1615 oratione

2061 1658 2206 1705 texta
2235 1660 2395 1715 sunt;
2417 1651 2601 1731 inedia
2630 1660 2808 1706 autem
2838 1651 3004 1720 ipsius
3032 1648 3100 1706 ab
3127 1667 3193 1705 eo
3226 1652 3364 1716 loco,
3394 1651 3484 1720 qui
3510 1651 3582 1703 ait
3615 1669 3626 1703 :

2064 1740 2250 1796 Pereat
2274 1742 2405 1804 dies,
2429 1742 2484 1795 in
2512 1759 2616 1813 qua
2643 1751 2796 1797 natus
2818 1759 2956 1808 sum,
2978 1758 3150 1812 usque
3175 1742 3241 1796 ad
3263 1758 3385 1797 cum
3411 1740 3586 1797 locum
3618 1760 3629 1793 :

380 1832 606 1903 pellatus
627 1848 693 1888 eo
717 1833 862 1903 quod
893 1832 1197 1907 Levitarum
1240 1830 1538 1887 ministeria
1582 1837 1641 1898 et
1676 1828 1957 1884 diversita-
1983 1815 2030 1874 Β
2060 1831 2269 1886 Idcirco
2293 1831 2400 1902 ipse
2429 1849 2510 1885 me
2544 1833 2858 1900 reprehendo
2889 1842 2937 1887 et
2969 1848 3066 1902 ago
3101 1832 3451 1902 pmniteutiam
3485 1822 3630 1903 (Job.

381 1932 489 1980 tem
518 1924 859 1987 victimarum
883 1920 1216 1994 exsequitur,
1243 1929 1492 1990 totusque
1518 1919 1570 1974 in
1600 1931 1668 1975 eo
1686 1918 1822 1975 ordo
1852 1917 1954 1972 Le-

380 2012 578 2067 viticus
609 2013 922 2067 admutatur
945 2010 1128 2083 [Isid.,
1149 2009 1464 2081 adnotatur]
1490 2046 1491 2053 η

378 2144 382 2148 .
450 2098 614 2153 Inter.
655 2098 923 2156 Numerus
963 2098 1135 2172 μεθ..
1182 2097 1560 2171 Numerorum]
1605 2097 1741 2153 liber
1785 2113 1954 2168 quare

380 2186 609 2258 dicitur?
632 2185 788 2265 Resp.
822 2186 1090 2243 Numerus
1117 2186 1255 2243 liber
1284 2196 1526 2252 vocatur,
1550 2202 1617 2244 eo
1639 2187 1781 2258 quod
1811 2189 1954 2243 ineo

379 2291 610 2345 egressa
647 2278 716 2335 de
761 2276 994 2349 Egypto
1027 2278 1202 2334 tribus
1237 2279 1666 2344 dinumerantur,
1693 2286 1749 2333 et
1789 2295 1854 2332 xi.
1889 2293 1954 2332 ac

379 2368 608 2423 duarum
652 2383 751 2438 per
778 2382 1018 2424 eremum
1067 2369 1406 2424 mansionum
1444 2368 1501 2422 in
1544 2382 1610 2422 eo
1660 2368 1952 2436 descriptio

380 2456 704 2512 continetur.
772 2524 781 2529 _

446 2544 613 2599 Inter.
665 2544 1145 2602 Deuteronomium
1193 2560 1294 2601 cur
1350 2545 1424 2599 ita
1478 2544 1774 2616 appellatus
1826 2547 1952 2601 est?

379 2630 529 2702 Resp.
572 2633 1047 2690 Deuteronomium
1089 2631 1288 2689 .Gneco
1335 2647 1583 2688 sermone
1630 2632 1947 2702 appellatur,

379 2721 520 2790 quod
542 2721 731 2776 Latine
758 2706 1145 2792 interpretatur
1167 2722 1401 2776 secunda
1433 2721 1537 2786 lex,
1572 2721 1628 2776 id
1654 2729 1741 2776 est
1758 2761 1776 2785 ,
1800 2735 1952 2790 repe—

381 2810 515 2875 titio,
547 2818 601 2864 et
624 2809 946 2881 evangelica:
972 2809 1108 2879 legis
1138 2808 1518 2879 prreliguratio,
1545 2809 1739 2877 quisic
1769 2824 1832 2864 ea
1856 2809 1953 2864 ha-

379 2900 496 2965 bet,
524 2914 644 2970 quae
689 2900 868 2971 priora
899 2906 1053 2963 sunt,
1086 2905 1142 2951 ut
1173 2907 1352 2953 tamen
1402 2913 1540 2964 nova
1584 2890 1694 2953 sint
1733 2900 1947 2965 omnia,

382 2976 499 3058 qua:
524 2989 579 3043 in
603 3003 668 3044 eo
690 2987 1039 3059 replicantur.
1086 2976 1089 2981 ’

450 3077 615 3133 Inter.
644 3077 809 3135 Iosue
843 3095 875 3134 a
904 3095 1012 3149 quo
1054 3094 1251 3137 nomen
1292 3079 1542 3150 accepit?
1584 3078 1736 3150 Resp.
1788 3078 1950 3137 Iosue

274 3155 284 3162 ’
380 3166 513 3224 liber
534 3182 731 3223 nomen
756 3160 963 3239 accepit
984 3169 1054 3222 ab
1074 3168 1202 3223 Iesu
1220 3209 1234 3234 ,
1267 3169 1375 3222 lilio
1398 3168 1545 3226 Nave
1560 3209 1576 3236 ,
1603 3170 1757 3240 cujus
1781 3172 1946 3226 histo-
1975 3162 2018 3222 C

314 3248 315 3251 “
381 3257 516 3312 riam
544 3258 785 3314 continet
809 3275 821 3311 :
854 3258 1172 3328 scriptorem
1192 3272 1322 3312 vero
1363 3256 1482 3326 ejus
1509 3259 1755 3313 eumdem
1784 3257 1947 3315 Josue

379 3346 572 3404 Hebrei
596 3357 863 3413 asserunt,
898 3347 951 3402 in
972 3348 1126 3418 cujus
1152 3356 1298 3402 textu
1325 3356 1445 3417 post
1469 3345 1719 3405 Iordanis
1751 3348 1946 3401 transi-

379 3446 490 3493 tum
522 3453 686 3509 regua
708 3438 941 3501 hostium
964 3437 1347 3493 subvertantur
1367 3478 1383 3502 ,
1413 3446 1555 3491 terra
1586 3436 1780 3507 pepulo
1811 3437 1946 3491 divi-

302 3586 310 3593 _
376 3531 537 3597 ditur,
562 3540 617 3588 et
639 3547 737 3602 per
763 3531 1002 3604 singulas
1033 3532 1226 3597 urbes,
1272 3533 1452 3598 vicos,
1473 3597 1476 3601 ἢ
1496 3541 1738 3599 montes,
1784 3544 1946 3603 atque

375 3621 608 3676 conﬁnia
641 3622 914 3686 Ecclesia,
945 3621 1288 3691 cmlestisque
1318 3621 1654 3685 Hierusalem
1677 3623 1942 3693 spiritalia

379 3727 542 3783 regna
576 3711 1004 3782 pratﬂgurantur.

447 3801 609 3855 Inter.
646 3798 892 3855 Iudicum
938 3799 1089 3884 unde
1118 3798 1460 3854 nominatur?
1488 3796 1661 3869 Resp.’
1689 3797 1941 3854 Iudicum

377 3896 685 3952 nominatur
712 3909 743 3949 a
773 3886 1103 3964 principibus
1132 3891 1312 3963 populi
1330 3933 1346 3959 ,
1374 3892 1464 3963 qui
1510 3891 1839 3962 pra-fuerunt
1889 3893 1942 3948 in

377 3986 576 4041 Israhel
604 3994 726 4056 post
759 3985 976 4056 Moysen
1010 3970 1065 4039 et
1109 3982 1303 4049 Iosue,
1350 3995 1638 4053 antequam
1676 3983 1843 4039 David
1890 3993 1945 4039 et

320 4132 325 4137 ,
373 4072 550 4127 caeteri
580 4087 735 4143 reges
759 4073 1071 4127 existerent.
1100 4070 1252 4127 Hunc
1280 4072 1475 4126 librum
1500 4072 1730 4127 edidisse
1755 4074 1946 4128 'credi-

360 4172 462 4220 'tur
490 4164 761 4220 Samuhel.
852 4194 855 4197 λ
1937 4196 1940 4200 λ

441 4255 604 4317 Inter.
657 4253 960 4311 Samuhelis
1026 4253 1195 4318 liber,
1250 4266 1419 4323 quare
1471 4252 1545 4308 ita
1606 4250 1941 4325 appellatur?

372 4344 527 4418 Resp.
549 4345 708 4402 Liber
729 4344 1034 4403 Samuhelis
1056 4343 1296 4416 ejusdem
1321 4343 1577 4399 Samuhel
1602 4343 1941 4402 nativitatem

370 4443 426 4488 et
459 4420 813 4490 sacerdotium
844 4444 900 4491 et
928 4444 1078 4507 gesta
1116 4433 1403 4498 describit,
1441 4432 1647 4489 idcirco
1690 4443 1747 4489 et
1780 4434 1849 4490 ab
1873 4450 1940 4490 eo

373 4484 1649 4592 nagi'n'sgiz.nitentiagin;sui
1678 4484 1745 4577 et
1770 4484 1937 4578 nisi
1969 4484 2019 4544 υ

372 4608 646 4665 historiam
691 4609 1003 4676 contineat,
1048 4611 1260 4680 utrique
1288 4619 1469 4666 tamen
1503 4612 1571 4666 ad
1596 4610 1937 4667 Samuhelem

372 4698 694 4765 referuntur,
726 4700 852 4768 quia
884 4700 1001 4769 ipse
1029 4700 1342 4755 unxitSaul
1368 4702 1425 4756 in
1450 4716 1661 4773 regem,
1696 4703 1811 4773 ipse
1834 4702 1939 4757 Da-

371 4788 460 4847 Vid
490 4789 544 4844 in
572 4803 752 4859 regem
794 4787 1052 4843 futurum.
1081 4785 1244 4857 Cujus
1271 4788 1396 4844 libri
1445 4791 1676 4860 primam
1726 4801 1967 4863 partem.

369 4878 691 4947 conscripsit
722 4879 862 4934 idem
893 4876 1182 4944 Samuhel;
1207 4879 1490 4947 sequentia
1518 4894 1649 4935 vero
1692 4880 1810 4949 ejus
1851 4865 1944 4936 usi

370 4979 473 5034 que
496 4964 699 5020 calcem
734 4967 952 5037 scripsit
973 4967 1161 5023 David.
1470 4989 1477 4994 ’

438 5054 603 5110 Inter.
634 5054 915 5111 Malachim
937 5057 1120 5130 [Isid.,
1143 5056 1448 5135 Melacbim]
1476 5071 1574 5113 cur
1594 5058 1668 5112 ita
1696 5061 1942 5115 nomina-

370 5145 485 5198 tur?
505 5142 655 5216 Resp.
681 5142 960 5199 Malachim
981 5145 1115 5201 liber
1132 5148 1355 5217 proinde
1373 5145 1688 5218 appellatur,
1714 5148 1937 5217 ecquod

370 5248 521 5305 reges
553 5233 709 5289 ludat
743 5243 798 5289 et
833 5231 1178 5290 Israheliticte
1204 5237 1381 5308 gentis
1402 5278 1418 5303 ,
1464 5244 1720 5308 gestaque
1748 5251 1934 5292 eorum

369 5335 465 5390 per
488 5322 732 5379 ordinem
758 5324 964 5393 digerat
994 5332 1317 5393 temporum.
1344 5325 1627 5381 Malachim
1648 5324 1929 5390 Hebraice,

368 5408 554 5465 Latine
575 5426 759 5479 regum
796 5412 1199 5482 interpretatur.
1234 5413 1388 5471 Hunc
1415 5415 1609 5470 librum
1636 5413 1935 5470 Hieremias

366 5498 570 5569 primus
598 5500 652 5553 in
679 5516 844 5555 unum
880 5501 1124 5561 volumen
1141 5504 1340 5571 coegit.
1364 5503 1499 5557 Nam
1532 5512 1687 5558 antea
1715 5518 1935 5573 sparsus

365 5596 481 5644 erat
511 5600 608 5657 per
637 5587 963 5656 singulorum
993 5605 1178 5660 regum
1201 5591 1474 5648 historias.

435 5717 462 5745 ι
491 5704 566 5760 Ex
594 5700 719 5755 Isid.
752 5699 873 5757 libr.
914 5721 962 5760 vi
998 5703 1319 5776 0rig.,-cap.
1346 5705 1400 5758 2.

2056 1937 2134 1985 III,
2160 1919 2197 1974 3
2220 1930 2269 1975 et
2294 1921 2481 1992 seqq),
2507 1923 2691 1976 omnia
2720 1923 2939 1979 heroico
2961 1931 3134 1977 metro
3156 1923 3489 1989 discurrunt.

2123 2009 2291 2064 Inter.
2318 2009 2478 2064 Liber
2503 2011 2844 2066 Psalmorum
2870 2028 2976 2082 qua
3008 2013 3187 2085 lingua
3220 2013 3449 2067 dicitur?
3477 2012 3649 2087 Βρεμι..

2053 2100 2391 2157 Psalmorum
2418 2100 2554 2156 liber
2576 2099 2760 2156 Graec
2778 2100 3123 2167 Psalterium,
3145 2102 3420 2158 Ilebraice
3431 2102 3599 2158 Nahla
3615 2145 3629 2165 .

2053 2191 2247 2246 Latine
2277 2206 2543 2262 organum
2572 2192 2772 2249 dicitur
2797 2210 2810 2246 :
2838 2201 3060 2248 vocatus
3086 2203 3265 2248 autem
3298 2194 3632 2250 Psahnorum

2053 2282 2208 2347 liber,
2246 2282 2374 2353 quia
2408 2298 2516 2338 uno
2536 2281 2798 2365 propheta
2825 2293 3053 2340 canente
3074 2284 3477 2368 atlpsaIteriiim
3505 2287 3633 2340 chu~

2053 2386 2146 2426 rus
2172 2371 2520 2427 consonando
2547 2372 2917 2442 responderet.
2954 2372 3153 2428 l‘itulus
3176 2381 3358 2429 autem
3401 2374 3453 2429 in
3477 2373 3630 2428 Psal—

2050 2462 2155 2516 mis
2180 2460 2459 2518 lIebraicis
2484 2462 2557 2516 ita
2582 2471 2669 2517 est
2695 2479 2708 2515 :
2737 2459 3002 2534 Hyspysta
3024 2462 3219 2518 librum
3243 2462 3415 2535 [Isid.,
3442 2462 3633 2519 Thebi—

2050 2549 2187 2621 lim],
2217 2552 2309 2619 qui
2331 2550 2715 2621 interpretatur
2734 2542 2985 2608 volumen
3009 2551 3351 2623 hymnorum.
3369 2550 3633 2608 Auctores

2049 2649 2228 2694 autem
2268 2640 2593 2710 psalmorum
2614 2679 2629 2703 ,
2665 2640 2757 2709 qui
2788 2648 3062 2709 ponuntur
3090 2641 3147 2695 in
3177 2640 3378 2707 titulis,
3424 2640 3635 2713 Moyses

2050 2731 2255 2787 scilicet
2280 2739 2333 2785 et
2358 2729 2548 2794 David,
2573 2738 2629 2784 et
2651 2729 2906 2786 Salomon
2923 2770 2936 2792 ,
2962 2730 3143 2802 Asaph
3161 2772 3175 2796 ,
3209 2730 3412 2787 Ethan
3447 2741 3502 2788 et
3532 2733 3634 2788 ldi-

2051 2821 2184 2875 thun
2210 2828 2267 2877 et
2290 2817 2386 2875 lilii
2411 2818 2572 2884 Core,
2600 2818 2769 2874 Eman
2796 2817 3169 2890 [Eszrahelitte
3198 2818 3405 2890 (Omitt.
3434 2811 3594 2892 Isid.)
3619 2822 3629 2891 ι

2049 2920 2104 2967 et
2136 2909 2490 2980 reliquorum,
2513 2924 2648 2979 quos
2678 2909 2880 2964 Esdras
2921 2925 3028 2965 uno
3066 2909 3341 2966 volumine
3378 2925 3631 2985 compre-

2050 3000 2261 3055 hendit.
2280 2996 2482 3054 Omnes
2506 3007 2686 3054 autem
2711 2999 2904 3070 psalmi
2947 3000 3087 3069 apud
3126 3000 3367 3055 Ilebreos
3408 3002 3633 3056 metrico

2047 3089 2289 3146 carmine
2315 3097 2569 3144 constant
2594 3103 2716 3143 esse
2749 3090 3054 3159 compositi.
3080 3089 3215 3159 Nam
3242 3090 3297 3143 in
3336 3091 3485 3145 mare
3524 3091 3632 3145 Bo-
3720 3134 3725 3137 .

2050 3179 2194 3235 mani
2236 3176 2447 3241 Flacci,
2491 3184 2548 3231 et
2597 3175 2769 3232 Gneci
2824 3176 3076 3242 Pindari,
3101 3194 3245 3249 nunc
3272 3178 3362 3232 alii
3401 3180 3633 3236 iambico

2048 3274 2294 3328 currunt,
2319 3279 2463 3320 nunc
2485 3264 2835 3320 Eszrahelitae
2860 3264 3117 3322 Alchaico
3139 3264 3325 3338 [Isid.,
3351 3282 3494 3322 nunc
3525 3268 3632 3322 ele-

2048 3353 2225 3427 giaco]
2265 3362 2586 3425 personant,
2630 3368 2773 3408 nunc
2814 3353 3009 3411 Sailico
3055 3356 3246 3421 nitent,
3277 3358 3524 3415 trimetro
3550 3362 3635 3415 vel

2049 3453 2366 3500 tetrametro
2392 3445 2527 3516 pede
2552 3446 2876 3501 incedentes.

2115 3534 2281 3589 Inter.
2332 3534 2479 3589 Libri
2531 3534 2834 3590 Salomonis
2882 3550 2988 3605 qua
3035 3538 3246 3593 ratione
3296 3541 3634 3596 consistunt?

2047 3624 2196 3695 Resp.
2225 3625 2499 3690 Salomon,
2535 3624 2674 3679 ﬁlius
2697 3625 3008 3693 Dnvid,rex
3033 3626 3233 3680 Israhel
3254 3626 3408 3693 juxta
3437 3622 3628 3683 mune-

1942 3718 1957 3731 ‘
2047 3730 2163 3770 rum
2184 3715 2561 3771 vocabulorum
2582 3729 2801 3769 suorum
2826 3715 2928 3771 tria
2955 3715 3222 3770 volumina
3247 3717 3433 3783 edidit,
3456 3717 3620 3791 5,32

2044 3818 2273 3872 quorum
2319 3803 2549 3873 primum
2597 3812 2681 3857 est
2729 3802 2957 3857 Masloth
3001 3800 3170 3875 [Isid.,
3209 3804 3425 3875 Missa],
3465 3822 3629 3876 quem

2044 3894 2217 3949 Grmci
2254 3891 2566 3961 Parabolas,
2598 3893 2772 3949 Latini
2807 3895 3205 3951 Prorerbiorunt
3236 3897 3537 3963 nominant,
3561 3914 3628 3952 eo

2045 3983 2185 4053 quod
2221 3983 2271 4037 in
2314 3984 2430 4054 ipso
2476 3985 2576 4039 sub
2620 3987 2986 4056 comparativa
3036 3972 3392 4042 similitudine
3427 3987 3628 4059 llguras

2046 4072 2330 4127 verborum
2361 4074 2431 4127 'et
2472 4073 2734 4143 imagines
2783 4074 3032 4130 veritatis
3074 4075 3410 4141 ostenderit;
3456 4078 3633 4146 ipsam

2045 4170 2224 4216 autem
2251 4162 2530 4216 veritatem
2561 4163 2629 4216 ad
2662 4164 3068 4233 intelligendum
3108 4164 3412 4234 legentilus
3448 4180 3627 4221 reser-

2046 4249 2206 4303 vavit.
2237 4248 2543 4312 Secundum
2571 4249 2766 4303 librum
2794 4248 3006 4304 Coeletlt
3036 4251 3284 4316 vocavit,
3311 4254 3405 4321 qui
3443 4250 3631 4308 Graece

2045 4338 2387 4393 Ecclesiastes
2438 4337 2654 4403 dicitur,
2708 4338 2900 4393 Latine
2949 4336 3319 4404 Concionator,
3365 4354 3433 4396 eo
3486 4346 3629 4412 quod

2043 4442 2220 4484 sermo
2244 4426 2360 4498 ejus
2383 4442 2489 4481 non
2516 4428 2822 4497 specialiter
2847 4428 2915 4483 ad
2940 4443 3127 4490 unum,
3157 4430 3298 4483 sicut
3321 4429 3373 4483 in
3398 4427 3630 4485 Prover-

2042 4519 2167 4584 biis,
2199 4519 2294 4575 sed
2325 4519 2393 4574 ad
2432 4519 2715 4574 universos
2746 4518 3073 4588 generaliter
3108 4520 3390 4590 dirigatur,
3427 4519 3629 4575 docens

2040 4609 2243 4676 omnia,
2266 4623 2384 4678 quae
2406 4610 2457 4662 in
2485 4598 2686 4678 mundo
2718 4610 3012 4676 cernimus,
3042 4609 3245 4664 caduca
3276 4624 3397 4664 esse
3427 4596 3483 4663 et
3508 4609 3629 4664 bne-

2040 4698 2150 4765 via,
2175 4707 2229 4755 et
2262 4700 2332 4753 ob
2372 4699 2473 4752 hoc
2502 4696 2723 4750 minime
2768 4696 3088 4766 appetenda.
3137 4696 3626 4753 Tertium/librum

2044 4788 2330 4860 Syrasyrin
2357 4787 2530 4860 [Isid.,
2558 4788 2635 4843 εἰν
2659 4785 2902 4858 Itysirim]
2936 4789 3273 4856 praenotavit,
3301 4788 3393 4858 qui
3433 4788 3495 4841 in‘
3529 4783 3627 4842 La-

2041 4880 2209 4934 tinam
2237 4879 2471 4947 linguam
2496 4878 2728 4932 vcrtitur
2755 4874 2973 4930 Cantica
3002 4875 3337 4930 Canticorum
3355 4916 3369 4941 ,
3402 4877 3491 4935 ubi
3528 4892 3626 4946 per

2041 4968 2407 5038 epitalamium
2433 4980 2646 5020 carmen
2677 4964 3106 5033 conjunctioncm
3128 4966 3327 5019 Christi
3351 4975 3407 5021 et
3432 4966 3623 5022 Eccle-

2042 5061 2138 5115 sia:
2166 5062 2392 5132 mystice
2419 5060 2586 5114 canit.
2694 5089 2700 5099 τ

2112 5151 2278 5206 Inter.
2318 5152 2509 5225 “Quare
2545 5150 2742 5209 dicitur
2777 5141 3000 5206 Cantica
3042 5150 3423 5208 Canticorum?
3462 5149 3649 5221 Resp.’

2040 5240 2252 5297 Dictum
2276 5249 2456 5295 autem
2480 5238 2756 5295 Canticum
2798 5240 3176 5306 Canticorum,
3223 5256 3289 5295 co
3329 5239 3471 5311 quod
3506 5255 3620 5295 om-

2040 5330 2197 5385 nibus
2240 5330 2468 5385 canticis
2512 5329 2851 5401 praeferatur,
2894 5332 2987 5400 qui
3027 5331 3082 5385 in
3111 5329 3407 5400 Scripturis
3450 5331 3623 5383 sacris

2040 5420 2339 5486 habentur;
2371 5422 2517 5477 sicut
2545 5423 2793 5491 quaedam
2836 5422 2888 5476 in
2928 5421 3071 5491 Lege
3110 5420 3366 5474 dicuntur
3405 5430 3618 5483 sancta,

2036 5510 2230 5578 quibus
2259 5510 2461 5578 majora
2488 5524 2614 5568 sunt
2639 5522 2829 5569 sancta
2860 5520 3187 5567 sanctorum.
3216 5508 3619 5563 Horum-autem

2040 5600 2203 5653 trium
2228 5599 2484 5656 librorum
2523 5606 2763 5659 carmina
2796 5601 3084 5657 exametris
3108 5640 3123 5664 ,
3169 5611 3218 5652 et
3264 5604 3619 5669 pentametris
