4254 6242
653 400 794 480 4421

1463 415 1518 470 η.
1560 415 1617 468 r.
1657 395 1875 468 Atei-St
1912 411 2043 467 SEU
2084 408 2356 465 ALCUINI
2391 406 2669 462 OPERUM
2708 404 2885 461 PARS
2924 405 3053 463 vui.

3748 407 3900 465 H98

664 536 906 593 versibus
927 533 1065 605 apud
1094 546 1216 587 suos
1258 531 1549 599 composita
1585 526 1952 598 perhibentur,
1986 530 2046 577 ut
2075 519 2223 577 Icse-
2250 529 2298 582 Α
2330 517 2442 591 [Ita
2469 516 2611 587 θοάς]
2646 514 2771 571 Iesu
2800 516 3094 571 sacerdotis
3123 516 3298 586 magni
3325 518 3660 588 composuit,
3689 520 3754 572 de
3780 537 3903 589 quo

664 628 820 697 phus,
848 623 1303 695 Hieronymnsquc
1327 619 1587 674 scribunt.

2321 607 2565 662 meminit
2588 607 2897 661 Zacharias.
2921 606 3022 672 Qui
3058 606 3192 660 liber
3216 607 3356 677 apud
3392 607 3643 674 Latinos,
3668 620 3905 679 propter

737 713 899 768 Inter.
927 692 1145 768 Librum
1171 711 1340 765 Esaia:
1359 709 1482 779 quis
1507 706 1836 778 composuit?
1858 703 2009 773 Resp.
2034 701 2225 757 Esaias
2321 695 2517 765 eloquii
2544 695 2949 751 similitudinem
2971 706 2996 736 ι
3018 692 3326 750 Salomonis
3353 695 3506 750 titulo
3533 706 3899 767 prmnotatur.

666 806 990 877 evangelista
1031 804 1206 874 potius
1249 816 1411 871 quam
1460 799 1719 870 propheta
1745 837 1759 858 ,
1815 795 1984 850 edidit
2031 793 2225 849 librum
2321 785 2505 841 Dictus
2531 794 2706 877 autem
2730 780 3164 877 EcclesiasticttS,
3189 801 3255 841 eo
3278 786 3420 857 quod
3448 788 3615 842 totius
3638 788 3907 843 Eisele-size

666 910 844 958 suum,
880 894 1030 965 cujus
1050 892 1227 947 omnis
1255 898 1432 945 textus
1453 888 1769 959 eloquentia:
1788 901 1949 956 prosa
1988 883 2220 947 incedit;

666 985 939 1039 canticum
966 996 1094 1036 vero
1118 989 1392 1034 csamctro
1416 986 1473 1034 ct
1496 985 1831 1048 pentametro
1855 989 2013 1029 cursu
2041 971 2223 1044 [Isid.,

670 1073 849 1146 versu]
874 1073 1144 1128 discurrit.

739 1162 903 1218 Inter.
940 1161 1221 1216 Hieremia:
1265 1160 1419 1229 quis?
1453 1158 1603 1229 Resp.
1645 1155 1940 1212 Hieremias
1980 1154 2229 1209 similiter

668 1253 837 1308 edidit
861 1252 1054 1307 librum
1076 1267 1233 1309 suum
1257 1264 1379 1305 cum
1404 1248 1631 1304 Threnis
1654 1246 1771 1317 ejus
1789 1286 1803 1310 ,
1830 1260 1966 1315 quos
1999 1258 2097 1298 nos
2128 1236 2231 1298 La-

670 1351 850 1398 menta
872 1356 1147 1405 vocamus,
1173 1355 1237 1394 eo
1260 1337 1400 1409 quod
1425 1338 1478 1393 in
1502 1336 1826 1392 tristioribus
1846 1335 2004 1389 rebus
2032 1332 2233 1387 funeri-

669 1435 874 1503 basque
916 1433 1289 1507 adhibeantur,
1318 1430 1370 1485 in
1410 1430 1603 1499 quibus
1643 1425 1972 1496 quadruplex
2020 1425 2233 1507 diverso

672 1499 851 1580 metro
864 1499 1163 1594 composuit
1181 1522 1485 1584 alfabetum,
1515 1534 1740 1589 quorum
1762 1518 1865 1572 dno
1885 1518 2054 1587 prima
2080 1504 2233 1586 quasi

676 1612 869 1668 Safﬁco
893 1621 1064 1666 metro
1088 1612 1287 1680 scripta
1309 1615 1465 1673 sunt,
1497 1608 1621 1677 quia
1651 1616 1761 1663 tres
1793 1605 2113 1670 versiculos,
2144 1605 2233 1674 qui

676 1704 777 1759 sibi
809 1703 930 1757 nexi
958 1717 983 1757 s
1006 1709 1103 1765 .nt,
1133 1709 1187 1756 et
1214 1698 1283 1754 ab
1308 1714 1414 1753 una
1456 1705 1665 1752 tantum
1712 1696 1889 1751 littera
1937 1696 2234 1765 incipiunt,

676 1790 951 1846 heroicum
999 1804 1207 1845 comma
1254 1784 1599 1843 concludunt.
1653 1785 1895 1841 Tertium
1948 1782 2234 1837 alfabetum

2322 878 2617 949 disciplinae
2643 876 2827 949 [Isid.,
2850 875 3150 947 disciplina]
3176 877 3436 947 religiosa:
3462 879 3904 934 conversationis

2325 983 2515 1039 magna
2532 982 2661 1022 cura
2687 974 2742 1021 et
2771 968 2981 1023 ratione
2997 966 3067 1022 sit
3090 967 3283 1022 editus.
3302 968 3465 1023 Ilicet
3485 969 3628 1038 apud
3646 968 3902 1022 Hehrcos

2326 1059 2613 1127 reperitur,
2657 1057 2752 1112 sed
2795 1057 2937 1111 inter
2963 1050 3230 1126 apocrifos
3272 1056 3517 1112 habetur.
3549 1057 3735 1113 Iudith
3763 1072 3905 1112 vero

2326 1160 2381 1204 et
2409 1145 2542 1203 Τοιδὶ
2572 1163 2685 1204 sive
2722 1146 3133 1202 Machabeorum
3171 1146 3292 1201 libri
3343 1147 3539 1215 quibus
3586 1146 3905 1202 auctoribus

2329 1238 2514 1308 scripti
2536 1246 2681 1303 sunt,
2699 1224 2933 1293 “minime
2950 1245 3182 1317 constat.
3206 1237 3416 1294 Habent
3437 1246 3617 1293 autem
3637 1236 3905 1293 vocabula

2329 1344 2396 1384 ex
2425 1343 2611 1384 eorum
2636 1324 2971 1391 neminibns,
3003 1342 3233 1398 quorum
3283 1337 3433 1398 gesta
3482 1328 3743 1382 scribunt.
3771 1325 3907 1381 Hmc

2331 1434 2501 1489 pauca
2527 1420 2593 1474 de
2616 1419 2797 1474 Veteri
2823 1414 3171 1474 Testamento
3189 1420 3299 1495 hac
3324 1420 3442 1473 vice
3480 1419 3576 1473 tibi
3613 1417 3902 1473 sufﬁciant.

2909 1528 3137 1585 CAPUT
3175 1530 3305 1585 VIII.

2786 1614 2853 1653 DE
2891 1614 3027 1654 NOVO
3066 1614 3437 1655 τεετλιιειςτο.

2408 1688 2569 1747 Inter.
2596 1685 2673 1744 Ea
2701 1706 2821 1761 qua:
2846 1690 2912 1745 de
2941 1688 3030 1746 illo
3052 1690 3257 1757 dixisti,
3281 1680 3551 1747 sufﬁciunt
3568 1732 3584 1756 ,
3613 1690 3706 1746 sed
3729 1708 3905 1763 quare

2338 1778 2542 1844 Novum
2570 1781 2967 1836 Testamentum
2987 1782 3217 1847 dicatur,
3245 1791 3303 1838 ut
3327 1785 3456 1839 mihi
3479 1785 3715 1854 aperias,
3742 1785 3909 1838 obsc-

678 1880 922 1934 trimetro
946 1877 1204 1947 scriptum
1224 1882 1328 1940 est,
1345 1882 1444 1928 eta
1470 1873 1639 1928 ternis
1656 1873 1873 1936 litteris,
1896 1872 1949 1926 id
1970 1880 2074 1935 est,
2099 1870 2233 1925 terni
2265 1846 2311 1906 Β
2340 1887 2451 1926 cro.
2501 1869 2653 1941 Resp.
2681 1870 2887 1926 Novum
2914 1846 3320 1928 Testamentum
3350 1873 3471 1929 ideo
3502 1846 3745 1939 vocatur,
3772 1876 3903 1944 quia

679 1985 871 2025 versus
892 1967 1074 2040 [Isid.,
1100 1966 1260 2021 iidem
1282 1963 1492 2037 versus]
1524 1964 1804 2034 incipiunt.
1832 1963 2089 2030 Quartum
2111 1960 2238 2015 alfa-

679 2061 863 2114 betum
890 2057 1063 2113 simile
1089 2057 1262 2126 primo
1288 2063 1345 2109 et
1366 2052 1602 2110 secundo
1627 2054 1872 2109 habetur.

750 2150 913 2205 Inter.
938 2146 1235 2204 Ezechielis
1258 2155 1314 2201 et
1337 2144 1610 2200 Danihelis
1638 2144 1793 2214 quis?
1816 2142 1970 2219 Resp.
1994 2140 2241 2197 Ezechiel

680 2250 737 2296 et
756 2239 978 2294 Danihel
1004 2252 1034 2291 a
1058 2238 1190 2293 viris
1215 2236 1535 2306 quibusdam
1561 2233 1889 2303 sapientibus
1916 2232 2100 2303 scripti
2124 2246 2243 2287 esse

679 2330 1050 2398 perhibentur,
1074 2340 1303 2395 quorum
1324 2322 1572 2378 Ezechiel
1590 2322 1851 2393 principia
1873 2330 1928 2377 et
1951 2321 2084 2379 lines
2110 2322 2246 2376 mul-

684 2422 754 2475 tis
789 2419 950 2474 habet
977 2415 1393 2473 obscuritatibus
1419 2413 1674 2469 involuta.
1704 2411 1925 2467 Danihel
1950 2428 2080 2467 vero
2102 2411 2248 2473 claro

683 2524 931 2566 sermone
962 2522 1125 2578 regna
1153 2506 1298 2562 orbis
1327 2503 1655 2574 pronuntiat,
1682 2507 1736 2555 et
1756 2510 1967 2570 tempus
1989 2500 2250 2555 adventus

682 2600 882 2657 Christi
903 2595 1339 2653 manifestissima
1368 2594 1747 2665 pradicatioue
1768 2600 2006 2648 annotat.
2031 2591 2096 2645 Hi
2122 2599 2251 2647 sunt

684 2698 915 2759 quatuor
941 2688 1240 2759 prophetas,
1273 2685 1364 2754 qui
1390 2682 1634 2752 majores
1663 2690 1937 2746 vocantur,
1968 2682 2090 2751 quia
2130 2695 2255 2751 pro-

686 2782 791 2835 lixa
821 2778 1088 2835 volumina
1117 2774 1493 2831 condiderunt.

757 2870 921 2924 Inter.
947 2868 1088 2922 Libri
1113 2882 1186 2920 xu
1212 2866 1600 2934 Prophetarum
1629 2872 1873 2917 auctorcs
1888 2861 1979 2931 qui
2004 2859 2253 2915 fuerunt?

690 2964 845 3031 Resp.
872 2959 1017 3015 Libri
1047 2957 1535 3026 xu‘Pmphetarum
1570 2961 1844 3007 auctorum
1890 2966 2111 3005 suorum
2158 2966 2252 3006 no-

690 3051 917 3106 minibus
947 3057 1329 3118 pramotantur,
1355 3044 1444 3112 qui
1469 3050 1751 3113 propterea
1789 3042 2039 3096 dicuntur
2082 3042 2258 3095 mino-

2338 1963 2584 2027 innovat;
2609 1976 2715 2016 non
2739 1962 2882 2016 enim
2914 1961 3043 2016 illud
3064 1962 3300 2028 discunt,
3330 1964 3434 2018 nisi
3463 1964 3709 2019 homines
3751 1981 3908 2018 reno-

2341 2053 2448 2106 vati
2473 2068 2539 2108 ex
2560 2060 2828 2109 vetustate
2860 2068 2957 2123 per
2983 2054 3212 2124 gratiam
3249 2063 3304 2109 et
3332 2056 3663 2126 pertinentes
3697 2057 3811 2127 jam
3838 2059 3909 2113 ad

2341 2146 2717 2195 testamentum
2751 2156 2969 2207 novum,
2995 2144 3139 2213 quod
3160 2151 3243 2199 est
3266 2158 3486 2219 regnum
3513 2146 3793 2201 calorum.

2412 2230 2579 2286 Inter.
2638 2230 2870 2289 Ordines
2916 2233 3175 2289 librorum
3240 2235 3373 2290 Novi
3428 2236 3761 2293 Testamenti
3813 2240 3906 2309 qui

2343 2322 2503 2376 sunt?
2530 2320 2685 2392 Resp.
2714 2323 2848 2378 Duo.
2870 2323 3036 2379 Inter.
3059 2324 3203 2391 Qui?
3229 2325 3382 2397 Resp.
3405 2327 3619 2383 Primus
3643 2338 3729 2383 est
3750 2346 3911 2386 evan-

2344 2410 2568 2480 gelicus,
2596 2410 2650 2464 in
2681 2426 2788 2481 quo
2815 2421 2940 2467 sunt
2967 2413 3249 2479 Mattheus,
3275 2415 3508 2482 Marcus,
3532 2416 3709 2473 Lucas
3737 2426 3792 2472 et
3815 2419 3908 2475 Io-

2346 2500 2569 2556 hannes.
2598 2500 2876 2557 Secundus
2903 2503 3246 2573 apostolicus,
3276 2504 3330 2558 in
3353 2519 3460 2574 quo
3485 2514 3611 2560 sunt
3632 2505 3832 2563 Paulus
3854 2510 3909 2563 in

2349 2607 2439 2647 siv
2463 2593 2740 2663 Epistolis,
2765 2593 2960 2649 Petrus
2988 2595 3042 2648 in
3070 2595 3293 2660 duabus,
3322 2580 3596 2653 Iohannes
3624 2598 3678 2653 in
3704 2600 3878 2654 tribus
3895 2642 3912 2664 .

2348 2680 2580 2736 Iacobus
2602 2690 2656 2736 et
2679 2681 2845 2738 Iudas
2865 2684 2917 2737 in
2946 2684 3168 2754 singulis
3191 2724 3208 2751 ,
3233 2684 3399 2742 Actus
3440 2687 3817 2757 Apostolorum
3859 2702 3916 2747 ct

2350 2776 2703 2848 Apocalipsis.

2421 2866 2585 2921 Inter.
2628 2866 2891 2923 Auctores
2919 2866 3077 2936 hujus
3120 2868 3251 2925 Novi
3292 2871 3619 2928 Testamenti
3663 2875 3756 2945 qui
3802 2874 3918 2932 fue-

2352 2960 2513 3015 runt?
2557 2957 2712 3031 Resp.
2760 2960 2999 3029 Quatuor
3037 2963 3204 3019 libros
3239 2965 3651 3036 Evangeliorum
3688 2977 3920 3037 quatuor

2353 3065 2514 3119 supra
2542 3051 2798 3105 nominati
2834 3052 3178 3122 singulariter
3203 3057 3651 3124 conscripserunt.

636 3176 639 3179 ,
690 3152 812 3206 res,
854 3141 977 3211 quia
1028 3151 1303 3193 sermones
1341 3150 1525 3189 eorum
1576 3134 1763 3189 breves
1812 3141 1953 3187 sunt.
2010 3132 2159 3188 Unde
2195 3137 2251 3189 et
2278 3165 2325 3228 ο
2426 3138 2592 3193 Inter.
2642 3138 2793 3194 Nunc
2837 3149 2991 3209 peto,
3030 3148 3089 3195 ut
3136 3143 3270 3197 mihi
3317 3159 3551 3215 exponas
3583 3147 3705 3217 quis
3730 3162 3914 3203 eorum

687 3230 914 3287 counexi
944 3228 1154 3283 sibimet
1189 3226 1414 3280 invicem
1447 3224 1499 3277 in
1526 3237 1632 3277 uno
1664 3222 1932 3277 volumine
1969 3222 2245 3277 continen-

690 3332 798 3386 tur,
834 3334 1059 3390 quorum
1095 3316 1310 3371 nomina
1346 3315 1459 3368 haec
1489 3321 1650 3368 sunt:
1682 3312 1835 3376 Osee,
1859 3309 2028 3372 Iohel,
2058 3311 2243 3376 Amos,

689 3414 910 3475 Abdias,
932 3409 1113 3471 Ionas,
1142 3407 1398 3468 Micheas,
1422 3404 1613 3468 Naum,
1638 3404 1851 3459 Abacuc
1869 3444 1884 3468 ,
1916 3402 2245 3473 Sophonias,

690 3505 886 3569 Agens,
911 3498 1217 3562 Zacharias,
1248 3505 1303 3551 et
1327 3494 1631 3549 Malacbias.
1844 3568 1847 3573 ί

760 3591 925 3645 Inter.
946 3590 1128 3645 Esdrze
1152 3588 1273 3641 libri
1297 3587 1416 3656 quis
1438 3593 1623 3641 auctor
1636 3585 1876 3640 exstitit?
1891 3582 2041 3653 Resp.
2068 3583 2250 3639 Esdra:

693 3685 828 3739 liber
875 3680 1229 3752 auctoris‘sui
1275 3678 1430 3732 titulo
1452 3685 1798 3746 pramotatur,
1835 3675 1889 3729 in
1923 3676 2076 3743 cujus
2100 3684 2248 3729 textu

692 3774 929 3845 ejusdem
953 3771 1171 3826 Hesdras
1194 3769 1530 3836 Neemizeque
1556 3781 1831 3822 sermones
1860 3755 2061 3835 pariter
2079 3766 2251 3821 conti-

694 3872 905 3919 nentur.
950 3862 1026 3917 Ne
1072 3872 1394 3930 quemquam
1439 3864 1668 3919 moveat,
1712 3855 1855 3924 quod
1899 3871 2035 3909 unus
2064 3856 2248 3910 Bsdra:

602 4024 605 4025 ν
696 3955 891 4009 dicitur
918 3952 1071 4015 liber,
1100 3950 1223 4019 quia
1267 3947 1558 4010 secundus,
1592 3947 1782 4000 tertius
1816 3956 1869 4000 et
1890 3954 2111 4014 quartus
2145 3962 2251 4001 non

698 4042 962 4097 habentur
995 4038 1133 4109 apud
1161 4037 1420 4101 Hebreos,
1452 4035 1545 4090 sed
1571 4035 1709 4088 inter
1743 4034 2057 4103 apocriphos
2091 4034 2254 4104 depu-

689 4141 900 4195 tantur.

770 4225 932 4279 Inter.
962 4223 1179 4278 Librum
1221 4220 1413 4276 Ilestcr
1446 4218 1564 4288 quis
1593 4216 1838 4287 scripsit?
1882 4215 2030 4284 Resp.
2069 4214 2257 4270 Hester

704 4302 897 4371 librum
940 4314 1052 4385 ipsa
1098 4312 1334 4367 creditur
1377 4308 1791 4377 conscripsisse,
1830 4306 1882 4360 in
1931 4320 2036 4375 quo
2068 4305 2257 4359 eadem

704 4408 905 4477 regina,
926 4403 1029 4458 sub
1052 4402 1219 4472 ﬁgura
1250 4399 1517 4469 Ecclesiae,
1550 4398 1642 4452 Dei
1671 4396 1920 4467 populum
1951 4411 1980 4449 a
2002 4395 2259 4450 servitute

2352 3231 2579 3302 primus,
2608 3239 2664 3285 et
2690 3246 2791 3299 qua
2820 3231 3026 3302 lingua,
3046 3233 3130 3286 vel
3160 3233 3253 3288 ubi
3291 3241 3347 3287 et
3388 3235 3529 3289 unde
3570 3236 3914 3306 Evangelinm

2347 3321 2787 3391 conscripsisset?
2810 3319 3071 3376 Similiter
3091 3321 3156 3376 de
3191 3322 3448 3389 secundo,
3472 3326 3657 3391 tertio,
3681 3335 3734 3380 et
3759 3342 3917 3394 quar-

2350 3409 2635 3475 toi'acere
2686 3424 2792 3464 non
2847 3425 3059 3465 renuas.
3114 3410 3269 3482 Resp.
3309 3414 3339 3452 ιι
3387 3413 3602 3470 Primus
3655 3415 3917 3470 Mattheus

2348 3498 2671 3566 conscripsit
2696 3498 3043 3567 Evangelium
3069 3488 3265 3555 litteris
3302 3500 3586 3558 Hebraicis
3626 3511 3680 3558 ct
3716 3519 3918 3559 sermo-

2349 3588 2525 3652 nibus,
2576 3588 2629 3641 in
2676 3586 2859 3643 Iudaea
2908 3588 3129 3644 initians
3172 3592 3545 3663 evangelizare
3585 3595 3653 3649 ab
3683 3594 3917 3650 humana

2349 3674 2551 3732 Christi
2600 3679 2879 3734 nativitate
2921 3680 3107 3736 dicens
3133 3700 3144 3735 :
3175 3681 3326 3737 Liber
3363 3688 3713 3754 generationis
3759 3687 3917 3761 433

2351 3770 2485 3823 .Iesu
2514 3768 2707 3845 Christi
2746 3771 2845 3840 lilii
2876 3771 3046 3826 Darid
3065 3813 3079 3838 ,
3108 3774 3207 3843 ﬁlii
3233 3775 3498 3832 Abraham
3540 3777 3758 3847 (Matth.
3779 3796 3816 3845 ι,
3843 3782 3917 3851 1).

2353 3859 2672 3931 Signiﬁcans
2702 3861 3044 3917 descendisse
3077 3864 3426 3932 corporaliter
3464 3852 3539 3921 'ex
3588 3870 3795 3924 semine
3828 3884 3922 3938 pa-

2354 3951 2707 4004 triarcharum
2737 3951 3031 4017 Christum,
3056 3953 3194 4007 sicut
3221 3955 3545 4024 promissum
3570 3964 3693 4010 erat
3721 3958 3775 4012 in
3800 3973 3922 4027 pro-

2354 4041 2529 4110 phetis
2572 4056 2667 4111 per
2731 4039 2989 4110 Spiritum
3058 4052 3322 4097 sanctum.
3374 4043 3654 4101 Secundus
3712 4046 3924 4102 Marcus

2355 4131 2541 4201 plenus
2587 4130 2784 4200 Spiritu
2839 4139 3025 4186 sancto
3068 4132 3281 4201 scripsit
3324 4133 3671 4205 Evangelium
3722 4134 3922 4191 Christi

2354 4222 2565 4291 eloquio
2580 4220 2765 4276 Graeco
2792 4220 2845 4274 in
2870 4220 3018 4275 Italia
3044 4232 3260 4276 secutus
3281 4220 3501 4278 Petrum
3527 4228 3587 4279 ut
3608 4224 3921 4293 discipulus.

2356 4310 2407 4364 Is
2442 4310 2649 4363 initium
2674 4309 2915 4384 aspiritu
2949 4309 3245 4378 prophetali
3276 4309 3404 4364 fecit
3428 4311 3649 4365 dicens:
3680 4310 3795 4365 Vox
3818 4311 3925 4364 cla-

2359 4398 2548 4450 mantis
2580 4397 2633 4449 in
2659 4396 2858 4449 deserto
2887 4410 2902 4446 :
2932 4396 3126 4450 Parate
3147 4398 3282 4452 vium
3308 4398 3531 4453 Domino
3555 4398 3748 4470 (Marc.
3779 4416 3817 4463 ι,
3844 4401 3921 4469 fi),

702 4505 758 4550 et
787 4502 955 4555 morte
985 4492 1244 4562 eripuisse
1284 4488 1559 4551 scribitur,
1602 4496 1760 4553 atque
1796 4484 2075 4539 interfecto
2108 4485 2261 4538 hoste
2292 4511 2339 4570 υ
2363 4494 2421 4537 ιιι
2461 4484 2766 4538 ostenderet
2798 4483 3069 4539 Christum
3113 4495 3234 4554 post
3282 4487 3699 4557 assumptionem
3747 4487 3925 4542 carnis

705 4586 891 4645 Aman,
925 4584 1014 4653 qui
1050 4582 1431 4649 interpretatur
1463 4575 1735 4644 iniquitas,
1763 4574 1865 4629 diei
1892 4574 2175 4629 celebritas
2209 4574 2262 4627 in

707 4681 947 4743 posteros
977 4670 1223 4725 mittitur.

780 4761 939 4833 Inter.
980 4758 1122 4811 Libri
1160 4756 1445 4826 Sapientia:
1502 4763 1555 4809 et
1601 4754 1995 4817 Ecclesiastici,
2046 4754 2260 4820 Iudith,

710 4852 907 4913 Tobice,
943 4858 1099 4917 atque
1129 4846 1535 4900 Ilachabeorum
1572 4846 1859 4915 scriptores
1906 4846 1996 4913 qui
2046 4860 2165 4900 esse
2190 4846 2264 4899 di-

711 4930 939 4993 cuntur?
978 4938 1125 5006 Resp.
1172 4936 1329 4989 Liber
1368 4936 1654 5003 Sapientia:
1682 4936 1819 5006 apud
1853 4936 2085 4989 llebreos
2135 4952 2263 4991 nus-

714 5045 870 5098 quam
896 5038 1008 5093 est;
1045 5028 1181 5080 unde
1214 5033 1266 5078 et
1304 5026 1412 5093 ipse
1450 5025 1630 5079 titulus
1674 5026 1913 5079 Gnecam
1957 5026 2125 5095 magis
2160 5026 2269 5079 elo-

715 5118 984 5185 quentiam
1007 5117 1225 5170 redolet.
1257 5113 1407 5167 lluuc
1433 5111 1581 5167 Indei
1603 5114 1801 5167 Filonis
1830 5131 1948 5169 esse
1973 5115 2265 5169 allirmant:

716 5207 805 5274 qui
840 5204 1058 5274 proinde
1089 5204 1357 5273 Sapientia
1388 5204 1710 5263 nominatur,
1735 5203 1855 5270 quia
1890 5204 1940 5255 in
1982 5219 2046 5257 eo
2071 5204 2269 5258 Christi

720 5299 1007 5360 adventus,
1039 5295 1128 5364 qui
1164 5305 1246 5348 est
1289 5296 1546 5365 sapientia
1591 5293 1767 5346 Patris
1792 5332 1806 5355 ,
1850 5303 1901 5345 et
1938 5296 2114 5361 passio
2155 5294 2271 5363 ejus

720 5387 990 5439 evidenter
1017 5384 1348 5454 exprimitur.
1374 5384 1587 5437 Librum
1630 5393 1807 5437 autem
1845 5382 2274 5437 Ecclesiasticum

724 5478 1020 5531 certissime
1068 5475 1221 5530 Iesus
1266 5474 1405 5527 ﬁlius
1461 5474 1646 5529 Sirach
1702 5473 2059 5529 Ierusolimita
2110 5490 2275 5543 ncpus

797 5618 818 5645 ε
857 5603 1076 5725 Propterl
1091 5604 1275 5726 εξῃέὶὶ
1298 5602 1705 5656 similiudiucm.
1728 5602 1926 5657 Confer
1950 5618 2133 5657 versus
2158 5619 2275 5670 pue-

798 5686 882 5725 ttts
919 5678 967 5726 ti.
996 5690 1058 5726 cu
1084 5715 1094 5726 .
1160 5694 1192 5726 ί)
1234 5714 1245 5725 .

730 5686 882 5725 matis
919 5678 967 5733 ti,
996 5678 1094 5727 col.
1126 5678 1245 5728 754.

883 5763 966 5808 llis
989 5769 1081 5809 duo
1102 5766 1363 5824 junguntur
1392 5780 1475 5828 per
1502 5768 1660 5824 parad
1684 5779 1785 5826 qua
1809 5766 1915 5812 llbl'l

2368 4576 2711 4643 Evangelium
2748 4576 3063 4646 praedicasse
3109 4579 3326 4631 mundo.
3353 4578 3471 4647 Ipse
3510 4577 3655 4633 enim
3683 4576 3925 4632 Christus

2366 4677 2417 4722 et
2444 4668 2699 4738 propheta
2727 4666 2901 4720 dictus
2944 4674 3061 4730 est,
3104 4666 3244 4721 sicut
3289 4668 3545 4738 scriptum
3566 4675 3686 4723 est:
3721 4667 3786 4722 Et
3807 4684 3925 4738 pro-

2365 4758 2570 4826 phetam
2598 4756 2650 4807 in
2684 4756 2915 4825 gentibus
2943 4756 3090 4825 posui
3118 4765 3165 4809 te
3197 4755 3330 4824 (Ier.
3355 4773 3396 4823 ι,
3420 4758 3496 4829 5).
3523 4758 3736 4812 Tertius
3757 4757 3925 4811 Lucas

2368 4849 2509 4901 inter
2528 4860 2712 4900 omnes
2741 4846 3093 4916 evangelistas
3125 4847 3327 4903 Graecis
3363 4849 3704 4904 sermonibus
3742 4847 3921 4921 [Isid.,

2370 4936 2538 4991 Graeci
2565 4936 2850 5008 sermonis]
2883 4938 3279 4993 eruditissimus
3302 4978 3315 5001 ,
3345 4939 3541 5006 quippe
3564 4946 3625 4991 ut
3653 4937 3887 4993 medicus
3908 4976 3921 4998 .

2370 5028 2422 5081 in
2452 5026 2650 5081 Grrecia
2679 5027 3025 5097 Evangelium
3074 5028 3299 5096 scripsit’
3320 5026 3613 5095 Tbeophilo
3649 5027 3922 5097 episcopo,

2370 5117 2587 5171 initians
2616 5132 2644 5169 a
2672 5117 2987 5171 sacerdotali
3023 5117 3214 5185 spiritu
3263 5117 3482 5170 dicens:
3512 5115 3634 5170 Fuit
3666 5116 3927 5170 indiebns

2374 5205 2595 5259 Herodis
2623 5209 2752 5275 regis
2776 5205 2932 5260 Inde
2962 5207 3203 5259 sacerdos
3242 5207 3455 5277 quidam
3492 5208 3695 5260 nomine
3728 5194 3926 5258 lacha-

2374 5297 2477 5349 rias
2508 5295 2655 5365 (Luc.
2688 5312 2725 5358 ι,
2756 5296 2832 5365 5).
2863 5295 2931 5349 Ut
2962 5294 3327 5349 manifestaret
3346 5294 3618 5349 Christum
3639 5301 3760 5362 post
3787 5295 3928 5350 nati-

2376 5391 2592 5443 vitatcm
2624 5391 2804 5441 carnis
2835 5398 2887 5442 et
2916 5389 3346 5457 pnedicationcm
3390 5388 3662 5455 Evangelii
3700 5389 3927 5443 hostiam

2378 5481 2540 5534 fuisse
2568 5479 2811 5533 ellcctnm
2851 5494 2947 5547 pro
2975 5480 3142 5533 salute
3171 5480 3350 5533 mundi
3375 5493 3388 5531 :
3415 5479 3529 5547 ipse
3560 5488 3643 5532 cst
3669 5479 3812 5531 enim
3843 5492 3927 5531 sa-

2590 5613 2799 5667 Quorum
2825 5612 2998 5669 quippe
3026 5614 3152 5671 prior
3178 5607 3421 5671 Sapientia
3442 5610 3621 5659 dicitur
3647 5608 3769 5657 sima
3859 5596 3879 5617 ⁴

2655 5671 2887 5717 notantur
2910 5673 3029 5720 Jesu
3055 5676 3242 5722 nomine
3279 5673 3538 5730 posterior.

2455 5750 2480 5785 ιι
2507 5750 2755 5809 Isidorus.
2785 5750 2883 5801 loc.
2910 5752 2999 5803 cit.
