4254 6236
333 392 469 449 “29

1252 388 1405 446 OPP.
1442 386 1668 444 DUBIA.
1711 415 1779 424 --
1819 373 2231 436 DlSPUTATlO
2271 370 2675 431 PUERORUM.

3454 362 3584 416 “50

326 506 537 569 cerdos,
569 502 635 557 de
663 513 772 569 quo
796 499 999 554 dictum
1023 509 1107 554 est
1148 501 1200 555 in
1243 501 1472 555 Psalmis
1502 518 1513 551 :
1551 499 1628 553 Tu
1654 516 1707 552 es
1730 512 1905 551 sarer-
1932 496 1979 555 Α
2008 490 2309 545 Barnabam
2335 489 2647 558 Sf't'iPSiSSC:
2674 484 2760 538 alii
2789 498 2817 536 τι
2839 481 3115 538 (Ἂοηιοηῑθ
3138 482 3395 551 s“illum
3424 482 3512 560 ὑμῖν
3530 499 3586 536 Se

326 598 420 651 dos
439 597 495 649 in
517 604 764 649 a‘ternum
779 592 1062 646 secundum
1076 593 1310 646 ordinem
1333 589 1706 645 Melchisedech
1725 586 1897 658 (l’sal.

326 682 439 752 csx',
463 685 538 757 4).
572 685 672 742 Ubi
701 684 846 739 enim
873 682 1124 737 Christus
1151 682 1396 747 advenit,
1425 679 1790 735 sacerdotium
1811 676 1904 730 Ju-

329 779 565 833 daeorum
585 772 875 837 obmutuit,
900 771 985 826 lex
1007 779 1063 826 et
1081 768 1637 841 prophetia-cessavit.
1668 768 1905 836 Quartus

327 864 563 927 Joannes
601 862 820 934 scripsit
852 860 1200 931 Evangelium
1228 861 1450 915 ultimus
1502 858 1555 912 in
1584 858 1736 921 Asia,
1778 856 1909 912 inci-

327 957 482 1027 piens
511 970 543 1009 a
568 953 747 1009 Verbo
766 991 781 1016 ,
812 960 873 1006 ut
910 950 1222 1005 ostenderet
1250 951 1500 1004 eumdem
1530 948 1869 1003 Salvatorem
1889 989 1903 1012 ,

329 1047 422 1117 qui
448 1060 547 1116 pro
572 1044 726 1099 nobis
752 1043 1003 1113 dignatus
1031 1050 1116 1095 est
1140 1041 1289 1096 nasci
1312 1049 1367 1094 et
1398 1039 1509 1109 pati
1537 1058 1549 1091 :
1578 1039 1752 1108 ipsum
1784 1047 1908 1092 ante

330 1137 527 1194 mula
568 1136 664 1191 Dei
704 1133 941 1205 Yerhum
986 1147 1147 1189 esse:
1180 1134 1356 1204 ipsum
1396 1131 1533 1187 coelo
1584 1133 1824 1197 venisse,
1855 1139 1909 1184 et

329 1234 452 1298 post
472 1233 699 1281 mortem
724 1225 790 1280 ad
812 1223 1011 1278 cmlum
1037 1224 1235 1278 iterum
1261 1238 1551 1279 remeasse.

403 1314 568 1369 Inter.
600 1314 752 1369 Nunc
780 1313 899 1369 volo
926 1322 985 1367 ut
1008 1314 1140 1367 mihi
1169 1328 1429 1382 exponas,
1458 1329 1629 1382 quare
1676 1321 1911 1383 quatuor

331 1406 443 1459 sint
484 1407 575 1474 qui
619 1406 736 1460 haec
785 1417 933 1476 gesta
974 1405 1449 1474 conscripserunt?
1478 1421 1570 1459 seu
1602 1406 1788 1471 etiam,
1816 1407 1910 1474 qui

332 1496 441 1551 sint
465 1497 520 1551 bi
542 1504 792 1566 quatuor,
823 1496 915 1566 qui
943 1495 1125 1550 divino
1148 1493 1370 1562 Spiritu,
1400 1495 1754 1549 annuntiante
1780 1494 1913 1549 Pro-

332 1589 513 1659 pheta,
543 1588 736 1658 signati
786 1588 943 1641 sunt?
988 1585 1141 1656 Resp.
1188 1585 1312 1651 Ideo
1356 1600 1486 1657 ergo
1514 1585 1913 1655 conscriptores

333 1680 626 1751 gesta3(sic)
642 1679 1055 1750 Evangeliorum
1075 1684 1309 1747 quatuor
1330 1691 1451 1731 esse
1476 1676 1747 1741 dicuntur,
1762 1676 1910 1746 quia,

333 1770 545 1825 dicente
555 1770 819 1838 Propheta
828 1809 841 1831 ,
858 1776 1091 1837 quatuor
1105 1766 1359 1821 animalia
1371 1774 1589 1822 ostensa
1604 1782 1723 1822 esse
1736 1767 1915 1839 legun-

2006 584 2366 653 suspicantur.

2078 654 2242 729 Inter.
2271 673 2414 728 Petri
2438 672 2580 743 quis,
2608 680 2701 724 aut
2730 678 2883 737 quot,
2909 667 2991 723 vei
3019 669 3288 737 quomodo
3310 667 3591 722 nominan-

2007 768 2131 819 tur?
2163 763 2317 834 Resp.
2358 762 2551 819 Petrus
2585 760 2801 829 scripsit
2836 759 2970 813 duas
3005 758 3241 813 nominis
3271 759 3353 813 sui
3380 758 3591 827 Episto—

2007 856 2105 920 las,
2141 871 2262 925 quae
2304 853 2588 910 catholica:
2622 853 2741 907 ideo
2773 852 3137 915 nominantur,
3170 852 3294 921 quia
3343 867 3449 905 non
3498 852 3589 905 uni

2010 954 2220 999 tantum
2270 945 2466 1015 populo
2518 945 2599 999 vel
2650 945 2877 1011 civitati,
2915 945 3008 1000 sed
3047 945 3313 1015 universis
3343 946 3589 1016 gentibus

2010 1036 2335 1106 generaliter
2358 1036 2574 1105 scripta:
2612 1046 2754 1090 sunt.
2920 1086 2923 1093 ,
3360 1102 3361 1105 η

2082 1125 2247 1180 Inter.
2276 1125 2491 1191 Jacobi,
2519 1126 2746 1183 Joannis
2773 1137 2827 1183 et
2850 1127 2999 1184 Juda:
3034 1130 3192 1199 quis?
3226 1130 3376 1200 Resp.
3406 1130 3588 1195 Jacoh,

2011 1215 2247 1270 Joannes
2275 1226 2331 1271 ct
2354 1214 2521 1271 Judas
2544 1234 2669 1271 suas
2691 1218 3027 1288 scripserunt
3058 1220 3342 1289 Epistolas.

2084 1305 2248 1360 Inter.
2281 1306 2512 1362 Actuum
2539 1309 2903 1378 apostolorum
2934 1310 3168 1380 scriptor
3200 1311 3321 1380 quis
3350 1313 3593 1367 exstitit?

2018 1398 2171 1467 Resp.
2213 1399 2381 1453 Actus
2407 1399 2770 1467 apostolorum
2803 1400 3095 1468 primordia
3129 1401 3251 1456 ﬁdei
3278 1401 3595 1457 Christiana:

2014 1491 2068 1543 in
2101 1490 2367 1559 gentibus,
2401 1499 2454 1544 et
2479 1492 2751 1546 nascentis
2775 1491 3031 1548 Ecclesia:
3064 1482 3343 1549 historiam
3378 1496 3591 1567 digerit.

2014 1581 2243 1635 Actuum
2276 1582 2644 1651 apostolorum
2677 1584 2995 1651 scriptorem
3045 1584 3246 1640 Lucam
3285 1601 3403 1641 esse
3431 1604 3595 1649 evan-

2016 1672 2262 1742 gelistam
2316 1672 2664 1729 manifestum
2715 1684 2819 1740 est,
2861 1676 2914 1730 in
2962 1690 3069 1747 quo
3122 1694 3285 1748 opere
3325 1680 3597 1737 nascentis

2018 1762 2270 1818 Ecclesiae
2312 1763 2541 1818 infantia
2590 1765 2809 1831 texitur,
2854 1774 2909 1820 et
2955 1768 3317 1838 apostolorum
3374 1771 3595 1824 historia

335 1871 440 1927 tur,
477 1876 703 1931 quorum
747 1860 982 1933 primum
1030 1858 1230 1915 animal
1275 1868 1463 1917 tenens
1502 1858 1909 1915 similitudinem
1944 1859 1986 1917 B
2017 1855 2296 1910 retinetur.
2330 1854 2480 1910 Unde
2504 1864 2558 1909 et
2580 1857 2741 1910 Actus
2770 1857 3121 1926 apostolorum
3150 1859 3363 1914 dicitur.

334 1953 585 2017 hominis,
622 1954 919 2008 secundum
962 1950 1156 2019 leonis,
1190 1951 1412 2007 tertium
1454 1950 1632 2017 vituli,
1659 1958 1911 2021 quartum

334 2057 465 2096 vero
488 2041 697 2111 aquilae.
748 2040 855 2096 Sed
889 2040 947 2096 hi
990 2049 1225 2111 quatuor
1251 2041 1353 2097 has
1400 2038 1665 2098 habentes
1712 2041 1914 2113 ﬁguras

335 2134 692 2204 evangelistas
714 2149 836 2189 esse
864 2148 972 2188 non
1000 2133 1223 2189 dubium
1246 2142 1353 2189 est.
1718 2169 1723 2175 ς
1757 2121 1765 2128 ’

408 2222 573 2277 Inter.
611 2223 703 2277 lsti
736 2222 1083 2293 evangelista:
1118 2239 1288 2294 quare
1315 2224 1916 2295 quatuor‘animalibus

337 2311 620 2367 assimilati
642 2310 802 2366 sunt?
828 2311 982 2382 Resp.
1017 2312 1154 2379 Quia
1189 2328 1287 2385 per
1311 2323 1545 2385 quatuor
1569 2313 1753 2369 mundi
1789 2331 1916 2385 par-

337 2413 419 2477 tes
466 2405 597 2460 ﬁdes
632 2403 953 2465 Christiana:
982 2404 1262 2475 religionis
1298 2422 1487 2463 eorum
1527 2406 1916 2478 pradicatione

337 2496 685 2551 disseminata
718 2506 822 2551 est.

409 2575 571 2640 Inte'r.
608 2584 788 2652 Quare
815 2585 1070 2642 dicuntur
1102 2588 1393 2644 animalia?
1436 2588 1589 2662 Resp.
1625 2590 1762 2659 Quia
1784 2608 1915 2663 pro—

336 2683 458 2744 pter
490 2676 724 2729 animam
756 2677 991 2732 hominis
1020 2679 1345 2748 praedicatur
1369 2679 1721 2751 Evangelium
1759 2682 1916 2738 Chri-

337 2766 427 2820 sti.
458 2765 588 2819 Nam
613 2775 667 2821 et
686 2767 857 2822 oculis
876 2767 1033 2836 plena
1054 2776 1209 2823 erant
1231 2770 1376 2825 intus
1401 2779 1456 2825 et
1484 2771 1637 2835 foris,
1658 2772 1917 2841 quoniam

339 2855 633 2925 praesident
657 2858 974 2928 Evangelia,
998 2874 1118 2927 qua:
1150 2859 1292 2915 dicta
1324 2868 1449 2916 sunt
1477 2876 1508 2914 a
1540 2862 1841 2931 prophetis,
1864 2872 1919 2916 et

339 2960 459 3015 quae
488 2946 810 3014 promiserat
835 2948 887 3001 in
916 2948 1106 3019 priori.
1134 2948 1303 3004 Crura
1329 2958 1511 3005 autem
1534 2965 1726 3005 eorum
1748 2957 1912 3015 recta,

341 3038 465 3107 quia
497 3037 627 3091 nihil
672 3053 893 3108 pravum
928 3041 981 3093 in
1024 3040 1330 3113 Evangeliis
1366 3044 1665 3113 reperitur;
1705 3051 1761 3101 et
1806 3043 1921 3099 alas

343 3127 599 3181 habentes
628 3141 788 3183 senas
824 3116 1066 3200 tegentes
1103 3148 1261 3188 crura
1289 3143 1346 3188 et
1375 3134 1540 3189 facies
1570 3152 1697 3191 suas
1721 3154 1733 3189 :
1762 3152 1919 3191 reve—

301 3245 308 3252 -
343 3217 446 3270 lata
478 3225 602 3271 sunt
624 3218 767 3273 enim
794 3226 911 3287 qua:
937 3222 1259 3291 tegebantur
1286 3224 1339 3276 in
1366 3224 1594 3279 adventu
1622 3224 1844 3279 Christi.

413 3306 575 3361 Inter.
625 3306 721 3362 Die
768 3308 898 3362 mihi
946 3324 1044 3363 cur
1099 3311 1427 3378 evangelista
1471 3312 1526 3365 in
1574 3314 1921 3381 generatione

342 3390 539 3455 Christi
580 3401 823 3455 ordinem
864 3410 1267 3471 praeposterum.
1288 3404 1557 3473 posuisset
1582 3444 1595 3468 ,
1626 3419 1748 3458 cum
1795 3414 1921 3459 ante

344 3489 532 3555 David,
557 3498 611 3544 et
634 3501 815 3561 postea
837 3492 1138 3546 nominavit
1160 3480 1463 3563 Ablaham?
1494 3493 1646 3563 Resp.
1667 3493 1767 3549 llic
1788 3494 1923 3548 ordo

314 3581 399 3635 .in
424 3583 528 3637 hoc
558 3583 677 3637 loco
702 3584 1025 3637 necessitate
1049 3592 1130 3637 est
1158 3592 1553 3648 commutatus;
1587 3587 1842 3654 quoniam
1877 3586 1922 3639 si

342 3672 574 3740 primum
608 3672 876 3742 posuisset
900 3662 1194 3737 Abraham’,
1221 3682 1274 3727 et
1301 3681 1488 3742 postea
1521 3674 1711 3739 David,
1739 3691 1925 3730 rursus

343 3763 392 3815 ei
424 3761 746 3830 repetendus
770 3771 887 3813 erat
914 3760 1187 3816 Abraham
1210 3802 1226 3825 ,
1268 3771 1327 3816 ut
1354 3764 1524 3818 series
1556 3766 1924 3834 generationis

344 3848 545 3905 Christi
578 3856 873 3903 texeretur.
1070 3847 1093 3927 ἠ

416 3940 578 3994 Inter.
614 3939 792 4007 Quare
837 3942 1050 3995 caeteris
1081 3928 1460 4010 prmterniissis
1510 3926 1703 3999 horum
1755 3944 1923 3998 ﬁlium

347 4045 470 4084 eum
525 4030 883 4100 nuncupavit?
928 4030 1079 4102 Resp.
1132 4033 1256 4088 Ideo
1300 4035 1448 4106 illum
1495 4036 1721 4090 istorum
1754 4036 1925 4091 ﬁlium

348 4134 469 4174 esse
504 4118 658 4183 dixit,
683 4120 810 4187 quia
847 4120 914 4174 ad
942 4121 1041 4175 hos
1076 4130 1281 4176 tantum
1313 4123 1449 4177 facta
1482 4139 1603 4179 esse
1630 4126 1923 4193 repromis-

348 4210 430 4263 sio
459 4208 671 4279 legitur.
706 4207 871 4262 Inter.
924 4208 1166 4274 Qualiter
1206 4212 1494 4296 promissio
1540 4212 1683 4266 facta
1736 4224 1819 4267 est
1858 4217 1925 4268 ad

346 4297 648 4379 Abraham,
679 4304 735 4351 et
768 4297 1003 4367 qualiter
1037 4297 1103 4351 ad
1153 4299 1353 4353 David?
1384 4299 1538 4369 Resp.
1578 4301 1805 4357 Ahrahm
1839 4302 1926 4356 di-

347 4399 492 4443 ctum
532 4397 616 4443 est
643 4406 655 4441 :
684 4387 751 4443 In
780 4391 973 4444 semine
998 4397 1089 4443 tuo
1122 4390 1485 4465 benedicentur
1531 4406 1707 4472 omnes
1751 4400 1924 4461 gentes

350 4480 502 4551 (Cen.
555 4493 702 4544 nu,
752 4479 838 4551 18)
893 4489 1080 4545 εει-τω,
1112 4481 1256 4549 quod
1292 4488 1377 4535 est
1425 4479 1691 4535 Christus.
1758 4480 1924 4535 David

2087 1945 2255 1999 Inter.
2290 1946 2653 2017 Apocalypsin
2681 1948 2824 2016 quis,
2851 1956 2945 2002 aut
2965 1963 3071 2017 quo
3091 1956 3355 2017 tempore.
3378 1950 3458 2005 vel
3481 1952 3598 2006 ubi?

2019 2036 2173 2107 Resp.
2206 2038 2563 2108 Apocalypsin
2600 2038 2797 2094 librum
2842 2038 3076 2096 Joannes
3103 2043 3431 2113 evangelista
3461 2046 3596 2099 seri-

2017 2126 2125 2195 psit
2154 2141 2221 2181 eo
2254 2134 2516 2196 tempore,
2548 2142 2658 2196 quo
2692 2128 2761 2182 ob
2785 2127 3057 2199 Evangelii
3086 2132 3520 2199 praedicationem
3546 2134 3598 2187 in

2019 2214 2193 2269 insula
2252 2215 2509 2270 Pathmos
2563 2217 2792 2270 traditur
2845 2217 3105 2288 religatus
3165 2217 3345 2290 [Leg.,
3391 2221 3600 2289 relega-

2019 2303 2156 2375 tus].
2187 2302 2352 2358 Inter.
2381 2304 2733 2376 Apocalypsis
2766 2322 2873 2376 qua
2910 2306 3091 2379 lingua
3122 2309 3338 2375 dicitur,
3370 2311 3454 2365 vel
3474 2312 3601 2381 Quid

2018 2398 2438 2466 interpretatur?
2473 2396 2624 2468 Resp.
2672 2398 3025 2471 Apocalypsis
3068 2410 3248 2456 autem
3286 2419 3355 2458 ex
3393 2400 3597 2466 Caeco,

2020 2486 2073 2539 in
2105 2485 2355 2540 Latinum
2398 2486 2655 2542 revelatio
2688 2488 3094 2559 interpretatur.
3127 2491 3293 2546 Inter.
3329 2492 3604 2549 Revelatio

2020 2578 2148 2647 quid
2170 2580 2284 2633 est?
2306 2578 2457 2649 Resp.
2484 2578 2762 2635 Revelatio
2784 2590 2867 2637 est
2888 2582 3251 2639 manifestalio
3273 2571 3457 2640 eorum
3485 2603 3604 2656 qua:

2021 2670 2334 2725 abscondita
2376 2680 2561 2735 erant,
2596 2672 2751 2741 juxta
2793 2674 2937 2741 quod
2987 2675 3102 2743 ipse
3148 2674 3382 2730 Joannes
3436 2677 3597 2731 dicit:

2020 2756 2361 2828 Apocalypsis
2385 2760 2512 2813 Jesu
2546 2760 2763 2824 Christi,
2786 2778 2936 2831 quem
2974 2762 3117 2824 dedit
3144 2764 3222 2816 illi
3259 2765 3400 2819 Deus
3425 2766 3603 2836 palam

2022 2848 2193 2915 facere
2234 2849 2395 2902 servis
2425 2851 2535 2903 suis
2568 2849 2750 2921 (Apoc.
2788 2867 2823 2917 ι,
2862 2851 2932 2923 l).
2974 2851 3037 2905 Hi
3065 2862 3119 2906 et
3156 2855 3359 2919 caeteri,
3388 2871 3522 2924 quos
3550 2858 3602 2910 iu

2024 2940 2201 2995 Veteri
2239 2940 2589 2995 Testamento
2623 2942 2782 3010 paulo
2829 2945 3077 3013 superius
3120 2946 3601 3013 dinumcravintus,

2022 3042 2149 3089 sunt
2194 3033 2487 3102 scriptores
2540 3048 2823 3090 sacrorum
2874 3035 3155 3092 Librorum
3199 3055 3295 3109 per
3348 3041 3603 3111 Spiritum

2023 3131 2269 3179 sanctum
2300 3122 2582 3191 loquentes
2610 3123 2679 3177 ad
2705 3124 3065 3181 eruditionem
3100 3139 3361 3193 nostram,
3399 3140 3451 3185 et
3473 3116 3606 3199 prse-

1949 3203 1994 3263 C
2024 3223 2178 3280 cepta
2210 3212 2444 3275 vivendi,
2470 3219 2525 3265 et
2566 3211 2818 3282 credendi
2862 3216 3101 3283 regulam
3151 3221 3601 3287 conscripserunt.

2024 3302 2225 3356 Praeter
2253 3303 2367 3355 lucc
2400 3301 2501 3354 alia
2536 3302 2807 3358 volumina
2838 3307 3074 3376 apocrifa
3103 3320 3495 3380 nuncupantur.

2094 3391 2259 3445 Inter.
2316 3392 2494 3457 Quare
2543 3392 2795 3447 dicuntur
2839 3396 3112 3463 apocrifa?
3162 3397 3316 3469 Resp.
3356 3402 3607 3471 Λυδίη-ΠΛ

2025 3493 2203 3538 autent
2230 3484 2390 3548 dicta,
2420 3484 2472 3537 id
2494 3493 2600 3548 est,
2627 3494 2858 3550 secreta,
2883 3488 3008 3557 quia
3032 3490 3085 3543 in
3109 3491 3331 3546 dubiutn
3354 3496 3603 3557 veniunt;

2024 3585 2109 3631 est
2135 3578 2280 3631 enim
2315 3592 2503 3631 earum
2528 3577 2740 3632 occulta
2767 3580 2941 3650 origo,
2971 3597 3070 3637 nec
3097 3592 3245 3652 patet
3276 3586 3543 3651 Patribus,
3578 3607 3607 3642 e
3640 3584 3643 3587 ⁷

2025 3668 2221 3736 quibus
2253 3682 2425 3737 usque
2450 3667 2518 3721 ad
2552 3682 2653 3721 nos
2677 3672 2970 3725 auctoritas
2996 3676 3268 3727 veracium
3297 3668 3607 3745 Scriptura-

2027 3772 2145 3809 rum
2197 3756 2501 3810 certissima
2548 3763 2602 3810 et
2644 3758 2926 3812 notissima
2973 3762 3314 3818 successione
3344 3770 3606 3834 pervenit.

2024 3846 2082 3901 ln
2113 3847 2197 3901 his
2225 3846 2499 3915 apocritis,
2528 3848 2629 3902 etsi
2667 3847 2938 3903 invenitur
2970 3851 3151 3920 aliqua
3180 3855 3399 3921 veritas,
3430 3868 3606 3913 tamen

2026 3946 2246 4007 propter
2272 3937 2442 3991 multa
2477 3935 2636 4002 falsa,
2664 3937 2806 3993 nulla
2842 3948 2925 3994 est
2954 3941 3007 3994 in
3039 3943 3118 3996 eis
3142 3946 3400 4001 canonica
3427 3961 3610 4005 auctu-

2028 4030 2181 4093 ritas,
2218 4044 2337 4099 quae
2370 4038 2516 4086 recte
2544 4046 2573 4085 a
2600 4033 2956 4101 prudentibus
2978 4034 3313 4105 judicantur,
3347 4056 3449 4095 non
3493 4059 3611 4098 esse

2028 4134 2217 4175 eorum
2261 4120 2559 4187 credenda,
2591 4124 2789 4191 quibus
2837 4123 3180 4182 ascrihu'ntur
3226 4128 3402 4199 (Cod.,
3435 4135 3606 4187 ascri-

2028 4208 2214 4270 bunt).
2232 4208 2366 4262 Nam
2396 4211 2560 4264 multa
2589 4219 2642 4263 et
2671 4213 2770 4265 sub
2795 4214 3102 4269 nominibus
3129 4216 3533 4287 prophetarum,
3556 4234 3610 4277 et

2029 4292 2329 4345 recentiora
2359 4293 2459 4345 sub
2489 4294 2794 4350 nominibus
2840 4299 3208 4366 apostolorum
3242 4305 3311 4358 ab
3345 4306 3612 4365 haereticis

2029 4379 2392 4452 proferuntur,
2442 4398 2562 4452 qua:
2614 4386 2795 4439 omnia
2844 4388 2944 4442 sub
2991 4392 3207 4447 nomine
3248 4397 3609 4463 apocriforum

2031 4472 2349 4529 auctoritate
2395 4474 2651 4528 canonica
2701 4476 2941 4547 diligenti
2973 4481 3371 4545 examinatione
3404 4502 3611 4545 remota

350 4586 478 4625 vero
506 4588 517 4622 :
545 4572 622 4625 De
650 4571 825 4639 fructu
860 4574 1052 4625 ventris
1078 4572 1154 4624 tui
1185 4588 1377 4642 ponam
1402 4588 1558 4641 super
1586 4571 1758 4625 sedem
1780 4558 1925 4623 tuam
1961 4539 2007 4598 υ
2032 4571 2176 4617 Sllnl-

348 4659 521 4730 ‘(PsaL
552 4674 738 4724 exul,
764 4660 872 4729 Η).

422 4751 584 4805 Inter.
635 4750 834 4805 Ordine
874 4752 1047 4820 primo
1078 4751 1211 4805 Novi
1242 4753 1573 4807 Testamenti
1604 4753 1753 4807 ﬁnito
1773 4794 1788 4816 ,
1817 4752 1923 4816 die.

353 4841 575 4898 secundi
606 4840 833 4903 ordinis,
864 4841 954 4908 qui
988 4840 1252 4908 sequitur,
1285 4848 1534 4895 auctores
1556 4842 1649 4911 qui
1676 4841 1923 4897 fuissent.

351 4934 505 5004 Resp.
543 4933 708 4989 Prout
735 4932 992 5005 intelligo,
1024 4932 1218 4988 dicam.
1246 4922 1409 4986 Inter.
1436 4933 1533 4989 Dic
1558 4949 1687 5005 ergo
1708 4936 1925 5006 Episto-

354 5022 435 5078 las
466 5023 617 5077 Pauli
640 5024 763 5093 quis
790 5024 1035 5094 scripsit;
1072 5034 1127 5078 et
1159 5030 1291 5093 quot
1323 5032 1476 5090 sunt,
1506 5023 1590 5079 vel
1614 5025 1704 5079 ubi
1735 5035 1791 5080 et
1836 5026 1927 5082 ubi

355 5114 606 5186 leguntur
657 5114 907 5187 scriptae"?
958 5113 1115 5185 Resp.
1168 5128 1192 5155 ι
1232 5112 1428 5170 Paulus
1478 5115 1753 5185 apostolus
1804 5131 1931 5171 suas

356 5201 573 5272 scripsit
591 5199 859 5271 Epistolas
886 5215 997 5255 xxv.
1031 5201 1110 5256 Ex
1136 5203 1332 5273 quibus
1356 5218 1545 5259 novem
1571 5219 1646 5257 vn
1675 5191 1932 5259 Eeclesiis

358 5294 604 5367 scripsit;
649 5292 886 5362 reliquas
940 5306 1071 5347 vero
1116 5294 1395 5365 discipulis
1439 5296 1583 5359 suis,
1616 5294 1930 5360 Timotheo,

359 5386 482 5441 Tito
516 5392 571 5440 et
594 5382 843 5439 Filimoni
868 5380 1040 5455 [Leg.,
1064 5376 1407 5460 Philemoni].
1441 5389 1523 5442 Ad
1552 5385 1807 5442 llebrzeos
1828 5402 1927 5440 au-

362 5483 471 5529 tem
514 5472 749 5543 Epistola
776 5472 1049 5543 plerisque
1085 5487 1117 5527 e
1146 5473 1351 5531 Latinis
1394 5476 1512 5547 ejus
1554 5492 1675 5532 esse
1724 5477 1929 5565 incerta

362 5575 465 5628 est,
493 5569 709 5634 propter
742 5564 1129 5619 dissonantiam
1154 5569 1436 5633 sermonis,
1468 5570 1820 5638 eamdemque
1841 5570 1930 5624 alii

441 5749 463 5776 ι·
501 5738 752 5803 lsidorus,
781 5738 879 5791 loc.
907 5741 1000 5793 cit.
1036 5743 1039 5746 ‘

802 5826 1072 5888 ΡΑτιιοι.
1114 5826 1214 5889 Cl.

2103 4662 2269 4735 434
2311 4663 2475 4718 Inter.
2510 4666 2649 4721 Ecce
2679 4670 2948 4737 protulisti
2981 4674 3213 4741 quadam
3242 4694 3305 4733 ex
3343 4690 3499 4749 parte
3525 4682 3610 4737 in-

2037 4756 2449 4824 terpretationes
2493 4754 2670 4826 [Cod.,
2720 4760 3202 4837 intemptationes],
3246 4778 3301 4823 et
3334 4754 3608 4839 numeros,

2034 4843 2359 4913 ordinesque
2416 4854 2577 4912 atque
2621 4846 2936 4915 scriptores,
2993 4866 3202 4907 necnon
3254 4865 3309 4910 et
3352 4838 3611 4918 vocabula

2036 4937 2290 4991 librorum
2316 4936 2446 4990 Novi
2480 4934 2837 5003 Testamenti;
2872 4956 3016 4996 nunc
3042 4952 3166 5012 peto
3190 4954 3248 5000 ut
3273 4949 3529 5021 quidquid
3556 4955 3610 5009 in

2031 5028 2111 5081 eis
2137 5030 2503 5091 contineatur,
2531 5043 2628 5095 per
2666 5028 2875 5098 singula
2921 5047 3145 5089 currens
3184 5036 3333 5094 brevi
3364 5057 3611 5101 sermone

2033 5116 2163 5171 mihi
2194 5130 2448 5186 exponas.
2482 5114 2636 5186 Resp.
2673 5115 3023 5190 Nequaquam
3057 5124 3125 5179 ab
3147 5125 3252 5192 his,
3278 5131 3486 5189 volente
3508 5135 3612 5191 Do-

2032 5211 2196 5273 mino,
2229 5208 2458 5261 lassaho.
2504 5206 2669 5262 Inter.
2700 5209 2795 5266 Die
2823 5228 2953 5284 ergo
2996 5216 3151 5283 mihi,
3201 5222 3329 5289 quid
3374 5225 3427 5279 in
3461 5226 3611 5284 libris

2031 5297 2167 5353 Novi
2223 5297 2553 5386 Testamenti
2613 5299 2983 5372 principaliter
3034 5292 3408 5366 contineatur?
3457 5313 3606 5386 Resp.

2034 5386 2199 5439 Prout
2224 5384 2309 5438 ille
2336 5386 2634 5442 concedere
2664 5388 2935 5460 dignatur,
2970 5408 2998 5446 a
3026 5411 3133 5463 quo
3154 5407 3209 5451 et
3239 5399 3403 5455 Vetus
3430 5412 3483 5456 et
3505 5384 3611 5457 No-

2034 5491 2159 5531 vum
2178 5485 2421 5531 exortum
2444 5486 2527 5532 est
2540 5479 2965 5547 Testamentum,
2974 5482 3129 5550 juxta
3144 5488 3287 5554 quod
3307 5505 3447 5553 nunc
3473 5495 3609 5551 ratio

2035 5568 2220 5639 exigit,
2252 5569 2447 5625 dicam.
