4254 6264
836 352 956 405 1131

1633 345 1691 398 Β.
1733 344 1791 397 F.
1832 342 2052 397 ALBINI
2094 340 2222 396 SEU
2262 340 2531 433 {\LCIIINI
2572 343 2851 398 OPERUM
2888 344 3064 401 PARS
3104 346 3233 401 \‘Ill.

3914 347 4049 402 “52

856 458 859 459 ⁷
896 463 1057 517 Inter.
1099 460 1217 516 Iam
1262 458 1385 528 quia
1424 456 1541 511 libri
1593 457 1996 526 Evangeliorum
2032 456 2084 509 in
2114 455 2373 524 principio
2402 459 2447 515 Α
2478 454 2671 523 lythus,
2714 468 2897 511 sextus
2918 457 3292 522 subdiaconus,
3318 459 3573 526 septimus
3596 458 3879 525 diaconus,
3906 470 4052 514 octa-

826 556 1055 617 illorum,
1085 553 1223 605 sicut
1248 552 1462 620 dignum
1489 559 1588 613 est,
1625 550 1783 619 positi
1806 558 1949 613 sunt,
1980 546 2067 602 die
2094 548 2221 600 mihi
2250 547 2374 614 quid

826 646 877 697 in
920 644 998 697 eis
1031 641 1320 697 habeatur?
1367 638 1516 707 Resp.
1568 639 1732 693 Prout
1762 639 1929 703 valeo,
1971 639 2023 692 in
2053 637 2237 706 paucis
2279 636 2375 690 tibi

823 732 1015 784 dicam.
1050 728 1361 783 Continetur
1389 728 1531 782 enim
1562 728 1615 790 in
1641 727 1744 781 illis
1786 727 2112 795 prmdieatio,
2139 741 2257 794 qure
2282 733 2377 778 ‘ta-

823 835 943 873 men
974 834 1080 872 una
1122 820 1240 872 esse
1274 818 1630 887 dignoscitur,
1666 817 1791 885 quia
1829 832 1894 870 ex
1943 814 2050 869 uno
2084 816 2376 884 eodemque

820 922 914 962 ore
938 906 1230 962 divinitatis
1252 906 1530 975 processit.
1561 905 1682 959 Harc
1699 912 1825 958 sunt
1849 906 1994 959 enim
2018 913 2249 974 quatuor
2282 904 2378 956 ﬁu-

821 995 963 1050 mina
988 997 1053 1050 de
1077 1011 1181 1049 uno
1201 996 1441 1050 Paradisi
1467 994 1613 1048 fonte
1634 996 1925 1059 manantia,
1941 1010 2060 1073 quae
2083 1010 2181 1064 per
2208 1002 2376 1048 totum

820 1085 1074 1139 mundum
1118 1086 1366 1139 ccelesles
1407 1085 1808 1154 praedicationes
1852 1085 2177 1147 ministrant,
2211 1091 2266 1138 et
2313 1084 2379 1138 de

821 1178 1022 1234 fluento
1044 1178 1219 1250 [Cod.,
1244 1176 1465 1249 ﬂuenta]
1488 1178 1673 1248 gratite
1697 1193 1760 1232 ac
1790 1177 1910 1231 ﬁdei
1946 1178 2176 1230 virorem
2200 1176 2377 1230 infun-

821 1270 971 1323 dunL

893 1359 1053 1413 Inter.
1082 1358 1217 1425 Quid
1241 1357 1544 1412 continetur
1566 1357 1621 1410 in
1649 1356 1895 1426 Epistolis
1921 1356 2107 1410 Pauli?
2138 1355 2289 1426 Resp.
2317 1355 2375 1409 lu

738 1490 749 1495 Α
817 1446 905 1502 illa
929 1463 1089 1517 quam
1110 1447 1324 1515 scripsit
1347 1446 1411 1499 ad
1438 1445 1721 1510 Romanos,
1752 1446 1912 1500 ﬁdem
1938 1447 2189 1499 Romanae
2209 1446 2377 1515 plebis

817 1537 1106 1601 collaudat;
1138 1538 1190 1590 in
1219 1537 1320 1590 illis
1346 1537 1410 1591 ad
1436 1536 1741 1591 Corinthios
1784 1538 2050 1605 geminam
2080 1537 2374 1591 doctrinam

816 1629 1066 1697 castigat;
1095 1628 1159 1680 ad
1188 1625 1407 1680 Galatas
1432 1641 1527 1695 per
1548 1626 1770 1694 gratiam
1802 1626 1921 1679 ﬁdei
1949 1624 2183 1679 excludit
2212 1640 2372 1695 opera

813 1716 976 1787 legis;
1009 1716 1075 1770 ad
1107 1716 1383 1784 Ephesios,
1412 1714 1716 1785 magniﬁcat
1740 1728 1833 1768 eos
1872 1715 1925 1767 in
1953 1714 2055 1769 ﬁde
2097 1730 2255 1784 quam
2287 1730 2377 1771 ac-

2479 558 2577 597 vus
2600 560 2726 599 vero
2754 545 3053 616 presbyter.

2546 633 2709 687 Inter.
2745 635 2900 690 Modo
2928 636 3046 690 volo
3067 645 3125 689 ut
3145 635 3293 691 dicas
3322 636 3451 691 mihi
3472 652 3639 706 quare
3659 638 3855 692 dicitur
3880 641 4048 693 ostia-

2476 723 2623 777 rius?
2670 723 2823 795 Resp.
2876 726 3179 781 Secundum
3223 726 3365 796 quod
3406 727 3511 796 legi
3557 727 3767 783 faciam.
3818 730 4045 785 Ostiarii

2476 814 2602 866 dicti
2648 824 2792 878 sunt,
2817 829 2882 871 eo
2909 817 3049 885 quod
3076 818 3296 886 praesint
3327 817 3480 871 ostiis
3521 819 3725 887 templi;
3761 828 3821 872 ut
3866 822 4043 875 sciant

2479 905 2717 973 recipere
2746 906 2929 961 ﬁdeles
2950 916 3004 961 et
3030 908 3268 963 inﬁdeles
3295 924 3565 979 respuere.
3598 909 3750 964 Unde
3777 920 3832 965 et
3861 912 4045 966 Domi-

2476 1009 2579 1049 nus
2622 996 2872 1052 ostiarius
2920 998 3167 1068 dignatus
3205 1007 3289 1053 est
3332 998 3468 1064 ﬁeri,
3498 1014 3619 1054 cum
3665 1001 3804 1055 ostia
3844 1002 4042 1057 inferni

2476 1087 2702 1153 aperuit,
2730 1095 2784 1142 et
2809 1088 3008 1144 electos
3028 1103 3154 1144 suos
3173 1089 3297 1144 inde
3318 1090 3555 1156 abstulit,
3579 1090 3835 1159 reprobus
3860 1101 4040 1147 autem

2477 1174 2711 1243 reliquit.

2546 1261 2710 1316 Inter.
2750 1264 2904 1319 Unde
2931 1275 3153 1321 vocatur
3180 1268 3493 1337 psalmista?
3528 1267 3679 1338 Resp.
3711 1268 3796 1323 Ab
3820 1272 4041 1341 psalmis

2476 1354 2750 1408 canendis.
2782 1355 2886 1423 Ipsi
2916 1358 3057 1410 enim
3085 1366 3311 1425 canunt,
3341 1366 3401 1413 ut
3438 1358 3674 1413 excitent
3718 1361 3927 1415 animas
3971 1362 4039 1416 ad

2474 1444 2933 1511 compunctionem
2962 1446 3312 1501 audientium.

2544 1530 2709 1583 Inter.
2747 1530 2925 1597 Quare
2968 1533 3219 1588 dicuntur
3259 1534 3517 1590 lectores?
3546 1534 3701 1607 Resp.
3744 1537 3882 1593 Dicti
3913 1547 4039 1593 sunt

2473 1617 2701 1673 lectores
2727 1635 2756 1673 a
2793 1621 3035 1690 legendo.
3066 1621 3145 1676 Illi
3176 1624 3316 1678 enim
3343 1626 3633 1694 pradicant
3655 1628 3864 1697 papulis
3895 1630 4038 1698 quod

2474 1719 2784 1776 sequantur.
2815 1708 2968 1764 Unde
3002 1719 3056 1763 et
3095 1709 3349 1767 Dominus
3380 1713 3550 1768 lector
3576 1716 3788 1781 dicitur,
3824 1718 4038 1786 quando

811 1783 1098 1872 ceperunt;
1131 1783 1197 1856 ad
1223 1783 1563 1856 Colossenses
1598 1801 1779 1857 laudat
1812 1818 1906 1856 eos
1937 1818 2036 1872 pro
2061 1783 2129 1857 eo
2149 1804 2290 1872 quod
2318 1805 2373 1859 in
2408 1783 2449 1841 Β
2476 1799 2681 1866 aperuit
2722 1799 2980 1854 Dominus
3014 1799 3209 1855 libru‘m
3250 1801 3398 1857 Isaiae
3436 1804 3709 1874 prophetae
3747 1814 3801 1860 et
3829 1783 3954 1877 legit
3982 1808 4036 1861 in

811 1895 915 1947 ﬁde
964 1894 1339 1963 perstiterunt;
1391 1892 1460 1945 ad
1504 1891 1871 1961 Pbilippenses
1932 1893 2230 1962 gratulatur
2282 1909 2375 1953 eos

808 1984 1150 2053 Evangelium
1188 1982 1528 2051 custodisse;
1562 1982 1628 2035 ad
1673 1982 2174 2037 Thessalonicenses
2214 1983 2371 2039 ﬁdem

812 2072 1015 2142 [Farte,
1049 2071 1191 2143 ﬁle],
1223 2080 1275 2127 et
1310 2072 1558 2141 operibus
1580 2072 1870 2128 credidisse
1896 2082 1951 2127 et
1971 2076 2374 2144 persecutiones

808 2164 1063 2217 tolerasse
1084 2179 1176 2218 eos
1198 2165 1483 2234 gloriatur;
1509 2164 1583 2217 ad
1600 2164 1937 2218 Timotheum
1963 2181 2092 2219 vero
2112 2175 2165 2220 et
2194 2166 2371 2222 Titum

808 2253 1024 2307 instruit
1048 2252 1339 2316 Ecclesias;
1368 2252 1433 2305 ad
1463 2251 1825 2307 Philemonem
1858 2262 2008 2324 rogat
2029 2255 2094 2309 de
2118 2254 2370 2314 Onesimo

808 2355 965 2395 servo
1006 2342 1305 2395 emendato.
1350 2341 1407 2395 In
1439 2340 1620 2395 ultima
1660 2357 1787 2415 vero
1833 2358 1993 2411 quam
2040 2346 2255 2415 scripsit
2303 2348 2370 2403 ad

809 2436 1077 2499 Hebraeos,
1108 2438 1199 2504 qui
1234 2436 1287 2489 in
1328 2436 1542 2490 Christo
1568 2436 1923 2500 crediderant,
1955 2445 2011 2491 et
2033 2440 2367 2507 postmodum

808 2525 1263 2594 persecutionibus
1277 2524 1503 2591 judaicis
1515 2526 1686 2579 territi
1710 2541 1740 2579 a
1759 2525 1862 2580 ﬁde
1875 2536 2228 2595 recesserant,
2242 2543 2367 2585 con-

808 2613 971 2666 fortat
993 2620 1150 2680 atque
1182 2612 1247 2666 ad
1272 2614 1499 2681 gratiam
1525 2612 1796 2683 Evangelii
1821 2622 2056 2669 revocat.

876 2699 1036 2754 Inter.
1085 2700 1220 2767 Quid
1246 2701 1474 2756 habetur
1507 2702 1559 2756 in
1594 2702 1834 2772 epistolis
1872 2703 2049 2759 Petri?
2083 2705 2235 2779 Resp.
2274 2710 2367 2764 Est

804 2790 947 2845 enim
996 2792 1066 2846 ibi
1110 2790 1445 2861 profunditas
1495 2808 1705 2859 sensus,
1736 2810 1801 2849 eo
1842 2796 1984 2864 quod
2024 2799 2211 2869 repleti
2256 2801 2364 2855 sint

728 2875 734 2881 ’
806 2880 1070 2944 sensibus,
1097 2888 1155 2933 ut
1182 2895 1275 2949 per
1299 2896 1393 2935 eas
1418 2882 1609 2935 divinae
1638 2883 1876 2938 scientiae
1922 2900 2115 2953 sensus
2155 2891 2362 2957 possint

810 2968 1153 3035 perscrutari.
1235 2980 1246 2989 '

878 3058 1040 3113 Inter.
1068 3060 1202 3126 Quid
1224 3058 1521 3115 in‘Iacobi?
1545 3073 1569 3101 ι
1597 3061 1748 3132 Resp.
1778 3061 2084 3121 Ediﬁcatio
2107 3066 2358 3123 Ecclesiae

804 3160 859 3204 et
900 3149 1393 3205 infusio‘charitatis
1436 3151 1489 3205 in
1518 3166 1697 3206 amore
1722 3153 1811 3206 Dei
1841 3162 1896 3207 et
1936 3153 2172 3210 fraterna
2222 3158 2355 3213 dile-

806 3240 999 3293 ctione.
1033 3238 1087 3292 ln
1117 3238 1347 3293 secunda
1372 3237 1631 3308 (Joannis)
1655 3240 1954 3294 dilectionis
1982 3244 2216 3297 studium
2240 3247 2364 3301 bor-

808 3336 971 3380 tatur.
1002 3326 1058 3380 In
1093 3327 1390 3401 tertialius
1416 3326 1546 3394 Gagi
1574 3326 1734 3398 [Gaii]
1761 3328 1812 3380 in
1837 3329 2012 3385 studio
2049 3333 2289 3387 veritatis
2310 3344 2366 3388 et

802 3435 967 3491 opera
996 3420 1374 3474 misericordize
1408 3432 1672 3475 versatur.

879 3510 1043 3565 Inter.
1072 3511 1206 3576 Quid
1227 3512 1279 3564 in
1304 3510 1485 3565 Iudae?
1510 3512 1657 3581 Resp.
1682 3515 1977 3583 lncrepatio
1999 3516 2365 3585 blaspheman-

809 3603 941 3655 tium
970 3601 1021 3654 in
1046 3601 1277 3655 Christo.
1304 3600 1465 3654 Inter.
1490 3600 1625 3665 Quid
1647 3602 1699 3654 in
1720 3602 1940 3658 Actibus
1970 3606 2364 3673 apostolorum?

812 3690 963 3759 Resp.
991 3688 1221 3743 Historia
1252 3690 1522 3744 nascentis
1552 3690 1818 3758 Ecclesiae,
1845 3700 1900 3746 et
1924 3693 2216 3764 descriptio
2241 3712 2366 3767 ope-

812 3781 885 3832 ris
916 3779 1056 3833 ﬁdei.

882 3869 1041 3921 Inter.
1080 3868 1214 3933 Quid
1252 3868 1304 3922 in
1345 3868 1696 3938 Apocalypsi?
1736 3870 1885 3940 Resp.
1938 3872 2099 3927 Multa
2146 3875 2359 3943 quidem

811 3967 865 4010 et
895 3958 1121 4011 diﬁicilia
1153 3959 1205 4011 in
1230 3974 1293 4030 eo
1314 3959 1578 4027 leguntur,
1608 3961 1698 4013 sed
1732 3960 1966 4015 breviter
1994 3978 2061 4015 ex
2090 3978 2154 4017 eo
2184 3965 2361 4033 aliqua

812 4048 905 4101 tibi
935 4046 1219 4116 proferam.
1270 4046 1581 4101 Continetur
1610 4049 1750 4103 enim
1780 4050 1833 4102 in
1861 4050 1977 4118 ipso
2016 4050 2105 4105 ﬁlii
2133 4053 2360 4108 hominis

811 4136 963 4190 sedes
986 4138 1036 4190 in
1064 4137 1253 4190 throno
1272 4144 1325 4190 et
1345 4151 1496 4189 xxuu
1523 4136 1757 4190 seniores
1782 4155 1793 4189 :
1822 4152 2025 4191 necnon
2056 4148 2109 4192 et
2134 4148 2363 4219 quatuor

811 4227 1058 4280 animalia
1104 4226 1454 4295 praseedentia
1487 4234 1612 4279 ante
1641 4226 1909 4291 thronum,
1942 4237 2261 4299 notaturque
2289 4231 2359 4285 ibi

812 4314 933 4367 ﬁnis
962 4315 1159 4379 mundi,
1187 4330 1360 4383 pugna
1396 4314 1663 4367 Michaelis
1691 4330 1812 4368 cum
1835 4316 2087 4383 dracone,
2114 4319 2362 4375 interitus

812 4404 1141 4467 Antichristi,
1189 4406 1391 4473 punitio
1434 4405 1625 4458 diaboli
1675 4414 1729 4458 et
1775 4407 1842 4460 ad
1892 4408 2136 4463 ultimum
2184 4426 2363 4466 resur-

2475 1891 2651 1944 medio
2677 1890 2848 1959 plebis
2870 1890 3053 1945 dicens
3079 1910 3092 1943 :
3117 1890 3343 1961 Spiritus
3376 1892 3584 1947 Domini
3613 1912 3768 1965 super
3788 1915 3889 1961 me,
3916 1916 4037 1967 pro-

2471 1988 2585 2048 pter
2608 1980 2746 2050 quod
2768 1980 2917 2033 unxit
2947 1996 3027 2034 nte
3042 2020 3057 2046 ,
3087 1980 3436 2051 evangelium
3459 1984 3769 2053 pauperibus
3791 1988 3931 2039 misit
3955 2004 4035 2041 me

2474 2064 2633 2138 (Isai.
2659 2083 2767 2131 ut,
2795 2064 2856 2132 l;
2884 2066 3012 2122 Luc.
3045 2085 3118 2134 Iv,
3144 2070 3253 2141 18).

2541 2156 2706 2210 Inter.
2744 2157 2924 2223 Quare
2966 2159 3161 2213 dicitur
3191 2161 3496 2216 exorcista?
3540 2162 3695 2234 Resp.
3743 2165 4034 2222 Exoreiste

2470 2264 2538 2304 ex
2581 2249 2769 2305 Grarco
2803 2251 2871 2304 'in
2915 2250 3164 2306 Latinum
3194 2252 3504 2321 adiurantes
3549 2255 3663 2310 sive
3695 2256 4034 2328 increpantes

2469 2349 2748 2394 vocantur.
2800 2339 2953 2395 Unde
2986 2348 3042 2393 et
3079 2341 3333 2396 Dominus
3376 2338 3644 2399 eiorcista
3675 2346 3795 2411 fuit,
3822 2349 4035 2418 quando

2468 2439 2671 2498 septem
2696 2428 2957 2483 daemonia
2984 2428 3244 2491 deMaria
3269 2430 3592 2501 Magdalena:
3615 2432 3815 2503 eiecit.

2537 2518 2700 2572 Inter.
2718 2518 2871 2573 Unde
2885 2518 3077 2573 dicitur
3091 2520 3386 2590 acolythus,
3401 2531 3492 2576 aut
3504 2524 3659 2593 quale
3677 2524 4029 2580 ministerium

2466 2609 2658 2664 habet?
2684 2607 2840 2678 Resp.
2863 2606 3108 2677 Acolythi
3136 2607 3341 2674 Graece,
3363 2610 3552 2666 Latine
3572 2627 3699 2667 vero
3720 2613 4029 2669 ceroferarii

2465 2699 2711 2752 dicuntur
2740 2714 2770 2752 a
2798 2696 3141 2765 deportandis
3181 2701 3374 2764 cereis,
3403 2701 3617 2769 quando
3643 2701 3923 2771 legendum
3948 2714 4031 2759 est

2463 2787 2803 2858 Evangelium
2827 2795 2881 2841 et
2904 2786 3229 2861 sacriﬁcium
3254 2788 3602 2846 offerendum.

2530 2875 2693 2947 Inter.
2720 2875 2897 2942 Quare
2919 2886 3143 2932 vocatur
3169 2877 3563 2935 subdiaconus?
3585 2880 3736 2952 Resp.
3761 2882 3884 2938 Ideo
3905 2885 4057 2938 sub--

2460 2964 2668 3018 diaconi
2701 2964 3053 3034 appellantur,
3084 2965 3209 3033 quia
3236 2965 3513 3040 subiacent
3541 2972 3821 3039 praeceptis
3841 2981 3894 3025 ct
3918 2972 4028 3026 otii-

2461 3055 2560 3109 ciis
2587 3054 2888 3108 levitarum.
2917 3052 3140 3123 Oportet
3163 3054 3307 3108 enim
3335 3054 3553 3110 illis..:..
3580 3055 3669 3128 [In
3693 3058 3819 3123 M5,,
3849 3060 4025 3133 A‘plm]

2473 3148 2761 3201 honestare
2787 3145 2976 3211 altare,
3002 3152 3058 3199 et
3098 3159 3296 3214 aquam
3320 3159 3626 3217 praeparare
3650 3148 3706 3203 in
3734 3150 4028 3210 ministerio

2467 3235 2666 3289 altaris.
2695 3234 2846 3290 Unde
2872 3243 2929 3288 et
2952 3235 3207 3289 Dominus
3231 3234 3588 3292 subdiaconus
3605 3245 3689 3292 est
3711 3241 4025 3310 appellatus,

2463 3324 2589 3391 quia
2608 3324 2661 3377 in
2680 3321 2825 3377 Cana
2848 3320 3063 3377 Galileaa
3087 3338 3283 3393 aquam
3309 3325 3364 3378 in
3393 3324 3578 3379 vinum
3605 3331 3886 3383 convertit.

2536 3410 2698 3464 Inter.
2729 3410 2826 3465 Dic
2870 3410 3022 3476 mihi,
3051 3427 3158 3481 qua
3202 3412 3381 3483 lingua
3415 3413 3611 3469 dicitur
3640 3404 3913 3482 diaconus,
3939 3429 4027 3474 aut

2463 3500 2603 3553 unde
2622 3499 2793 3553 dictus
2806 3506 2889 3553 est
2899 3497 3187 3554 diaconus?
3203 3499 3359 3571 Resp.
3374 3487 3640 3558 Diaconus
3654 3506 3799 3559 enim
3819 3505 4023 3573 Graece,

2462 3588 2649 3642 Latine
2672 3590 2917 3643 minister
2949 3590 3165 3655 dicitur,
3195 3592 3323 3660 quia
3357 3593 3496 3647 sicut
3526 3594 3580 3648 in
3607 3586 3883 3653 sacerdote
3904 3614 4029 3654 con-

2463 3677 2715 3743 secratio,
2762 3678 2835 3731 ita
2884 3686 2939 3733 et
2991 3679 3046 3733 in
3093 3680 3319 3736 diacono
3370 3683 3653 3739 ministerii
3697 3669 4027 3757 dispensatio

2461 3766 2706 3822 habetur.
2732 3766 2881 3822 Unde
2899 3775 2954 3822 et
2967 3768 3221 3825 Dominus
3238 3771 3683 3833 diaconusdictus
3699 3786 3802 3843 est,
3816 3783 4027 3849 quando

2460 3855 2589 3910 lavit
2622 3857 2785 3926 pedes
2810 3856 3191 3927 diScipulorum
3218 3875 3460 3915 suorum.

2530 3944 2694 3998 Inter.
2722 3945 2872 3999 Unde
2901 3946 3041 4001 idem
3056 3947 3313 4003 diaconus
3332 3950 3491 4006 levita
3513 3954 3847 4023 appellatur?
3868 3958 4021 4031 Resp.

2460 4030 2659 4087 Levitae
2682 4049 2751 4088 ex
2776 4036 2989 4089 nomine
3020 4038 3256 4092 auctoris
3279 4040 3473 4094 vocati.
3508 4041 3584 4097 De
3611 4042 3739 4099 Levi
3774 4048 3915 4101 enim
3950 4030 4022 4104 le-

2462 4124 2582 4177 vita:
2604 4126 2777 4178 exorti
2807 4134 2951 4178 sunt.
3639 4187 3642 4190 ,

2498 4236 2499 4239 η
2529 4216 2693 4270 Inter.
2718 4215 2837 4271 1am
2875 4218 3001 4287 quia
3030 4219 3097 4274 de
3116 4294 3117 4297 η
3138 4220 3454 4277 diaconihus
3484 4237 3549 4279 ac
3573 4223 3769 4289 levitis,
3798 4242 4023 4297 quorum

2459 4304 2815 4359 ministerium
2836 4294 3117 4376 proprium
3138 4316 3221 4362 est
3249 4306 3593 4380 Evangelium
3614 4312 3792 4384 legere
3816 4294 4019 4388 ]Suppl.

2461 4394 2661 4459 dixisti,
2693 4394 2767 4449 vel
2794 4396 2992 4465 aliquid
3016 4397 3205 4470 simile]
3235 4417 3247 4451 :
3274 4415 3413 4454 nunc
3437 4402 3575 4457 ratio
3599 4404 3787 4469 instat,
3815 4406 3935 4462 volo
3963 4417 4023 4463 ut

813 4494 980 4545 reclio
1008 4464 1359 4556 mortuorum,
1399 4501 1454 4545 et
1486 4494 1697 4546 novitas
1728 4496 1849 4548 cmli
1880 4511 1943 4550 ac
1974 4506 2128 4553 terra:
2152 4499 2233 4555 vel
2262 4516 2364 4557 αε-
2393 4464 2443 4523 D
2467 4482 2612 4537 dicas
2642 4484 2770 4537 mihi
2798 4486 2925 4553 (luid
2949 4487 3020 4541 δίε
3042 4486 3407 4557 Evangelium:
3437 4499 3529 4544 ³1η
3553 4493 3693 4546 unde
3723 4494 4021 4562 ἀεεοεηάίιο

820 4595 953 4636 tera.

885 4671 1006 4724 llaec
1038 4685 1222 4739 pauca,
1256 4670 1439 4735 frater,
1471 4671 1534 4724 de
1561 4670 1707 4726 Novo
1732 4672 2073 4730 Testamento
2116 4678 2182 4733 ad
2227 4696 2364 4749 prte-

814 4777 939 4815 Smts
966 4762 1188 4815 libenter
1229 4762 1458 4830 suscipe,
1482 4762 1666 4828 donec,
1694 4764 1803 4818 Deo
1834 4765 2062 4833 volente,
2088 4782 2152 4823 ex
2182 4784 2247 4825 eo
2272 4772 2366 4825 tibi

820 4849 1017 4913 majora
1046 4848 1329 4916 proferam.

818 4937 1038 4992 C.\PUT
1075 4937 1166 4990 IX.
1188 4954 1341 4991 -υε
1378 4954 1631 4992 GBADIBUS
1668 4956 1858 4995 TOTIUS
1892 4959 2150 4998 secessu
2189 4961 2360 5001 DIGNI-

1506 5023 1676 5061 TATIS.

890 5091 1048 5146 Inter.
1081 5095 1175 5149 Dic
1218 5109 1363 5165 ergo,
1393 5092 1578 5159 frater,
1606 5096 1800 5165 gradus
1845 5100 2187 5156 ecclesiastici
2236 5115 2365 5173 quot

820 5183 975 5235 sunt?
1004 5182 1153 5251 Resp.
1190 5185 1265 5237 De
1290 5184 1373 5238 his
1397 5200 1514 5253 quae
1541 5200 1682 5238 nunc
1706 5190 1974 5255 temporis,
2003 5189 2111 5245 Deo
2135 5192 2362 5257 volente,

822 5271 973 5325 nobis
1004 5273 1285 5325 convenire
1312 5282 1552 5339 possunt,
1577 5283 1695 5328 octo
1720 5280 1861 5329 sunt.
1892 5276 2055 5330 Inter.
2092 5278 2364 5346 Quomodo

822 5360 1193 5415 nominantur?
1221 5358 1374 5429 Resp.
1401 5361 1609 5415 Primus
1638 5365 1909 5430 ostiarius,
1938 5370 2200 5425 secundus
2223 5371 2362 5439 psal-

823 5451 995 5515 mista,
1025 5451 1211 5505 tertius
1232 5448 1417 5513 lector,
1447 5460 1665 5517 quartus
1690 5455 1972 5520 exorcista,
2000 5458 2215 5525 quintus
2239 5474 2361 5513 aco-

2466 4571 2549 4626 vel
2594 4572 2744 4642 cujus
2772 4574 2826 4627 in
2854 4589 2918 4627 eo
2944 4575 3107 4629 verba
3151 4578 3452 4645 ponuntur?
3479 4578 3635 4650 Resp.
3673 4581 4019 4653 Evangelium

2467 4662 2663 4715 dicitur
2690 4664 2905 4731 proprie
2932 4662 3072 4735 bona
3108 4664 3266 4736 435
3300 4671 3657 4738 annuntiatio,
3682 4689 3801 4744 quae
3838 4677 4022 4747 utique

2467 4751 2799 4806 annuntiatio
2816 4761 2913 4819 ,est
2934 4752 3141 4808 Domini
3166 4758 3333 4811 nostri
3353 4757 3479 4813 Jesu
3511 4760 3747 4818 Christi:
3774 4773 3829 4820 et
3855 4768 4021 4823 vitam

2468 4843 2748 4895 annuntiat
2785 4852 2905 4912 post
2933 4854 3179 4901 mortem.
3224 4850 3503 4904 Descendit
3554 4864 3733 4909 autem
3780 4857 4022 4931 Evange-

2464 4932 2590 4985 lium
2622 4932 2689 4985 ab
2715 4948 2779 4987 eo
2809 4948 2915 5001 quo
2958 4937 3237 4989 annuntiet
3277 4946 3333 4991 et
3371 4941 3633 5008 ostendat,
3662 4947 3804 5013 quod
3843 4947 3891 5004 is
3929 4951 4020 5019 qui

2463 5037 2558 5091 per
2587 5024 2872 5092 prophetas
2898 5039 3022 5079 suos
3050 5025 3382 5093 loquebatur,
3399 5030 3564 5091 ,venit
3588 5032 3642 5085 in
3669 5048 3851 5101 carne,
3882 5039 4019 5093 sicut

2463 5112 2718 5180 scriptum
2744 5121 2825 5166 est
2852 5131 2863 5165 :
2892 5112 2993 5176 Qui
3019 5112 3281 5182 loquebar,
3302 5132 3417 5170 ecce
3438 5119 3621 5173 adsum
3643 5106 3798 5194 (Iani.
3825 5141 3919 5190 ut,
3940 5126 4016 5197 6).

2532 5199 2695 5253 Inter.
2734 5200 3021 5268 Explicasti
3067 5210 3245 5255 autem
3282 5205 3407 5273 quid
3446 5207 3519 5262 sit
3541 5208 3911 5280 Evangelium,
3937 5216 4018 5269 vel

2462 5287 2600 5339 unde
2660 5287 2960 5350 descendat,
3017 5304 3157 5344 nunc
3196 5292 3441 5359 obsecro,
3490 5303 3551 5348 ut
3594 5296 3726 5351 mihi
3783 5302 4017 5368 aperias,

2461 5386 2626 5440 quare
2650 5383 2878 5442 quatuor
2905 5376 3031 5441 sint,
3063 5378 3153 5445 qui
3194 5379 3308 5435 hate
3337 5385 3891 5454 gesta‘scripserunt,
3924 5406 4020 5446 seu

2460 5463 2620 5516 etiam
2649 5465 2739 5531 qui
2781 5474 2906 5519 sunt
2943 5464 3003 5519 hi“
3018 5474 3256 5535 quatuor
3294 5470 3385 5537 qui
3419 5484 3524 5525 uno
3567 5472 3780 5541 spiritu,
3812 5490 4020 5533 snuun~

889 5616 909 5642 ε·
953 5604 1045 5658 llic
1072 5614 1153 5657 est
1182 5602 1417 5658 defectus
1447 5612 1501 5658 et
1528 5605 1721 5659 omissa
1763 5612 1984 5677 qumstio
2014 5612 2078 5667 de
2113 5611 2361 5681 Epistolis
2396 5616 2562 5669 Sancti
2578 5588 2823 5681 IJoannis,
2849 5619 2912 5672 ad
2942 5634 3103 5687 quam
3129 5621 3217 5675 hic
3246 5622 3612 5692 respondetur.
