4254 6270
342 354 474 408 1135

1247 347 1396 404 ΟΡΡ.
1438 343 1661 402 DUBlA.
1700 370 1770 383 —-
1806 330 2214 394 DlSPUTATlO
2250 326 2653 421 RUERORUM.

3424 311 3557 366 “5’s

340 468 503 522 tiante
528 464 811 532 Propheta,
849 460 1042 530 signati
1079 460 1234 514 sunt?
1280 458 1435 530 Resp.
1463 457 1586 511 Ideo
1616 470 1742 526 ergo
1767 467 1892 507 con-
1921 453 1969 512 Α
2066 444 2229 497 [Merc
2259 442 2355 495 Dic
2377 438 2535 532 mihi,
2576 438 2856 532 Prefltyif‘:
2881 449 2983 532 ηιιξι
3026 432 3203 532 Πιιὲξξτι
3234 438 3483 532 νοσλξυνχ
3508 435 3563 479 ⁸’ί

339 557 626 624 scriptores
654 561 814 623 gestre
856 549 1264 620 Evangeliorum
1293 559 1522 618 quatuor
1546 562 1665 603 esse
1706 547 1892 600 dicun-

340 656 446 711 tur,
489 646 635 714 quia,
672 645 880 697 dicente
918 641 1201 710 PrOpbeta,
1248 648 1476 708 quatuor
1518 637 1765 691 animalia
1804 650 1891 690 os-

342 745 489 790 tensa
515 748 630 788 esse
659 732 924 803 leguntur,
954 745 1181 800 quorum
1213 730 1444 797 primum
1471 726 1667 782 animal
1711 734 1896 779 tenens

342 824 740 879 similitudinem
788 821 1051 883 hominis,
1098 820 1392 873 secundum
1440 818 1627 881 leonis,
1679 818 1897 869 tertium

342 914 512 976 vituli,
534 920 782 982 quartum
811 926 939 966 vero
966 910 1175 980 aquilae.
1209 908 1313 965 Sed
1339 910 1393 965 hi
1423 917 1656 977 quatuor
1683 908 1781 961 has
1800 907 1898 961 ha-.

343 1003 526 1057 bentes
553 1001 746 1071 ﬁguras
783 1000 1135 1069 evangelistas
1155 1014 1274 1054 esse
1296 1013 1400 1053 non
1421 998 1637 1051 dubium
1662 1004 1762 1050 est.

414 1092 575 1146 Inter.
621 1080 757 1145 Ecce
807 1091 988 1145 dixisti
1033 1104 1313 1144 numerum
1344 1097 1398 1142 et
1424 1087 1620 1158 ﬁguras
1656 1084 1893 1155 singulo-

346 1200 483 1248 rum,
514 1168 669 1238 modo
706 1183 825 1238 volo
872 1191 931 1235 ut
960 1182 1107 1235 dicas
1144 1180 1381 1236 omnium
1410 1165 1617 1233 illorum
1658 1176 1893 1240 nomina,

346 1289 437 1327 seu
466 1273 628 1328 etiam
657 1273 725 1326 ob
756 1287 916 1340 quam
942 1271 1204 1325 rationem
1243 1267 1433 1337 singuli
1474 1281 1656 1321 eorum
1688 1267 1786 1320 has
1814 1266 1898 1318 vi-

347 1363 572 1417 deantur
591 1362 833 1417 obtinere
876 1361 1106 1431 ﬁguras?
1133 1359 1287 1428 Resp.
1316 1358 1542 1412 Nomina
1572 1371 1759 1411 eorum
1785 1356 1900 1410 [nec

348 1463 470 1509 sunt
501 1472 514 1507 ε
548 1454 844 1519 Matthteus,
894 1453 1124 1516 Marcus,
1152 1452 1341 1511 Lucas,
1397 1448 1648 1503 Joannes.
1700 1434 1806 1501 Sed
1841 1455 1901 1501 ut

347 1542 475 1611 quid
520 1544 616 1597 bas
646 1543 843 1614 ﬁguras
884 1544 1179 1605 obtineant,
1209 1541 1434 1609 Domino
1468 1540 1778 1601 miserante,
1808 1553 1902 1592 ex—

350 1647 561 1701 ponam.
604 1632 766 1686 Inter.
803 1631 928 1686 Fac.
953 1631 1104 1701 Resp.
1135 1631 1413 1692 Matthmus
1452 1628 1652 1683 idcirco
1679 1630 1901 1695 ﬁguram

350 1721 583 1774 hominis
614 1720 665 1773 in
694 1735 753 1775 se
783 1720 959 1782 habet,
988 1721 1076 1788 qui
1114 1720 1181 1773 ab
1207 1719 1359 1774 initio
1387 1716 1659 1786 Evangelii
1698 1718 1778 1769 sui
1808 1730 1902 1784 ge-

350 1812 681 1866 nerationem
719 1820 774 1866 et
820 1812 1153 1865 nativitatem
1193 1810 1759 1864 Salvatoris'enarret.
1818 1806 1909 1859 Sic
1941 1789 1984 1848 Β

351 1902 492 1956 cnim
516 1902 699 1971 incipit
724 1919 735 1954 :
762 1900 917 1954 Liber
948 1902 1292 1971 generationis
1316 1900 1444 1954 Iesu
1469 1896 1663 1953 Christi
1693 1896 1905 1968 (Matth.

353 2007 392 2054 ι,
423 1989 494 2059 1),
521 1981 579 2042 et
606 1998 817 2043 cmtera.
848 1988 1057 2043 Marcus
1085 1988 1254 2043 leonis
1281 2004 1474 2059 gerens
1500 1987 1746 2058 ﬁguram,
1784 1988 1910 2057 quia

352 2076 685 2130 asolitudine
733 2077 918 2145 incipit
957 2077 1140 2131 dicens
1180 2094 1193 2130 :
1253 2076 1367 2130 Vox
1410 2076 1682 2129 clamantis
1728 2076 1781 2129 in
1824 2076 1917 2127 de-

351 2174 488 2220 serto
512 2182 530 2218 :
562 2165 753 2218 Parate
791 2166 925 2217 riam
951 2165 1162 2218 Domini
1185 2163 1203 2236 (
1232 2164 1399 2218 Marc.
1431 2180 1468 2229 ι,
1503 2166 1536 2218 5
1562 2166 1601 2233 ).
1631 2164 1806 2218 Lucas
1836 2164 1914 2217 vi-

358 2254 449 2308 tuli
478 2255 707 2324 speciem
733 2262 924 2323 gestat,
956 2254 1021 2307 ad
1051 2254 1202 2323 cujus
1238 2253 1637 2307 similitudinem
1666 2252 1914 2306 Salvator

358 2354 539 2399 noster
568 2352 649 2399 est
671 2343 995 2407 immolatus,
1019 2350 1072 2396 et
1102 2343 1221 2396 ideo
1247 2341 1421 2395 Lucas
1448 2340 1612 2394 vitulo
1638 2353 1912 2409 compara-

358 2440 465 2497 tur,
519 2434 640 2514 quia
670 2432 773 2487 duo
802 2416 1000 2485 coinua
1031 2432 1134 2485 duo
1180 2430 1536 2491 Testamenta,
1584 2440 1639 2484 et
1686 2440 1919 2499 quatuor

353 2524 550 2594 pedum
586 2523 810 2593 ungulas
835 2534 1067 2591 quatuor
1109 2520 1397 2591 Evangelia
1448 2522 1814 2591 designantur,
1862 2530 1916 2575 et

359 2616 483 2684 quia
512 2629 575 2668 eo
598 2622 835 2683 tempore
857 2614 1006 2668 vituli
1042 2615 1095 2669 in
1127 2612 1391 2668 sacriﬁcio
1420 2612 1798 2668 oﬁ'erebantur.
1826 2611 1917 2667 Sic

329 2728 333 2733 ν
362 2704 502 2756 enim
543 2718 571 2754 a
609 2703 976 2756 sacerdotibus
1004 2704 1189 2772 incipit
1215 2721 1228 2755 :
1256 2701 1381 2755 Fuit
1402 2704 1456 2756 in
1481 2703 1659 2756 diebus
1695 2701 1916 2756 Herodis

364 2791 492 2860 regis
522 2780 760 2843 sacerdos
786 2789 995 2859 quidam
1022 2792 1227 2844 nomine
1254 2789 1539 2845 Zacharias
1577 2791 1640 2843 de
1662 2792 1765 2844 vice
1786 2790 1917 2845 Abin

364 2893 411 2936 et
451 2898 585 2935 uxor
634 2884 747 2951 ejus
792 2881 854 2934 de
907 2880 1115 2949 ﬁliabus
1167 2881 1377 2946 Aaron,
1428 2897 1611 2936 nomen
1650 2880 1915 2935 Eiisabeth

367 2972 514 3041 (Luc.
544 2988 579 3032 ι,
602 2970 677 3041 5).
708 2970 941 3025 Joannes
969 2972 1130 3026 habet
1167 2970 1572 3026 similitudinem
1615 2972 1825 3041 aquilae,
1854 2988 1919 3029 eo

366 3063 509 3132 quod
552 3062 656 3115 alta
703 3062 884 3130 petiit.
916 3062 1003 3115 Ait
1028 3063 1168 3115 enim
1201 3080 1213 3115 :
1248 3060 1315 3115 In
1341 3063 1594 3133 principio
1629 3073 1741 3115 erat
1792 3061 1917 3117 Ver-

368 3150 511 3216 bum,
533 3160 580 3204 et
608 3148 829 3203 Verbum
858 3157 968 3202 erat
1001 3148 1141 3218 apud
1174 3148 1364 3214 Deum,
1401 3159 1450 3203 et
1482 3149 1624 3204 Deus
1646 3159 1757 3204 erat
1795 3148 1922 3204 Ver-

370 3238 520 3299 bum;
567 3238 663 3293 hoc
687 3248 795 3293 erat
818 3238 871 3292 in
909 3238 1161 3309 principio
1191 3238 1332 3307 apud
1362 3238 1525 3292 Deum
1557 3239 1736 3310 (Joan.
1774 3257 1816 3306 I,
1846 3241 1918 3312 l).

372 3331 437 3385 Et
461 3331 625 3385 David
654 3331 783 3385 dicit
812 3332 875 3385 de
900 3329 1356 3400 persona,Christi
1385 3348 1398 3383 :
1422 3330 1769 3386 Renovabitur
1791 3333 1923 3395 sicut

371 3422 560 3491 aquila!
590 3423 829 3488 iuventus
871 3432 960 3474 tua
992 3419 1010 3492 (
1038 3420 1185 3474 Psal.
1218 3436 1324 3485 cn,
1349 3421 1383 3475 5
1411 3420 1462 3493 ),
1495 3423 1549 3476 id
1593 3431 1698 3488 est,
1728 3422 1925 3478 Christi

330 3546 337 3553 -
371 3509 494 3565 Jcsu
532 3512 739 3565 Domini
776 3512 979 3576 nostri,
1032 3512 1158 3581 quia
1189 3526 1475 3582 resurgens
1503 3527 1534 3567 a
1572 3513 1798 3568 mortuis
1843 3527 1929 3568 as-

373 3604 550 3657 cendit
578 3604 642 3656 ad
672 3602 852 3656 cmlos.
1194 3594 1197 3597 ’

442 3691 607 3745 Inter.
638 3691 842 3749 Frater,
888 3700 1045 3759 prout
1082 3692 1253 3760 potui,
1283 3690 1419 3746 solvi
1457 3690 1553 3747 tibi
1578 3694 1929 3763 quaestionem
2002 3688 2012 3697 “

376 3790 539 3845 tuam,
577 3794 722 3851 rogo,
754 3780 796 3835 si
827 3779 1017 3849 placet,
1045 3788 1101 3834 ut
1124 3780 1272 3836 dicas
1309 3780 1439 3835 mihi
1473 3794 1568 3836 cur
1605 3783 1929 3854 evangelista

377 3871 429 3923 in
461 3870 801 3941 generatione
821 3867 1019 3923 Christi
1045 3869 1287 3924 ordinem
1314 3878 1697 3939 praeposterum
1724 3874 1933 3941 posuis-

377 3968 479 4021 set,
511 3975 631 4012 cum
653 3967 775 4012 ante
803 3958 987 4023 David,
1015 3965 1068 4012 et
1094 3967 1280 4027 postea
1307 3960 1601 4014 nominavit
1624 3960 1934 4017 Abraham?

377 4044 527 4114 Resp.
567 4046 703 4098 Vere
730 4045 1018 4123 secundum
1045 4046 1187 4114 quod
1215 4045 1437 4117 legendo
1466 4046 1646 4110 didici,
1678 4048 1930 4104 referam.

380 4134 475 4189 Hic
498 4132 628 4187 ordo
664 4134 718 4187 in
747 4134 850 4187 hoc
875 4128 992 4186 loco
1017 4134 1341 4188 necessitate
1368 4142 1452 4188 est
1476 4143 1851 4189 commutatus.
1876 4134 1933 4189 Si

377 4225 519 4279 enim
547 4224 774 4293 primum
814 4222 1079 4289 posuisset
1116 4221 1409 4285 Abraham,
1436 4229 1493 4275 et
1516 4233 1700 4291 postea
1744 4222 1930 4289 David,

379 4328 564 4371 rursus
587 4300 643 4367 ei
662 4311 976 4380 repetendus
1002 4320 1147 4366 esset
1166 4310 1458 4377 Abraham,
1486 4319 1545 4366 ut
1574 4314 1936 4383 generationis

381 4404 550 4457 series
575 4409 860 4455 tereretur.
909 4398 1074 4454 Inter.
1108 4398 1285 4467 Quare
1309 4401 1519 4457 caeteris
1556 4403 1935 4472 praetermissis

382 4493 570 4547 borum
593 4491 755 4545 ﬁlium
781 4506 902 4545 eum
924 4462 1288 4562 nuncupavit?
1313 4490 1464 4564 Resp.
1490 4462 1611 4548 Ideo
1632 4492 1780 4548 illum
1804 4495 1935 4549 isto-
1957 4462 2010 4522 Β

272 4634 281 4643 ,
366 4586 502 4634 ‘rum
528 4580 713 4657 ‘ﬁlium
738 4595 857 4633 esse
885 4581 1150 4646 dixerunt,
1182 4584 1308 4651 quia
1337 4583 1405 4638 ad
1432 4584 1531 4639 hos
1557 4592 1761 4639 tantum
1792 4584 1935 4641 facta
1964 4575 1970 4581 ’

383 4684 499 4724 esse
527 4669 863 4739 repromissio
889 4669 1101 4739 legitur.

452 4760 615 4815 Inter.
658 4758 898 4826 Qualiter
928 4761 1208 4829 promissio
1243 4760 1383 4816 laeta
1420 4772 1505 4817 est
1541 4764 1608 4817 ad
1640 4763 1933 4830 Abraham,

384 4858 439 4904 et
462 4850 691 4921 qualiter
711 4849 779 4903 ad
803 4849 970 4904 David
994 4850 1017 4903 ?
1042 4848 1192 4919 Resp.
1229 4849 1459 4905 Abrabm
1484 4852 1687 4905 dictum
1714 4862 1798 4907 est
1823 4867 1840 4907 :
1869 4854 1936 4907 In

385 4940 575 4992 semine
604 4948 692 4992 tuo
723 4938 1274 5005 benedicenturomnes
1299 4948 1472 5008 gentes
1502 4936 1650 5011 (Gen.
1680 4957 1815 5007 xm,
1850 4940 1938 5011 i8)

387 5036 561 5088 terrae,
618 5028 757 5095 quod
802 5035 886 5080 est
928 5026 1191 5082 Christus.
1237 5028 1404 5082 David
1439 5043 1567 5083 vero
1600 5046 1612 5080 :
1651 5028 1728 5081 De
1767 5029 1942 5098 fructu

389 5116 576 5169 ventris
605 5115 680 5167 tui
712 5130 901 5183 ponam
941 5130 1095 5184 super
1129 5117 1299 5171 sedem
1338 5127 1483 5171 tuam
1519 5115 1713 5189 (Psal.,
1754 5133 1938 5183 cum,

392 5209 499 5279 11).
530 5206 650 5261 [hee
679 5220 847 5276 pauca
884 5213 1102 5275 propter
1145 5207 1465 5263 brevitatem
1494 5209 1599 5263 diei
1642 5210 1706 5264 de
1736 5211 1945 5264 ratione

392 5300 797 5372 Evangeliorum
843 5299 1371 5379 conscriptorumque
1421 5316 1658 5367 suorum,
1698 5303 1742 5357 si
1770 5302 1946 5372 placet

395 5392 741 5447 dominationi
765 5397 977 5455 vestras,
996 5389 1099 5444 hac
1120 5390 1239 5444 vice
1256 5389 1498 5445 sufﬁcere
1514 5401 1741 5462 possunt
1765 5392 1919 5463 [ϐοά.
1930 5433 1945 5457 ,

394 5479 613 5553 potest].
663 5480 826 5534 Inter.
857 5480 1009 5536 Nunc
1055 5480 1122 5534 ad
1166 5470 1363 5536 cetera
1396 5490 1750 5539 transeamus.
1792 5482 1943 5552 Resp.

397 5571 537 5633 Eiat,
566 5581 624 5623 ut
650 5571 802 5625 dicis.

459 5697 482 5725 ι
518 5684 634 5741 Isid.
671 5682 793 5738 libr.
816 5698 869 5736 vt
900 5681 1043 5752 Orig.
1077 5699 1193 5754 cap.
1226 5684 1309 5741 19.

1997 534 2135 588 unde
2156 540 2239 586 est
2261 528 2592 599 appellatus?
2641 525 2791 593 Resp.
2819 516 3106 591 Presbyter
3133 518 3336 580 Gra‘ce,
3370 516 3557 569 Latine

1999 625 2178 680 senior
2219 622 2637 688 interpretatur;
2691 617 2794 669 non
2841 623 3019 667 tamen
3063 618 3284 681 propter
3324 616 3555 667 aetatem,

1998 714 2083 769 vel
2109 711 2433 780 decrepitam
2460 714 2812 770 senectutem,
2851 704 2943 759 sed
2974 696 3197 771 propter
3217 700 3471 753 honorem
3510 704 3567 747 et

2000 808 2334 878 dignitatem,
2364 819 2524 873 quam
2552 808 2888 870 acceperunt,
2914 800 2989 851 ita
3019 804 3296 851 vocantur.

2070 897 2236 950 Inter.
2269 894 2446 962 Quare
2473 893 2613 947 idem
2642 891 2892 945 sacerdos
2922 886 3249 957 appellatur?
3283 882 3431 951 Resp.
3464 879 3564 933 Sa-

2000 988 2192 1043 cerdos
2226 985 2369 1041 enim
2407 997 2601 1038 nomen
2631 980 2984 1050 compositum
3016 977 3177 1031 habet
3198 990 3263 1028 ex
3295 971 3481 1026 Grmco
3511 978 3566 1021 et

2002 1078 2213 1143 Latino,
2243 1075 2397 1146 quasi
2435 1086 2645 1128 sacrum
2674 1073 2826 1125 dans.
2859 1066 3121 1136 Quoniam
3149 1066 3287 1119 sicut
3315 1078 3409 1115 rex
3432 1077 3461 1113 a
3491 1074 3569 1112 rc-

2003 1170 2193 1239 gendo,
2225 1168 2297 1221 ita
2326 1164 2573 1221 sacerdos
2601 1178 2630 1215 a
2656 1159 3040 1216 sanctiﬁcando
3060 1163 3281 1212 vocatus
3303 1162 3404 1209 est.
3433 1151 3570 1205 Con-

2004 1267 2180 1315 sccrat
2203 1258 2344 1312 enim
2370 1264 2423 1309 et
2447 1252 2766 1310 sanctiﬁcat.

2625 1356 2867 1413 CAPUT-
2887 1354 2956 1409 Χ.

2656 1460 2721 1499 DE
2757 1461 2923 1499 IISSA.

2077 1541 2242 1595 Inter.
2295 1539 2452 1603 Ecce,
2504 1534 2671 1590 frater
2710 1535 2803 1598 mi,
2838 1535 2901 1588 de
2930 1534 3135 1588 ratione
3178 1531 3458 1603 graduum,
3509 1531 3573 1585 de

2010 1634 2202 1703 quibus
2230 1628 2609 1699 interrogastio,
2645 1626 2908 1680 rationem
2940 1623 3031 1678 tibi
3053 1624 3105 1677 in
3142 1622 3326 1692 paucis
3355 1621 3568 1675 deduxi.

2010 1723 2160 1778 Nunc
2180 1730 2303 1792 peto
2334 1728 2394 1775 ut
2423 1721 2685 1773 rationem
2718 1716 2911 1780 missas,
2942 1729 3061 1784 qua:
3085 1714 3152 1767 ab
3187 1713 3288 1768 illis
3330 1713 3572 1767 celebra-

2012 1824 2116 1878 tur,
2144 1824 2313 1882 quare
2347 1819 2588 1873 vocetur,
2620 1806 2750 1861 mihi
2772 1820 3028 1875 exponas.
3061 1802 3216 1873 Resp.
3250 1802 3429 1866 Certe,
3462 1803 3571 1854 fra-

2011 1916 2114 1972 ter,
2154 1905 2421 1960 diﬁicilem
2450 1917 2564 1957 rem
2607 1916 2638 1954 a
2666 1915 2752 1954 me
2783 1898 3012 1969 requiris
3043 1914 3055 1949 :
3090 1895 3184 1950 sed
3214 1902 3390 1948 tamen
3418 1902 3575 1962 prout

2010 2010 2151 2053 nunc
2178 1994 2314 2048 ratio
2355 1990 2541 2061 exigit,
2573 1988 2865 2044 secundum
2889 1984 3033 2054 quod
3054 1984 3187 2048 scio,
3219 1983 3311 2036 tibi
3352 1996 3572 2051 respon-

2011 2087 2136 2141 dere
2164 2099 2271 2138 non
2302 2082 2525 2151 negabo.

2080 2172 2245 2226 Inter.
2275 2170 2427 2226 Unde
2461 2169 2600 2223 dicta
2630 2174 2715 2221 est
2740 2165 2940 2220 missa?
2976 2162 3128 2233 Resp.
3159 2161 3242 2216 Ab
3263 2160 3574 2216 emittendo.

2012 2262 2177 2316 Inter.
2218 2260 2334 2326 Qua
2366 2258 2605 2312 ratione?
2648 2255 2802 2325 Resp.
2851 2254 3009 2307 Missa
3038 2254 3182 2307 enim
3224 2259 3461 2321 tempore
3490 2265 3577 2305 sa-

2013 2350 2342 2419 criﬁciiiest,
2372 2348 2587 2418 quando
2631 2344 3005 2401 eatechumeni
3048 2342 3194 2398 foras
3234 2344 3582 2403 mittebantur

2012 2442 2277 2497 clamante
2303 2439 2462 2494 levita
2481 2456 2493 2491 :
2512 2437 2572 2492 Si
2594 2438 2708 2506 quis
2728 2435 3126 2489 catechumenus
3149 2433 3410 2493 remansit,
3438 2431 3582 2499 {oras

2013 2530 2272 2591 mittatur,
2297 2528 2429 2597 quia
2459 2532 2798 2580 sacramento
2834 2518 3011 2594 [Cod.,
3058 2518 3416 2590 sacramenta]
3448 2518 3584 2572 alta-

2015 2622 2092 2675 ris
2134 2614 2393 2672 interesse
2423 2630 2527 2668 non
2570 2620 2815 2682 possunt,
2863 2609 2954 2677 qui
3002 2608 3240 2661 nondum
3282 2607 3582 2676 regenerati

2014 2716 2329 2764 noscuntur.
3345 2751 3352 2757 .

2088 2799 2253 2853 Inter.
2282 2796 2397 2851 Hoc
2423 2792 2770 2857 sacriﬁcium,
2798 2788 2940 2859 quod
2970 2789 3173 2854 dixisti,
3214 2803 3383 2858 quare
3405 2788 3477 2842 ita
3502 2798 3587 2843 est

2018 2886 2373 2961 appellatum?
2420 2884 2573 2954 Resp.
2607 2880 2942 2937 Sacriﬁcium
2971 2886 3055 2933 est
3079 2878 3300 2945 dictum,
3339 2894 3404 2933 eo
3443 2879 3586 2948 quod

2019 2982 2090 3037 sit
2109 2992 2323 3036 sacrum
2353 2974 2553 3030 factum
2573 3013 2588 3039 ,
2628 2972 2753 3042 quia
2795 2985 2956 3042 prece
2982 2970 3208 3041 mystica
3243 2980 3589 3026 consecratur

2021 3087 2121 3141 pro
2146 3070 2301 3125 nobis
2339 3068 2393 3120 in
2434 3064 2750 3120 memoriam
2790 3063 3081 3118 Dominieze
3108 3063 3389 3133 passionis.
3436 3061 3589 3117 Unde

2026 3166 2082 3213 et
2116 3171 2183 3211 eo
2211 3156 2432 3225 iubente
2460 3155 2783 3220 hoccorpus
2806 3160 2863 3205 et
2888 3153 3200 3222 sanguinem
3228 3150 3427 3220 Christi
3458 3151 3588 3205 dici-

2023 3260 2163 3311 mus,
2197 3244 2340 3314 quod
2368 3252 2427 3297 ut
2456 3242 2525 3297 sit
2557 3256 2622 3296 ex
2671 3240 2933 3295 fructibus
2976 3248 3139 3299 terra:
3169 3239 3589 3306 sanctiﬁcatum,

2025 3345 2079 3391 et
2103 3335 2163 3391 ﬁt
2189 3341 2582 3390 sacramentum
2600 3337 2856 3401 operante
2889 3330 3227 3386 invisibiliter
3248 3328 3450 3401 Spiritu
3472 3331 3587 3387 Dei.

2025 3424 2189 3493 Cujus
2225 3424 2381 3493 panis
2397 3431 2455 3476 et
2475 3421 2658 3475 calicis
2686 3428 3088 3476 sacramentum
3129 3419 3303 3476 Graeci
3336 3421 3593 3478 Euchari-

2026 3515 2186 3569 stiam
2233 3513 2435 3575 dicunt,
2487 3510 2643 3580 quod
2681 3508 2869 3564 Latine
2914 3510 3054 3565 bona
3108 3512 3283 3587 gratia
3331 3512 3595 3587 interpre-

2030 3611 2189 3656 tatur.
3124 3585 3133 3589 “
3545 3585 3561 3604 λ

2096 3690 2262 3744 Inter.
2300 3701 2327 3729 ι
2354 3686 2697 3744 Oﬁ'ertorium
2727 3687 2869 3742 unde
2898 3688 3159 3743 vocatur?
3179 3687 3332 3759 Resp.
3367 3688 3594 3746 Oﬁ‘erto-

2031 3779 2170 3834 riunt
2216 3779 2413 3834 dicitur
2456 3776 2673 3842 oblatio,
2714 3790 2781 3831 eo
2824 3777 2967 3846 quod
3013 3777 3273 3834 altaribus
3321 3778 3492 3835 fertur
3539 3791 3594 3837 et

2031 3868 2397 3926 sanctiﬁcatur
2424 3884 2455 3922 a
2480 3866 2863 3923 sacerdotibus.

2101 3960 2266 4014 Inter.
2292 3958 2437 4014 lnter
2464 3959 2603 4013 dona
2632 3966 2687 4012 et
2724 3971 2948 4011 munera
2984 3958 3113 4028 quid
3142 3958 3407 4015 interest?
3435 3961 3591 4034 Resp.

2032 4051 2178 4106 Dona
2208 4045 2424 4120 proprie
2464 4049 2559 4102 Dei
2609 4046 2762 4119 [Cod.
2804 4047 3020 4120 divinazj
3065 4050 3343 4115 dicuntur;
3375 4068 3598 4107 munera

2034 4126 2307 4193 hominum
2354 4146 2496 4192 sunt.
2540 4137 2705 4190 Inter.
2747 4136 2861 4202 Qua
2892 4138 3141 4192 ratione?
3188 4136 3343 4207 Resp.
3377 4138 3596 4195 Munera

2034 4232 2285 4286 dicun‘tur
2308 4229 2584 4301 obsequia,
2608 4242 2728 4297 qua:
2753 4242 3017 4298 pauperes
3044 4227 3162 4281 loCo
3190 4226 3367 4299 [Cod.,
3394 4228 3595 4303 locum]

2034 4335 2317 4375 munerum
2359 4320 2610 4375 divitibus
2657 4318 2869 4373 solvunt
2909 4337 2921 4371 :
2952 4319 3149 4373 donum
3180 4314 3378 4375 autem
3401 4360 3418 4387 ,
3457 4323 3597 4391 quod

2035 4411 2147 4467 Deo
2170 4412 2347 4465 datur.
2376 4411 2526 4467 Unde
2552 4411 2677 4466 etin
2703 4411 2912 4481 templis
2936 4412 3158 4483 donaria
3185 4414 3433 4469 dicimus.

2102 4501 2269 4557 Inter.
2319 4501 2540 4556 Munera
2595 4502 2737 4556 unde
2773 4504 3070 4557 vocantur?
3110 4503 3263 4574 Resp.
3344 4503 3601 4562 Dicuntur

2035 4610 2263 4650 munera
2305 4609 2370 4649 eo
2399 4592 2541 4662 quod
2584 4579 2830 4649 manibus
2853 4594 2938 4648 vel
2979 4592 3328 4663 accipiantur,
3357 4595 3441 4649 vel
3470 4597 3601 4651 dan-

2035 4694 2142 4738 tur.
2175 4682 2337 4736 Inter.
2384 4681 2525 4748 Quot
2559 4689 2701 4746 sunt,
2738 4697 2856 4751 qua:
2898 4681 3227 4737 oﬁ'eruntur?
3272 4683 3428 4753 Resp.
3463 4686 3596 4739 Duo.

2038 4772 2203 4827 Inter.
2246 4772 2409 4839 Qum?
2456 4771 2616 4839 Resp.
2665 4772 2871 4826 Donum
2921 4780 2976 4825 et
3027 4773 3369 4826 sacriﬁcium.
3431 4774 3595 4829 Inter.

2039 4861 2178 4928 Quid
2206 4870 2290 4916 est
2337 4858 2571 4915 donum?
2610 4858 2765 4931 Resp.
2802 4861 3010 4915 Donum
3055 4868 3157 4924 est,
3186 4862 3437 4930 quicquid
3468 4880 3601 4920 auro

2041 4960 2369 5023 argentoque
2392 4960 2483 5005 aut
2506 4950 2747 5018 qualibet
2770 4948 2871 5002 alia
2904 4950 3081 5018 specie
3108 4948 3351 5005 elﬁcitur.
3488 4936 3491 4939 ’

2113 5041 2275 5096 Inter.
2304 5041 2441 5107 Quid
2465 5047 2548 5093 est
2572 5035 2933 5093 sacriﬁcium?
2968 5036 3123 5109 Resp.
3156 5038 3493 5097 Sacriﬁcium
3520 5050 3604 5096 est

2042 5134 2259 5188 victima
2286 5141 2341 5187 et
2361 5143 2690 5199 quaecunque
2714 5128 2771 5183 in
2801 5144 2896 5183 ara
2920 5138 3249 5197 cremantur,
3276 5145 3369 5187 seu
3397 5145 3604 5199 ponun-

2047 5231 2153 5279 tur.
2178 5222 2341 5295 436
2367 5220 2502 5287 Quia
2527 5233 2707 5287 omne,
2747 5220 2889 5291 quod
2922 5220 3035 5275 Deo
3056 5220 3229 5283 datur,
3271 5229 3365 5275 aut
3394 5220 3605 5273 dicatur

2046 5322 2138 5366 aut
2176 5318 2539 5367 consecratur.
2590 5309 2754 5365 Inter.
2803 5310 2916 5377 Qua
2956 5311 3200 5366 ratione?
3244 5309 3395 5376 Resp.
3448 5306 3608 5372 Quod

2045 5402 2189 5455 enim
2237 5400 2466 5465 dicatur,
2513 5400 2738 5456 dicendo
2782 5400 2960 5466 datur,
3008 5400 3147 5453 unde
3194 5405 3249 5451 et
3284 5394 3597 5465 appellatur.

2048 5489 2201 5545 Unde
2226 5496 2440 5554 errant,
2466 5489 2556 5558 qui
2589 5492 3045 5546 consecrationem
3092 5485 3480 5543 dedicationem
3507 5498 3603 5552 pu-

2050 5587 2165 5633 tant
2222 5577 2531 5646 signiﬁcari.
2597 5578 2763 5632 Inter.
2827 5578 3122 5639 Immolatio
3180 5574 3320 5629 unde
3368 5575 3605 5632 dicitur?
