4254 6222
695 312 840 366 “55

1498 306 1558 361 B.
1600 304 1661 359 F.
1688 300 1918 359 'ALBINI
1956 297 2084 353 SEU
2126 293 2396 350 ALCUINI
2435 284 2714 346 OPERUM
2752 285 2932 343 PARS
2969 282 3101 341 VIII.

3807 278 3965 331 H56

697 428 853 498 Resp.
902 423 1293 493 lmmolatiopab
1329 419 1561 488 antiquis
1597 426 1680 472 cst
1718 416 1880 477 dicta,
1911 427 1976 466 eo
2023 409 2165 479 quod
2206 408 2258 461 in
2289 410 2334 466 Α
2362 416 2506 458 luant
2535 403 2780 463 ,laudunt
2839 399 3044 469 angeli,
3090 413 3259 467 usque
3305 397 3371 451 ad
3417 410 3542 498 cum
3594 396 3797 459 locum,
3826 391 3959 467 pubi

696 496 834 573 mola
855 514 1035 588 [Isid.,
1064 510 1225 583 mole]
1251 508 1434 564 altaris
1463 507 1690 560 victimae
1718 503 2070 588 mederentur.
2105 496 2253 588 Unde

696 616 751 661 et
777 583 1030 659 mactatio
1043 608 1163 671 post
1177 596 1612 665 immqlationem.
1636 590 1787 644 Nunc
1804 598 1981 642 autem
2013 583 2254 638 immola—

701 709 774 751 tzo
797 695 947 765 panis
969 700 1022 746 et
1046 688 1227 746 calicis
1254 685 1520 743 convenit.
2163 677 2166 680 ’

774 761 932 842 Inter.
961 782 1097 849 Quid
1120 789 1202 846 est
1221 775 1439 831 libatio?
1465 772 1620 841 Resp.
1654 767 1866 822 Libatio
1892 761 2257 843 tantummodo

701 877 882 931 calicis
911 882 994 929 est
1028 870 1244 926 oblatio.
1284 866 1435 923 Unde
1464 863 1693 918 dicitur:
1726 858 1793 911 Et
1826 855 2003 909 libarit
2038 853 2102 906 de
2130 867 2256 905 san-

703 968 855 1037 guine
874 980 989 1018 twn:
1019 958 1207 1033 (Eccli.
1231 976 1285 1022 ι,
1316 955 1435 1027 16);
1471 967 1591 1008 nam
1621 951 1790 1023 libare
1815 945 2042 1037 fundere
2062 949 2164 996 est.

777 1054 938 1107 Inter.
974 1028 1172 1105 Ilostire
1207 1046 1345 1101 unde
1370 1038 1665 1097 vocantur?
1707 1036 1863 1104 Resp.
1897 1032 2093 1086 Hostia:
2122 1028 2262 1099 apud

704 1156 912 1201 veteres
947 1141 1261 1197 dicebantur
1282 1134 1566 1197 sacriﬁcia,
1602 1144 1720 1199 qua:
1745 1126 1945 1181 ﬁebant
1978 1131 2263 1190 antequam

686 1241 773 1294 ‘ad
801 1239 1005 1293 hostem
1032 1232 1335 1304 pergerent.
1774 1217 1781 1223 ’

780 1325 940 1378 Inter.
969 1302 1263 1389 Quidsunt
1291 1315 1542 1378 victimar,
1574 1320 1827 1379 etquare
1866 1308 1937 1361 ita
1976 1302 2267 1360 vocantur?

711 1395 864 1484 Resp.
897 1412 1135 1467 Victima:
1172 1407 1417 1461 dicuntur
1446 1401 1706 1457 sacriﬁcia
1729 1441 1742 1464 ,
1774 1413 1891 1468 qua:
1934 1406 2054 1466 post
2100 1395 2269 1448 victo-

706 1506 845 1559 riam
874 1500 1092 1557 devictis
1112 1496 1353 1551 hostibus
1379 1491 1739 1547 immolabant.
1769 1488 1836 1541 Et
1860 1493 2011 1540 erant
2040 1485 2270 1538 victimas

712 1592 911 1662 majora
958 1585 1244 1650 sacriﬁcia,
1288 1596 1451 1652 quam
1496 1579 1691 1635 hostia.
1722 1577 1823 1629 Alii
1850 1576 2121 1629 victimam
2159 1573 2270 1626 dic-

710 1692 828 1735 tam.
844 1683 1180 1749 putaverunt,
1206 1673 1331 1743 quia
1356 1672 1464 1727 ictu
1483 1684 1737 1749 percussa
1758 1666 2007 1728 cadebat,
2038 1662 2119 1717 vel
2141 1663 2265 1731 quia

709 1771 889 1823 vincta
916 1766 982 1820 ad
1010 1764 1134 1818 aras
1154 1761 1467 1816 ducebatur.

785 1854 945 1909 Inter.
988 1851 1367 1906 IIolocaustum
1418 1844 1559 1899 unde
1600 1840 1857 1897 vocatur?
1905 1840 2060 1910 Resp.
2110 1836 2293 1891 lIolo—.

714 1952 955 2001 caustum
993 1952 1092 2006 est,
1133 1939 1224 1994 ubi
1261 1946 1430 1992 totum
1475 1935 1595 2005 igne
1623 1931 1975 1994 consumitur,
2023 1926 2163 1998 quod
2191 1925 2269 1980 of-

716 2034 905 2088 fertur.
964 2029 1101 2084 Holo
1151 2024 1531 2099 [61w]enim
1578 2022 1763 2075 Graece
1815 2026 1984 2073 totum
2047 2017 2267 2079 dicitur,

716 2124 735 2194 ι
766 2130 947 2181 καῦσις
976 2114 1280 2186 incensio]-:
1303 2112 1444 2167 unde
1484 2117 1541 2165 et
1572 2110 1959 2173 holocaustum,
1994 2116 2161 2162 totum
2190 2108 2271 2160 in-

716 2225 956 2267 censum.

789 2301 952 2354 Inter.
991 2297 1126 2365 Quid
1164 2304 1290 2351 sunt
1335 2292 1697 2349 cteremoniae?
1740 2289 1900 2365 Resp.
1932 2288 2275 2344 Caeremoniae

719 2394 865 2464 apud
884 2391 1104 2445 Latinos
1130 2388 1381 2442 dicuntur
1409 2399 1563 2438 sacra
1589 2383 1788 2447 omnia,
1816 2396 1934 2449 quae
1968 2380 2102 2450 apud
2128 2379 2274 2434 Grat—

669 2471 672 2475 ’
719 2500 813 2540 cos
837 2482 982 2551 orgia
1002 2486 1278 2535 vocantur.
1321 2474 1542 2543 Proprie
1570 2480 1747 2527 autem
1779 2472 1948 2524 visum
1976 2478 2060 2525 est
2086 2471 2272 2525 docto-

721 2575 870 2629 ribus
897 2587 925 2625 a
951 2568 1180 2625 carendo
1208 2566 1460 2637 appellari
1489 2562 1824 2627 caeremonia,
1865 2563 2017 2631 quasi
2046 2562 2275 2630 carimo-

724 2662 859 2723 nias,
900 2673 964 2713 eo
983 2658 1122 2727 quod
1159 2671 1243 2720 ea,
1292 2668 1410 2724 quae
1446 2654 1499 2706 in
1537 2652 1705 2706 sacris
1734 2652 1927 2705 divinis
1955 2650 2272 2713 oﬂ'eruntur,

724 2753 776 2804 in
825 2764 921 2803 suo
962 2763 1059 2801 usu
1100 2745 1155 2798 id
1193 2750 1441 2798 carerent
1487 2741 1749 2795 homines.
1794 2740 1895 2793 Alii
1929 2739 2275 2792 caeremonias

721 2836 933 2906 proprie
962 2831 1159 2905 [Cod..,
1207 2828 1444 2901 propria]
1487 2828 1541 2882 in
1585 2828 2047 2882 observationibus
2069 2825 2275 2881 Iudaeo-

726 2942 844 2980 rum
867 2924 1116 2987 crcdunt;
1167 2919 1539 2974 abstinentiam
1581 2916 1783 2971 scilicet
1806 2917 2156 2987 quarumdam
2192 2933 2278 2971 es-

727 3028 908 3069 carum
937 3011 1225 3066 secundum
1249 3015 1480 3061 veterem
1507 3006 1695 3076 legem,
1728 3020 1793 3060 eo
1819 3007 1959 3073 quod
1983 3007 2274 3060 observan-

730 3114 808 3158 tes
839 3110 1054 3157 careant
1080 3100 1162 3153 his
1188 3098 1346 3152 rebus
1367 3097 1558 3166 quibus
1583 3112 1641 3150 se
1662 3095 2035 3149 abstinuerint.

796 3193 960 3246 Inter.
991 3190 1102 3259 Ipsa
1132 3188 1292 3242 missa
1321 3202 1351 3239 a
1378 3202 1485 3255 quo
1511 3183 1756 3255 pontiﬁce
1782 3184 2006 3252 sumpsit
2031 3183 2279 3237 initium?

732 3286 886 3353 Resp.
919 3276 1125 3334 tlOrdo
1168 3285 1343 3331 autem
1385 3276 1560 3329 missa:
1596 3274 1679 3327 vel
1725 3274 2048 3335 orationum,
2087 3272 2278 3340 quibus

729 3372 905 3428 oblata
942 3370 1050 3423 Deo
1089 3365 1347 3422 sacriﬁcia
1390 3370 1799 3423 consecrantur,
1839 3362 2011 3430 prirno
2040 3375 2069 3412 a
2096 3369 2280 3414 sancto

731 3463 890 3516 Petro
933 3468 1015 3513 est
1060 3457 1350 3519 institutus,
1403 3452 1553 3520 cuius
1597 3452 2006 3505 celebrationem
2046 3465 2152 3504 uno
2194 3465 2283 3504 eo-

733 3552 959 3619 demque
987 3544 1241 3600 vocabulo
1268 3543 1544 3596 universus
1572 3541 1777 3610 peragit
1806 3541 1969 3593 orbis.

805 3641 967 3694 Inter.
1015 3636 1248 3692 Obsecro
1283 3632 1582 3700 humiliter,
1635 3630 1761 3698 quid
1790 3630 1843 3682 in
1887 3628 2072 3682 eadem
2121 3627 2281 3681 missa

737 3730 1087 3789 contineatur,
1120 3734 1177 3778 ut
1214 3723 1343 3777 mihi
1370 3722 1578 3791 aperire
1623 3734 1726 3772 non
1764 3718 2084 3787 dedigneris.
2127 3715 2280 3785 Resp.

737 3822 902 3874 Prout
920 3817 1154 3883 intelligo
1181 3814 1369 3867 dicam.
1400 3810 1456 3862 In
1483 3809 1668 3862 ordine
1694 3806 1855 3860 totius
1877 3806 2053 3858 missa:
2080 3812 2284 3872 septem

738 3910 1009 3964 orationes
1028 3885 1382 3958 continentur:
1427 3897 1590 3953 Inter.
1620 3896 1749 3962 Quae
1774 3902 1897 3947 sunt
1941 3892 2090 3946 lucc?
2132 3892 2282 3961 Resp.

738 4000 917 4054 Prima
955 3991 1259 4050 earumdem
1287 3988 1477 4051 oratio,
1506 3985 1595 4038 ubi
1626 3985 1855 4037 dicitur:
1901 3982 2155 4035 Dominus
2203 3998 2288 4035 υο-

744 4090 956 4149 biscum,
980 4082 1064 4136 vel
1092 4079 1328 4142 Oremus,
1359 4074 1649 4130 admonitio
1675 4081 1908 4141 esterga
1933 4070 2204 4140 p0pulum,
2231 4078 2289 4122 ut

745 4176 1040 4229 excitentur
1084 4171 1150 4224 ad
1189 4169 1353 4221 Deum
1403 4162 1745 4218 adorandum.
1804 4160 2047 4214 Secunda
2076 4158 2289 4227 quidem

746 4266 983 4327 collecta,
1029 4276 1146 4331 qua:
1193 4256 1427 4327 posthaec
1471 4253 1743 4321 sequitur,
1795 4250 2060 4304 invocatio
2102 4257 2185 4302 est
2226 4249 2291 4302 ad

750 4360 932 4417 Deum,
987 4361 1045 4405 ut
1081 4349 1369 4403 clementer
1427 4341 1681 4409 suscipiat
1728 4354 1915 4408 preces
1959 4337 2191 4392 ﬁdelium
2240 4348 2295 4391 et

747 4444 1041 4499 oblationes
1088 4449 1291 4507 eorum.
1345 4430 1524 4484 Tertia
1566 4436 1750 4505 autem
1788 4425 2071 4479 etl'unditur
2120 4425 2292 4479 oratio
2322 4420 2367 4478 D

748 4549 843 4605 pro
864 4507 1224 4588 offerentibus,
1256 4524 1365 4577 sive
1392 4534 1489 4589 pro
1517 4517 1779 4572 defunctis
1805 4515 2067 4581 ﬁdelibus,
2096 4517 2149 4570 in
2179 4516 2290 4571 col-

751 4629 885 4678 lecta
914 4634 1029 4690 qua:
1058 4617 1247 4670 dicitur
1274 4624 1393 4683 post
1432 4613 1678 4668 sacriﬁcii
1717 4611 2090 4680 receptionem.
2114 4619 2172 4665 ut
2198 4627 2295 4681 per

752 4716 889 4767 idem
931 4706 1105 4780 [Cod.,
1135 4701 1397 4772 eumdem]
1433 4700 1751 4755 sacriﬁcium
1789 4701 1998 4755 veniam
2043 4703 2293 4769 consequi

755 4807 1077 4855 mereantur.
1110 4793 1330 4860 Quarta,
1354 4805 1471 4860 qua:
1488 4790 1730 4858 postth
1748 4780 1973 4842 infertur
1994 4805 2089 4858 pro
2116 4790 2295 4845 osculo

757 4892 901 4960 pacis
929 4899 983 4942 et
1018 4884 1273 4940 charitate
1313 4879 1756 4937 reconciliationis
1786 4894 1815 4930 a
1850 4877 2071 4931 Sursum
2115 4880 2295 4943 corda,

759 4995 927 5048 usque
985 4994 1075 5048 per
1130 4975 1386 5029 Christum
1442 4974 1722 5028 Dominum
1782 4981 2035 5026 nostrum.
2105 4972 2298 5038 Quinta

761 5068 948 5123 deinde
967 5065 1176 5135 ponitur
1197 5063 1375 5117 inlatio
1400 5062 1575 5135 [Isid.,
1601 5060 1784 5132 illatio]
1811 5062 1862 5114 in
1884 5060 2303 5115 sanctiﬁcatione

763 5154 1063 5217 oblationis,
1090 5167 1119 5205 a
1146 5151 1276 5215 loco,
1307 5153 1394 5205 ubi
1420 5152 1612 5205 dicitur
1636 5168 1647 5202 :
1679 5149 1783 5202 Per
1808 5167 1957 5219 quem
1986 5149 2304 5218 majestatem

840 5298 865 5323 ι
894 5284 1012 5338 Isid.
1066 5283 1183 5335 libr.
1213 5298 1229 5335 ι
1261 5280 1325 5333 de
1372 5281 1571 5334 Eccles.
1620 5279 1836 5343 Officiis,
1883 5294 1999 5347 cap.
2050 5280 2137 5344 I5,
2184 5294 2305 5333 cum

774 5352 935 5409 multa
967 5352 1277 5405 diﬁ‘erentia.

842 5424 870 5461 ιι
901 5420 1012 5475 Non
1057 5420 1303 5487 dubium,
1344 5418 1470 5487 quin
1502 5416 1588 5469 hic
1616 5418 1900 5487 supplenda
1943 5418 2011 5468 sit
2050 5415 2307 5487 particula

769 5492 845 5552 in,
874 5506 975 5560 qua
999 5486 1321 5560 exprimatur
1339 5484 1654 5560 oblationem
1678 5484 2079 5560 Sanctiﬁcatam,
2101 5494 2228 5547 etc.,
2252 5484 2307 5536 in

772 5553 966 5628 corpus
982 5567 1039 5611 et
1068 5553 1400 5628 sanguinein
1432 5553 1627 5628 Christi
1654 5553 1972 5605 conformari
2001 5569 2092 5628 seu
2125 5563 2301 5628 trans-

761 5621 1003 5692 formari,
1027 5626 1167 5695 quod
1192 5621 1321 5677 nihil
1337 5622 1475 5676 aliud
1500 5630 1601 5687 est,
1625 5635 1782 5689 quam
1806 5621 2301 5674 transsubstantiari.

2355 511 2553 547 osmtna
2584 495 2638 545 in
2682 491 2891 545 excelsis
2919 490 3149 542 canitur.
3195 487 3251 541 In
3296 502 3399 555 qua
3428 484 3593 539 etiam
3626 485 3695 537 ad
3724 484 3957 537 Iaudem

2357 584 2693 637 terrestrium
2748 588 3151 643 creaturarum,
3209 565 3579 645 virtutumque
3632 575 3953 645 cmlestium

2356 664 2683 727 universitas
2702 680 3046 741 provocatur.
3072 669 3242 723 Porro
3263 676 3412 721 sexta
3436 667 3631 721 exhinc
3661 665 3904 718 succedit
3933 681 3953 715 :

2360 762 2430 816 Te
2462 764 2622 832 igitur
2652 802 2667 826 ,
2697 760 3085 815 clementissime
3116 758 3303 823 Pater,
3333 772 3453 826 qum
3482 753 3953 833 estconﬁrmatio

2360 854 2722 918 sacramenti;
2779 860 2839 906 ut
2888 851 3090 906 oblatio
3140 848 3470 904 sanctiﬁcata
3519 862 3619 916 per
3669 845 3951 915 Spiritum

2360 950 2605 998 sanctum
2628 942 2655 981 ι)
2684 956 2880 1011 corpus
2901 948 2955 994 et
2996 938 3308 1010 sanguinem
3339 935 3708 993 conformetur
3733 947 3780 987 υ.
3805 935 3953 1003 Sep-

2364 1035 2491 1088 tima
2518 1048 2648 1088 vero
2674 1032 2847 1087 oratio
2877 1039 2978 1096 est,
3012 1046 3171 1100 quam
3199 1030 3456 1084 Dominus
3486 1036 3667 1083 noster
3695 1028 3945 1096 discipu-

2362 1124 2431 1180 lis
2455 1125 2567 1179 suis
2587 1108 2816 1178 instituit
2838 1137 2992 1177 orare
3019 1120 3203 1176 dicens
3232 1136 3245 1173 :
3278 1118 3438 1174 Pater
3459 1129 3654 1185 noster,
3677 1119 3767 1188 qui
3795 1135 3847 1170 es
3884 1118 3947 1169 iu

2366 1213 2527 1269 cmiis.

2438 1305 2604 1359 Inter.
2654 1305 2749 1360 Dic
2796 1305 2926 1359 mihi
2954 1305 3058 1359 hac
3094 1303 3336 1380 oratione
3365 1309 3495 1371 quot
3531 1299 3817 1371 petitiones
3842 1300 3941 1352 ba-

2367 1397 2595 1451 bentur?
2647 1396 2801 1467 Resp.
2852 1396 2963 1467 Ego
3000 1394 3249 1465 restiondi
3293 1393 3386 1447 tibi
3429 1389 3733 1463 in'paucis.
3777 1400 3943 1461 prout

2370 1487 2513 1550 novi,
2546 1487 2804 1541 rationem
2836 1487 3035 1539 missm.
3066 1483 3230 1538 Inter.
3264 1483 3417 1537 Nunc
3443 1483 3685 1545 obsecro,
3717 1490 3776 1535 ut
3803 1482 3936 1534 mihi

2369 1577 2632 1642 similiter,
2662 1586 2822 1647 prout
2860 1576 3130 1647 intelligis,
3163 1576 3288 1644 quid
3319 1576 3371 1628 in
3403 1575 3502 1629 ista
3530 1574 3771 1627 oratione
3801 1588 3936 1625 con-

2368 1669 2618 1733 t‘lncatur,
2671 1669 2851 1723 dicere
2872 1683 2977 1721 non
3008 1668 3255 1737 abneges.
3291 1664 3447 1734 Resp.
3478 1664 3644 1719 Prout
3673 1663 3936 1732 intelligo,

2300 1744 2345 1801 Β
2374 1757 2585 1813 faciam.
2611 1759 2667 1811 In
2706 1759 2807 1813 hac
2843 1757 3087 1812 oratione
3114 1764 3315 1825 septem
3346 1753 3632 1823 petitiones
3655 1754 3938 1821 continenf

2370 1858 2475 1903 tur.
2506 1848 2669 1903 Inter.
2723 1848 2850 1915 Qum
2879 1856 3003 1903 sunt
3029 1848 3145 1903 lue?
3180 1847 3336 1917 Resp.
3388 1845 3567 1900 Prima
3619 1852 3741 1899 est:
3774 1845 3940 1897 Pater

2370 1949 2570 2000 noster,
2610 1938 2699 2008 qui
2738 1955 2790 1991 es
2838 1938 2891 1991 in
2931 1937 3103 2001 cretis,
3156 1935 3509 2003 sancti/icelur
3549 1950 3734 1986 nomen
3763 1941 3933 1985 tuum.

2371 2029 2615 2083 Secunda
2646 2047 2657 2079 :
2688 2028 2939 2081 Adveniet
2984 2043 3196 2097 regnum
3238 2034 3405 2078 tuum.
3434 2024 3611 2079 Tertia
3642 2038 3657 2076 :
3690 2020 3812 2075 Fiat
3842 2040 3930 2075 ro-

2370 2115 2543 2169 lnntas
2574 2126 2681 2178 tua,
2713 2116 2846 2169 sicut
2873 2117 2927 2168 in
2953 2115 3075 2168 caelo
3105 2124 3153 2168 et
3174 2116 3229 2167 in
3260 2124 3415 2167 terra.
3450 2112 3652 2179 Quarta
3680 2127 3694 2166 :
3737 2111 3937 2165 Panem

2373 2216 2604 2260 nostrum
2629 2207 2991 2275 quotidianum
3020 2204 3087 2258 da
3119 2205 3262 2257 nobis
3291 2204 3461 2257 hodie.
3486 2202 3681 2269 Quinta
3714 2220 3727 2255 :
3760 2201 3825 2255 Et
3854 2201 3939 2255 di-

2372 2299 2517 2352 mitte
2542 2298 2687 2351 nobis
2716 2298 2887 2351 debita
2921 2307 3117 2360 nostra,
3158 2297 3289 2349 sicut
3312 2305 3358 2348 et
3387 2312 3478 2349 nos
3507 2294 3813 2347 dimit.‘imus
3845 2293 3937 2344 de-

2373 2387 2621 2441 bitoribus
2658 2388 2867 2441 nostris.
2895 2385 3054 2440 Sexta
3085 2404 3096 2437 :
3126 2385 3190 2439 Et
3222 2402 3283 2439 ne
3308 2402 3397 2437 nos
3428 2385 3645 2438 inducas
3685 2385 3739 2437 in
3762 2392 3933 2435 tenta—

2373 2476 2583 2529 tionem.
2617 2474 2853 2544 Septima
2886 2493 2898 2528 :
2933 2474 3035 2529 Sed
3065 2474 3227 2528 libera
3257 2490 3350 2528 nos
3375 2472 3583 2527 amulo.
3736 2528 3745 2537 κ

2445 2562 2608 2616 Inter.
2653 2562 2805 2617 Nunc
2851 2564 3095 2625 obsecro,
3134 2570 3193 2614 ut
3220 2562 3369 2615 dicas
3404 2561 3552 2622 mihi,
3583 2560 3711 2629 quid
3745 2560 3799 2613 in
3844 2560 3936 2611 iis-

2376 2653 2495 2709 dem
2517 2654 2861 2723 petitionibus
2888 2652 3265 2708 contineatur?
3312 2649 3468 2720 Resp.
3497 2650 3522 2689 ά
3550 2650 3608 2704 In
3636 2650 3809 2703 tribus
3828 2650 3939 2719 pri-

2375 2745 2479 2811 mis
2497 2752 2697 2800 mterna
2723 2752 3012 2815 poscuntur
3042 2762 3054 2796 :
3088 2745 3141 2798 in
3168 2732 3779 2813 sequentibusquatuor
3804 2750 3937 2795 tem-

2363 2837 2597 2907 .poralia,
2630 2852 2747 2906 qua:
2776 2845 2952 2891 tamen
2997 2844 3213 2907 propter
3241 2844 3437 2889 aeterna
3476 2833 3814 2903 adipiscenda
3846 2847 3936 2901 pe-

2379 2933 2580 2979 tuntur.
2625 2924 2788 2979 Inter.
2818 2925 3124 2993 Quomodo?
3156 2924 3306 2994 Resp.
3334 2923 3469 2978 Nam
3503 2939 3625 2977 cum
3662 2923 3925 2976 dicimus:
3964 2934 3969 2937 ‘

2380 3014 2746 3084 Snnctiﬁcetur
2794 3031 2978 3069 nomen
3021 3012 3475 3079 tuum.‘Adreniat
3504 3029 3717 3082 regnum
3764 3020 3933 3066 tuum.

2303 3090 2349 3151 ε
2379 3102 2513 3157 Fiat
2537 3104 2771 3158 voluntas
2800 3114 2913 3169 tua,
2943 3106 3076 3159 sicut
3102 3107 3156 3158 in
3181 3104 3304 3159 caelo
3331 3114 3379 3158 et
3402 3106 3457 3157 in
3485 3114 3644 3157 terra.
3688 3103 3787 3158 llic
3812 3105 3951 3173 quit

2378 3194 2496 3247 dem
2538 3193 2639 3247 ista
2660 3195 2765 3248 tria
2793 3194 3127 3257 inchoantur,
3158 3194 3249 3247 sed
3275 3194 3329 3246 in
3368 3192 3456 3245 illa
3482 3193 3592 3244 vita
3629 3200 3936 3260 sperantur,

2376 3282 2466 3335 ubi
2494 3282 2843 3335 sanctiﬁcatio
2872 3282 2986 3343 Dei,
3036 3289 3091 3336 et
3115 3280 3360 3334 voluntas
3386 3288 3440 3335 et
3471 3294 3691 3350 regnum
3723 3279 3775 3333 in
3813 3294 3939 3332 san-

2379 3371 2477 3426 ctis
2521 3372 2630 3426 suis
2676 3371 3048 3425 immortaliter
3083 3371 3435 3440 permanebit.
3468 3367 3583 3424 Jam
3622 3385 3750 3424 vero
3786 3371 3939 3440 panis

2376 3464 2727 3533 quotidianus,
2774 3466 2863 3532 qui
2891 3464 2974 3518 vel
3003 3463 3193 3516 anima:
3221 3463 3303 3516 vel
3337 3464 3487 3516 carni
3528 3462 3801 3523 tribuitur,
3852 3462 3941 3515 hic

2380 3551 2701 3619 exposcitur.
2751 3549 2948 3621 [allio
2990 3559 3108 3619 post
3151 3551 3446 3605 subsidium
3501 3551 3627 3614 cibi,
3680 3551 3837 3605 venia
3874 3552 3942 3605 ad

2380 3639 2680 3707 exemplum
2718 3638 2967 3693 fraterna:
3017 3636 3355 3711 indulgentia:
3380 3639 3682 3708 postulatur
3715 3657 3727 3692 :
3756 3640 3847 3694 hic
3874 3653 3944 3693 ne

2380 3729 2434 3782 in
2486 3730 2690 3798 peccati
2749 3730 3094 3783 tentationem
3167 3724 3492 3793 incidamus,
3556 3727 3942 3799 exposcimus]

2382 3816 2481 3869 Ilic
2524 3824 2643 3883 post
2668 3816 2846 3869 omnia
2874 3824 2981 3869 uta
3000 3816 3153 3870 malis
3181 3816 3472 3871 liberemur
3492 3857 3508 3882 ,
3543 3816 3639 3870 Dei
3686 3816 3947 3870 auxilium

2384 3906 2744 3975 imploramus.
2776 3906 2833 3959 In
2858 3907 3025 3961 tribus
3058 3916 3256 3970 autem,
3287 3922 3405 3976 quae
3433 3906 3680 3975 superius
3702 3905 3834 3969 dixi,
3862 3907 3945 3959 ni-

2385 3994 2459 4047 hil
2490 3996 2679 4048 horum
2708 4003 2806 4049 est.
2850 3993 3010 4050 Hanc‘
3027 3997 3203 4064 itaque
3226 3997 3523 4055 orationem
3568 3993 3815 4049 Salvator
3840 3994 3949 4050 dis-

2386 4085 2587 4154 cipulos
2612 4083 2735 4139 suos
2768 4085 2963 4149 docuit,
2994 4086 3044 4139 in
3073 4101 3177 4155 qua
3204 4101 3327 4157 spes
3354 4087 3661 4141 centinetur
3687 4085 3947 4150 ﬁdelium,

2387 4182 2441 4227 et
2459 4173 2725 4230 confessio
2746 4185 3105 4245 peccatorum.

2998 4264 3219 4320 CAPUT
3244 4265 3332 4319 XI.

2924 4370 3117 4409 INCIPIT
3156 4372 3220 4409 DE
3258 4370 3396 4410 FIDE.
3470 4412 3471 4415 η

2468 4439 2629 4494 Inter.
2650 4441 2759 4495 Ista
2786 4443 3036 4511 suscipio.
3068 4442 3172 4497 Sed
3201 4444 3471 4511 quoniam,
3490 4442 3627 4497 sicut
3651 4444 3811 4507 nosti,
3840 4457 3952 4497 om-

2400 4544 2494 4584 nes
2518 4546 2613 4599 per
2643 4530 2798 4585 ﬁdem
2828 4531 3019 4586 salvari
3049 4533 3332 4597 credimus,
3366 4548 3494 4601 rogo
3520 4540 3580 4587 ut
3619 4533 3768 4587 dicas
3792 4532 3947 4595 mihi,

2368 4658 2371 4659 ν
2400 4622 2665 4691 quomodo
2699 4621 2855 4675 fidem
2894 4630 3037 4675 tuam
3066 4623 3333 4693 intelligis,
3371 4624 3455 4678 vel
3485 4623 3647 4678 etiam
3697 4623 3751 4677 in
3793 4628 3950 4691 Quem

2399 4708 2615 4761 credis?
2642 4707 2795 4778 Resp.
2834 4708 2942 4778 Ego
2977 4710 3137 4764 credo
3172 4710 3227 4763 in
3259 4711 3427 4764 Deum
3462 4709 3677 4764 Patrem
3709 4711 3951 4779 omnipo-

2400 4807 2623 4862 tentem,
2661 4808 2955 4853 creatorem
2979 4799 3100 4853 οωιί
3127 4807 3183 4853 et
3208 4809 3386 4853 terrm.

2472 4885 2635 4939 Inter.
2685 4886 2861 4953 Quare
2906 4888 3102 4941 dicitur
3121 4888 3476 4955 omnipmens,
3510 4894 3566 4941 et
3602 4902 3768 4957 quare
3806 4902 3955 4942 orca-

2404 4975 2522 5028 tor?
2550 4974 2703 5045 Resp.
2734 4973 3080 5043 Omnipotens
3112 4974 3326 5039 dicitur,
3374 4976 3496 5043 quia
3542 4978 3720 5032 omnia
3748 4984 3952 5045 potest;

2408 5073 2655 5129 creator,
2693 5080 2758 5119 eo
2801 5065 2941 5133 quod
2984 5065 3160 5119 omnia
3204 5066 3422 5129 creavit,
3475 5066 3689 5129 cmlum,
3732 5058 3957 5129 terram,

2412 5170 2559 5208 mare
2578 5164 2633 5211 et
2658 5156 2835 5209 omnia
2864 5169 2981 5222 qua:
3012 5155 3063 5208 in
3090 5155 3169 5209 cis
3197 5167 3337 5210 sunt.

2486 5297 2507 5324 ε
2535 5284 2687 5354 Apud
2716 5284 2971 5339 Isidorum
3003 5285 3038 5337 Ι.
3065 5286 3156 5339 cit.
3193 5304 3204 5338 :
3232 5284 3435 5353 corpori
3462 5292 3510 5338 et
3537 5282 3786 5354 sanguini
3810 5279 3961 5336 Chri-

2410 5355 2478 5407 sti
2501 5355 2861 5421 canﬁrmetur;
2893 5354 3033 5410 nullo
3060 5369 3237 5407 sensu.

2477 5422 2503 5462 ἀ
2532 5423 2653 5475 Isid.
2688 5424 2788 5477 Ioc.
2820 5424 2912 5476 cit.
2998 5426 3016 5438 ‘
3066 5446 3071 5451 η

2407 5558 2438 5610 d
2480 5503 2502 5529 ε
2528 5494 2654 5557 Qua:
2700 5491 2907 5545 unciis
2948 5489 3305 5555 includuntur,
3337 5488 3572 5557 suppleta
3615 5495 3830 5543 suntex
3866 5486 3959 5541 lsi-

2443 5574 2554 5610 oro.

2443 5574 2554 5613 Oi‘O.
