4254 6202
376 234 513 291 H57

1293 232 1446 296 ore.
1488 232 1717 296 eum.
1758 268 1829 280 -
1865 206 2282 295 msrurArto
2317 235 2722 297 roenouuu.

3478 239 3617 299 H58

444 348 608 403 Inter.
639 346 828 404 Credis
872 348 927 404 in
957 346 1140 405 Iesum
1171 346 1480 405 Christum?
1512 348 1669 424 Resp.
1714 348 1947 405 Omnino
1973 349 2146 409 Ater.
2200 345 2340 415 Quid
2390 347 2775 418 interpretatur
2814 346 3005 405 Latine
3019 349 3052 403 ?~
3093 347 3252 421 Resp.
3290 348 3618 408 Couvocatio

366 439 529 512 A37
555 440 721 496 credo
750 440 811 495 in
828 436 1011 496 Iesum
1044 440 1323 497 Christum
1345 439 1543 496 Filium
1570 440 1689 509 ejus
1726 440 1946 495 unicum

368 530 661 586 Dominum
698 540 967 596 nostrum,
1015 529 1109 602 qui
1151 539 1235 587 ost
1280 546 1442 587 verus
1490 531 1634 587 Deus
1686 538 1743 586 et
1785 545 1948 587 verus

366 619 548 676 homo.
578 619 745 676 Inter.
768 620 1050 688 Quomodo
1087 620 1248 689 Deus,
1277 622 1642 706 et)quomodo
1680 638 1841 678 verus
1863 630 1949 678 est

366 711 566 766 homo?
591 709 748 783 Resp.
770 712 915 769 Deus
941 728 1102 770 verus
1126 721 1229 781 est,
1250 706 1378 785 quia
1403 712 1477 769 de
1504 712 1710 786 Spiritu
1755 722 1947 771 sancto
1974 790 1977 791 ν

364 810 659 875 conceptus
683 811 787 859 est.
824 802 998 860 Homo
1024 818 1186 861 verus
1209 812 1317 871 est,
1361 803 1485 875 quia
1518 818 1585 861 ex
1628 803 1796 860 Maria
1824 806 1946 862 Vir-

274 928 279 935 ‹
364 894 490 965 ginc
513 902 673 960 natus
697 902 802 950 est.
826 894 997 949 Inter.
1027 894 1170 951 Ecce
1194 893 1737 963 illum~natum.Qnid
1757 906 1944 968 postea

363 986 565 1043 factum
586 988 709 1043 est?
750 985 908 1059 Resp.
949 988 1080 1044 Post
1101 996 1347 1045 sanctam
1378 989 1529 1063 enim
1550 985 1668 1056 ejus
1691 976 1943 1044 nativita-

363 1088 472 1133 tem
489 1083 651 1133 nitate
675 1084 733 1145 et
759 1077 1029 1148 sapientia
1066 1092 1321 1136 crescens
1348 1080 1458 1134 xx‘x
1486 1080 1657 1134 annos
1677 1078 1937 1148 implevit.

361 1166 419 1222 la
447 1183 553 1239 qua
581 1168 747 1224 etiam
786 1177 948 1226 aetate
991 1186 1023 1226 a
1047 1168 1256 1226 Joanne
1297 1170 1537 1241 Baptista
1574 1169 1826 1241 dignatus
1856 1178 1942 1237 est

361 1257 644 1328 baptizari,
683 1266 741 1316 et
759 1268 883 1331 post
908 1260 1434 1332 baptismumtribus
1454 1260 1611 1316 annis
1639 1270 1695 1317 et
1714 1260 1939 1318 dimidio

358 1350 543 1405 docuit
576 1358 633 1405 et
658 1350 976 1421 pnedicavit
997 1352 1200 1419 omnia,
1230 1366 1352 1423 qua:
1375 1352 1445 1408 ad
1482 1351 1648 1407 vitam
1676 1359 1939 1409 :etemam
1968 1408 1985 1423 ,

355 1441 646 1514 pertinent.
669 1510 679 1520 η
704 1441 873 1498 Inter.
940 1442 1071 1499 Post
1126 1442 1297 1499 hanc'
1320 1441 1762 1514 pmdicationem
1808 1442 1937 1514 quid

312 1550 317 1553 λ
357 1530 558 1586 factum
603 1532 723 1587 est?
748 1531 904 1604 Resp.
930 1533 989 1589 in
1017 1533 1133 1604 ipsa
1160 1534 1545 1605 przedicatione
1566 1535 1935 1604 “comprehen-

354 1639 447 1678 sus
474 1630 558 1679 est
593 1624 663 1680 ah
689 1624 889 1695 iniquis
913 1631 968 1680 et
992 1624 1216 1694 perﬁdis
1239 1624 1460 1691 Iudaeis,
1508 1639 1540 1679 a
1567 1625 1764 1695 quibus
1804 1640 1934 1694 pro-

2048 451 2144 493 seu
2170 439 2518 511 congregatio
2539 437 2991 508 Christianorum,
3018 441 3159 499 sicut
3189 442 3435 512 superius
3454 443 3584 498 dixi.

2116 526 2284 582 Inter.
2324 527 2514 592 Credis
2538 528 2594 584 in
2612 530 2999 587 remissionem
3039 532 3423 603 peccatorum?
3452 531 3609 602 Resp.

2043 614 2206 672 Non:
2236 618 2333 674 sed
2366 633 2487 675 esse
2510 620 2884 678 remissionem
2911 631 3253 692 peccatorum
3272 625 3456 680 credo.
3479 624 3613 693 Quia

2040 716 2264 778 propter
2290 709 2397 766 hoc
2439 710 2692 782 dignatus
2712 754 2713 757 η
2734 720 2822 767 est
2862 712 2959 769 Dei
2995 712 3163 769 Filius
3211 727 3428 770 carnem
3469 730 3618 771 assuo

2044 813 2210 862 mere,
2235 807 2297 854 ut
2325 814 2443 867 nos,
2467 800 2562 872 qui
2600 810 2824 877 propter
2851 811 3072 873 peccata
3101 811 3289 861 nostra
3333 802 3466 859 salvi
3494 818 3615 860 esse

2043 903 2152 943 non
2181 896 2512 959 poteramus,
2539 891 2656 963 ejus
2686 893 3055 951 misericordia
3082 895 3436 952 salvaremur.

2113 977 2282 1035 Inter.
2344 980 2536 1037 Credis
2586 983 2642 1038 in
2686 986 2865 1040 carnis
2914 987 3402 1044 resurrectionem?
3457 989 3610 1059 Resp.

2040 1068 2160 1125 Non
2187 1066 2352 1127 credo
2379 1072 2433 1127 in
2476 1073 2646 1139 illam,
2673 1075 2768 1130 sed
2796 1090 3014 1131 carnem
3034 1117 3049 1141 ,
3070 1092 3231 1148 quam
3276 1078 3334 1133 in
3376 1080 3477 1136 hac
3504 1081 3612 1135 vita

2037 1161 2140 1217 sub
2200 1158 2417 1246 mortali
2473 1166 2781 1223 conditione
2816 1176 3094 1237 portamus
3119 1210 3135 1233 ,
3182 1157 3611 1226 resurrecturum

2037 1265 2161 1308 esse
2184 1251 2547 1312 immortalem
2566 1257 2753 1323 credo,
2782 1266 2837 1314 et
2861 1274 2961 1330 pro
2992 1261 3267 1316 consortio
3291 1262 3484 1317 anima:
3524 1279 3612 1316 ru-

2040 1342 2241 1399 tionem
2271 1344 2626 1401 reddituram.
2654 1347 2833 1403 Vitam
2858 1356 3115 1406 mternam
3136 1365 3265 1407 vero
3298 1352 3414 1406 sine
3447 1352 3610 1408 dubio

2035 1448 2137 1489 nos
2159 1443 2547 1492 consecuturos
2582 1437 2886 1506 credamus,
2934 1441 2986 1496 si
3025 1440 3146 1507 ista,
3181 1442 3609 1513 quashucusque

2036 1526 2405 1596 exposuimus,
2434 1527 2665 1585 ﬁrmiter
2693 1538 2989 1599 teneamus,
3018 1539 3075 1587 et
3100 1533 3354 1603 operibus
3383 1532 3609 1590 ﬁdeliter
3670 1540 3683 1553 ‘

2036 1618 2374 1689 impleamus.
2391 1615 2397 1621 ’

353 1723 476 1782 pter
498 1713 755 1771 invidiam
778 1714 997 1772 illorum
1016 1722 1072 1771 et
1089 1722 1311 1787 propter
1325 1723 1550 1786 peccata
1579 1723 1767 1771 nostra
1790 1714 1930 1770 mul-

2036 1727 2097 1785 εἰ
2131 1714 2368 1801 ejusdem
2408 1733 2535 1806 ﬁdei
2562 1735 2818 1806 rationem
2854 1734 3057 1806 plenius
3106 1752 3257 1792 nosse
3306 1702 3603 1800 desideras,

354 1812 439 1859 tas
478 1804 857 1874 blasphemias,
911 1805 1245 1885 multasque.
1262 1806 1543 1876 passiones
1591 1806 1690 1862 sub
1738 1804 1932 1861 Potitio

351 1891 542 1959 Pilato,
590 1895 681 1965 qui
719 1894 887 1966 judex
920 1901 1039 1950 erat
1060 1893 1424 1966 illo-tempore
1456 1892 1736 1971 in_Juda3a,
1767 1894 1931 1950 susti-

351 1986 487 2041 nuit.

321 2125 330 2131 .
422 2075 588 2132 Inter.
643 2076 796 2133 Unde
842 2077 1043 2133 dicitur
1083 2074 1336 2134 Pontius?
1371 2075 1532 2149 Resp.
1573 2076 1618 2132 Δ
1661 2078 1805 2145 loco,
1835 2078 1928 2135 ubi

352 2176 512 2225 natus
542 2166 673 2234 fuit,
716 2169 841 2235 hoc
868 2182 1066 2224 nomen
1113 2167 1361 2239 accepit...
1390 2166 1569 2223 Inter..
1614 2168 1753 2236 Quid
1806 2176 1931 2239 post

352 2260 505 2314 haec?
540 2257 697 2331 Resp.
736 2258 849 2315 Sub
880 2258 970 2313 illo
1009 2258 1152 2315 enim
1190 2256 1484 2317 cruciﬁxus
1516 2266 1620 2321 est,
1651 2266 1707 2313 et
1745 2258 1801 2313 in
1829 2274 1924 2314 ea-

349 2351 471 2407 dem
515 2367 677 2408 cruce
710 2359 983 2422 mortuus.
1007 2351 1211 2406 Deinde
1257 2350 1498 2422 sepultus
1524 2359 1632 2416 est,
1679 2359 1751 2414 et,
1808 2366 1925 2405 ma—

348 2447 513 2497 nente
539 2456 767 2513 corpore
810 2441 865 2496 in
910 2442 1190 2513 sepulcro,
1232 2442 1413 2497 attinia
1445 2442 1562 2513 ejus
1600 2442 1669 2498 ad
1715 2435 1923 2498 inferna

348 2532 649 2598 descendit,
670 2533 735 2588 de
750 2547 856 2604 quo
871 2532 1081 2589 inferno
1097 2522 1313 2589 sanctos
1325 2534 1682 2604 patriarchas,
1708 2536 1760 2591 id
1776 2544 1919 2603 sunt,

346 2621 648 2687 Abraham,
675 2622 827 2677 lsaac
874 2631 929 2678 et
980 2621 1168 2689 Jacob,
1219 2631 1277 2679 et
1320 2632 1537 2680 sanctos
1586 2627 1918 2696 prophetas,

345 2713 573 2777 lsaiam,
609 2712 931 2779 Jeremlam,
982 2720 1037 2767 et
1064 2714 1319 2784 reliquos,
1353 2730 1417 2771 ac
1443 2717 1667 2772 caeteros
1707 2727 1917 2785 omnes,

345 2823 481 2877 quos
508 2807 687 2877 elegit,
720 2804 1143 2862 misericorditer
1178 2805 1447 2874 liberavit,
1479 2815 1536 2863 et
1558 2810 1731 2865 victor
1757 2811 1915 2867 tertia

344 2897 433 2952 die
463 2912 492 2950 a
524 2897 751 2952 mortuis
782 2897 1098 2953 resurrexit.
1751 2942 1759 2953 .
1931 2889 1938 2895 ’

415 2986 582 3042 Inter.
633 2989 922 3059 Postquam
974 2989 1313 3056 resurrexit,
1358 2990 1490 3061 quid
1541 2991 1703 3048 fecit?
1756 2991 1913 3065 Resp.

2425 1804 2487 1858 in
2515 1804 2697 1859 ordine
2720 1804 2952 1875 sequenti
2972 1805 3215 1862 inrenies.

2104 1907 2272 1969 Inter.
2320 1911 2419 1968 Dic
2465 1912 2619 1998 mihi,
2664 1912 2988 1983 symbolum,
3040 1914 3094 1968 in
3135 1930 3243 1984 quo
3271 1917 3385 1970 hinc
3412 1916 3600 1973 eadem

2032 2002 2167 2060 ﬁdes
2192 2004 2519 2071 continetur,
2544 2002 2701 2073 cujus
2728 2004 2904 2077 lingua
2930 2006 3186 2061 vocatur?
3209 2005 3274 2060 Et
3312 2022 3419 2077 quo
3465 2015 3596 2060 tein—

2029 2109 2180 2164 pore,
2211 2095 2358 2150 vela
2383 2095 2578 2166 quibus
2605 2095 2913 2151 auctoribus
2958 2096 3031 2151 sit
3071 2098 3448 2168 compositum.
3502 2095 3597 2151 Vel

2028 2185 2213 2251 etiam,
2242 2186 2334 2257 qui
2357 2186 2484 2241 illud
2506 2196 2944 2258 composuerunt,
2988 2203 3218 2257 quormn
3267 2190 3376 2244 sint
3416 2205 3599 2244 exem-

2027 2274 2174 2345 plum
2205 2275 2524 2331 consecuti?
2553 2275 2710 2348 Resp.
2742 2275 2920 2342 Certe,
2963 2277 3147 2345 frater,
3184 2294 3306 2334 cum
3341 2280 3481 2335 scias
3515 2296 3600 2335 me

2026 2382 2254 2437 parvum
2279 2382 2385 2423 non
2420 2366 2593 2424 solum
2615 2382 2862 2438 corpore,
2903 2370 2995 2425 sed
3025 2378 3081 2426 et
3105 2385 3287 2435 sensu,
3312 2369 3466 2426 valde
3494 2370 3598 2426 dif-
3624 2432 3631 2437 _

2027 2458 2222 2517 ticilem
2250 2461 2511 2517 rationem
2546 2475 2576 2515 a
2617 2476 2705 2516 me
2731 2462 2984 2531 requiris,
3029 2462 3125 2517 scd
3168 2472 3348 2518 tamen
3385 2472 3601 2533 propter
3659 2505 3665 2511 .

2026 2554 2266 2625 ejusdem
2297 2552 2421 2609 tidei
2458 2553 2797 2609 dilectionem
2831 2568 2915 2616 ea,
2955 2568 3075 2621 qua:
3106 2553 3173 2608 de
3222 2552 3309 2607 illa
3341 2553 3601 2608 Dominus

2025 2645 2157 2701 mihi
2185 2643 2563 2700 administrare
2597 2644 2863 2713 dignatur,
2898 2644 2991 2698 tibi
3015 2643 3249 2713 pandere
3294 2630 3401 2697 non
3438 2645 3600 2697 dcnc-

2026 2736 2181 2807 gabo.
2231 2735 2397 2791 Inter.
2429 2735 2544 2790 Nisi
2573 2735 2721 2790 enim
2751 2742 2897 2790 tuam
2926 2734 3266 2807 dilectionem
3312 2733 3470 2788 talem
3509 2749 3598 2786 co-

2024 2842 2363 2901 gnoscerem,
2390 2841 2729 2897 nequaquam
2753 2826 2880 2881 talia
2917 2842 2947 2881 a
2989 2834 3044 2881 te
3064 2826 3352 2895 requirere
3380 2823 3593 2879 debuis-

1950 2922 1961 2929 “
2024 2932 2159 2975 sem.
2191 2916 2346 2988 Resp.
2373 2916 2686 2989 Symbolum
2714 2928 2945 2986 namque
2979 2931 3172 2972 nomen
3220 2924 3302 2971 cst
3328 2914 3596 2979 Gl‘ﬂ‘Cllltl,

2023 3010 2165 3081 quod
2192 3010 2383 3065 L‘atine
2410 3010 2627 3065 collatio
2651 3009 2892 3079 pecuniae
2921 3010 3324 3077 interpretatur,
3361 3006 3500 3075 quod
3543 3013 3597 3057 rt

345 3077 472 3135 Post
500 3078 893 3136 nobilissimam
925 3082 1071 3140 enim
1100 3089 1157 3136 et
1183 3084 1583 3139 sanctissimam
1611 3084 1725 3152 ejus
1741 3101 1919 3140 resur~
1947 3071 1995 3136 C
2022 3071 2166 3155 503,,
2215 3099 2445 3171 apostoli
2495 3108 2620 3168 post
2652 3071 3078 3169 'suscepuoncm'
3113 3096 3346 3167 spiritus
3378 3071 3551 3149 sancti
3579 3134 3592 3153 ,

345 3173 637 3229 rectionem
672 3181 1023 3228 conversatus
1049 3182 1134 3229 est
1160 3190 1227 3230 ιι.
1255 3175 1469 3242 diebus,
1494 3186 1550 3231 et
1576 3193 1642 3233 iu.
1673 3178 1919 3233 noctibus

2020 3190 2335 3262 priusquam
2364 3189 2433 3244 ab
2467 3188 2699 3244 invicem
2725 3194 3121 3259 separarentur,
3156 3201 3251 3255 pro
3280 3177 3433 3255 signo
3471 3184 3593 3237 lidci

342 3282 468 3321 cum
495 3265 776 3334 discipulis
803 3265 935 3329 suis,
966 3273 1022 3320 et
1047 3266 1389 3321 manducavit
1411 3283 1536 3323 cum
1575 3266 1713 3335 illis,
1752 3269 1919 3324 multa

2022 3288 2457 3352 composuerunt.
2498 3279 2605 3335 Sed
2650 3294 2877 3351 quorum
2908 3276 3212 3348 exemplum
3244 3278 3296 3332 in
3324 3278 3425 3333 hoc
3457 3275 3594 3331 facta

341 3358 541 3414 docens
569 3369 625 3414 et
658 3359 883 3427 loquens
915 3358 983 3413 de
1020 3371 1188 3429 regno
1222 3358 1339 3414 Dei.
1542 3368 1553 3383 '

2021 3371 2251 3428 fuissent
2275 3371 2490 3438 imitati,
2516 3371 2811 3426 secundum
2838 3369 2980 3441 quod
3009 3368 3134 3440 legi,
3163 3370 3398 3423 breviter
3418 3375 3595 3423 oslcn-

412 3449 578 3503 Ῑηισν·
609 3449 751 3516 Ουῖά
779 3450 1003 3518 Ροδῑοθῗ
1034 3448 1192 3520 Resp-
1238 3449 1363 3506 P05t
1391 3452 1507 3506 hinc
1557 3467 1687 3507 νθνο
1726 3452 1918 3508 Vidcn-
2020 3463 2163 3517 dam.
2231 3462 2487 3530 Quasdam
2542 3461 2849 3517 Israelitica:
2896 3460 3070 3515 tribus
3123 3455 3271 3514 cum'
3307 3459 3591 3513 adversum

340 3540 486 3595 tibus
521 3540 629 3595 illis
656 3541 899 3596 ascendit
932 3542 987 3595 in
1034 3541 1251 3606 omium,
1288 3543 1377 3596 ubi
1410 3544 1680 3611 quomodo
1709 3544 1826 3599 vult
1860 3553 1918 3599 et

2017 3568 2078 3608 se
2100 3552 2309 3606 civibus
2332 3549 2538 3622 [Forte,
2570 3550 2740 3621 civili]
2774 3550 2959 3620 prailio
2983 3550 3345 3611 decertarent,
3376 3556 3429 3600 ct
3470 3561 3593 3615 pro-

341 3630 574 3701 qualiter
603 3631 740 3696 vult,
784 3631 935 3685 sedet
983 3631 1052 3684 ad
1088 3631 1364 3686 dexteram
1392 3631 1489 3687 Dei
1520 3632 1698 3688 Patris
1742 3635 1916 3688 omni-
2016 3652 2140 3712 pter
2169 3632 2327 3696 unius
2353 3639 2532 3711 populi
2558 3637 2769 3711 [SuppL
2797 3653 2948 3691 arma
2977 3636 3060 3691 vel
3107 3634 3304 3705 simile]
3334 3635 3414 3689 γει
3437 3635 3590 3690 habt-

341 3721 595 3792 ιιοιειιιίει
1462 3758 1465 3761 λ
1898 3800 1911 3805 _
2019 3741 2132 3787 tum
2154 3731 2296 3787 inter
2315 3731 2574 3788 bellantes
2613 3730 2870 3785 discretio
2902 3743 3161 3785 esse-non
3189 3737 3389 3800 posset,
3418 3730 3591 3786 tribus

410 3812 576 3868 Ιηιενο
621 3811 760 3879 Ουίά
802 3812 1039 3883 Ροδῑῗιῖεθ
1067 3812 1310 3869 famulus
1337 3814 1475 3870 erit?
1525 3812 1681 3885 Resp.
1734 3814 1913 3871 Finito
2014 3822 2124 3889 illa,
2149 3822 2234 3878 cui
2250 3822 2447 3893 justior
2474 3827 2593 3876 erat
2618 3818 3085 3892 causapugnaudi,
3118 3829 3173 3875 et
3199 3836 3294 3891 per
3316 3819 3408 3874 Dei
3438 3820 3590 3872 auxi-

340 3896 522 3958 iuutidi
553 3904 783 3958 termino
807 3919 934 3972 cum,
959 3904 1075 3973 ipso
1102 3918 1349 3975 corpore,
1382 3921 1505 3960 cum
1531 3920 1639 3975 quo
1665 3905 1914 3964 ascendit
2013 3912 2145 3968 lium
2181 3913 2462 3968 victoriam
2493 3928 2560 3983 se_
2576 3912 2777 3967 habere
2817 3911 3058 3983 putabat,
3109 3910 3442 3981 signaculum
3488 3911 3585 3967 sibi

292 3998 297 4003 '
339 3993 394 4047 in
432 3992 650 4056 coelum.
682 4000 940 4047 venturus
967 4001 1051 4048 est
1094 3994 1342 4064 iudicare
1372 3994 1523 4049 vivos
1549 4005 1605 4049 et
1646 4005 1907 4051 mortuos.
2010 4005 2245 4061 certoin
2290 3979 2560 4060 sermone.
2590 4003 2890 4069 constituit,
2914 4013 2973 4057 ut
3013 4019 3147 4073 quos
3182 4004 3340 4056 unius
3374 4002 3588 4056 habitus

338 4080 502 4135 Inter.
548 4080 650 4148 Qui
681 4089 807 4135 sunt
834 4081 940 4136 vivi
970 4089 1026 4135 et
1052 4083 1144 4151 qui
1166 4091 1295 4137 sunt
1318 4084 1550 4138 mortui?
1583 4083 1739 4155 Resp.
1789 4086 1909 4141 Vivi
2008 4104 2064 4149 et
2086 4110 2195 4149 una
2236 4109 2507 4149 armorum
2536 4094 2837 4165 similitudq
2869 4093 3185 4148 confuderat
3232 4090 3383 4164 [ϐοά
3405 4134 3420 4157 ,
3459 4108 3587 4147 con-

328 4173 494 4243 justi;
529 4174 725 4228 monui
764 4182 1092 4244 peccatores.
1942 4180 1945 4183 “
2008 4179 2296 4254 lbnderat],
2340 4180 2650 4237 secretioris
2676 4183 2825 4237 verbi
2867 4182 3226 4253 distingueret
3274 4199 3585 4242 sacramen-

404 4266 569 4322 Inter.
598 4266 787 4323 Credis
809 4267 865 4321 in
906 4265 1166 4337 Spiritum
1190 4269 1479 4324 sanctum?
1524 4266 1682 4342 Resp.
1726 4269 1901 4327 Credo
2007 4288 2142 4334 tum.
2181 4278 2333 4347 Quod
2366 4285 2421 4343 et
2441 4277 2584 4333 beati
2608 4276 2856 4348 apostoli,
2881 4277 2969 4347 qui
3005 4275 3302 4332 Ecclesium
3336 4277 3425 4333 Dei
3453 4295 3583 4334 con-

333 4361 447 4415 sine
478 4361 639 4416 dubio
668 4360 721 4415 in
748 4359 1013 4432 Spiritum
1037 4369 1305 4425 sanctum,
1344 4361 1436 4432 qui
1462 4362 1602 4417 idem
1635 4362 1779 4419 Deus
1820 4373 1908 4420 est
1940 4420 1983 4433 _
2011 4380 2096 4426 tra
2127 4370 2386 4426 malitiam
2411 4368 2659 4424 diabolici
2707 4366 2904 4425 furoris
2950 4369 3258 4433 armabant,
3295 4379 3347 4422 ct
3397 4368 3583 4423 defcnv

333 4461 386 4505 et
412 4452 467 4505 in
485 4451 749 4505 Trinitate
777 4452 932 4504 tertia
971 4467 1223 4522 persona.
1265 4452 1401 4520 Quia
1430 4453 1537 4509 alia
1559 4464 1644 4509 est
1672 4470 1904 4525 persona
1936 4441 1989 4482 υ
2008 4477 2162 4518 sares
2193 4475 2258 4516 ac
2285 4469 2710 4531 propugnatores
2755 4460 2897 4515 illius
2925 4441 3084 4515 erant
3131 4460 3316 4524 futuri,
3350 4460 3449 4513 hoc
3498 4474 3582 4511 sc—

333 4541 529 4606 Patris,
556 4542 658 4595 alia
688 4540 829 4606 Filii,
865 4541 972 4595 alia
1008 4542 1244 4611 Spiritus
1275 4545 1466 4599 sancti.
1494 4545 1550 4599 ln
1589 4561 1696 4615 qua
1722 4546 1903 4601 Trini-
2005 4559 2233 4624 quentes
2268 4550 2569 4622 exemplum
2600 4550 2911 4623 mysterium
2938 4549 3174 4620 symboli
3227 4548 3578 4603 tradiderunt.

334 4639 443 4686 tate
467 4647 629 4685 unum
658 4630 828 4685 Deum
859 4631 1077 4703 omnino
1097 4646 1217 4686 esse
1241 4634 1405 4688 credo
1435 4642 1489 4689 et
1514 4636 1792 4691 conﬁteor.

403 4723 570 4778 Inter.
603 4722 789 4777 Credis
831 4721 887 4775 in
940 4729 1180 4776 sanctam
1229 4721 1524 4777 Ecclesiam
1579 4727 1900 4782 catholicam

329 4822 383 4866 ct
407 4813 458 4864 in
491 4821 800 4866 sanctorum
830 4813 1298 4875 communionem?
1336 4810 1492 4883 Resp.
1539 4815 1669 4871 Esse
1698 4819 1899 4873 etenim

332 4914 571 4960 sanctam
612 4904 929 4972 Ecclesiam,
976 4906 1070 4960 sed
1106 4906 1160 4959 in
1204 4904 1347 4959 illam
1392 4922 1496 4960 non
1540 4911 1723 4975 credo,
1772 4912 1896 4981 quia

332 5015 435 5053 non
466 4999 626 5062 Deus,
650 4996 744 5051 sed
774 5000 1092 5057 convocatio
1125 5015 1218 5055 seu
1256 5001 1599 5072 congregatio
1636 5001 1899 5058 Cli.istia-

330 5108 518 5146 norum
544 5088 671 5163 [est]
709 5089 845 5143 sicut
881 5093 1128 5159 superius
1170 5104 1195 5132 ι
1220 5093 1361 5162 piri.
1414 5091 1578 5145 Inter.
1626 5093 1764 5159 Quid
1816 5104 1897 5150 est

328 5184 624 5240 Catholica?
654 5181 807 5250 Resp.
845 5179 1205 5246 Universalis,
1246 5183 1297 5236 id
1342 5192 1443 5245 est,
1471 5200 1565 5254 per
1598 5194 1767 5237 totum
1801 5200 1893 5238 or-

250 5266 271 5276 ’
328 5275 446 5330 bent
487 5274 698 5328 diffusa.
734 5272 1052 5328 Sanctorum
1081 5275 1533 5340 communionem,
1566 5275 1614 5329 id
1644 5284 1744 5338 cst,
1771 5292 1893 5330 cum

327 5370 529 5423 sanctis
568 5369 881 5421 societatem
927 5376 981 5419 et
1018 5368 1445 5421 communionem
1473 5369 1671 5423 habere
1715 5370 1894 5432 credo,

328 5459 368 5511 si
412 5457 565 5511 (idem
592 5456 817 5521 firmiter
858 5462 1158 5509 tcuucrOt‘t
1192 5458 1445 5524 operibus
1469 5474 1769 5513 scnmcro.
1808 5458 1896 5513 ln-

329 5560 429 5602 ter.
470 5548 707 5602 Ecclesia
745 5562 847 5614 qua
883 5548 1063 5638 iligna
1095 5546 1329 5601 dicitur?
1362 5549 1512 5621 Rrsp.
1541 5552 1746 5607 Gnrca.
1809 5550 1896 5606 1η-
1928 5584 1929 5587 η

400 5678 421 5704 ει
456 5663 635 5719 Potius
683 5660 905 5716 inferius
934 5660 1076 5715 circa
1108 5659 1284 5715 linem.

2004 4645 2071 4699 Et
2100 4644 2225 4714 quia
2270 4644 2372 4700 sub
2416 4658 2523 4698 uno
2567 4642 2785 4697 nomine
2831 4633 3030 4697 Christi
3083 4639 3413 4695 credentium
3464 4648 3583 4691 crat

2004 4736 2184 4792 futura
2221 4736 2535 4798 diversitas,
2576 4732 2908 4804 signaculum
2943 4730 3175 4799 symboli
3222 4729 3362 4782 inter
3397 4728 3580 4784 ﬁdeles

2001 4829 2347 4900 perﬁdosque
2394 4833 2736 4891 sewrncret,
2792 4823 2914 4893 quis
2963 4820 3137 4875 tidclis
3174 4821 3360 4890 quisve
3409 4819 3580 4876 hostis

2003 4930 2287 4994 appareret
2320 4919 2587 4975 Ecclesire.

2074 5016 2240 5069 Inter.
2275 5010 2442 5065 Valde
2472 5008 2688 5079 placent
2711 5022 2830 5075 quae
2860 5006 3013 5071 dicis,
3064 5007 3107 5061 si
3142 5016 3317 5063 tamen
3360 5005 3573 5060 nomina

2003 5108 2213 5161 illarum
2237 5102 2492 5167 tribuum,
2518 5114 2816 5168 nomenque
2843 5098 3037 5167 secreti
3074 5099 3353 5162 sermonis,
3381 5098 3445 5150 de
3468 5112 3577 5165 quo

2001 5199 2236 5257 dixeras,
2278 5190 2514 5245 indicare
2554 5190 2838 5245 voluisses.
2896 5189 3048 5262 Resp.
3089 5189 3144 5245 Si
3171 5192 3271 5243 rite
3300 5188 3574 5251 recordor,

2002 5287 2213 5345 faciam,
2264 5284 2403 5352 quod
2452 5284 2652 5352 petisti.
2689 5281 2821 5336 Cum
2851 5280 3004 5352 Jcptc
3055 5281 3160 5334 dux
3191 5279 3433 5349 iustioris
3474 5280 3573 5333 tri-

2003 5381 2100 5431 bus
2145 5373 2345 5428 Galaad
2398 5374 2738 5443 cognovissct
2791 5372 3035 5425 inimicos
3088 5367 3236 5435 cjus,
3289 5370 3456 5422 tribus
3497 5370 3574 5424 vi.-

1999 5467 2191 5520 dclicct
2240 5462 2479 5527 Ell‘raim,
2535 5463 2792 5518 adversus
2845 5476 2901 5514 sc
2951 5459 3256 5525 advenisse,
3290 5461 3573 5530 occupavit

1997 5557 2248 5612 continuo
2276 5555 2409 5609 vada
2442 5554 2713 5614 Iordanis,
2753 5567 2848 5621 per
2873 5568 2989 5621 quae
3028 5552 3098 5607 illi
3148 5552 3338 5607 revorti
3377 5552 3575 5611 dcbues
