4254 6206
722 234 857 288 H59
945 285 951 290 _
1074 222 1080 227 ’
1505 229 1565 284 Β.
1605 230 1663 284 F.
1704 228 1926 284 ALBINI
1977 226 2108 282 SEU
2146 223 2421 281 ALCUINI
2458 224 2739 283 OPERUM
2778 225 2954 281 PARS
2998 227 3123 283 Vlll.
3821 233 3979 287 “to

721 352 862 409 rant.
895 339 993 406 Qui
1022 340 1145 393 dum
1174 354 1233 392 se
1253 348 1528 408 superatos
1556 347 1955 409 cognoscerent,
1973 347 2028 390 et
2053 336 2119 391 de
2144 350 2277 404 prie.-
2299 337 2351 396 Δ
2377 345 2450 388 est
2474 336 2537 389 de
2561 334 2758 407 Spiritu
2786 349 2967 392 sancto
3004 350 3157 394 natus
3184 356 3247 395 ex
3280 342 3453 397 Maria
3492 341 3726 416 Virgine.
3778 343 3976 414 Spiri-

723 432 794 484 lio
816 429 1079 497 fugientes
1107 443 1201 497 per
1218 429 1405 491 eadem
1427 429 1559 483 vada
1583 429 1810 483 evadere
1839 428 2275 491 volentestrans-
2380 437 2489 480 tum
2516 426 2685 481 Deum
2713 444 2833 489 esse
2869 430 3120 485 Salvator
3164 434 3276 502 ipse
3305 450 3404 489 nos
3428 436 3609 493 docuit
3656 436 3855 492 dicens
3908 440 3973 490 in

721 521 883 575 eundi
918 519 1183 573 licentiam
1211 520 1581 595 postulabant,
1607 520 2109 587 interrogabantque
2139 533 2231 572 eos
2259 537 2271 571 :
2375 518 2663 590 Evangelio
2694 540 2709 575 :
2750 522 2887 589 Quia
2935 523 3161 595 Spiritus
3207 526 3350 581 Deus
3382 538 3457 582 est
3486 528 3669 599 (Joan.
3714 547 3787 594 tv,
3837 532 3964 597 94’).

727 610 876 665 Unde
919 610 1087 664 estis?
1119 609 1235 676 .Qui
1258 602 1664 680 respondentes,
1693 613 1760 665 de
1792 610 2011 675 Galaad.
2047 610 2273 663 Statim-
2374 608 2440 662 Et
2465 610 2586 665 ideo
2621 620 2806 665 natum
2852 612 3125 668 Christum
3147 615 3213 670 de
3258 616 3461 686 Spiritu
3510 629 3699 674 sancto
3737 630 3789 674 et
3846 620 3969 674 Ma—

722 712 824 765 que
854 698 957 751 illis
999 698 1313 752 dicebatur:
1350 699 1407 761 Si
1442 700 1507 753 de
1536 698 1738 754 Galaad
1766 700 1918 762 estis,
1952 699 2115 753 dicite
2144 713 2275 767 ergo
2377 696 2455 749 ria
2514 699 2734 774 Virgine
2784 702 3124 757 conﬁtemur.
3178 704 3437 773 Spiritum
3494 716 3738 763 sanctum
3768 712 3959 772 audis,

721 788 978 853 Seba/eth,
1006 789 1152 857 quod
1201 790 1601 859 interpretatur
1629 792 1795 859 spica.
1830 790 1981 855 Quod
2023 805 2145 843 cum
2190 790 2273 843 di-
2375 802 2433 848 ut
2476 806 2688 864 partum
2736 798 2884 853 illum
2925 801 3227 855 mirabilem
3277 804 3435 857 simul
3475 813 3530 859 et
3570 805 3958 873 inculpabilem

719 893 841 932 cere
867 894 973 932 non
996 889 1261 949 poterant,
1296 882 1540 949 protinus
1568 882 1742 949 capite
1768 880 2171 959 truncabantur,
2218 888 2277 931 ιιι
2375 900 2745 957 recognoscas.
2804 888 3067 956 Quoniam
3128 892 3351 947 cmlcste
3397 902 3479 947 est
3524 896 3665 963 quod
3711 896 3961 964 Spiritus

719 970 914 1022 secreti
950 969 1214 1024 sermonis
1262 971 1458 1045 veritas
1499 971 1833 1039 probaretur.
1866 968 1963 1039 Ii‘ic
2007 976 2090 1021 est
2133 967 2274 1020 enim
2376 977 2504 1043 agit,
2528 986 2581 1029 et
2610 978 2920 1032 inviolatum
2947 981 3086 1049 quod
3110 992 3329 1038 sanctus
3365 993 3636 1053 operatur.
3661 984 3795 1039 Nam
3822 1002 3956 1039 cum

719 1074 898 1112 sermo
933 1068 1195 1123 secretus,
1224 1074 1382 1135 quem
1419 1058 1778 1143 Calaaditides
1823 1059 1921 1111 sibi
1968 1073 2062 1126 pro
2114 1057 2278 1127 438
2377 1066 2707 1134 unigenitum
2737 1069 2829 1123 Dei
2864 1070 3140 1125 hominem
3186 1071 3300 1127 ﬁeri
3331 1075 3710 1143 redemptionis
3747 1085 3956 1129 nostra:

719 1148 873 1217 signo
898 1149 1307 1203 constituerunt.
1344 1149 1425 1203 Ad
1454 1149 1606 1216 cujus
1635 1140 2034 1201 similitudinem
2060 1149 2161 1201 nisi
2184 1147 2278 1201 fal—
2376 1158 2669 1212 necessitas
2693 1158 2973 1228 ﬂagitaret,
3002 1161 3104 1215 hoc
3138 1162 3435 1237 nativitatis
3465 1140 3575 1219 sua:
3602 1165 3951 1235 privilegium

718 1237 819 1301 lor,
849 1237 1127 1308 prmfatum
1161 1238 1457 1309 symbolum
1499 1239 1638 1293 beati
1678 1238 1904 1307 apostoli
1944 1238 2278 1306 conscripse-
2376 1246 2605 1314 propria:
2627 1247 2920 1303 divinitatis
2942 1248 3013 1319 [F
3016 1261 3142 1314 orte,
3161 1254 3377 1321 propria
3399 1254 3945 1326 divinitatejinvexit,

719 1337 864 1392 runt,
905 1330 963 1383 ut
985 1331 1126 1383 inter
1155 1329 1339 1385 ﬁdeles
1360 1338 1413 1383 et
1437 1328 1676 1385 inﬁdeles
1716 1330 1998 1389 Ecclesiae,
2023 1329 2163 1382 sicut
2190 1344 2279 1380 su-
2376 1342 2436 1389 ut
2457 1335 2524 1391 de
2549 1336 2756 1407 virgine
2781 1347 3113 1393 nasceretur.
3144 1340 3245 1406 Qui
3272 1341 3415 1395 enim
3448 1343 3694 1396 veniebat
3737 1344 3947 1398 invete-

717 1420 901 1488 perius
944 1419 1146 1473 dictum
1198 1427 1325 1482 est,
1377 1418 1656 1473 veritatem
1710 1416 2040 1472 credulitatis
2080 1417 2283 1471 disecr—
2380 1434 2551 1480 ratam
2578 1429 2814 1495 peccatis
2842 1429 3117 1484 hominum
3142 1446 3401 1486 renovare
3445 1441 3717 1498 naturam,
3747 1450 3949 1489 ηονεηη

718 1525 847 1564 nere
892 1511 1217 1579 potuissent;
1261 1510 1547 1580 incipiente
1589 1511 1746 1564 beato
1784 1508 2117 1577 Petro,~qui
2158 1508 2273 1562 ait:
2380 1513 2549 1583 legem
2602 1518 2766 1571 voluit
2823 1520 3022 1574 habere
3073 1522 3346 1575 nascendi,
3410 1521 3722 1593 unigenitus
3784 1523 3950 1591 igitur

718 1598 886 1655 Credo
903 1602 955 1673 in
978 1592 1142 1653 Deum
1160 1598 1369 1654 Putrem
1392 1600 1803 1670 omnipotentem,
1826 1607 1930 1654 etc.
2312 1672 2348 1679 _
2383 1603 2473 1657 Dei
2502 1603 2673 1660 factus
2699 1616 2785 1662 est
2811 1606 2951 1663 ﬁlius
2971 1610 3219 1673 hominis,
3246 1619 3306 1665 ut
3330 1611 3421 1679 qui
3448 1592 3567 1666 erat
3587 1612 3769 1667 mundi
3789 1627 3947 1667 erea-

787 1672 953 1743 Inter.
996 1689 1208 1759 Optima
1253 1698 1379 1744 sunt
1433 1688 1607 1753 valde,
1637 1703 1756 1757 quae
1790 1689 1940 1759 dicis.
1986 1686 2091 1742 Sed
2128 1687 2277 1743 obse-
2306 1672 2353 1731 Β
2383 1706 2482 1761 tor,
2510 1696 2659 1752 ﬁeret
2680 1707 2735 1752 et
2756 1681 3107 1769 redemptam.

720 1795 837 1845 cro,
878 1788 938 1833 ut
963 1770 1248 1849 quomodo,
1296 1789 1388 1833 aut
1415 1780 1646 1848 qualiter
1675 1780 1757 1832 vel
1785 1780 1837 1833 in
1863 1794 2019 1848 quem
2056 1779 2275 1833 credere

718 1873 963 1935 debeam,
1004 1870 1283 1940 diligenter
1302 1872 1531 1941 aperias.
1576 1869 1727 1942 Resp.
1756 1869 1913 1925 Juxta
1949 1870 2091 1939 quod
2121 1869 2277 1924 intel-

722 1962 849 2030 ligo,
888 1961 1097 2015 faciam.
1129 1943 1439 2017 Credendus
1463 1970 1545 2017 est
1574 1963 1690 2017 sine
1738 1963 1898 2018 dubio
1928 1962 2069 2016 Deus
2119 1960 2279 2015 Pater

718 2052 1087 2120 omnipotens,
1132 2052 1286 2121 cujus
1333 2054 1410 2107 sic
1443 2054 1613 2106 virtus
1650 2054 1896 2117 sentitur,
1928 2060 1985 2107 ut
2005 2054 2276 2122 quantitas

719 2142 834 2211 ejus
868 2152 923 2197 et
950 2142 1181 2211 qualitas
1210 2143 1501 2213 ignoretur.
1542 2144 1669 2198 Esse
1700 2144 1839 2198 enim
1871 2144 2009 2199 illius
2035 2152 2089 2199 et
2117 2157 2276 2213 posse

720 2249 826 2285 non
856 2233 1186 2287 discutiendo
1220 2234 1573 2302 assequimur,
1603 2234 1697 2289 sed
1718 2235 2001 2288 credendo.
2030 2234 2085 2287 ln
2116 2249 2275 2302 quem

722 2332 901 2378 autem
932 2325 1155 2379 credere
1198 2326 1506 2390 debeamus,
1552 2326 1739 2379 edocet
1787 2342 1882 2378 nos
1926 2326 2277 2395 redemptoris

719 2414 887 2483 nostri
928 2414 1218 2469 auctoritas
1262 2416 1442 2470 dicens
1485 2433 1501 2471 :
1542 2414 1641 2481 Qui
1682 2414 1851 2469 credit
1895 2416 1947 2468 in
1996 2430 2080 2468 me
2124 2424 2179 2469 et
2224 2415 2276 2469 in

718 2520 841 2558 eum
884 2505 971 2573 qui
1026 2520 1111 2558 me
1159 2505 1332 2568 misit,
1380 2505 1541 2559 habet
1588 2506 1751 2561 vitam
1796 2514 2050 2559 :eternam
2092 2504 2272 2573 (Joan.

719 2610 801 2655 ιιι.
834 2595 940 2664 15).
971 2596 1036 2648 Ει
1056 2596 1182 2647 alibi
1214 2613 1225 2648 τ
1254 2592 1459 2649 Credite
1484 2597 1537 2648 in
1576 2595 1761 2658 Deum,
1808 2605 1855 2648 et
1891 2597 1944 2648 in
1978 2612 2057 2648 me
2086 2595 2276 2647 credite

719 2682 905 2747 (Ibid.,
940 2684 1022 2747 lt,
1063 2685 1121 2753 ι).
1156 2684 1277 2738 Plus
1303 2686 1467 2747 enim,
1493 2684 1677 2749 frater,
1706 2685 1833 2737 mihi
1856 2692 1958 2746 est,
1986 2685 2127 2753 quod
2155 2684 2273 2737 ﬁdei

719 2772 885 2826 oculis
914 2773 1189 2837 videmus,
1215 2788 1372 2843 quam
1418 2788 1606 2827 sensus
1650 2781 1826 2827 noster
1853 2773 2081 2827 carnalis
2108 2774 2277 2843 possit

720 2864 1052 2932 conspicere.

792 2952 955 3011 Inter.
985 2954 1157 3009 Crerlo
1186 2958 1418 3015 omnino.
1449 2958 1586 3011 sicut
1622 2957 1771 3010 dicis.
1810 2955 1914 3009 Sed
1963 2964 2085 3025 peto
2111 2963 2168 3007 ut
2196 2955 2275 3008 di-

719 3062 814 3099 cas
841 3046 967 3116 quid
996 3048 1047 3100 in
1077 3047 1203 3113 Deo,
1243 3049 1368 3118 quid
1403 3050 1452 3102 in
1480 3048 1658 3111 Patre,
1694 3049 1887 3118 quidve
1933 3048 1985 3101 in
2035 3048 2274 3117 omnipo—

723 3146 869 3191 lente
910 3138 1129 3194 debeam
1182 3140 1507 3211 intelligere?
1550 3137 1704 3211 Resp.
1754 3138 1809 3192 In
1860 3137 1969 3193 Deo
2019 3138 2278 3208 siquidem

723 3234 913 3279 natura
945 3228 1300 3294 iunascibilis;
1332 3230 1383 3283 iu
1420 3227 1581 3283 Patre
1626 3229 1881 3300 unigeniti
1933 3230 2131 3283 veritas
2162 3246 2173 3279 :
2226 3228 2279 3281 in

722 3304 1087 3383 omnipotente
1109 3332 1235 3372 vero
1256 3318 1525 3387 plenitudo
1548 3320 1760 3373 virtutis
1785 3319 2101 3373 ostenditur.

794 3404 954 3459 Inter.
985 3406 1289 3471 Quomodo?
1336 3407 1486 3478 Resp.
1533 3408 1625 3462 Est
1671 3422 1903 3476 namque
1932 3422 2027 3475 per
2072 3405 2278 3472 ingeni—

730 3506 834 3547 tam
882 3496 1134 3551 deitatem
1191 3498 1545 3567 omnipotens,
1588 3508 1642 3553 et
1692 3512 1789 3566 per
1836 3497 2279 3566 omnipotentiam

724 3582 899 3640 Pater.
967 3587 1078 3643 Non
1130 3590 1271 3643 enim
1315 3590 1585 3659 inquirere
1630 3590 1885 3645 debemus
1938 3589 2165 3658 qualiter
2214 3590 2282 3643 sit

723 3676 914 3740 Pater,
946 3680 1067 3746 quia
1115 3679 1343 3749 qualiter
1386 3680 1523 3734 Deus
1552 3680 1620 3735 sit
1662 3688 1753 3734 aut
1798 3681 2133 3749 omnipotens
2175 3696 2280 3735 non

726 3774 902 3835 potest
927 3768 1171 3821 humanis
1202 3770 1465 3823 mentibus
1490 3770 1889 3838 comprehendi.

795 3854 956 3910 Inter.
993 3858 1163 3921 Ratio,
1191 3874 1348 3928 quam
1374 3860 1439 3914 de
1465 3862 1640 3929 primo
1666 3877 1823 3914 versu
1854 3860 2143 3929 protulisti,
2183 3862 2283 3915 hac

724 3950 841 4002 vice
864 3934 1103 4002 sufficere
1130 3958 1321 4018 potest.
1350 3948 1452 4004 Sed
1480 3950 1597 4021 quis
1628 3950 1917 4004 secundum
1955 3950 2281 4019 composuis-

724 4047 827 4103 set,
856 4039 937 4093 vel
970 4039 1197 4109 qualiter
1221 4056 1342 4095 eum
1382 4040 1678 4109 intelligere
1709 4039 1949 4103 debeam,
1983 4039 2277 4094 innotesce.

729 4125 881 4197 Resp.
911 4127 1152 4183 Andreas
1174 4132 1463 4184 secundum
1490 4144 1702 4184 versum
1731 4129 2031 4197 composuit
2056 4130 2239 4185 dicens
2265 4150 2275 4185 :

727 4214 795 4267 Et
816 4216 868 4267 in
898 4214 1077 4269 Iesum
1104 4216 1365 4273 Christum
1403 4205 1601 4274 Filium
1630 4218 1740 4289 ejus
1770 4218 1975 4271 unicum
2004 4218 2279 4273 Dominum

728 4313 975 4359 nostrum.
1001 4306 1151 4363 Sicut
1180 4310 1319 4364 enim
1346 4311 1557 4363 Patrem
1597 4324 1773 4362 rerum
1817 4309 2051 4361 omnium
2079 4310 2275 4372 Deum,
2309 4343 2356 4400 ο

727 4394 799 4448 ita
822 4405 1030 4475 oportet
1060 4414 1155 4451 nos
1180 4406 1233 4452 et
1253 4398 1439 4451 Filium
1466 4398 1581 4466 ejus
1608 4398 1886 4450 Dominum
1923 4406 2160 4450 nostrum
2189 4397 2274 4452 ,ιο-
2309 4394 2346 4400 ⁷
2446 4400 2605 4454 Inter.
2632 4400 2813 4466 Quinti
2828 4414 3011 4453 versus
3030 4399 3436 4469 compositorem
3454 4399 3676 4469 ejusque
3690 4400 3932 4470 explana-

727 4504 844 4540 sum
882 4487 1170 4551 Christum,
1202 4488 1291 4556 qui
1315 4496 1397 4540 est
1418 4486 1649 4540 Verbum
1682 4486 1863 4555 ipsius,
1891 4484 2155 4550 conﬁteri,
2185 4500 2277 4538 cu—
2376 4492 2576 4547 tibnem
2612 4508 2641 4545 a
2672 4500 2725 4546 te
2760 4491 2941 4545 audire
2981 4491 3243 4545 desidero.
3278 4489 3431 4561 Resp.
3476 4491 3751 4563 Philippus
3778 4495 3929 4562 quin-

724 4578 810 4647 jus
843 4578 1157 4646 principium
1186 4593 1251 4630 ex
1296 4577 1410 4645 ipso
1449 4584 1530 4631 est
1554 4618 1568 4641 ,
1594 4579 1717 4645 quia
1750 4577 1891 4630 Deus
1916 4576 2148 4631 Verbum
2173 4585 2273 4630 est.
2378 4591 2489 4636 tum
2519 4595 2728 4635 versum
2758 4581 3004 4650 exposuit
3028 4580 3211 4635 dicens
3245 4596 3259 4634 :
3290 4580 3564 4637 Descendit
3600 4584 3668 4636 ad
3692 4584 3892 4651 inferna
3913 4626 3928 4649 ,

701 4678 705 4681 ‘
728 4669 877 4734 Quod
909 4678 1086 4723 autem
1109 4668 1354 4725 Christus
1377 4678 1458 4722 est
1488 4667 1675 4733 factus,
1707 4669 1795 4737 qui
1832 4668 1997 4722 Filius
2017 4676 2153 4731 erat,
2178 4669 2281 4722 dis-
2378 4672 2531 4725 tertia
2554 4670 2636 4723 die
2662 4670 2939 4723 resurrexit
2965 4687 2995 4722 a
3019 4671 3255 4725 mortuis.
3283 4670 3341 4725 In
3373 4672 3471 4725 hoc
3498 4672 3642 4724 enim
3656 4670 3930 4729 Trinitatis

726 4762 963 4825 pensatio
986 4771 1065 4815 est
1091 4750 1469 4832 redemptionis
1494 4764 1753 4817 humana}.
1780 4761 1929 4830 Quod
1953 4778 2080 4817 vero
2095 4763 2275 4817 Domi-
2380 4761 2709 4831 mysterium,
2742 4768 2797 4813 et
2822 4760 3082 4815 naturalis
3102 4760 3234 4830 legis
3254 4760 3552 4815 ostenditur
3571 4760 3843 4825 resolutio,
3871 4774 3927 4817 ut

730 4864 828 4901 nus
852 4859 952 4914 est,
984 4854 1049 4906 de
1073 4854 1397 4923 proprietate
1422 4864 1624 4909 naturte
1647 4864 1746 4909 est.
1787 4854 1985 4909 Unicus
2014 4853 2275 4921 siquidem
2379 4851 2646 4906 hominem
2671 4852 2723 4905 in
2755 4850 2963 4905 inferno
2987 4852 3220 4919 positum
3245 4850 3478 4903 elevaret
3505 4850 3570 4905 ad
3594 4850 3808 4909 cadum.
3841 4854 3929 4908 De-

729 4938 807 4989 \‘t‘l
837 4940 1137 5007 uuigenitus
1159 4946 1501 4997 annuntiatur
1528 4953 1581 4997 et
1608 4945 1861 5006 creditur,
1889 4943 2011 5013 quia
2036 4958 2173 4996 unus
2205 4942 2276 4995 ita
2379 4942 2534 4997 cebat
2575 4942 2715 4997 enim
2754 4948 2814 4995 ut
2848 4954 3012 5001 mors,
3040 4952 3157 5006 quae
3182 4952 3277 5006 per
3306 4939 3572 4995 hominem
3604 4942 3925 4998 subintrave-

724 5038 805 5081 est
835 5031 1063 5097 genitus,
1096 5048 1263 5100 neque
1284 5035 1443 5090 habet
1472 5034 1650 5106 [Cod.,
1684 5035 1834 5105 libet]
1854 5037 1904 5089 in
1927 5036 2130 5090 unitate
2150 5049 2277 5109 ροη-
2379 5040 2483 5098 rat,
2501 5046 2597 5102 per
2618 5032 2886 5086 hominem
2912 5026 3228 5081 solveretur.
3252 5027 3466 5086 Etsicut
3486 5033 3774 5097 credimus,
3795 5036 3924 5104 quod

724 5129 944 5174 sortem.
975 5119 1165 5173 Filium
1193 5122 1362 5184 audis,
1389 5139 1493 5176 non
1523 5136 1581 5178 ut
1610 5125 1755 5177 illum
1802 5127 1978 5194 aliquo
1999 5142 2128 5179 sexu
2166 5125 2275 5179 edi-
2380 5124 2570 5177 mortis
2597 5130 2702 5184 est,
2740 5120 2811 5173 ita
2861 5118 3048 5186 utique
3091 5118 3390 5187 credamus,
3421 5124 3559 5193 quod
3589 5126 3712 5179 vitae
3739 5133 3840 5181 est.
3866 5125 3925 5192 Et

727 5218 836 5263 tum
869 5220 1041 5279 putes,
1092 5212 1182 5265 sed
1223 5221 1281 5265 ut
1327 5214 1513 5267 credas
1552 5216 2072 5283 incomprehensibili
2115 5215 2279 5283 maje—
2380 5214 2516 5267 sicut
2564 5213 2617 5266 in
2646 5209 2892 5281 passione
2922 5209 3234 5277 mysterium
3272 5222 3355 5267 est
3398 5215 3630 5283 pietatis,
3662 5216 3733 5271 ita
3760 5217 3814 5271 in
3847 5233 3921 5272 re-

723 5307 864 5355 state
908 5301 1069 5355 Deum
1102 5304 1368 5373 prodiisse
1417 5286 1481 5358 de
1530 5303 1666 5369 Deo,
1715 5314 1773 5358 ut
1802 5307 1912 5374 ipse
1956 5309 2030 5361 ait
2059 5325 2069 5359 :
2106 5307 2216 5377 Ego
2246 5322 2277 5358 a
2381 5304 2707 5358 surreetione
2734 5299 3209 5377 operatiopietatis
3232 5301 3429 5368 fForte,
3450 5306 3773 5377 potestatis],
3797 5307 3921 5361 sicut

725 5388 883 5446 Patre
904 5396 1057 5456 exivi,
1088 5406 1135 5449 et
1163 5399 1273 5451 veni
1290 5398 1343 5451 in
1372 5400 1510 5450 hunc
1535 5397 1785 5449 mundum
1810 5397 1985 5467 (Ioan.
2019 5416 2125 5462 XVI,
2162 5398 2274 5471 28).
2380 5396 2493 5464 ipse
2519 5398 2593 5450 ait
2622 5416 2633 5449 :
2664 5392 2976 5448 Potestatem
3018 5395 3181 5451 habeo
3209 5396 3429 5468 ponendi
3462 5402 3690 5456 animum
3722 5418 3882 5455 meam
3903 5443 3915 5464 ,

795 5482 955 5539 Inter.
988 5486 1226 5544 Tertium
1267 5506 1479 5546 versum
1519 5488 1638 5558 quis
1664 5489 1978 5557 composuit,
2022 5501 2113 5544 aut
2150 5492 2276 5560 quid
2379 5502 2424 5545 et
2452 5501 2752 5562 potestatem
2789 5487 2947 5543 habeo
2989 5490 3177 5544 iterum
3228 5495 3462 5549 sumendi
3506 5513 3619 5550 eam
3657 5495 3837 5565 (Ioan.
3870 5513 3916 5560 ι,

724 5570 778 5628 iu
804 5590 867 5628 eo
901 5579 1243 5650 intelligitur?
1275 5584 1420 5653 Resp.
1449 5583 1678 5638 Iacobus
1709 5583 1781 5637 ait
1817 5602 1825 5635 :
1861 5582 1962 5648 Qui
2004 5594 2275 5654 conreptus
2384 5584 2486 5653 l8).
2513 5583 2639 5648 Quis
2668 5580 2809 5635 enim
2833 5579 3025 5634 stultus
3042 5598 3143 5637 non
3167 5585 3350 5641 credat
3376 5587 3519 5642 illum
3548 5586 3914 5654 resurrexisse,

2448 1825 2613 1880 Inter.
2646 1826 2831 1895 Quarti
2874 1844 3059 1885 versus
3102 1831 3534 1900 compositorem,
3561 1832 3674 1887 sive
3714 1833 3840 1900 quid
3890 1834 3944 1885 in

2372 1931 2438 1971 eo
2478 1918 2833 1982 contineatur,
2860 1934 3084 1989 expone.
3136 1920 3288 1991 Resp.
3329 1921 3527 1976 Beatus
3558 1922 3789 1976 Joannes
3820 1939 3945 1992 apo-

2374 2006 2542 2062 stolus
2584 2017 2838 2076 quartum
2871 2012 3169 2079 composuit
3200 2026 3436 2075 versum,
3478 2012 3665 2066 dicens
3698 2028 3709 2063 :
3744 2009 3942 2064 Passus

2376 2095 2469 2151 sub
2510 2092 2701 2149 Pontio
2738 2094 2937 2163 Pilato,
2970 2098 3273 2167 cruciﬁxus,
3311 2110 3545 2153 mortuus
3592 2111 3637 2154 et
3661 2099 3890 2169 sepultus
3923 2115 3941 2150 :

2373 2186 2478 2241 Iste
2503 2186 2705 2243 Pilatus
2722 2188 2895 2259 judex
2928 2200 3047 2244 erat
3069 2190 3157 2245 illo
3186 2198 3424 2260 tempore
3454 2192 3506 2245 in
3527 2190 3705 2246 Judara
3734 2208 3762 2244 a
3790 2191 3945 2244 Tibe-

2376 2280 2457 2333 rio
2482 2280 2692 2335 Caesare
2716 2282 3058 2344 constitutus,
3092 2283 3189 2337 sub
3216 2297 3320 2351 quo
3342 2282 3596 2336 Dominus
3624 2296 3814 2349 passus
3834 2288 3939 2343 est,

2376 2371 2465 2440 qui
2488 2372 2650 2435 etiam
2681 2372 2901 2425 Pontius
2926 2387 2952 2424 a
2982 2369 3120 2436 loco,
3151 2373 3290 2425 unde
3312 2382 3467 2426 natus
3491 2380 3590 2433 est,
3622 2370 3937 2439 appellatur.

2377 2460 2528 2515 Hunc
2550 2461 2730 2531 itaque
2756 2461 3039 2515 Dominum
3071 2471 3309 2516 nostrum
3348 2462 3533 2517 Iesum
3562 2461 3832 2515 Christum
3862 2461 3939 2513 si-

2376 2559 2466 2604 cut
2508 2551 2803 2621 perfectum
2852 2551 3057 2614 Deum,
3106 2552 3179 2606 ita
3228 2562 3285 2607 et
3333 2552 3624 2622 perfectum
3670 2552 3938 2605 hominem

2378 2642 2624 2695 conﬁteri
2655 2641 2926 2695 debemus.
2985 2640 3059 2696 De
3104 2642 3257 2712 cujus
3296 2657 3451 2697 cruce
3493 2640 3635 2695 nulla
3673 2642 3743 2693 sit
3789 2640 3939 2693 nobis

2375 2728 2635 2793 confusio,
2672 2730 2795 2799 quia
2828 2730 3086 2783 habemus
3130 2732 3192 2784 de
3219 2731 3336 2800 ejus
3359 2732 3606 2799 passione
3640 2729 3935 2783 victoriam.

2377 2821 2525 2875 Sicut
2554 2822 2696 2875 enim
2726 2820 2818 2873 Dei
2842 2820 3015 2874 Filius
3044 2836 3147 2874 non
3176 2822 3298 2884 sibi,
3332 2820 3425 2874 sed
3454 2820 3607 2873 nobis
3637 2827 3795 2872 natus
3820 2826 3903 2872 est
3922 2858 3937 2879 ,

2380 2908 2450 2961 ita
2480 2908 2853 2961 immaculatus
2881 2908 2977 2961 Dei
3023 2908 3207 2978 Agnus
3228 2924 3334 2963 non
3364 2908 3487 2972 sibi,
3535 2909 3626 2963 sed
3669 2909 3821 2963 nobis
3858 2916 3942 2962 est

2304 3007 2346 3068 C
2377 3013 2584 3067 passus.
2613 2998 2743 3063 Quis
2765 3007 2944 3051 autem
2968 3013 3071 3051 non
3102 2998 3293 3052 mirum
3316 3000 3560 3053 advertat
3588 3013 3705 3053 esse
3745 3008 3939 3068 myste-

2382 3088 2538 3151 rium,
2575 3089 2663 3142 ubi
2689 3089 2799 3159 ipse
2826 3088 3166 3159 praedicatur,
3195 3089 3286 3158 qui
3316 3088 3457 3144 Deus
3485 3096 3586 3152 est,
3616 3086 3678 3142 et‘
3703 3088 3792 3141 ubi
3838 3087 3940 3141 ΙΝ)⁴

2380 3180 2538 3234 minis
2585 3181 2954 3245 annuntiatur,
3002 3186 3091 3251 qui
3147 3183 3406 3237 asseritur
3443 3181 3763 3238 cruciﬁxus?
3807 3179 3937 3233 Nam

2379 3283 2593 3322 crucem
2615 3268 2776 3332 illam,
2822 3270 2871 3322 in
2911 3285 3018 3338 qua
3044 3270 3302 3325 conﬁxus
3326 3279 3407 3325 est
3431 3286 3676 3341 corpore,
3726 3285 3823 3324 nos
3851 3285 3939 3341 ge-

2383 3367 2587 3413 stamus
2625 3360 2677 3413 in
2725 3354 2914 3414 fronte.
2944 3361 3010 3413 Et
3056 3361 3176 3415 ideo
3223 3362 3492 3417 illusiones
3530 3371 3585 3416 et
3626 3364 3933 3432 opprobria,

2380 3457 2732 3517 mortemque,
2763 3465 2921 3519 quam
2950 3452 3225 3519 sustinuit,
3268 3468 3371 3505 non
3400 3454 3654 3507 debemus
3696 3455 3937 3523 suSpiriis

2381 3542 2747 3613 ingemiscere,
2776 3542 2871 3596 sed
2913 3544 3181 3597 continuis
3206 3544 3447 3599 laudibus
3479 3544 3770 3598 celebrare.
3801 3544 3938 3611 Quo-

2380 3632 2524 3686 uiam
2552 3633 2681 3686 satis
2704 3632 3017 3700 abundeque
3044 3634 3265 3703 gloriam
3307 3635 3579 3704 passionis
3593 3634 3709 3702 ejus
3757 3644 3936 3688 osten-

2382 3719 2573 3775 derunt
2602 3722 2878 3789 repentina
2908 3723 3207 3777 obscuritas
3248 3723 3392 3787 solis,
3419 3731 3619 3777 tremor
3648 3733 3932 3784 terrarum,

2382 3822 2633 3862 saxorum
2660 3807 2870 3870 divisio,
2902 3816 2957 3861 et
3002 3810 3323 3863 resurrectio
3352 3819 3703 3864 mortuorum.
3755 3810 3938 3880 Sepqu

2381 3906 2467 3953 tus
2489 3905 2571 3951 est
2618 3908 2817 3960 autem,
2867 3899 2993 3967 quia
3022 3913 3355 3967 consequens
3399 3909 3535 3964 erat,
3569 3912 3626 3955 ut
3661 3903 3752 3972 qui
3800 3918 3938 3958 mor-

2382 3996 2502 4042 tuus
2530 3986 2721 4051 fuerat,
2751 3988 3017 4058 acciperet
3053 3990 3396 4059 sepulturam.
3430 3990 3670 4058 Qualiter
3708 3993 3776 4047 ad
3817 4008 3937 4049 eon-

2380 4078 2690 4134 solationem
2721 4078 3049 4149 sepultorum
3096 4080 3519 4135 benedictionem
3540 4084 3781 4153 corporis
3822 4084 3935 4153 ejus

2380 4181 2520 4226 terra
2550 4172 2869 4241 susciperet,
2902 4180 2967 4225 ut
3016 4172 3107 4241 qui
3139 4187 3266 4227 vere
3314 4182 3555 4228 mortuus
3596 4175 3931 4241 cernebatur,

2381 4246 2515 4317 vere
2532 4278 2561 4315 a
2592 4262 2816 4315 mortuis
2843 4262 3047 4317 redisse
3075 4264 3409 4317 crederetur.
