4254 6210
391 234 521 289 1141

1288 233 1435 291 ore.
1468 214 1703 293 ’ncmA.
1743 268 1826 319 -ι
1846 206 2254 295 DlSPUTATlO
2274 242 2275 245 ‘
2293 206 2696 298 rusticunm.

3467 228 3615 299 ius
3647 208 3653 215 ’

389 351 457 405 ad
483 349 634 419 cujus
674 356 1004 419 praeceptum
1029 347 1264 404 Lazarus
1299 340 1534 419 sepultus
1575 340 1657 416 est
1698 365 1939 406 emersus
1965 357 2015 413 Α
2040 353 2200 412 modo
2234 354 2527 431 non'unum
2558 368 2679 408 esse
2708 350 2829 428 eum
2862 353 3022 410 Patre
3044 355 3282 425 Filioque
3304 357 3601 428 credendus

391 438 458 493 de
485 438 721 493 tumulo?

461 528 625 608 Inter_
674 524 896 585 Sextum
930 536 1145 587 Versum
1173 533 1294 602 quis
1322 526 1638 602 composuit,
1683 541 1775 587 aut
1807 526 1949 604 quid,

393 618 447 674 in
482 634 546 675 eo
565 629 649 675 est
672 619 1111 691 intelligendum?
1133 620 1285 692 Resp.
1304 611 1721 678 BartholOmzeus
1734 631 1945 677 sextum

393 725 607 766 versum
653 712 726 765 ita
757 714 1071 782 composuit,
1100 714 1319 769 dicens:
1349 716 1591 770 Ascendit
1630 710 1697 769 'in
1742 715 1942 769 caelum.

390 798 518 855 Illuc
567 803 707 855 enim
732 803 1001 868 ascendit,
1046 804 1186 857 unde
1214 812 1462 870 venerat;
1509 819 1614 859 non
1644 792 1819 859 tamen
1847 804 1945 858 ali-

391 888 543 956 cujus
559 890 818 959 jussione,
871 891 965 945 sed
990 877 1201 961 propria
1232 890 1523 947 voluntate.
1552 893 1783 948 Deccbat
1802 893 1946 947 enim

393 982 515 1035 talis
532 980 701 1052 gloria
730 982 1021 1045 hominem,
1047 983 1137 1051 qui
1160 983 1226 1037 de
1248 982 1455 1059 virgine
1479 984 1812 1039 nascebatur.
1838 982 1947 1038 Nec

392 1070 491 1125 fuit
516 1072 567 1124 ei
589 1071 913 1139 impossibile
925 1072 1120 1147 caelum
1135 1075 1442 1136 ascendere,
1468 1068 1557 1128 cui
1580 1075 1831 1144 possibile
1849 1073 1951 1128 fuit

392 1161 591 1216 inferos
619 1161 964 1231 triumphare.
996 1162 1063 1216 Et
1089 1159 1209 1217 ideo
1234 1179 1453 1218 necesse
1485 1171 1623 1228 erat,
1652 1170 1709 1217 ut
1750 1162 1841 1232 qui
1882 1165 1951 1220 ad

393 1258 620 1304 mortem
666 1251 730 1305 de
759 1266 924 1321 regno
958 1261 1195 1318 venerat,
1226 1247 1348 1322 post
1381 1264 1604 1307 mortem
1635 1252 1833 1307 rediret
1882 1254 1950 1308 ad
1994 1256 1997 1259 ’

392 1356 634 1411 regnum.
664 1342 729 1396 Et
754 1343 893 1400 sicut
923 1352 1065 1396 terra
1088 1342 1266 1397 lanata
1293 1353 1378 1397 est
1408 1342 1503 1397 Dei
1531 1342 1726 1397 Filium
1752 1357 1811 1398 se
1831 1357 1950 1397 sus-

391 1432 620 1500 cepisse,
650 1432 720 1485 ita
765 1432 959 1486 cretum
988 1431 1153 1509 tilium
1174 1432 1406 1486 hominis
1429 1447 1487 1487 se
1532 1432 1800 1500 accepisse
1822 1447 1951 1501 gau-

392 1520 566 1585 deret,
595 1522 807 1576 dicente
850 1521 1116 1590 Propheta
1146 1539 1160 1577 τ
1194 1520 1460 1577 Laztentur
1492 1520 1603 1574 caeli
1640 1531 1686 1575 et
1735 1522 1952 1576 exsultet

389 1618 529 1663 terra
562 1607 732 1681 (Psal.
761 1625 881 1675 xcv,
910 1611 1016 1680 Η).
1060 1662 1062 1665 ,

462 1699 627 1755 Inter.
660 1699 883 1771 Septimi
930 1716 1117 1757 versus
1163 1711 1455 1766 auctorem,
1491 1700 1709 1771 ejusque
1737 1703 1945 1757 intelle-
1980 1683 2021 1742 Β

390 1802 536 1846 ctum
560 1799 620 1845 ut
645 1794 775 1847 mihi
800 1808 1057 1864 exponas,
1085 1795 1327 1849 obsecro.
1349 1793 1504 1864 Resp.
1537 1794 1770 1849 Thomas
1786 1793 1948 1865 439

393 1882 605 1952 septimi
638 1892 826 1937 versus
853 1892 1040 1938 auctor
1066 1885 1269 1938 exstitit
1293 1885 1475 1939 dicens
1502 1902 1516 1938 :
1550 1882 1700 1939 Sedet
1731 1884 1799 1937 ad
1825 1885 1950 1937 dea:-

391 1981 552 2025 teram
579 1972 674 2027 Dei
690 1970 868 2047 P_atris
889 1974 1268 2043 omnipotentis.
1282 1973 1432 2040 Quod
1450 1974 1614 2037 sedet,
1630 1960 1827 2027 Christi
1842 1974 1945 2027 vic-

393 2061 542 2115 toriae
563 2076 753 2115 munus
776 2072 888 2125 est;
917 2062 1058 2131 quod
1085 2062 1151 2116 ad
1177 2062 1450 2118 dexteram
1472 2061 1650 2117 Patris
1676 2062 1844 2126 sedet,
1870 2059 1952 2113 di-

394 2150 633 2205 vinitatis
647 2159 723 2206 est
747 2151 1080 2221 privilegium
1096 2161 1149 2206 et
1174 2154 1500 2229 consortium
1516 2153 1818 2208 indiscreta:
1833 2152 1953 2207 cha-

393 2240 588 2295 ritatis.
624 2239 692 2296 Ut
718 2241 1025 2295 ostenderet
1054 2241 1229 2296 locum
1250 2242 1431 2310 iustis,
1459 2251 1514 2296 et
1541 2243 1812 2297 sinistram
1834 2256 1954 2311 pec-

395 2332 663 2385 catoribus
674 2331 977 2385 demonstra
984 2339 1084 2385 ret.
1100 2331 1243 2387 Bene
1254 2333 1396 2386 enim
1409 2331 1473 2386 ad
1489 2333 1763 2387 dexteram
1778 2332 1954 2385 Patris

395 2421 741 2475 annuntiatur
776 2421 983 2484 sedere,
1009 2422 1061 2493 in
1089 2436 1195 2493 quo
1222 2422 1353 2476 nihil
1388 2421 1675 2479 voluntatis
1698 2435 1806 2478 suat
1834 2420 1950 2477 dia-

395 2508 569 2574 bolus,
597 2510 686 2581 qui
718 2518 860 2566 totus
884 2510 1100 2567 sinister
1125 2521 1225 2577 est,
1242 2512 1461 2567 invenit.

466 2598 630 2654 Inter.
658 2602 917 2656 Octavum
946 2616 1159 2656 versum
1184 2602 1306 2671 quis
1345 2602 1492 2666 fecit,
1531 2611 1623 2656 aut
1648 2603 1774 2672 quid
1800 2604 1850 2656 in
1891 2617 1955 2657 eo

395 2689 727 2744 continetur?
772 2688 925 2760 Resp.
974 2690 1251 2745 Matthaaus
1278 2699 1524 2745 octavum
1564 2707 1779 2746 versum
1811 2707 1957 2747 com-

394 2797 601 2852 ponens
630 2781 706 2835 ait
730 2799 743 2834 :
772 2772 903 2835 Inde
930 2786 1172 2836 uenturus
1198 2792 1272 2836 est
1291 2782 1534 2852 judicare
1560 2783 1696 2837 viros
1727 2791 1775 2835 et
1819 2798 1958 2836 mor-

397 2885 531 2927 tuos.
565 2872 622 2927 In
652 2874 767 2944 ipso
796 2874 937 2929 enim
962 2888 1190 2945 corpore
1214 2874 1471 2940 Dominus
1507 2884 1764 2930 venturus
1786 2881 1866 2927 est
1890 2873 1957 2928 ad

396 2962 672 3033 judicium,
723 2966 777 3018 in
807 2980 914 3035 quo
959 2964 1200 3019 ascendit
1230 2964 1296 3019 ad
1339 2964 1553 3020 cmlum.
1601 2963 1832 3020 Necesse
1873 2972 1958 3017 est

2044 452 2129 499 est
2152 434 2401 516 spiritus,
2433 432 2516 499 cei
2552 444 2831 514 aequaliter
2856 444 3075 515 adiacet
3088 461 3257 516 posse,
3278 446 3441 525 .qutod,
3456 447 3602 525 vult?

2114 533 2276 588 Inter.
2318 534 2546 607 Omnino
2575 533 2896 609 credendum
2926 528 3122 600 estita,
3157 545 3217 590 ut
3247 518 3627 591 asserisfSed‘

2042 626 2189 693 peto,’
2218 630 2278 676 ut
2296 623 2484 677 decimi
2507 632 2693 677 versus
2716 619 3008 687 auctorem,
3033 617 3253 693 ejuSque
3278 624 3600 695 intellectum

2042 695 2463 789 mihi‘esponas.
2524 710 2676 782 Resp.
2727 712 2910 766 Simon
2953 713 3143 767 decimi
3185 714 3374 781 versus
3416 705 3603 782 auctor

2044 800 2248 857 exstitit
2281 788 2462 863 dicens
2489 818 2505 877 γε
2540 799 2791 856 Sanctam
2818 788 3459 875 Ecclesiam'catImIicam,
3490 790 3596 877 etc.

2044 878 2176 943 Esse
2220 878 2417 961 etenim
2469 875 2710 966 sanctam
2760 884 3077 954 EcClesiam,
3126 890 3217 943 sed
3244 904 3347 965 non
3389 890 3440 966 in
3482 875 3599 943 eam

2044 974 2268 1033 credere
2314 964 2760 1047 debemus,lquia
2792 972 2917 1032 non
2963 978 3121 1043 Deus,
3175 978 3269 1031 sed
3299 964 3521 1047 pepu‘lus
3548 986 3602 1030 et
3660 994 3665 997 ‘

2045 1070 2235 1123 domus
2273 1059 2494 1133 estrDei,
2536 1056 2836 1138 perquam
2864 1076 2919 1122 et
2961 1060 3312 1123 sanctificatio
3360 1069 3481 1121 data
3511 1076 3602 1122 est
3658 1130 3667 1139 δ

2045 1160 2377 1224 mertalibus,
2427 1168 2482 1214 et
2520 1168 2794 1214 crescente
2838 1159 3170 1213 credentium
3216 1148 3443 1227 numero
3488 1175 3601 1213 om—

2046 1252 2193 1305 nium
2238 1265 2373 1320 pene
2398 1240 2614 1320 linguis
2636 1252 2690 1303 in
2716 1251 2810 1304 Dei
2842 1244 3085 1303 laudibus
3110 1249 3343 1303 sanctior
3378 1249 3604 1303 mundus

2046 1341 2299 1398 exsultat.
2342 1340 2469 1407 Quae
2497 1337 2658 1394 etiam
2685 1341 2934 1408 baptismi
2961 1346 3316 1402 sacramento,
3360 1347 3602 1407 peccato-

2048 1446 2165 1485 rum
2187 1431 2637 1485 contaminatione
2659 1430 2888 1491 detersa,
2914 1437 3181 1483 terrarum
3206 1428 3603 1509 incolasrtrans:

2049 1520 2213 1574 mittit
2249 1512 2315 1573 ad
2341 1519 2554 1573 cmlum.
2599 1519 2929 1575 Catholicam
2960 1518 3107 1583 dicit,
3140 1519 3190 1572 id
3213 1500 3455 1581 est,'mto
3474 1500 3604 1589 orbe

2050 1609 2313 1666 diffusam.
2354 1608 2667 1663 Sanctorum
2696 1598 3127 1672 communionem,
3170 1608 3310 1677 quod
3344 1610 3600 1678 sequitur,
3654 1604 3670 1613 ⁷’

2047 1698 2101 1751 id
2137 1705 2241 1761 est,
2277 1704 2336 1749 ut
2364 1711 2485 1750 cum
2530 1697 2633 1751 illis
2663 1698 2882 1761 sanctis,
2930 1698 3020 1764 qui
3052 1698 3103 1749 in
3147 1697 3248 1750 hac
3291 1712 3449 1765 quam
3490 1713 3604 1752 sus-
3666 1766 3667 1769 η

2049 1785 2286 1855 cepimus
2316 1785 2417 1839 fide
2446 1785 2510 1839 de
2552 1785 2800 1855 praesenti
2835 1784 3026 1839 saeculo
3060 1785 3125 1837 ad
3154 1784 3318 1839 Deum
3346 1788 3607 1855 migrave-
3634 1780 3648 1793 ³

2046 1883 2191 1939 runt,
2219 1879 2530 1929 societatem
2556 1883 2612 1928 et
2638 1875 2749 1944 spei
2780 1875 3209 1929 communionem
3250 1874 3447 1928 habere
3488 1891 3605 1929 cre~

2048 1952 2274 2020 damus.
2302 1963 2358 2019 Si
2387 1973 2564 2019 tamen
2596 1967 2739 2019 recte
2784 1965 3014 2019 vivendo
3059 1963 3216 2018 ﬁdem
3250 1963 3393 2018 illam
3425 1972 3606 2018 tenea-

2049 2069 2187 2118 mus,
2218 2061 2271 2107 et
2296 2054 2546 2123 operibus
2575 2052 2907 2123 impleamus.
2984 2082 2985 2085 η
3670 2042 3671 2045 “

2120 2140 2283 2195 Inter.
2327 2140 2681 2197 Undecimum
2720 2157 2934 2196 versum
2976 2142 3097 2211 quis
3141 2144 3476 2212 composuit,
3518 2153 3610 2196 aut

2050 2235 2177 2303 quid
2212 2236 2264 2287 in
2314 2247 2380 2287 co
2415 2234 2583 2289 debeo
2618 2234 2951 2305 intelligere?
3003 2235 3155 2306 Resp.
3192 2235 3475 2299 Thaddcus
3509 2251 3607 2287 un-

2050 2324 2316 2379 decimum
2355 2340 2567 2380 versum
2597 2340 2920 2394 componens
2949 2326 3023 2379 ait
3055 2345 3067 2379 :
3103 2325 3473 2380 Remissionem
3496 2313 3610 2395 pec-

2051 2422 2303 2470 catorum.
2336 2414 2614 2471 Credenda
2645 2427 2728 2471 est
2748 2416 2930 2487 utique
2955 2425 3294 2488 peccatorum
3334 2416 3573 2472 remissio
3594 2458 3608 2480 ,

2051 2506 2177 2573 quia
2204 2504 2305 2558 hoc
2333 2521 2496 2559 unum
2519 2515 2602 2561 est
2626 2505 2938 2572 remedium,
2964 2508 3106 2576 quod
3132 2509 3422 2562 humanum
3445 2524 3610 2578 genus

2054 2610 2084 2649 a
2111 2596 2371 2649 sententia
2396 2603 2664 2665 perpetuae
2706 2598 2894 2652 mortis
2927 2598 3169 2652 absolvit.
3206 2597 3408 2652 idcirco
3433 2601 3612 2669 unigc-

2048 2684 2198 2739 nitus
2235 2682 2496 2738 Altissimi
2535 2684 2781 2755 dignatus
2828 2695 2908 2740 cst
2936 2696 2990 2740 et
3034 2700 3247 2739 carnem
3284 2701 3513 2750 sumere,
3559 2696 3612 2739 et

2055 2788 2268 2829 crucem
2317 2774 2515 2837 subire,
2546 2781 2603 2826 ut
2637 2788 2754 2837 nos,
2786 2774 2875 2843 qui
2920 2782 3137 2843 prepter
3181 2773 3404 2827 crimina
3452 2782 3611 2841 atque

2054 2874 2272 2933 peccata
2314 2881 2419 2919 non
2474 2873 2781 2935 poteramus
2822 2866 3081 2929 evadere,
3135 2850 3246 2920 sua.
3289 2865 3611 2935 indulgentia

2057 2951 2259 3007 faceret
2287 2954 2617 3009 innocentes.
2649 2955 2715 3008 Et
2741 2954 2859 3009 ideo
2886 2953 3254 3009 immaculatus
3289 2955 3498 3008 occisus
3532 2963 3613 3008 cst

398 3058 633 3129 quidem,
664 3068 725 3112 ut
744 3058 1035 3114 humanum
1068 3073 1234 3131 genus
1273 3058 1357 3112 ille
1388 3057 1665 3124 discutiat,
1684 3057 1773 3126 qui
1804 3071 1956 3111 erea-

2057 3043 2259 3114 Agnus,
2305 3052 2365 3097 ut
2394 3044 2507 3110 ejus
2538 3047 2729 3099 cruOre
2763 3046 2980 3099 humani
3004 3045 3212 3113 generis
3252 3044 3474 3097 maculas
3502 3055 3610 3097 ter-

399 3150 503 3217 vit;
536 3157 591 3204 et
624 3149 737 3219 ipse
754 3148 1093 3219 judicet,qui
1121 3149 1364 3203 redemit.
1402 3146 1613 3201 Iustum
1640 3149 1833 3216 quippe
1852 3156 1953 3213 est,

400 3252 461 3299 ut
484 3243 819 3312 omnipotens
850 3240 1104 3295 Dominus
1144 3238 1398 3293 mortales
1428 3254 1572 3303 suos,
1605 3253 1739 3308 quos
1760 3240 1957 3293 virtute

402 3330 693 3386 divinitatis
733 3329 1001 3394 formavit,
1036 3327 1212 3383 Patris
1256 3329 1455 3399 pietate
1491 3328 1736 3393 salvavit,
1762 3326 1957 3395 judicis

402 3421 795 3475 examinatione
840 3420 1129 3484 discernat,
1180 3427 1240 3472 ut
1283 3419 1474 3488 impios
1520 3420 1776 3489 gehennae
1824 3418 1960 3487 ignis

404 3508 600 3572 tradat,
629 3510 745 3578 pios
776 3517 951 3563 autem
974 3509 1028 3562 in
1054 3508 1309 3562 societate
1344 3508 1661 3562 aaternitatis
1690 3507 1956 3561 adsumat.

405 3596 541 3663 Quid
584 3612 814 3665 namque
836 3595 1033 3665 justius
1058 3603 1234 3664 potest
1259 3610 1377 3650 esse
1405 3596 1546 3664 apud
1573 3596 1761 3655 Deum,
1800 3610 1959 3663 quam

403 3695 463 3741 ut
489 3680 716 3757 quorum
745 3685 853 3740 vita
884 3684 1097 3739 diversa
1141 3682 1242 3739 fuit
1285 3685 1338 3737 in
1371 3682 1583 3747 szeculo,
1620 3697 1804 3737 eorum
1842 3673 1963 3753 post

406 3778 507 3831 hoc
544 3775 791 3831 steculum
822 3775 1011 3835 merita
1048 3774 1461 3845 distinguantur.
1494 3771 1594 3828 Ubi
1622 3783 1798 3848 autem
1827 3772 1965 3842 judi-

406 3867 560 3922 candi
592 3867 898 3921 referuntur
926 3865 1073 3936 (vivi)
1105 3880 1169 3919 ac
1192 3865 1410 3929 mortui,
1436 3864 1509 3917 ibi
1535 3864 1769 3919 omnium
1798 3862 1964 3918 homi-

407 3972 533 4010 num
556 3971 675 4010 csse
700 3957 839 4025 apud
859 3956 1026 4011 Deum
1051 3970 1179 4011 cura
1204 3955 1474 4010 credatur.

477 4046 641 4101 Inter.
682 4045 892 4100 Nonum
921 4060 1135 4100 versum
1178 4047 1299 4114 quis
1341 4045 1661 4113 composuit,
1693 4050 1787 4097 aut
1829 4057 1963 4111 quo-

408 4136 565 4192 modo
593 4144 678 4192 est
703 4134 1109 4207 intelligendus?
1146 4132 1299 4203 Resp.
1342 4133 1473 4188 ltem
1503 4131 1734 4187 Iacobus
1760 4147 1961 4187 nonum

407 4243 619 4284 versum
656 4224 1089 4297 adjungensait:
1120 4220 1287 4277 Credo
1320 4224 1376 4276 in
1414 4221 1669 4291 Spiritum
1704 4231 1958 4274 sanctum.

408 4315 521 4371 line
550 4314 613 4370 ad
659 4313 885 4369 formam
916 4312 1037 4367 fidei
1074 4312 1325 4383 pertinet,
1367 4318 1427 4364 ut
1471 4311 1611 4364 sicut
1655 4311 1709 4364 in
1746 4309 1961 4363 Patrem

408 4417 464 4463 et
494 4407 705 4469 Filium,
735 4406 809 4458 ita
852 4404 989 4458 etin
1034 4401 1294 4473 Spiritum
1338 4409 1579 4455 sanctum
1609 4399 1811 4468 absque
1853 4398 1961 4452 ulla

409 4496 738 4551 dubitatione
763 4494 1065 4557 credamus,
1098 4502 1157 4545 ut
1183 4507 1410 4562 quorum
1440 4506 1603 4546 unum
1636 4503 1830 4543 nomen
1858 4497 1960 4553 est,

412 4602 517 4643 non
543 4587 611 4641 sit
636 4598 820 4639 eorum
846 4582 1053 4636 diversa
1078 4582 1362 4637 confessio.
1388 4582 1455 4635 Et
1479 4582 1568 4650 qui
1598 4581 1648 4634 in
1671 4579 1804 4634 cmlo
1825 4580 1963 4648 apud

411 4691 472 4730 se
514 4690 677 4729 unum
720 4680 862 4736 sunt,
913 4685 941 4724 a
986 4662 1138 4724 nobis
1180 4684 1286 4723 non
1332 4682 1644 4739 separentur
1678 4670 1731 4723 in
1783 4668 1959 4723 terris.

412 4767 673 4833 Quoniam
715 4767 851 4820 sicut
889 4761 1150 4817 divinitati
1184 4760 1315 4814 nihil
1355 4761 1419 4814 de
1454 4763 1717 4815 creaturis
1763 4759 1963 4831 :equari

410 4863 605 4926 potest,
650 4856 723 4907 ita
751 4869 961 4908 omnem
989 4852 1299 4908 divisionem
1325 4858 1379 4902 et
1423 4849 1837 4917 inzequalitatcm
1864 4866 1964 4905 na-

412 4948 531 4999 tura
569 4943 861 4997 divinitatis
885 4942 1135 4997 excludit.
1173 4941 1355 5008 Itaque
1378 4938 1668 4992 secundum
1697 4941 1964 5010 evangeli-

413 5050 529 5089 cam
553 5032 851 5096 veritatem,
879 5032 1015 5085 sicut
1038 5030 1205 5085 Filius
1224 5047 1254 5084 a
1278 5029 1435 5083 Patre
1460 5027 1644 5089 exivit,
1670 5027 1743 5080 ita
1765 5038 1820 5081 et
1845 5029 1965 5099 Spi-

412 5124 549 5180 ritus
574 5127 787 5175 sanctus
816 5133 846 5171 a
890 5117 1051 5173 Patre
1090 5119 1348 5188 procedit.
1390 5117 1456 5170 Et
1494 5115 1633 5170 sicut
1662 5116 1964 5183 unigenitus

344 5219 348 5227 '
412 5215 581 5271 Filius
641 5211 734 5265 Dei
797 5217 899 5273 est,
942 5209 1014 5261 ita
1061 5217 1115 5261 et
1166 5208 1395 5278 Spiritus
1444 5216 1656 5262 sanctus
1704 5205 1797 5259 Dei
1858 5215 1963 5261 est.

414 5305 482 5360 Et
509 5305 649 5359 sicut
670 5299 846 5363 Pater,
888 5297 975 5352 cui
1019 5294 1151 5360 vult,
1196 5297 1511 5361 miseretur,
1563 5303 1616 5349 et
1646 5294 1811 5348 Filius
1831 5334 1845 5358 ,
1878 5298 1965 5351 cui

414 5396 546 5461 vult,
577 5395 793 5449 Patrem
815 5388 1047 5451 revelat;
1076 5388 1151 5440 ita
1180 5386 1343 5440 etiam
1382 5387 1611 5457 Spiritus
1633 5393 1682 5440 et
1705 5385 1967 5454 inspirare

414 5482 625 5549 legitur,
653 5487 811 5551 prout
834 5477 964 5543 vult,
996 5484 1051 5530 et
1079 5460 1219 5529 dona
1245 5474 1541 5530 cmlestium
1569 5474 1857 5545 gratiarum
1888 5473 1968 5527 di-

417 5573 615 5638 videre,
652 5577 809 5639 prout
850 5568 979 5622 vult.
1014 5565 1141 5633 Quae
1171 5578 1289 5619 cum
1330 5564 1402 5617 ita
1444 5581 1500 5620 se
1534 5564 1783 5625 habeant,
1835 5578 1969 5630 quo~

1994 4363 2041 4421 D

2058 3144 2327 3205 gerentur.
2374 3135 2512 3188 Ecce
2545 3134 2961 3204 profunditatem
3002 3134 3241 3204 mySIerii
3276 3134 3288 3185 !
3323 3134 3457 3186 Ecce
3492 3134 3612 3186 alti-

2060 3226 2294 3279 tudinem
2334 3216 2703 3280 sacramenti!
2764 3224 2863 3279 Ubi
2908 3239 3052 3278 mors
3105 3222 3277 3276 reddit
3315 3223 3513 3286 vitam,
3561 3231 3615 3275 ct

2059 3314 2393 3384 peccantium
2436 3315 2623 3368 sordes
2668 3315 2923 3384 sanguine
2969 3321 3093 3367 sunt
3124 3314 3416 3367 innocentis
3464 3330 3614 3366 muu~

2060 3405 2215 3459 datae.
2263 3404 2384 3459 Haec
2420 3414 2595 3458 autem
2642 3406 2885 3459 remissio
2926 3421 3031 3459 non
3068 3419 3167 3458 nos
3215 3405 3282 3458 ad
3318 3415 3611 3472 peccatum

2060 3496 2248 3560 nutrit,
2277 3496 2368 3549 sed
2399 3496 2667 3560 admonet,
2698 3503 2755 3547 ut
2776 3494 2887 3565 jam
2926 3508 3149 3563 peccare
3175 3483 3476 3549 timeamus.
3520 3494 3609 3561 qui

2059 3600 2157 3638 nos
2189 3586 2532 3652 intelligimus
2568 3586 2683 3637 sine
2730 3585 2879 3636 venia
2922 3598 3027 3637 non
3070 3598 3227 3653 posse
3266 3583 3475 3636 salvari.
3516 3583 3611 3635 Do-

2060 3675 2201 3728 nitas
2227 3676 2368 3729 enim
2401 3676 2494 3729 Dei
2526 3690 2745 3730 munere
2768 3675 3108 3746 indulgentiae
3133 3690 3240 3729 sua:
3269 3690 3372 3728 non
3401 3690 3499 3728 nos
3528 3690 3613 3727 ar—

2059 3774 2170 3819 mat
2198 3765 2265 3818 ad
2290 3765 2520 3835 culpam,
2547 3766 2641 3820 sed
2665 3764 2888 3819 absolvit
2921 3766 2986 3818 ad
3012 3765 3252 3835 gloriam.
3452 3819 3456 3822 ι

2133 3854 2298 3908 Inter.
2339 3854 2557 3909 Carteris
2605 3855 2847 3908 versibus
2890 3855 3166 3924 expositis,
3214 3854 3333 3923 quis
3367 3853 3611 3908 duodeci-

2061 3960 2209 3999 mum
2248 3944 2650 4013 composuisset,
2682 3959 2775 3997 seu
2804 3944 2962 3997 etiam
2995 3945 3121 4013 quid
3172 3943 3412 3997 miraculi
3455 3945 3507 3996 in
3550 3958 3612 3997 co

2060 4035 2344 4097 habeatur,
2377 4043 2434 4086 ut
2464 4034 2591 4087 mihi
2636 4035 2864 4102 aperias,
2898 4034 3167 4087 humiliter
3185 4033 3429 4086 obsecro.
3456 4031 3607 4101 Resp.

2062 4122 2240 4187 Certe,
2268 4122 2455 4187 frater,
2482 4124 2619 4177 sicut
2648 4125 2701 4177 in
2730 4124 2969 4191 reliquis,
2994 4123 3066 4175 ita
3092 4130 3145 4175 et
3175 4123 3227 4176 in
3249 4123 3350 4177 hoc
3372 4124 3611 4192 petitioni

2050 4218 2167 4267 tute
2204 4212 2430 4283 benigno
2471 4213 2669 4278 animo,
2718 4222 2875 4284 prout
2925 4213 3177 4283 intelligo,
3210 4214 3608 4283 obtemperabo.

2064 4304 2337 4371 Matthias,
2382 4306 2471 4373 qui
2516 4305 2583 4359 ab
2626 4306 2880 4374 apostolis
2922 4312 3042 4374 post
3082 4303 3270 4359 ludam
3302 4305 3503 4361 electus
3533 4314 3614 4360 est

2064 4409 2231 4465 sorte,
2279 4400 2648 4455 duodecimum
2688 4415 2902 4475 versum
2929 4399 3141 4468 adjecit,
3184 4400 3363 4454 dicens
3394 4418 3404 4453 :
3430 4398 3612 4453 Carnis

2064 4490 2486 4543 resurrectionem
2524 4499 2571 4542 et
2612 4490 2768 4543 vitam
2801 4500 3064 4543 wternam.
3096 4488 3341 4554 Carnem,
3379 4504 3537 4558 quam
3559 4489 3613 4541 in

2062 4582 2166 4636 hac
2189 4580 2300 4633 vita
2328 4577 2427 4633 sub
2461 4579 2673 4634 mortali
2705 4580 3008 4635 conditione
3034 4588 3330 4648 portamus,
3372 4580 3507 4632 hanc
3532 4594 3615 4631 re-

2065 4672 2431 4725 sUrrecturam
2469 4683 2589 4723 esse
2613 4668 2968 4723 immortalem
2997 4682 3059 4721 ac
3095 4669 3356 4721 rationem
3378 4666 3613 4721 redditu-

2065 4776 2179 4814 ram
2218 4773 2315 4828 pro
2346 4758 2613 4812 consortio
2634 4758 2823 4810 animae
2848 4755 3146 4811 credamus.
3178 4754 3308 4817 Ouis
3333 4757 3473 4810 enim
3499 4772 3615 4811 cre-

2062 4851 2193 4904 dens
2218 4850 2326 4903 Deo
2354 4848 2521 4917 possit
2551 4846 2615 4899 de
2640 4845 3029 4900 resurrectione
3056 4844 3321 4912 dubitare,
3346 4862 3465 4900 cum
3503 4862 3617 4901 ma~

2060 4940 2315 4995 nifestum
2343 4938 2411 4991 sit
2445 4938 2583 4990 hanc
2612 4934 2781 4990 solam
2807 4951 3023 4991 causam
3044 4936 3260 4992 Christo
3295 4936 3458 4991 fuisse
3493 4954 3616 4992 nas-

2064 5030 2253 5085 cendi?
2279 5028 2405 5092 Quae
2444 5027 2649 5081 utilitas
2676 5037 2819 5093 erat,
2862 5036 2920 5083 ut
2962 5036 3248 5098 perpetuus
3284 5043 3497 5082 carnem
3537 5030 3617 5082 di-

2064 5126 2317 5190 gnaretur
2332 5131 2625 5183 assumere,
2642 5119 2744 5172 nisi
2776 5127 2834 5172 ut
2852 5119 3191 5188 perpetuitati
3213 5132 3426 5172 carnem
3454 5117 3617 5171 dona-

2064 5207 2181 5262 ret?
2210 5204 2338 5271 Quae
2375 5204 2544 5275 gloria
2585 5215 2728 5262 esset
2758 5208 2850 5261 Dei
2893 5205 3088 5259 Filium
3134 5220 3348 5261 crucem
3389 5220 3491 5258 non
3523 5219 3619 5271 re.

2070 5293 2279 5363 fugere,
2323 5302 2551 5348 mortem
2590 5304 2862 5364 expetere,
2904 5302 2957 5348 et
3007 5293 3213 5364 perpeti
3251 5292 3572 5361 sepulturam
3598 5333 3613 5357 ,

2069 5380 2171 5434 nisi
2201 5380 2362 5433 vitam
2410 5382 2722 5437 mortalibus
2767 5382 3001 5451 praestita
3057 5380 3445 5435 resurrectione
3487 5391 3609 5433 con-

2069 5468 2265 5524 ferret?
2298 5468 2461 5528 Posse
2497 5472 2605 5527 hoc
2629 5471 2741 5527 fieri
2767 5471 2893 5525 facit
2926 5471 3176 5525 divinitas
3213 5467 3388 5529 ﬁdem,
3430 5468 3511 5521 cui
3539 5477 3617 5522 to-

2072 5569 2201 5624 tum,
2229 5560 2367 5628 quod
2394 5562 2523 5626 vult,
2558 5576 2713 5632 posse
2760 5559 3016 5615 subsistit.
3052 5558 3287 5627 Denique
3318 5564 3377 5610 ut
3410 5555 3591 5613 indubi
