4232 6168
627 181 760 236 1165

1428 183 1489 238 Β.
1523 185 1587 240 F.
1621 182 1846 241 ALBINI
1885 179 2016 237 SEU
2056 177 2333 236 ALCUINI
2372 174 2655 233 OPEIIL'II
2692 174 2872 230 PARS
2910 173 3040 230 VIII.

3720 169 3890 228 ιιμ

621 296 1080 378 tata'rcsurgeudi
1125 295 1365 367 exempla
1395 285 1670 366 capiamus
1695 334 1711 358 ,
1750 296 1860 366 ipse
1904 293 1993 348 hic
2034 306 2187 347 mun-
2213 302 2259 356 Α
2287 286 2414 357 quid
2455 285 2857 378 intelligendum
2889 286 3002 341 est?
3029 261 3179 349 Resp.
3211 285 3255 338 Α
3293 285 3510 340 Christo
3534 281 3890 341 enim'Clu-i-

622 389 722 442 dus
748 390 946 443 amissa
971 396 1291 457 receptaque
1315 388 1528 444 decoris
1541 386 1627 441 sui
1662 389 1848 456 specie
1873 393 1930 440 et
1954 383 2182 447 occidit,

2289 380 2496 443 stianus
2534 376 2827 440 derivatur,
2856 385 2914 432 et
2937 377 3058 431 ideo
3081 377 3208 430 dum
3243 375 3538 432 Christiani
3578 390 3887 437 vocamur,

623 489 678 532 et
712 479 964 549 resurgit.
997 479 1384 536 Documentum
1423 477 1678 532 nimirum
1713 481 1910 530 futurae
1948 487 2188 529 resurre-
2287 471 2488 528 Christi
2525 487 2720 527 nomen
2770 480 3037 535 tenemus,
3064 478 3120 525 et
3164 470 3550 547 supplicamus,
3593 479 3655 550 ut
3694 483 3888 539 opera

623 571 819 626 ctionis
846 571 1162 642 accipimus,
1183 587 1306 626 cum
1329 569 1701 626 commendata
1724 567 1893 624 sulcis
1917 566 2188 622 frumenta
2286 561 2491 618 Christi
2517 560 2694 617 facere
2735 559 3031 624 valeamus,
3075 566 3131 614 et
3171 574 3368 615 nomen
3396 574 3552 615 suum
3581 573 3680 629 per
3719 557 3888 612 bona

625 662 679 714 in
705 660 954 731 stipulam
999 675 1154 714 suam
1206 661 1446 722 redeunt,
1500 666 1556 714 et
1594 657 1870 714 renovatis
1907 655 2189 712 frondibus
2287 665 2451 723 Opera
2483 659 2671 710 nostra
2692 650 2751 708 in
2776 651 2934 711 nobis
2958 649 3346 729 sanctitl‘cetu'r.

624 749 851 820 spoliata
899 749 1018 821 gelu
1062 765 1282 805 nemora
1337 750 1691 805 revirescunt.
1735 747 1942 805 Cuncta
1985 747 2148 802 etiam
2172 787 2188 812 ,

623 854 744 908 qum
789 847 931 896 terra
981 839 1231 908 producit
1271 840 1614 895 aut-semine
1657 847 1754 894 aut
1791 838 1976 894 radice
2011 836 2194 892 multi-

622 930 816 998 plicata
849 929 1162 985 redduntur.
1192 930 1321 998 Qua:
1345 938 1522 985 autem
1549 931 1747 986 duritia
1770 930 1952 985 cordis
1971 937 2054 985 est
2083 943 2191 984 non

605 1020 844 1098 credere
880 1021 1166 1075 reformari
1194 1021 1487 1086 hominem,
1518 1016 1641 1076 cum
1670 1021 1873 1086 omnia,
1903 1033 2024 1091 qua:
2049 1018 2192 1098 facta

588 1096 770 1189 psunt,
823 1118 1157 1180 reparentur;
1220 1107 1392 1165 Vitam
1433 1100 1682 1164 (eternam
1708 1149 1723 1173 ,
1767 1109 1911 1178 quod
1951 1096 2194 1178 sequitur

624 1201 827 1270 absque
863 1201 967 1256 ulla
997 1203 1330 1258 dubitatione
1357 1217 1457 1258 nos
1480 1210 1864 1258 consecuturos
1889 1201 2193 1265 credamus,

623 1291 666 1343 si
708 1294 845 1356 lucc,
876 1307 995 1361 qua:
1023 1294 1118 1368 tibi
1167 1293 1428 1349 hactenus
1459 1295 1704 1366 exposui,
1746 1292 1978 1348 ﬁrmiter
2009 1290 2196 1348 tenea-

627 1394 746 1432 mus
822 1394 886 1434 ac
957 1381 1114 1436 bonis
1173 1383 1426 1452 operibus
1469 1383 1726 1439 ﬁdeliter
1795 1397 2193 1438 conservemus.

624 1469 909 1534 Quoniam,
949 1471 1090 1525 sicut
1140 1473 1311 1535 nosti,
1349 1471 1480 1526 ﬁdes
1536 1473 1651 1526 sine
1690 1472 1943 1542 operibus
1987 1480 2199 1526 mortua

625 1569 727 1614 est.
760 1559 869 1614 Hoc
903 1562 1152 1616 omnibus
1181 1569 1344 1632 patet.

2360 744 2528 798 Inter.
2565 741 2699 811 th
2725 746 2814 816 est
2847 743 3084 800 secunda
3129 741 3352 813 petitio?
3403 739 3557 813 Resp.
3605 737 3890 794 Adreniat

2291 857 2506 912 regnum
2555 849 2734 895 tum.
2774 837 2945 895 Inter.
2980 837 3120 906 Quid
3162 837 3237 892 ibi
3287 834 3687 912 intelligendum
3733 843 3836 888 est
3857 831 3890 884 ?

2295 929 2450 1000 Resp.
2483 927 2716 984 Oramus
2739 919 2906 993 enim,
2939 933 3000 981 ut
3025 925 3274 982 Christus
3301 931 3493 994 regnet
3519 922 3574 978 in
3605 921 3787 984 nobis,
3822 928 3891 975 et

2293 1036 2401 1075 non
2431 1019 2713 1086 diabolus;
2743 1022 2801 1084 et
2826 1017 3067 1073 Ecclesia
3085 1015 3288 1071 Christi
3319 1027 3534 1084 semper
3560 1021 3795 1074 crescat,
3823 1013 3889 1065 in

2294 1126 2398 1180 qua
2429 1117 2621 1180 regnat
2648 1109 2822 1174 Deus;
2857 1113 2914 1162 et
2938 1105 3056 1162 dies
3077 1104 3266 1175 iudicii
3295 1102 3566 1166 adveniat,
3589 1101 3713 1171 quia
3737 1108 3890 1154 tunc

2295 1200 2540 1256 diabolus
2566 1200 2622 1256 in
2647 1199 2849 1255 mundo
2868 1212 3096 1269 regnare
3123 1196 3368 1261 desistet,
3395 1201 3452 1250 et
3475 1191 3722 1248 Christus
3743 1206 3887 1247 cuni

2297 1294 2502 1349 sanctis
2527 1293 2643 1348 suis
2672 1290 2920 1362 regnabit
2945 1290 3001 1344 in
3027 1296 3308 1344 aeternum.

2370 1383 2536 1438 Inter.
2576 1381 2706 1450 Qua:
2728 1389 2816 1437 est
2838 1379 3032 1436 tertia?
3062 1377 3218 1452 Resp.
3253 1376 3375 1432 Fiat
3401 1376 3639 1432 voluntas
3662 1388 3774 1437 tua,
3802 1377 3891 1429 si-

2300 1489 2386 1534 cut
2419 1481 2474 1534 in
2505 1477 2629 1533 cisio
2659 1485 2708 1532 et
2734 1477 2790 1532 in
2831 1486 2993 1530 terra.
3040 1472 3206 1529 Inter.
3243 1472 3520 1541 Quomodo
3543 1479 3631 1528 est
3670 1472 3889 1527 intelli-

2303 1571 2510 1643 genda?
2545 1567 2698 1640 Resp.
2746 1567 2901 1622 Sicut
2948 1563 3124 1634 angeli
3172 1564 3226 1618 in
3273 1562 3412 1619 cmlo
3458 1572 3563 1617 tu:e
3607 1561 3887 1616 voluntati

699 1646 810 1701 Hoc
835 1657 920 1703 est
957 1649 1280 1719 symbolum,
1321 1651 1490 1706 frater
1516 1653 1608 1715 mi,
1641 1654 1781 1722 quod
1809 1653 1903 1706 tibi
1929 1668 2199 1734 exponere
2230 1662 2275 1722 Β
2303 1662 2582 1724 obcdiunt,
2620 1661 2634 1713 i

2303 1662 2582 1724 obediunt,
2620 1661 2696 1713 ita
2739 1666 2796 1713 et
2832 1656 2964 1727 justi
3008 1656 3064 1709 in
3099 1662 3244 1708 terra
3277 1653 3494 1709 faciant.
3543 1651 3609 1706 Et
3634 1653 3775 1707 sicut
3823 1652 3887 1707 in

627 1742 932 1808 lmstulasti,
972 1741 1123 1811 cujus
1146 1735 1444 1816 signaculo,
1484 1746 1625 1800 sicut
1647 1747 1848 1802 dictum
1878 1755 1984 1812 est,
2010 1747 2064 1801 in
2093 1746 2205 1817 pri-

633 1831 840 1885 mordio
869 1831 1057 1887 fideles
1088 1831 1157 1887 ab
1200 1832 1506 1888 inﬁdelibus
1549 1843 1926 1890 secernuntur.
1971 1835 2085 1891 IIoc
2120 1843 2205 1890 est

630 1922 952 1991 symbolum,
1000 1923 1157 1994 cujus
1190 1930 1391 1980 veritas
1424 1941 1858 1998 unumquemque
1893 1928 2203 1982 credentem

629 2008 792 2063 ctiicit
845 2009 1228 2069 Christianum.
1279 2013 1394 2070 Hoc
1432 2024 1516 2069 est
1573 2015 1906 2086 symbolum,
1966 2017 2108 2086 quod
2151 2025 2206 2072 et

629 2100 870 2178 viventes
899 2102 1223 2170 sanctiﬁcat,
1259 2111 1314 2160 et
1348 2114 1593 2160 mortuos
1637 2107 1845 2161 reducit
1893 2107 1960 2160 ad
1997 2108 2203 2171 vitam,

630 2188 697 2242 ad
721 2204 881 2257 quam
908 2191 994 2246 ille
1045 2207 1142 2248 nos
1173 2195 1422 2265 dignetur
1449 2182 1762 2266 perducere,
1811 2199 1903 2266 qui
1939 2199 2109 2252 trinus
2153 2207 2208 2253 et

629 2295 770 2334 unus
803 2282 935 2336 vivit
964 2294 1018 2338 et
1058 2295 1246 2356 regnat
1279 2287 1332 2340 in
1371 2289 1566 2343 saecula
1595 2271 1934 2343 seculorum.
1975 2289 2166 2345 Amen.

1107 2399 1270 2473 uo
1308 2401 1534 2458 CAPUT
1572 2403 1684 2457 xu.

868 2482 872 2486 1
970 2509 1163 2546 INCIPIT
1201 2509 1264 2546 DE
1303 2509 1554 2549 DOIIINICA
1589 2509 1875 2549 ORATIONE.

709 2580 868 2635 Inter.
907 2583 1160 2651 Exposita
1215 2583 1310 2637 tibi
1353 2582 1456 2639 ﬁde
1491 2594 1650 2655 prout
1686 2587 1853 2654 potui,
1897 2572 2040 2641 nunc
2082 2595 2207 2656 peto

632 2680 688 2724 ut
717 2673 864 2726 dicas
895 2674 1046 2736 mihi,
1092 2674 1138 2727 si
1181 2674 1288 2727 scis
1317 2671 1628 2728 Orationem
1660 2674 2016 2741 Dominicam,
2044 2692 2205 2745 quam

630 2763 888 2820 Dominus
920 2775 1102 2820 noster
1128 2765 1286 2820 Jesus
1310 2765 1560 2822 Christus
1582 2767 1873 2836 discipulos
1900 2782 2026 2822 suos
2048 2783 2210 2824 orare

631 2854 830 2908 docuit.
873 2853 1025 2926 Resp.
1060 2857 1205 2912 Scio.

703 2944 867 2998 Inter.
910 2945 1039 3000 Peto
1067 2947 1342 3003 humiliter
1383 2957 1441 3003 ut
1475 2951 1605 3006 mihi
1648 2952 1791 3005 iilam
1830 2951 1998 3007 dicas.
2051 2949 2204 3020 Resp.

2304 1749 2526 1813 sane-tis,
2585 1748 2658 1802 ita
2707 1756 2765 1802 et
2815 1747 2867 1801 in
2914 1743 3291 1816 peccatoribus
3340 1751 3431 1798 tua
3480 1742 3726 1798 voluntas
3755 1743 3890 1796 im-

2301 1841 2531 1913 picatur.

2373 1932 2539 1987 Inter.
2572 1931 2699 1999 Quae
2722 1938 2806 1986 est
2830 1929 3058 2000 quarta?
3083 1928 3234 1998 Resp.
3265 1909 3464 1980 Panem
3487 1935 3720 1988 nostrum
3744 1940 3885 1995 qna-

2305 2012 2562 2078 tidianum
2591 2022 2660 2075 da
2692 2021 2839 2075 nobis
2867 2015 3040 2074 hodie.
3071 2018 3234 2074 Inter.
3267 2017 3404 2084 Quid
3438 2017 3491 2071 in
3520 2031 3583 2071 ea
3618 2014 3881 2083 intelligi-

2307 2115 2429 2170 tur?
2461 2112 2614 2183 Resp.
2643 2095 2757 2166 IIoc
2780 2109 2898 2166 loco
2921 2110 3078 2181 panis
3105 2124 3204 2180 pro
3231 2107 3476 2163 omnibus
3503 2107 3638 2160 cibis
3673 2105 3882 2173 accipi-

2305 2214 2413 2270 tur,
2444 2206 2510 2260 de
2553 2203 2747 2273 quibus
2781 2201 3020 2272 quotidie
3046 2201 3228 2255 vivere
3265 2199 3558 2254 debemus?
3577 2196 3885 2250 Prceamur

2306 2299 2469 2353 etiam
2495 2311 2594 2365 pro
2621 2294 2989 2364 assumptione
3007 2291 3250 2361 corporis
3269 2289 3490 2346 Christi.
3521 2287 3762 2342 Petimus
3785 2287 3885 2340 de-

2307 2391 2488 2459 nique,
2514 2396 2576 2442 ut
2603 2387 2758 2441 nobis
2788 2386 3022 2455 seipsum
3049 2384 3273 2445 tribuat,
3297 2381 3389 2452 qui
3419 2389 3502 2436 est
3529 2381 3682 2451 panis
3702 2381 3880 2434 vivus.

2378 2479 2542 2532 Inter.
2583 2477 2710 2544 Quae
2733 2484 2818 2532 est
2839 2473 3064 2545 quinta?
3093 2471 3248 2542 Resp.
3281 2470 3350 2525 Et
3381 2471 3582 2525 dimitte
3610 2470 3754 2523 nobis
3786 2469 3884 2521 de—

2309 2569 2416 2624 bita
2442 2579 2641 2633 nostra,
2687 2568 2819 2622 sicut
2845 2573 2895 2620 et
2921 2581 3014 2618 nos
3059 2562 3369 2617 dimittimus
3417 2559 3733 2615 debitoribus
3779 2577 3883 2612 no—

2301 2660 2449 2716 -stris.
2483 2660 2649 2714 Inter.
2681 2659 2819 2727 Quid
2850 2659 2901 2714 in
2930 2659 3016 2714 illa
3042 2659 3380 2714 sentiendum
3411 2658 3527 2712 est?
3553 2655 3706 2726 Resp.
3748 2655 3885 2709 Pri-—

2310 2769 2500 2808 camur
2528 2753 2690 2816 enim,
2719 2760 2781 2806 ut
2824 2752 2903 2806 sic
2946 2751 3181 2805 dimittat
3210 2750 3366 2805 nobis
3403 2756 3627 2818 peccata
3656 2755 3840 2803 nostra
3864 2788 3882 2808 ,

2311 2844 2449 2898 sicut
2475 2851 2528 2897 et
2550 2857 2648 2895 nos
2671 2841 2991 2898 dimittimus
3018 2840 3354 2896 debitoribus
3375 2838 3597 2892 nostris.

2381 2931 2547 2985 Inter.
2588 2930 2718 2997 Quae
2745 2937 2829 2985 est
2854 2930 3044 2986 sexta?
3078 2928 3232 3001 Resp.
3265 2929 3334 2984 Et
3363 2947 3424 2984 ne
3451 2946 3543 2983 nos
3575 2929 3794 2983 inducas
3823 2929 3884 2980 in

634 3038 799 3094 ρπιοιη
822 3042 1009 3097 eodem
1041 3044 1264 3099 Domino
1291 3045 1579 3101 miserante
1609 3046 1778 3110 valeo,
1822 3047 1913 3115 qui
1945 3046 2090 3100 mam
2115 3018 2207 3102 δέ),
2234 3020 2280 3083 C
2315 3023 2672 3077 tentationem.
2703 3019 2867 3074 Inter.
2899 3020 3178 3089 Quomodo
3205 3021 3320 3076 hmo
3342 3020 3688 3091 intelligitur?
3718 3018 3877 3085 Resp.

630 3130 760 3194 cuit,
795 3131 1008 3186 faciam.
1057 3133 1214 3187 Pater
1240 3143 1435 3200 noster,
1466 3137 1554 3206 qui
1576 3153 1628 3189 es
1655 3138 1707 3190 in
1735 3136 1892 3199 caelis,
1921 3145 1976 3189 et
2002 3135 2096 3188 rel.

703 3218 868 3274 Inter.
910 3223 965 3274 In
995 3225 1180 3277 eadem
1233 3227 1474 3282 oratione
1526 3237 1656 3296 quot
1718 3228 2005 3297 petitiones
2059 3230 2205 3283 inve—

632 3309 886 3362 niuntur?
912 3310 1065 3380 Resp.
1101 3311 1336 3380 Septem.
1367 3313 1529 3367 Inter.
1555 3315 1684 3380 Quze
1713 3326 1795 3371 est
1819 3319 2023 3386 prima?
2051 3318 2201 3386 Resp.

634 3394 1000 3466 Sancti/icetur
1029 3416 1213 3454 nomen
1242 3411 1408 3454 tuum.

704 3488 870 3543 Inter.
912 3490 1023 3546 IIoc
1067 3495 1208 3562 quod
1241 3494 1293 3548 in
1342 3495 1518 3565 capite
1542 3497 1724 3552 dixisti
1754 3517 1764 3550 :
1806 3497 1968 3552 Pater
1999 3511 2200 3562 noster,

630 3581 718 3646 qui
748 3597 800 3633 es
829 3581 881 3633 in
904 3583 1065 3645 caelis,
1106 3585 1374 3652 quomodo
1397 3588 1748 3659 intelligitur?
1778 3589 1932 3661 Resp.
1961 3590 2037 3646 lbi
2060 3593 2203 3648 enim

632 3667 902 3719 invocatio
928 3669 1201 3737 dignitatis
1224 3681 1326 3736 est,
1351 3675 1476 3728 dum
1499 3675 1715 3730 Patrem
1741 3692 1839 3731 nos
1864 3678 2062 3733 habere
2084 3695 2206 3748 pro-

633 3753 847 3808 ﬁtemur
892 3755 1082 3820 Deum,
1123 3759 1248 3827 quia
1295 3776 1487 3816 omnes
1531 3779 1630 3817 nos
1673 3762 1869 3820 fratres
1897 3778 2204 3830 sumus,_et

631 3846 797 3898 Deum
825 3845 1036 3900 Patrem
1066 3849 1322 3906 habemus
1348 3851 1401 3910 in
1427 3853 1596 3908 caelis.

703 3937 866 3993 Inter.
908 3941 964 3994 In
995 3940 1169 4011 prima
1198 3944 1476 4014 petitione,
1519 3962 1680 4016 quam
1715 3949 1960 4018 superius
1987 3951 2200 4015 dixisti,

2316 3117 2429 3171 Non
2485 3117 2716 3185 petimus
2765 3124 2958 3169 utnon
3010 3123 3300 3179 tentemur,
3348 3115 3472 3184 quia
3523 3113 3614 3181 qui
3659 3126 3764 3164 non
3796 3119 3885 3163 est

2316 3219 2566 3271 tentatus,
2599 3225 2706 3262 non
2737 3217 2819 3262 est
2844 3208 3121 3276 probatus.
3166 3205 3271 3260 Sed
3299 3219 3584 3276 precamur
3612 3210 3669 3256 ut
3693 3217 3760 3255 ne
3782 3218 3885 3256 nos

2315 3302 2529 3353 inducat
2565 3299 2616 3352 in
2651 3297 3022 3360 tcntationem,
3070 3312 3231 3366 quam
3278 3293 3506 3350 sufferre
3551 3309 3655 3348 non
3687 3309 3881 3363 possu-

2313 3406 2450 3443 "IIIS.

2383 3479 2546 3534 Inter.
2589 3479 2716 3546 Quze
2764 3486 2849 3533 cst
2895 3479 3158 3549 septima?
3206 3477 3354 3547 Resp.
3387 3475 3490 3532 Sed
3528 3477 3690 3531 libera
3717 3493 3808 3530 nos
3850 3492 3885 3528 η

2305 3568 2464 3643 malo.
2498 3568 2663 3631 Inter.
2689 3567 2967 3634 Quomodo
2991 3577 3072 3622 est
3099 3569 3483 3640 intelligenda?
3511 3567 3668 3637 Resp.
3696 3567 3749 3620 ld
3772 3573 3880 3629 est,

2304 3677 2333 3714 a
2373 3659 2602 3732 diabolo,
2638 3675 2665 3712 a
2697 3667 2920 3727 peccato
2950 3667 3006 3713 et
3031 3658 3100 3711 ab
3128 3660 3273 3712 omni
3301 3657 3441 3713 malo
3479 3664 3830 3712 tentamento.

2374 3750 2540 3803 Inter.
2574 3750 2755 3811 Amen,
2788 3751 2932 3819 quod
2964 3750 3017 3803 in
3047 3750 3152 3804 ﬁne
3189 3758 3293 3812 est,
3328 3748 3600 3819 quomodo
3625 3747 3885 3817 inte‘ligi-

2310 3851 2416 3906 tur,
2446 3843 2528 3897 vel
2571 3841 2723 3911 cujus
2750 3843 2930 3913 lingua
2959 3842 3192 3897 dicitur?
3223 3841 3376 3914 Resp.
3404 3842 3574 3897 Amen
3615 3842 3884 3898 Hebraiee

2305 3932 2526 3996 dicitur,
2560 3934 2701 4002 quod
2729 3933 2917 3989 Latine
2943 3949 3070 3989 vere
3096 3944 3149 3989 et
3176 3934 3408 3990 ﬁdeliter
3437 3934 3846 4004 interpretatur.

1574 4207 2435 4284 PROPOSITIONES
2496 4211 2942 4286 ALCUINI

1403 4379 1819 4438 DOCTORIS
1873 4385 2183 4443 σηοω
2218 4359 2479 4441 MAGM
2529 4382 3112 4441 IMPERATORIS

1730 4535 1837 4593 AD
1883 4536 2302 4597 ACUENDOS
2343 4539 2690 4600 JUVENES
2723 4544 2773 4611 ⁸,

1069 4719 1381 4778 MONITUM
1419 4717 1774 4774 PREVIUM.

710 4813 1109 4879 Propositiones
1152 4821 1439 4881 sequentes
1482 4813 1773 4866 maximam
1803 4820 2011 4881 partem
2049 4813 2205 4871 editae

640 4891 851 4935 exstant
884 4882 1020 4932 inter
1048 4882 1218 4949 Opera
1255 4883 1382 4937 Ven.
1417 4883 1593 4942 Bedze,
1623 4893 1753 4935 tom.
1785 4882 2078 4936 [editionis
2105 4882 2204 4934 Ba-

641 4951 890 5022 silcensis
937 4951 1288 5022 anni‘jﬁﬁd,
1324 4968 1444 5020 pag.
1513 4954 1614 5005 155
1671 4967 1815 5022 seq,
1849 4952 2202 5022 (Patrologiw

640 5033 784 5076 IOIIIO
811 5018 921 5081 XC,
940 5021 1040 5073 col.
1066 5019 1208 5091 667).
1237 5018 1368 5073 Illud
1395 5018 1573 5074 tatnen
1599 5018 1914 5089 opusculum
1936 5038 2058 5075 cum
2087 5018 2202 5091 plu-

644 5095 788 5146 ribus
817 5091 935 5144 aliis
966 5090 1200 5158 ejusdem
1231 5091 1383 5155 tomi,
1405 5091 1560 5160 Redin
1588 5093 1918 5160 suppositum
1942 5108 2057 5145 esse.
2083 5090 2200 5146 Cen-

641 5173 758 5217 sent
780 5162 992 5218 eruditi.
1026 5161 1168 5228 quod
1197 5161 1335 5212 illius
1361 5159 1560 5212 nullam
1587 5159 1907 5213 mentionem
1939 5161 2124 5216 fecerit
2146 5166 2198 5217 in

642 5235 882 5302 catalogo
912 5231 1410 5302 suorum_0perum,
1442 5243 1605 5302 quem
1633 5230 1855 5302 ipsemet
1879 5232 2128 5286 confecit.

715 5297 898 5356 Ελςῖιιι
929 5317 1050 5352 vero
1077 5300 1176 5353 sub
1209 5300 1421 5352 nomine
1460 5297 1667 5349 Aleuini
1701 5300 1750 5350 in
1783 5309 2088 5366 pervetusto
2111 5321 2198 5359 co—

644 5375 756 5425 dice
787 5390 883 5425 ins.
921 5371 1229 5423 n‘nmasterii
1257 5369 1440 5437 Augia!
1469 5367 1675 5440 Divitis,
1709 5370 1849 5440 unde
1875 5371 2198 5440 descriptum

646 5446 707 5496 ad
737 5459 828 5494 nos
861 5442 1118 5509 pervenit.
1176 5440 1249 5492 De
1300 5440 1486 5494 eodem
1537 5438 1783 5492 fortassis
1832 5438 2202 5512 intelligendus

714 5588 732 5614 δ
763 5575 868 5628 Istc
898 5587 972 5626 est
1003 5574 1183 5626 titulus
1209 5577 1259 5627 in
1286 5575 1400 5628 cod.
1439 5592 1535 5626 ms.
1567 5574 1746 5644 AugiJ:
1779 5575 1982 5629 Divitis.

2237 4730 2287 4786 Ι)
2310 4744 2586 4806 Alcuinus,
2614 4746 2737 4801 dum
2782 4748 2847 4801 ad
2877 4748 3126 4802 Carolum
3157 4746 3405 4815 Magnum
3438 4747 3489 4798 in
3516 4745 3742 4814 epistola
3777 4748 3872 4803 101

2313 4817 2385 4868 ita
2412 4817 2596 4868 scribit
2622 4835 2633 4868 :
2671 4836 2689 4867 ‹
2725 4817 2840 4872 Misi
2872 4817 3202 4871 excellentia:
3228 4824 3420 4886 vestra“:
3447 4819 3704 4883 quasdam
3746 4834 3875 4886 spe-

2310 4887 2422 4937 cies
2448 4886 2737 4941 dictionum
2764 4887 3025 4955 exemplis
3046 4894 3100 4940 et
3121 4885 3369 4940 versibus
3389 4887 3679 4940 venerandi
3701 4885 3880 4942 Patris

2309 4955 2654 5010 confirmatas
2686 4998 2698 5021 ,
2731 4968 2784 5013 et
2825 4957 3028 5026 aliquas
3053 4955 3250 5026 ﬁguras
3278 4957 3616 5010 arithmeticen
3663 4958 3877 5010 subtili-

2308 5028 2450 5088 tatis,
2480 5027 2674 5080 (milia:
2702 5045 2862 5080 causa
2900 5025 2919 5077 ί
2955 5034 3058 5080 etc.
3095 5025 3170 5079 En
3205 5028 3465 5080 rationem
3493 5042 3613 5095 quae
3642 5042 3740 5080 nos
3783 5027 3875 5080 in-

2308 5097 2460 5150 duxit
2481 5106 2538 5152 ut
2564 5097 2766 5164 scripto
2794 5098 2916 5150 huic
2955 5097 3096 5148 inter
3125 5097 3286 5151 dubia
3335 5096 3543 5151 Alcuini
3577 5096 3750 5149 locum
3782 5095 3880 5147 da-

2310 5183 2507 5221 remus.
2542 5163 2875 5221 Contulimus
2920 5182 3042 5220 vero
3073 5166 3197 5220 illud
3227 5184 3346 5222 cum
3384 5168 3619 5220 editione
3649 5163 3873 5232 pnefata

2315 5239 2439 5290 Ven.
2475 5238 2628 5291 Beda:
2665 5244 2717 5290 et
2764 5235 3029 5303 aliquibus
3060 5236 3188 5291 locis
3221 5237 3409 5291 menda
3448 5235 3651 5288 librarii
3691 5247 3876 5286 emcn-

2309 5309 2570 5362 (lavimus.
2609 5306 2848 5366 Modicae,
2886 5306 3078 5368 fateor,
3111 5309 3358 5362 utilitatis
3395 5306 3593 5358 habent
3618 5304 3871 5372 proposi-

2309 5379 2482 5431 tiones
2513 5378 2717 5435 isthzrc,
2771 5384 2825 5427 et
2853 5392 2912 5426 ex
2947 5376 3280 5430 arithmetica
3328 5376 3482 5435 hodie
3510 5374 3649 5428 culta
3697 5373 3867 5428 multo

2307 5449 2515 5501 facilius
2545 5459 2598 5500 et
2624 5443 2817 5498 clarius
2843 5446 3032 5500 resolvi
3067 5455 3309 5516 possunt;
3346 5456 3501 5500 crunt
3545 5453 3723 5499 tamen
3762 5443 3871 5498 for-
