4232 6216
374 232 512 288 1145
553 288 557 294 .

1255 233 1406 290 ore.
1445 234 1669 290 unum.
1711 207 1779 276 -ὲ
1815 234 2355 294 rnorosmoa'ss
2388 239 2680 298 acaum.
2747 291 2751 296 .
2829 251 2846 257 ε

3459 255 3590 310 {HG

371 351 536 425 tassis
561 349 676 420 qui,
717 322 784 404 ad
808 347 1027 425 quasvis
1055 324 1391 425 antiquitatis
1427 347 1680 425 reliquias
1703 348 1929 425 attenti,
1964 351 2015 407 Α
2035 356 2247 401 centum
2272 349 2506 405 denariis
2526 367 2555 405 c
2577 368 2769 422 porcos
2793 370 2971 411 emere
2995 375 3009 423 ;
3051 361 3331 419 sic-tamen
3349 404 3364 425 ,
3392 373 3452 417 ut
3475 380 3591 417 vero

369 421 458 476 his
480 416 692 490 quoque
721 416 954 489 pretium
995 425 1257 482 statuant,
1287 425 1344 490 et
1372 418 1496 471 inde
1534 416 1787 471 nonnulla
1811 431 1934 485 quas

368 491 438 546 ad
467 487 754 554 calculum,
787 502 1070 542 mensuras
1095 501 1161 542 ac
1182 487 1680 557 ponderaveterum
1711 501 1934 557 cognos-

365 561 538 616 cenda
585 559 889 622 conferunt,
941 571 1133 626 eruere
1155 555 1678 626 possintrNonnnlla
1718 570 1836 626 quae
1876 555 1932 611 in

367 645 476 699 ms.
511 629 851 694 deﬁciebant,
878 621 1247 699 'supplevimus
1267 641 1334 682 ex
1363 621 1499 682 Ven.
1528 624 1670 680 Beda
1706 621 1807 680 sub
1846 626 1933 680 his

509 714 710 755 SlRﬂlS.'
1254 727 1258 732 ‘
1295 727 1297 729 ‘
1315 729 1324 734 ’
1394 749 1399 754 .

366 698 388 770 Ι.
461 698 710 772 ]8ί8“ἱ8.·
955 792 960 796 .
1027 763 1186 838 ul
1394 749 1399 754 .
1443 783 1449 788 _

399 926 402 928 γ
821 871 1131 914 Ριονοειτιο
1158 873 1224 912 DE
1255 870 1470 913 ωκια.
1495 863 1506 871 ’
1863 932 1866 934 Ὺ

431 948 620 1006 Limax
641 948 744 1004 fuit
767 948 837 1004 ab
859 948 1176 1004 bierundine
1211 945 1363 1026 [Ηρη
1386 945 1710 1018 harundine]
1737 947 1933 1002 invita-

332 1048 449 1103 tus
473 1041 544 1095 ad
570 1039 860 1110 prandium
901 1039 1044 1094 infra
1081 1038 1292 1094 leucam
1318 1040 1500 1092 unam.
1529 1037 1589 1092 lu
1621 1036 1709 1092 die
1748 1045 1930 1093 autem

358 1148 466 1188 non
491 1133 668 1204 potuin
692 1131 813 1203 plus
836 1146 1001 1202 quam
1031 1145 1195 1186 unam
1221 1131 1434 1185 unciam
1453 1129 1604 1200 pedis
1632 1129 1926 1186 ambulare.

358 1225 531 1291 Dicat,
555 1226 646 1294 qui
675 1223 823 1290 velit,
863 1224 920 1279 in
959 1221 1297 1295 quot,[annis
1319 1220 1425 1294 vel]
1468 1221 1656 1277 diebus
1689 1221 1757 1278 ad
1785 1222 1927 1278 idem

354 1315 639 1386 prandium
669 1314 785 1385 ipse
810 1314 975 1369 limax
997 1303 1453 1387 perambulabat?

743 1405 994 1476 Sequitur
1017 1403 1208 1459 solutio
1241 1403 1305 1458 de
1333 1403 1537 1458 limace.

424 1492 482 1548 in
509 1492 660 1549 leuca
684 1509 794 1549 una
819 1474 944 1550 sunt
966 1493 1413 1565 millequingenti
1436 1510 1660 1565 passus;
1684 1511 1759 1551 vu
1783 1513 1816 1551 ι)
1836 1474 1928 1566 pe-

352 1587 468 1654 des,
495 1588 562 1644 x7:
590 1586 782 1642 uncias.
813 1584 956 1652 Quot
978 1586 1169 1665 uncize,
1208 1593 1288 1640 tot
1316 1586 1431 1641 dies
1456 1584 1693 1652 fuerunt,
1723 1588 1815 1659 qui
1838 1587 1922 1644 fa-

350 1681 501 1737 ciunt
523 1696 694 1737 annos
717 1672 929 1745 ccxtvi,
956 1686 1012 1734 et
1036 1677 1153 1734 dies
1173 1692 1291 1733 ccx.

551 1876 579 1906 ⁸
608 1877 918 1918 PROPOSITIO
946 1875 1011 1916 DE
1035 1875 1162 1916 V180
1189 1876 1505 1916 AIIBULANTB
1531 1877 1590 1916 ΙΝ
1611 1877 1721 1916 VIA.

420 1955 644 2026 Quidam
693 1955 777 2008 vir
820 1953 1101 2009 ambulans
1146 1966 1246 2022 per
1287 1953 1430 2007 viam
1462 1939 1596 2007 vidit
1639 1951 1742 2008 sibi
1785 1953 1919 2009 alios

345 2048 593 2104 homines
629 2044 939 2110 obviantes,
982 2051 1039 2100 et
1073 2043 1209 2098 dixit
1243 2044 1359 2113 eis:
1399 2043 1674 2110 Volebam,
1703 2052 1763 2099 ut
1791 2043 1919 2100 fuis-

345 2139 477 2194 setis
515 2136 701 2210 [Bed.,
752 2137 957 2190 utinam
1002 2133 1274 2208 fuissetis]
1306 2134 1408 2198 alii
1453 2144 1682 2201 tantum,
1729 2137 1916 2206 quanti

343 2232 511 2295 estis;
543 2239 598 2285 et
620 2229 878 2284 medietas
908 2228 1240 2289 medietatis;
1284 2236 1338 2281 et
1375 2227 1532 2297 hujus
1557 2227 1766 2282 numeri
1801 2243 1916 2283 me-

343 2323 516 2378 dietas
557 2320 634 2394 [et
671 2336 859 2376 rursus
883 2320 949 2374 de
981 2319 1266 2374 medietate
1296 2316 1575 2390 medietas]
1601 2335 1614 2384 ;
1658 2327 1786 2374 tunc
1809 2335 1914 2372 una

340 2426 552 2467 mecum
583 2428 614 2467 c
651 2409 908 2465 fuissetis.
955 2411 1127 2475 Dicat,
1169 2410 1261 2481 qui
1292 2410 1437 2477 velit,
1463 2411 1650 2480 quanti
1674 2408 1910 2485 fuerunt,

340 2502 434 2572 qui
457 2503 510 2556 in
536 2503 724 2573 primis
748 2501 817 2555 ab
846 2500 936 2556 illo
958 2501 1059 2564 visi
1080 2501 1247 2555 sunt?

411 2605 414 2608 '
648 2651 651 2654 ,
697 2591 900 2647 Salutio
921 2591 985 2646 de
1005 2592 1184 2646 eadem
1206 2593 1573 2663 propositione.
1615 2658 1621 2666 ι

409 2683 512 2749 Qui
543 2682 803 2753 imprimis
824 2683 893 2736 ab
916 2682 1004 2736 illo
1027 2682 1126 2737 visi
1150 2689 1295 2745 sunt,
1332 2681 1552 2737 fuerunt
1587 2699 1772 2737 xxxvi.
1800 2682 1907 2739 Alii

338 2784 548 2830 tantum
587 2789 754 2828 Lxxn.
798 2771 1052 2828 Medietas
1091 2771 1394 2827 medietatis
1435 2789 1586 2826 xvm.
1637 2774 1706 2828 Et
1746 2772 1908 2841 hujus

336 2867 546 2921 numeri
592 2865 850 2920 medietas
895 2872 1020 2919 sunt
1043 2881 1181 2919 vim.
1229 2863 1324 2919 Dic
1361 2879 1490 2936 ergo
1521 2865 1636 2920 sic:
1678 2881 1822 2921 1.xxu
1851 2873 1906 2920 et

336 2972 465 3011 xvln
501 2957 634 3011 ﬁunt
652 2973 738 3012 xc.
766 2956 915 3012 Adde
937 2957 1074 3022 vnn,
1103 2959 1236 3012 ﬁunt
1262 2971 1465 3010 xcvnn.
1506 2956 1651 3012 Adde
1684 2956 1903 3026 loquen-

334 3057 463 3112 tem,
491 3056 545 3102 et
568 3046 790 3102 habebis
823 3061 873 3101 c.
1081 3114 1146 3169 ΠΙ

511 3210 536 3249 b
564 3223 872 3265 paorosmo
897 3223 960 3261 ne
990 3221 1188 3262 nuosvs
1213 3214 1722 3262 moncxsdmrmus.

340 3332 342 3334 τ
403 3301 518 3356 Duo
563 3300 807 3354 homines
850 3296 1181 3354 ambulantes
1221 3312 1319 3366 per
1356 3297 1516 3361 viam,
1556 3299 1902 3368 videntesque

334 3390 586 3453 ciconias,
618 3389 871 3442 dixerunt
915 3387 1054 3454 inter
1094 3403 1185 3442 se:
1225 3387 1363 3453 Quot
1395 3389 1563 3441 sunt?
1599 3389 1697 3455 Qui
1722 3389 1904 3445 confe-

332 3487 513 3533 rentes
545 3494 827 3532 numerum
855 3477 1107 3532 dixerunt
1132 3495 1156 3554 :V
1187 3476 1242 3532 Si
1271 3487 1455 3532 essent
1486 3479 1601 3533 alite
1631 3489 1821 3547 tantae;
1848 3492 1904 3536 et

332 3580 414 3624 ter
439 3568 612 3639 [Bed.,
636 3574 692 3621 et
713 3565 898 3638 etiam]
924 3574 1102 3632 tantae,
1123 3575 1177 3620 et
1203 3565 1462 3622 medietas
1485 3570 1646 3634 tertii,
1678 3569 1903 3638 adjectis

331 3664 554 3728 duobus,
579 3677 606 3716 c
637 3668 836 3715 essent.
871 3659 1042 3722 Dicat,
1073 3658 1164 3728 qui
1192 3667 1385 3728 potest,
1415 3668 1625 3728 quantae
1660 3659 1894 3730 fuerunt,

328 3769 447 3824 qua:
472 3752 732 3823 imprimis
758 3749 827 3804 ab
854 3749 958 3803 illis
976 3749 1105 3803 visa:
1131 3750 1290 3803 sunt?

829 3839 1032 3896 Salutio
1062 3840 1127 3894 de
1160 3840 1394 3894 ciconiis.

396 3946 563 3983 xxvm
592 3939 647 3983 et
681 3945 832 3993 xvm,
857 3936 910 3982 et
937 3930 1095 3983 tertio
1121 3929 1233 3992 sic;
1271 3929 1406 3983 ﬁunt
1429 3947 1673 3986 LXXXIIII.
1701 3933 1767 3988 Et
1790 3949 1898 3989 me.

327 4024 497 4078 dictas
528 4021 671 4074 tertii
709 4020 843 4074 ﬁunt
864 4020 1017 4072 xnn.
1054 4018 1191 4072 Sunt
1220 4018 1272 4072 in
1305 4027 1474 4075 totum
1518 4038 1702 4077 xcvm.
1732 4024 1896 4096 Adje-

327 4117 426 4171 ctis
453 4112 679 4179 duobus,
708 4128 736 4167 c
765 4116 1044 4182 apparent.

1066 4199 1154 4255 IV.

613 4309 635 4336 ο
675 4281 984 4352 ιιιιοιιόδιτιο
1015 4310 1078 4348 DE
1103 4307 1302 4348 llOMlNE
1333 4309 1399 4347 er
1423 4309 1594 4358 EQUIS.

391 4389 616 4455 Quidam
659 4385 818 4442 homo
857 4387 990 4441 vidit
1024 4400 1190 4456 equos
1234 4394 1513 4455 pascentes
1563 4385 1615 4439 in
1663 4399 1885 4456 campo,
1918 4373 1967 4433 D

322 4480 523 4551 optavit
557 4479 778 4532 dicens:
827 4475 1043 4531 Utinam
1073 4478 1267 4532 essetis
1304 4477 1440 4541 mei,
1471 4486 1526 4531 et
1564 4476 1754 4532 essetis
1797 4477 1887 4531 alii

325 4583 549 4635 tantum,
576 4577 629 4622 et
655 4562 913 4621 medietas
952 4568 1254 4646 medietatis
1281 4585 1294 4631 ;
1332 4577 1479 4622 certe
1514 4567 1768 4638 gloriarer
1801 4583 1889 4622 su-

320 4678 416 4736 per
446 4675 612 4729 eqnos
643 4674 691 4711 c.
727 4647 1026 4719 Discern-at,
1059 4657 1148 4724 qui
1182 4657 1310 4719 vult,
1353 4668 1484 4726 quot
1507 4675 1674 4728 equos
1707 4661 1889 4731 impri-

320 4753 422 4806 mis
447 4751 576 4804 vidit
607 4750 695 4803 ille
734 4749 893 4803 homo
922 4748 1241 4815 pascentes?

723 4828 727 4831 ’
873 4837 1074 4892 Salutio
1097 4839 1158 4892 de
1183 4837 1344 4908 equis.

392 4949 456 4986 xi.
496 4931 619 5000 equi
662 4939 836 4994 erant,
876 4932 964 5000 qui
1009 4931 1318 4998 pascebant.
1367 4929 1469 4984 Alii
1514 4939 1722 4984 tantum
1755 4933 1890 4987 ﬁunt

320 5041 476 5082 uxx.
516 5022 769 5076 Mcdietas
795 5021 1093 5077 medietatis
1125 5021 1299 5092 hujus,
1323 5022 1375 5076 id
1403 5029 1504 5086 est,
1531 5037 1618 5084 xx,
1651 5020 1694 5073 si
1728 5022 1889 5075 adda-

321 5128 424 5183 tur,
455 5117 586 5171 ﬁunt
610 5130 657 5168 c.
1078 5185 1119 5235 γ

534 5280 558 5327 d-
594 5293 900 5334 PBOPOSITIO
934 5293 996 5328 DE
1025 5292 1267 5331 ΕΜΡΤΟΒΕ
1300 5294 1655 5334 υΕΝᾹῐὶῐΟῐὶιῗΜ.

386 5373 530 5427 Dixit
569 5374 787 5444 quidam
828 5379 1038 5440 emptor
1068 5367 1254 5439 [Bed.,
1288 5371 1581 5442 mercator]
1610 5389 1619 5421 :
1656 5370 1787 5422 Volo
1817 5371 1880 5424 de

387 5520 411 5544 λ
446 5504 594 5574 Apud
629 5499 864 5560 Bedam:
909 5504 986 5558 De
1028 5502 1232 5554 homine
1273 5502 1402 5556 alios
1448 5502 1675 5556 homines
1718 5500 1768 5553 in
1803 5502 1880 5553 ria

319 5578 412 5631 sibi
435 5575 774 5627 nbi‘inmibus.

393 5651 412 5685 ίι
447 5647 595 5715 Apud
623 5645 816 5699 Bcdam
849 5646 1088 5700 additur:
1135 5642 1266 5697 Visis
1301 5642 1527 5697 eicom’is.

1920 3022 1978 3096 ,ϐ

2035 452 2123 492 res
2155 454 2187 492 x
2230 439 2466 496 denariis
2512 452 2764 510 ematur;
2817 449 2989 503 scrofa
3013 461 3208 507 .autem
3249 470 3283 508 v
3317 454 3589 520 denariis;

2032 527 2139 582 duo
2164 543 2292 584 vero
2322 531 2539 599 porcelli
2576 534 2800 590 denario
2818 553 2944 593 uno.
2985 540 3164 607 Dicat,
3189 544 3280 613 qui
3325 544 3588 613 intelligit,

2030 626 2162 698 quot
2182 633 2386 685 verres,
2417 628 2546 690 quot
2585 623 2804 689 scrofa},
2847 639 3043 698 quotve
3085 631 3300 701 porcelli
3335 647 3457 688 esse
3500 635 3590 689 (ἰοί

2029 707 2213 773 beant,
2241 719 2302 765 ut
2326 712 2379 765 in
2409 713 2614 769 neutris
2638 730 2894 772 numerus
2919 734 3019 775 nec
3054 721 3466 792 superabundct,
3493 738 3590 779 nec

2030 796 2342 854 minuatur?

2527 891 2730 950 Salutio
2763 897 2827 952 de
2859 908 3102 969 emptore.

2099 979 2208 1035 Fac
2232 995 2350 1037 vnn
2379 983 2583 1039 scrofas
2610 993 2665 1040 et
2693 1003 2857 1042 unum
2883 1004 3092 1045 verrem
3124 991 3176 1044 in
3206 974 3588 1064 quinquaginta

2026 1069 2266 1140 quinque
2310 1071 2584 1136 denariis;
2622 1084 2677 1145 et
2721 1093 2860 1131 uxr
2907 1079 3173 1148 porcellos
3219 1083 3270 1136 in
3317 1099 3406 1137 χι.
3455 1085 3589 1138 Eme

2024 1161 2174 1230 porci
2210 1177 2295 1216 xc.
2339 1161 2400 1218 In
2439 1165 2668 1220 residuis
2694 1181 2726 1220 v
2762 1167 3018 1235 denariis,
3050 1171 3139 1225 fac
3167 1173 3428 1240 porcellos
3455 1191 3506 1237 κ,
3537 1184 3585 1229 ιιι

2027 1250 2249 1306 habebis
2273 1254 2640 1308 centenarium
2664 1257 2948 1312 numerum
2978 1259 3032 1312 in
3054 1260 3316 1330 utrisque.

2762 1366 2845 1420 Vl.

2093 1466 2403 1508 PROPOSITIO
2427 1467 2493 1508 DE
2525 1469 2725 1509 DUOBUS
2760 1471 3217 1513 NEGOTIATORIBUS
3247 1475 3274 1513 C
3302 1475 3516 1515 SOLIDOS

2633 1561 2978 1603 BABENTIBUS.

2019 1652 2024 1681 ί
2090 1632 2331 1688 Fuerunt
2360 1633 2465 1689 duo
2486 1636 2865 1704 negotiatores,
2892 1638 3148 1694 habentes
3167 1657 3196 1696 c
3219 1641 3415 1697 solidos
3434 1657 3580 1697 com—
3653 1626 3660 1636 ’

2012 1713 2235 1789 'munes,
2265 1724 2459 1794 quibus
2494 1736 2738 1782 emerent
2779 1745 2990 1800 porcos.
3023 1732 3276 1787 [ﬁnierunt
3319 1742 3496 1789 autem
3528 1735 3580 1789 in

2023 1811 2208 1866 solidis
2232 1813 2438 1868 duobus
2458 1829 2652 1884 porcos
2680 1833 2732 1881 v,
2755 1817 2993 1876 volentes
3013 1836 3106 1876 eos
3132 1823 3398 1891 saginare,
3423 1833 3579 1892 atque

1993 1948 1995 1950 .
2020 1901 2216 1957 iterum
2238 1905 2566 1971 venundare,
2596 1913 2652 1961 et
2686 1907 2738 1961 in
2761 1908 2944 1964 solidis
2969 1909 3173 1964 lucrum
3198 1911 3394 1966 facere.
3421 1913 3577 1968 Cumo

2016 2010 2120 2064 que
2143 1996 2403 2052 vidissent
2432 2006 2640 2068 tempus
2663 2015 2768 2054 non
2793 2015 2914 2057 esse
2936 2004 3000 2057 ad
3023 2005 3341 2073 saginandos
3367 2021 3576 2075 porcos,

2015 2095 2070 2141 et
2099 2087 2200 2156 ipsi
2229 2095 2322 2142 eos
2347 2104 2451 2144 non
2477 2090 2770 2148 valuissent
2798 2105 3035 2164 tempore
3071 2097 3283 2152 hiemali
3325 2113 3576 2167 pascere,

2016 2185 2294 2233 tentavere
2321 2179 2694 2245 venundando,
2731 2183 2777 2236 si
2803 2185 3120 2253 potuissent,
3149 2175 3354 2242 lucrum
3377 2189 3575 2253 facere.

2012 2269 2109 2322 sed
2138 2284 2243 2324 non
2289 2278 2610 2339 potuerunt;
2649 2273 2774 2341 quia
2819 2289 2924 2329 non
2954 2275 3201 2330 valebant
3232 2292 3326 2332 eos
3353 2280 3577 2350 amplius

2010 2358 2337 2421 venundare,
2364 2358 2469 2413 nisi
2492 2365 2550 2413 ut
2570 2361 2735 2431 empti
2758 2361 2988 2429 fuerant,
3023 2364 3074 2419 id
3101 2376 3202 2431 est,
3235 2376 3295 2422 ut
3314 2369 3380 2424 de
3404 2385 3436 2422 v
3456 2383 3578 2439 por-

2009 2445 2088 2500 cis
2116 2445 2248 2500 duos
2275 2447 2474 2503 solidOs
2503 2450 2827 2519 acciperent.
2865 2451 2996 2508 Cum
3028 2455 3127 2509 hoc
3151 2459 3574 2525 conspexissent,

2009 2535 2261 2591 dixerunt
2287 2537 2354 2592 ad
2381 2536 2638 2592 invicem:
2668 2539 2976 2597 Dividamus
3012 2557 3124 2596 eos.
3155 2543 3458 2600 Dividentes
3484 2562 3576 2600 au-

2008 2639 2118 2684 tem
2157 2639 2213 2684 et
2237 2629 2548 2695 vendentes,
2581 2631 2720 2687 sicut
2765 2641 3021 2696 emerant,
3077 2633 3572 2692 feceruntlucrum.

2006 2717 2195 2783 Dicat,
2243 2718 2332 2787 qui
2365 2718 2524 2783 valet,
2556 2719 2822 2790 imprimis
2863 2731 2991 2791 quot
3032 2723 3179 2792 porci
3227 2723 3573 2789 fuerunt;'et

2005 2810 2209 2864 dividat
2245 2825 2308 2863 ac
2331 2811 2528 2864 vendat
2553 2811 2846 2866 et‘lucrum
2874 2811 3070 2880 faciat,
3118 2815 3259 2883 quod
3288 2815 3479 2878 facere
3508 2817 3574 2873 de

2005 2899 2164 2954 simul
2191 2899 2418 2954 venditis
2446 2896 2762 2955 non-valuit.

2461 3029 2465 3034 ·
2540 3011 2742 3067 Salutio
2770 3012 2834 3066 de
2855 3014 3045 3082 porcis.

2080 3101 2348 3172 Imprimis
2371 3117 2464 3156 CCL
2487 3103 2634 3170 porci
2657 3110 2832 3165 erant,
2850 3101 2940 3166 qui
2956 3117 2984 3155 c
3011 3101 3194 3158 solidis
3215 3111 3336 3157 sunt
3356 3120 3570 3174 compa-

2006 3194 2131 3256 rati,
2161 3194 2299 3247 sicut
2329 3207 2488 3262 supra
2513 3191 2711 3246 dictum
2740 3201 2843 3258 est,
2879 3193 2932 3250 in
2961 3193 3169 3249 duobus
3189 3193 3373 3250 solidis
3400 3212 3430 3248 v
3454 3211 3560 3266 por-

2005 3297 2133 3336 cos:
2173 3282 2297 3351 quia
2335 3282 2448 3336 sive
2492 3281 2846 3353 quinquagies
2874 3283 3087 3351 quinos,
3133 3283 3244 3338 sive
3291 3284 3570 3355 quinquies

2004 3389 2034 3426 ι.
2058 3372 2278 3434 dixeris.
2308 3388 2402 3426 CCL
2443 3373 2767 3427 numerabis.
2815 3373 3031 3441 Quibus.
3058 3373 3246 3447 divisis
3285 3391 3421 3428 unus
3449 3377 3570 3431 tulit

2001 3479 2168 3526 cxxv,
2202 3462 2338 3516 alter
2375 3462 2640 3517 similiter.
2687 3460 2836 3516 Unus
2875 3461 3115 3516 vendidit
3141 3463 3430 3516 deteriores
3462 3472 3569 3516 tres

2000 3567 2214 3622 semper
2242 3553 2293 3606 in
2322 3552 2492 3605 solido
2516 3568 2528 3614 ;
2566 3551 2702 3604 alter
2725 3551 2972 3605 meliores
3008 3550 3142 3605 duos
3170 3551 3221 3605 in
3250 3551 3435 3605 solido.
3476 3550 3568 3606 Sic
3622 3559 3624 3561 ’

1999 3641 2196 3703 evenit,
2237 3648 2296 3694 ut
2339 3640 2384 3694 is
2422 3640 2512 3709 qui
2559 3633 2854 3715 deteﬁores
2878 3639 3138 3704 vendidit,
3168 3640 3230 3694 de
3258 3655 3360 3694 cxx
3392 3642 3566 3711 porcis

1997 3747 2065 3786 χι
2093 3730 2291 3786 solidos
2315 3737 2398 3784 est
2423 3740 2762 3786 consecutus.
2796 3730 2896 3798 Qui
2925 3745 3048 3786 vero
3078 3729 3348 3796 meliores,
3377 3747 3443 3784 ιχ
3479 3745 3567 3784 so-

1999 3821 2136 3877 lidos
2158 3831 2241 3877 est
2267 3831 2623 3889 consecutus;
2665 3824 2788 3894 quia
2815 3823 2882 3877 de
2913 3821 3254 3877 inferioribus
3285 3829 3385 3876 xx:
3417 3837 3560 3877 sem-

1997 3930 2094 3985 per
2121 3914 2174 3968 in
2214 3929 2247 3967 x
2292 3913 2514 3979 solidis;
2556 3915 2620 3969 de
2646 3915 2955 3970 melioribus
2996 3913 3180 3986 viginti
3226 3925 3401 3969 autem
3435 3915 3486 3968 in
3529 3930 3559 3966 κ

1953 4029 1958 4034 -
1997 4001 2184 4057 solidis
2231 4011 2355 4055 sunt
2393 4002 2723 4058 venundati:
2757 4012 2810 4058 et
2854 4002 3224 4060 remanserunt
3255 4003 3494 4072 utrisque
3526 4019 3559 4054 ν

1992 4091 2164 4161 porci,
2191 4105 2254 4144 ex
2278 4092 2563 4161 quibusad
2587 4085 2791 4146 lucrum
2825 4109 2903 4147 ιιιι
2933 4092 3133 4147 solidos
3161 4101 3216 4146 et
3236 4092 3371 4147 duos
3402 4092 3557 4146 dena-

1993 4180 2103 4234 rios
2129 4173 2308 4235 fac‘cre
2335 4187 2645 4250 potuerunt.

2723 4273 2830 4327 vn.
3079 4347 3082 4351 _

2151 4376 2461 4416 PROPOSITIO
2492 4376 2556 4416 DE
2588 4378 2734 4418 DlSCO
2762 4380 3027 4420 PENSANTE
3055 4381 3239 4421 LIDRAS
3266 4383 3392 4420 XXX.

2069 4462 2162 4517 Est
2184 4463 2362 4518 discus
2386 4464 2475 4534 qui
2508 4474 2694 4533 pensat
2722 4465 2884 4520 libras
2924 4482 3027 4520 xxx
3074 4467 3184 4520 sive
3215 4466 3411 4521 solidos
3457 4483 3519 4521 nc
3540 4509 3553 4530 ,

1996 4554 2201 4609 habens
2243 4555 2296 4608 in
2336 4571 2393 4610 se
2436 4571 2660 4620 aurum,
2709 4565 3017 4627 argentum,
3061 4557 3458 4619 aurichalcum,
3503 4567 3556 4612 et

1995 4654 2266 4699 stannum.
2292 4645 2558 4712 Quantum
2589 4647 2748 4700 habet
2775 4647 2912 4710 auri,
2937 4656 3018 4701 ter
3054 4651 3265 4699 tantum
3288 4645 3447 4699 habet
3471 4663 3557 4700 at"

1994 4739 2156 4810 genti.
2176 4739 2442 4805 Quantum
2473 4738 2795 4810 argenti,ter
2815 4744 3018 4790 tantum
3039 4735 3346 4791 aurichalci.
3382 4737 3558 4802 Quan-

1994 4841 2106 4887 tum
2137 4833 2447 4897 aurichalci,
2473 4843 2553 4886 ter
2573 4841 2778 4886 tantum
2814 4833 3010 4886 stanni.
3036 4833 3209 4897 Dicat,
3235 4834 3334 4902 qui
3357 4841 3550 4903 potest,

1989 4931 2248 4991 quantum
2296 4922 2346 4973 in
2398 4935 2714 4989 unaquaque
2762 4922 2937 4989 specie
2987 4921 3172 4992 [Bed.,
3221 4940 3547 4992 unaquarque

1991 5009 2216 5080 species]
2243 5017 2429 5077 pensat
2449 5009 2472 5060 ?

2651 5096 2876 5153 Salutio.

2058 5191 2260 5244 Aurum
2291 5199 2480 5260 pensat
2518 5191 2704 5247 uncias
2749 5208 2937 5247 novem
2967 5212 2977 5247 :
3021 5201 3299 5262 argentum
3335 5201 3414 5243 ter
3448 5210 3540 5243 uu—

1991 5284 2098 5337 cias
2121 5297 2259 5344 vim,
2287 5283 2338 5336 id
2366 5290 2466 5345 est,
2495 5282 2660 5336 libras
2684 5283 2813 5337 duas
2833 5292 2889 5337 et
2911 5291 3017 5336 tres
3041 5282 3244 5334 uncias.
3271 5278 3538 5332 Antii-lini

1989 5388 2107 5426 cum
2131 5358 2429 5441 pensat‘ter
2457 5371 2622 5426 libras
2651 5373 2784 5426 duas
2806 5382 2859 5425 et
2883 5369 3011 5442 [ter]
3039 5387 3094 5422 ιιι
3128 5370 3331 5433 uncias,
3362 5369 3412 5422 id
3439 5377 3542 5436 est,

2063 5518 2080 5542 ε’
2116 5503 2266 5573 Apud
2297 5505 2489 5558 Bedam
2520 5503 2732 5573 additur
2759 5521 2768 5551 :
2812 5502 2875 5553 In
2906 5519 3082 5573 campo
3111 5500 3455 5573 pascentibus.

2060 5576 2082 5614 ά
2112 5572 2261 5644 Apud
2289 5574 2481 5629 Bedam
2512 5585 2544 5626 τ’
2563 5572 2636 5626 De
2658 5581 2882 5640 emptore
2911 5573 2960 5624 in
2989 5572 3215 5624 denariis
3249 5583 3473 5626 centum.
