4232 6246
373 247 508 303 H59

666 435 667 439 γ
936 427 937 430 γ
1077 352 1215 420 xvi.

401 466 712 508 Ριοιιοειτιο
736 467 800 507 ΒΕ
825 465 1024 508 DUOBUS
1045 469 1326 510 NOIINIBUS
1350 471 1512 511 BOVES
1538 469 1878 511 υυοειιτικυε.

437 540 552 597 Duo
577 541 818 599 homines
846 544 1108 600 ducebant
1133 546 1296 603 boves
1329 563 1427 617 per
1463 549 1625 613 viam,
1657 564 1688 602 e
1727 548 1921 618 quibus

367 649 506 690 unus
535 636 688 691 alteri
713 637 846 692 dixit
870 657 884 693 :
914 639 989 693 Da
1009 640 1141 696 mihi
1169 641 1328 697 boves
1359 643 1521 706 duos;
1546 653 1607 697 et
1644 642 1815 697 habeo
1842 649 1922 696 tot

364 726 528 783 boves
568 737 699 798 quot
735 739 790 785 et
816 739 872 785 tu
907 732 1092 788 habes.
1119 733 1191 790 At
1218 735 1304 790 ille
1339 736 1452 790 ait:
1492 737 1567 790 Da
1597 737 1726 790 mihi
1767 745 1824 791 et
1862 745 1920 792 tu

367 815 500 870 duos
545 818 728 882 boves,
767 825 822 873 et
861 819 1031 876 habeo
1072 821 1292 892 duplum
1313 839 1474 894 quam
1517 833 1572 878 tu
1611 825 1792 881 babes.
1830 826 1920 880 Di-'-

366 915 473 970 cat,
499 907 590 976 qui
613 907 744 973 vult,
771 919 900 978 quot
937 911 1102 967 boves
1141 911 1372 978 fuerunt,
1406 923 1535 984 quot
1558 917 1921 987 unusquisque

365 993 569 1049 habuit.
872 1071 886 1076 _
1024 1012 1026 1014 '
1484 1021 1488 1026 ~
1655 1024 1658 1026 ν
1843 1021 1850 1027 υ

610 1149 612 1152 ,
830 1100 832 1102 '
1029 1091 1251 1146 Salutio.

431 1171 607 1239 Prior,
637 1175 727 1244 qui
757 1175 872 1230 dari
909 1179 1008 1232 sibi
1041 1180 1172 1234 duos
1213 1181 1455 1251 rogavit,
1488 1182 1654 1238 boves
1689 1183 1921 1242 habebat

327 1277 468 1336 _nn.
514 1263 584 1317 At
617 1266 788 1331 vero,
829 1265 921 1336 qui
963 1271 1278 1339 rogabatur,
1328 1272 1557 1328 habebat
1602 1289 1717 1328 vm.
1766 1274 1920 1335 Dedit

286 1415 288 1417 ,
363 1357 558 1426 quippe
578 1366 796 1428 rogatus
817 1361 1104 1430 postulanti
1130 1363 1283 1426 duos,
1303 1372 1357 1418 et
1374 1365 1672 1420 habuerunt
1693 1374 1918 1435 uterque

365 1460 478 1498 sex.
511 1446 612 1514 Qui
636 1449 779 1503 enim
819 1450 968 1519 prius
995 1461 1292 1520 acceperat,
1326 1455 1554 1509 reddidit
1597 1456 1728 1510 duos
1771 1455 1916 1508 danti

363 1536 549 1604 priori,
592 1538 680 1606 qui
708 1539 938 1595 habebat
961 1557 1075 1605 sex,
1101 1553 1153 1598 et
1188 1544 1373 1599 habuit
1399 1561 1516 1610 vm,
1544 1547 1686 1615 quod
1711 1554 1792 1600 est
1817 1546 1915 1599 du-

363 1623 506 1692 plum
527 1640 554 1678 a
580 1635 825 1694 quatuor,
843 1636 897 1683 et
919 1629 994 1684 illi
1017 1641 1384 1687 remanserunt
1408 1650 1510 1698 nn,
1525 1637 1666 1705 quod
1689 1645 1772 1690 est
1794 1636 1918 1690 sim-

363 1713 508 1783 plum
532 1715 599 1770 ab
623 1731 738 1770 vm.

969 1810 1130 1883 ω
1167 1813 1323 1869 xvn.

831 1916 1019 1957 TRIBUS
1055 1919 1347 1960 fRA'I'RlBUS
1378 1921 1628 1962 SINGULAS
1673 1923 1922 1963 ΙΑΒΕΝτιο

943 1986 1035 2026 BUS
1071 1987 1315 2028 SOBORES.

431 2061 562 2116 Tres
587 2062 783 2120 fratres
813 2073 966 2120 erant
994 2065 1082 2135 qui
1121 2068 1356 2138 singulas
1385 2084 1597 2126 sorores
1630 2071 1916 2139 habebant,

287 2223 294 2228 Ι
363 2158 416 2205 et
449 2149 662 2207 ﬂuvium
707 2155 935 2210 transire
979 2156 1241 2212 debebant
1276 2158 1417 2230 (erat
1456 2162 1597 2216 enim
1638 2163 1920 2233 unicuique

362 2241 571 2296 illorum
606 2243 1035 2314 concupiscentia
1067 2246 1120 2299 in
1152 2261 1334 2304 sorore
1367 2251 1608 2319 proximi
1636 2252 1781 2320 sui),
1825 2253 1916 2321 qui

362 2332 632 2387 venientes
675 2333 742 2387 ad
784 2332 999 2388 ﬂuvium
1043 2351 1148 2390 non
1192 2337 1507 2394 invenerunt
1552 2340 1655 2394 nisi
1699 2357 1913 2410 parvam

360 2423 678 2498 naviculam,
715 2425 767 2479 in
813 2439 918 2495 qua
957 2441 1060 2481 non
1093 2435 1379 2497 potuerunt
1414 2431 1640 2501 amplius
1675 2433 1775 2488 nisi
1813 2434 1917 2488 duo

358 2526 423 2565 ex
451 2511 554 2567 illis
592 2514 837 2581 transire.
873 2515 1055 2581 Dicat,
1086 2519 1176 2587 qui
1205 2527 1408 2589 potest,
1442 2520 1672 2590 qualiter
1695 2520 1914 2577 ﬂuvium

358 2600 712 2670 transierunt,
747 2619 814 2658 ne
847 2620 952 2659 una
985 2607 1215 2674 quidem'
1240 2624 1427 2663 earum
1460 2625 1525 2664 ex
1571 2612 1700 2681 ipsis
1737 2627 1916 2666 macu-

358 2685 464 2742 lata
499 2689 601 2744 sit?

363 1913 670 1954 PROPOSITIO
713 1917 778 1955 DE

1028 2786 1248 2845 Salutio.

425 2869 606 2930 Primo
640 2876 872 2931 omnium
906 2893 1005 2949 ego
1041 2887 1097 2933 et
1125 2894 1276 2934 soror
1312 2897 1428 2953 mea
1465 2882 1834 2943 introissemus
1858 2886 1911 2943 in

359 2980 546 3020 navem
601 2975 654 3020 et
698 2969 1188 3028 transfretassemus
1234 2973 1409 3040 ultra;
1461 2975 1912 3049 transfretatoque

1279 250 1428 307 OPP.
1470 250 1696 307 DUBIA.
1735 279 1804 291 --
1843 248 2382 322 PROPOSITIONES
2415 253 2709 313 ALCUINI.

1723 371 1728 376 ‘
1942 371 1989 426 Α
2021 379 2154 430 rem,
2203 365 2491 437 lupumque
2535 335 2880 425 transferrem
2927 387 2942 424 :

3453 268 3583 324 “50

2988 372 3219 443 lupoque
3250 372 3384 432 foris
3420 380 3580 436 misso

2019 471 2234 526 capram
2263 459 2384 512 navi
2421 469 2687 530 receptam
2724 459 2862 515 ultra
2899 464 3238 530 reducerem;
3263 481 3584 539 capramque

2016 545 2150 601 foris
2180 547 2395 601 missam
2418 548 2628 602 caulum
2659 552 3058 608 tranSveherem
3094 553 3263 619 ultra;
3295 567 3455 626 atque
3480 559 3575 612 ite-
3629 573 3631 576 ‘

2018 652 2136 691 rum
2163 638 2526 709 remigassem,
2551 646 3210 711 capramquea’ssumptam
3243 645 3380 699 ultra
3401 648 3574 702 duxis-

2017 744 2149 785 sem.
2196 729 2389 799 Sicque
2423 729 2666 786 faeiendo
2699 730 2839 787 facta
2860 734 2978 808 erit
3011 735 3286 804 remigatlo
3331 736 3572 802 salubris.

2019 820 2220 890 absque
2241 822 2497 893 voragine
2523 822 2864 878 lacerationis
3088 826 3102 840 "
3273 847 3276 850 θ

2733 913 2870 966 XIX.

2019 999 2325 1056 ruor‘osrno
2349 1015 2414 1055 ns
2443 1017 2568 1056 vrno
2589 1018 2656 1055 ετ
2690 1016 2920 1056 unusne
2944 1016 3368 1076 PONlnl-TRANTIBUS
3398 1003 3573 1076 [ruu-

2489 1086 2607 1124 srnl
2646 1087 2843 1126 roseus
2879 1071 3110 1143 ososri].

2086 1159 2161 1212 De
2192 1159 2304 1212 viro
2335 1165 2389 1213 et
2418 1160 2662 1222 muliere,
2692 1175 2915 1228 quorum
2942 1171 3166 1230 uterque
3188 1162 3394 1231 pondus
3427 1162 3574 1216 hahe-

2015 1249 2108 1304 bat
2156 1248 2376 1318 plaustri
2423 1248 2625 1310 onusti,
2686 1249 2819 1302 duos
2875 1249 3130 1302 habentes
3172 1249 3400 1303 infantes
3439 1251 3576 1304 inter

2017 1349 2271 1408 utrosque
2295 1338 2571 1408 plaustrali
2598 1340 2834 1408 pondere
2860 1349 3144 1410 pensantes
3166 1338 3378 1393 ﬂuvium
3407 1348 3582 1394 trans-

2018 1431 2095 1484 ire
2141 1430 2459 1484 debuerunt.
2502 1428 2698 1483 Navem
2743 1432 3060 1484 invenerunt
3087 1447 3205 1500 quae
3232 1447 3335 1484 non
3372 1440 3574 1500 poterat

2017 1519 2156 1574 ferre
2198 1520 2318 1590 plus
2360 1520 2462 1574 nisi
2499 1537 2659 1575 unum
2701 1522 2906 1592 pondus
2937 1522 3177 1592 plaustri.
3221 1523 3576 1580 Transfretari

2015 1603 2196 1671 faciat,
2230 1608 2320 1677 qui
2349 1623 2406 1662 se
2433 1618 2584 1677 putat
2605 1625 2778 1678 posse,
2816 1625 2884 1664 ne
2917 1611 3068 1665 navis
3096 1620 3386 1682 mergatur.

2201 1682 2204 1685 I
2681 1697 2901 1753 Salutio.

2089 1785 2287 1840 Eodem
2321 1802 2533 1856 quoque
2564 1789 2780 1853 ordine,
2813 1797 2870 1841 ut
2909 1791 3170 1860 superius.
3201 1790 3354 1846 Prius
3392 1793 3575 1847 intras-

2019 1884 2137 1930 sent
2157 1875 2262 1930 duo
2297 1876 2524 1931 infantes
2555 1887 2607 1931 et
2638 1878 2951 1945 transissent
2976 1895 2988 1931 :
3015 1895 3255 1949 unusque
3280 1894 3343 1933 ex
3369 1880 3471 1935 illis
3496 1897 3577 1935 re-

2019 1966 2235 2020 duceret
2273 1981 2480 2021 navem.
2512 1967 2660 2021 Tunc
2701 1977 2874 2022 mater
2913 1985 3100 2023 navem
3127 1970 3360 2041 ingressa
3400 1981 3576 2025 trans-

2018 2058 2164 2113 isset.
2227 2045 2622 2113 Deindeiﬂlius
2689 2058 2802 2128 ejus
2861 2061 3142 2116 reduceret
3202 2078 3410 2116 navem.
3464 2062 3575 2128 Qua

2018 2131 2316 2202 transvecta
2357 2146 2523 2202 frater
2556 2149 2695 2204 illius
2727 2151 2903 2203 navim
2940 2151 3210 2220 ingressus
3245 2151 3402 2204 ambo
3438 2152 3576 2206 ultra

2016 2239 2352 2305 transissent,
2383 2256 2676 2310 rursusque
2700 2256 2837 2295 unus
2867 2257 2930 2296 ex
2962 2242 3064 2297 illis
3090 2244 3154 2297 ad
3181 2252 3384 2314 patrem
3422 2245 3577 2299 redu-

2015 2343 2162 2390 ceret
2189 2351 2405 2389 navem.
2447 2334 2559 2401 Qua
2598 2336 2814 2390 reducta
2834 2376 2848 2400 ,
2891 2333 2998 2389 ﬁlio
3033 2334 3162 2391 foris
3191 2345 3396 2400 stante,
3426 2347 3576 2408 pater

2017 2425 2267 2479 transiret
2300 2444 2311 2478 :
2344 2441 2632 2494 rursusque
2663 2425 2829 2489 filius,
2869 2427 2958 2494 qui
2985 2436 3110 2480 ante
3149 2428 3464 2488 transierat,
3497 2428 3576 2480 in-

2013 2532 2227 2588 gressus
2257 2519 2430 2570 navim
2460 2533 2683 2587 eamque
2718 2519 2785 2570 ad
2820 2517 3039 2572 fratrem
3077 2519 3351 2576 reduceret
3393 2537 3405 2571 2
3433 2521 3573 2588 jam-

2013 2620 2117 2674 que
2151 2605 2423 2660 reductam
2455 2607 2818 2676 ingrediantur
2850 2607 3007 2661 ambo
3049 2616 3102 2662 et
3130 2617 3422 2664 transeant.
3459 2609 3572 2662 'l‘ali

2012 2696 2407 2766 subremigante
2437 2697 2648 2768 ingenio
2681 2699 2781 2754 erit
2808 2698 3016 2767 expleta
3051 2699 3316 2753 naviaatio
3348 2699 3570 2770 forsitan

2013 2785 2130 2846 sine
2154 2785 2458 2854 naufragio.

2727 2877 2844 2932 XX.

2184 2983 2490 3023 raoresrrio
2527 2984 2590 3022 ns
2630 2983 2885 3023 nmrmrs
2923 2968 3100 3042 [Bed.,
3138 2968 3392 3039 marcus].

356 3052 518 3109 ﬂuvio
547 3056 863 3113 dimisissem
901 3076 1139 3118 sororem
1172 3080 1345 3120 meam
1377 3031 1443 3120 de
1477 3083 1652 3132 nave,
1676 3077 1730 3124 ει
1763 3031 1915 3124 rea“.
1938 3031 1986 3094 ο
2083 3057 2158 3112 De
2196 3058 2418 3112 hirtitiis
2459 3059 2696 3114 masculo
2739 3069 2792 3114 et
2837 3058 3033 3114 femina
3083 3060 3398 3114 habentibus
3440 3060 3570 3115 duos

359 3145 553 3200 xissem
584 3162 770 3202 navem
799 3149 863 3202 ad
890 3150 1077 3220 ripam.
1105 3153 1252 3208 Tunc
1277 3169 1403 3228 vero
1430 3154 1742 3212 introissent
1768 3173 1914 3214 soro-

358 3247 447 3288 res
479 3234 701 3289 duorum
725 3236 980 3302 virorum,
1012 3239 1219 3294 illorum
1254 3242 1517 3308 videlicet,
1545 3245 1633 3314 qui
1668 3246 1733 3300 ad
1766 3245 1915 3301 littus

358 3333 746 3378 remanserant.
780 3324 886 3382 lllis
911 3327 1069 3396 igitur
1089 3326 1300 3394 feminis
1330 3333 1449 3386 navi
1485 3334 1732 3403 egressis,
1764 3351 1916 3392 soror

357 3429 473 3468 mea
511 3413 651 3486 [quae
674 3419 842 3486 prima
869 3421 1192 3493 transierat],
1224 3423 1474 3489 intraret,
1503 3442 1796 3498 navemque
1830 3444 1915 3484 re—

357 3501 575 3559 duceret
596 3505 662 3559 ad
700 3521 815 3561 nos.
850 3507 943 3561 Illa
969 3511 1271 3579 egrediente
1307 3511 1467 3576 foras,
1497 3514 1600 3568 duo
1633 3516 1686 3568 in
1724 3531 1912 3574 navem

356 3590 548 3646 fratres
573 3593 877 3659 intrassent,
912 3595 1156 3665 ultraque
1183 3598 1473 3652 venissent.
1504 3600 1652 3664 Tunc
1678 3617 1816 3656 unus
1844 3617 1912 3657 ex

357 3682 460 3737 illis
484 3697 589 3736 una
611 3698 729 3738 cum
756 3698 936 3738 sorore
956 3700 1052 3740 sua
1073 3701 1259 3741 navem
1293 3685 1516 3758 ingressi
1539 3690 1606 3746 ad
1629 3707 1725 3746 nos
1745 3699 1914 3747 trans-

354 3769 658 3827 fretassent.
683 3771 794 3843 Ego
819 3781 995 3828 autem
1020 3784 1073 3829 et
1093 3775 1199 3842 ille,
1227 3778 1698 3850 quipavigavcrat,
1727 3796 1911 3837 sorore

357 3876 474 3915 mea
507 3873 816 3918 remanente
846 3863 1018 3932 foras,
1050 3866 1188 3939 ultra
1218 3870 1564 3925 venissemus.
1601 3871 1812 3942 Nosque
1843 3875 1911 3930 ad

355 3949 528 4004 littora
565 3961 765 4017 vectos,
803 3970 904 4008 una
941 3969 1005 4009 ex
1041 3956 1146 4010 illis
1170 3958 1373 4015 duabus
1397 3961 1643 4030 quaelibet
1669 3963 1911 4018 mulieri-

343 4035 470 4100 bus,
507 4036 644 4092 ultra
681 4053 872 4093 navem
914 4041 1219 4108 reduceret,
1258 4059 1546 4115 sororeque
1578 4063 1694 4102 mea
1727 4065 1910 4106 secum

354 4129 800 4198 receptapariter
824 4130 891 4185 ad
917 4145 1016 4186 nos
1038 4131 1177 4187 ultra
1211 4136 1498 4191 venissent.
1530 4137 1595 4192 Et
1621 4139 1725 4205 ille,
1757 4143 1908 4212 cujus

353 4231 507 4271 soror
527 4215 665 4271 ultra
688 4226 1038 4285 remanserat,
1064 4235 1250 4276 navem
1279 4222 1548 4294 ingressus
1573 4241 1689 4280 eam
1725 4243 1906 4285 secum

352 4307 644 4363 reduceret.
676 4307 742 4363 Et
779 4308 930 4365 fieret
965 4308 1172 4380 expleta
1208 4315 1530 4370 transvectio
1558 4315 1700 4371 nullo
1724 4332 1906 4373 macu-

351 4393 493 4449 lante
524 4399 771 4469 contagio
796 4411 842 4454 α.
1853 4393 1866 4401 ’

1028 4489 1209 4545 XVIII.
1527 4527 1538 4535 -
1638 4553 1646 4559 ,

507 4590 812 4630 PBOPOSITIO
848 4593 912 4632 DE
945 4593 1141 4633 HOMINB
1177 4597 1247 4636 ΕΤ
1271 4599 1448 4640 -ϐΔΡΒΛ
1482 4601 1550 4641 ΕΤ
1589 4601 1740 4642 ωνο.

420 4667 589 4724 Homo
623 4669 834 4738 quidam
859 4665 1083 4726 debebat
1102 4673 1238 4726 ultra
1265 4673 1481 4730 ﬂuvium
1511 4676 1799 4735 transferre
1820 4678 1900 4735 lu-

349 4775 494 4829 pum,
519 4775 752 4830 capram,
767 4769 822 4814 et
842 4761 1148 4818 fasciculum
1169 4764 1325 4818 cauli.
1343 4766 1408 4820 Et
1426 4783 1529 4821 non
1550 4771 1720 4838 potuit
1740 4771 1899 4826 aliam

349 4859 538 4900 navem
568 4849 834 4915 invenire,
859 4850 962 4906 nisi
988 4865 1105 4921 quas
1134 4851 1266 4907 duos
1288 4860 1494 4907 tantum
1521 4869 1586 4908 ex
1615 4856 1744 4925 ipsis
1763 4860 1904 4914 ferre

285 4979 290 4984 .
349 4935 575 5004 valebat.
613 4936 944 5008 Praeceptum
982 4941 1164 5011 itaque
1204 4941 1253 4997 ei
1286 4940 1458 4997 fuerat
1491 4950 1549 4996 ut
1580 4947 1758 5000 omnia
1791 4947 1901 5002 [nec

347 5027 483 5083 ultra
525 5027 688 5083 illaesa
722 5031 940 5086 omnino
976 5032 1305 5088 transferret.
1348 5033 1526 5098 Dicat,
1574 5034 1663 5104 qui
1703 5044 1898 5104 potest,

347 5118 612 5188 quomodo
641 5118 719 5174 eis
743 5117 920 5172 illazsis
945 5123 1174 5177 transire
1197 5124 1398 5192 potuit?

1013 5208 1234 5266 Salutio.

417 5297 587 5356 Simili
615 5317 841 5370 namque
864 5309 1049 5371 tenore
1075 5300 1323 5355 ducerem
1349 5301 1496 5371 prius
1519 5315 1730 5370 capram
1753 5309 1806 5356 et
1826 5303 1901 5357 di-

347 5388 614 5444 mitterem
645 5389 775 5445 foris
804 5390 980 5460 lupum
1015 5396 1070 5442 et
1091 5389 1321 5443 caulum.
1359 5390 1490 5443 Tum
1525 5390 1714 5444 deinde
1753 5393 1898 5446 veni—

416 5529 439 5555 ⁸
473 5515 622 5585 Apud
647 5517 842 5571 Bedam
879 5536 891 5570 :
924 5516 1038 5570 Tali
1067 5517 1227 5586 igitur
1250 5521 1424 5587 sicque
1453 5519 1757 5572 sollicitante
1783 5530 1894 5572 stn-

348 5586 433 5640 dfo
464 5587 600 5655 facta
643 5597 715 5640 est
743 5587 1016 5656 navigatio,
1057 5587 1197 5640 nullo
1239 5586 1472 5654 fuscante
1521 5589 1890 5656 inqttinntiouis

1930 4367 1983 4428 D

1993 3153 2167 3200 natos
2205 3145 2396 3200 libram
2424 3147 2870 3215 ponderantibus,
2906 3146 3101 3204 ﬂumen
3135 3150 3362 3204 transire
3391 3150 3572 3203 volen-

2014 3236 2173 3292 tibus.
2618 3231 2628 3241 ’

2675 3326 2901 3382 Salutio.

2082 3413 2360 3482 Similiter,
2385 3423 2446 3470 ut
2465 3416 2730 3486 superius,
2759 3419 3072 3473 transissent
3096 3419 3242 3489 prius
3268 3418 3372 3474 duo
3397 3409 3575 3469 infan-

2011 3511 2110 3566 tes,
2137 3511 2192 3558 et
2213 3519 2350 3557 unus
2375 3519 2443 3558 ex
2469 3505 2573 3559 illis
2596 3520 2786 3560 navem
2813 3507 3119 3570 reduceret;
3152 3507 3201 3559 in
3234 3519 3391 3574 quam
3416 3513 3566 3572 pater

2009 3591 2280 3661 ingressus
2312 3590 2450 3646 ultra
2490 3594 2802 3658 transisset;
2846 3603 2900 3648 et
2942 3593 3030 3648 ille
3063 3593 3262 3656 infans,
3302 3591 3390 3661 qui
3419 3593 3564 3662 prius

2007 3696 2130 3736 cum
2157 3679 2323 3737 fratre
2351 3683 2654 3747 transierat,
2681 3684 2862 3754 navim
2884 3685 2950 3738 ad
2975 3683 3145 3753 ripam
3171 3681 3479 3746 reduceret,
3510 3682 3566 3736 in
3613 3722 3624 3729 ς

2008 3785 2168 3841 quam
2191 3770 2356 3826 frater
2380 3771 2520 3826 illius
2544 3787 2728 3826 rursus
2750 3772 3021 3843 ingressus
3048 3772 3202 3826 ambo
3232 3771 3369 3825 ultra
3392 3771 3560 3824 venis-

2007 3872 2159 3928 sent;
2189 3877 2428 3932 unusque
2458 3873 2741 3932 propterea
2782 3877 2849 3917 ex
2883 3863 2987 3916 illis
3024 3861 3166 3916 foras
3195 3854 3469 3931 egreSsus;
3509 3867 3570 3911 et

2005 3951 2142 4006 alter
2166 3953 2234 4006 ad
2261 3960 2486 4006 matrem
2522 3951 2798 4006 reduceret
2835 3952 3014 4005 navim
3052 3969 3066 4004 :
3109 3951 3162 4004 in
3202 3964 3360 4019 quam
3393 3957 3562 4002 mater

2005 4038 2243 4107 ingressa
2271 4040 2405 4094 ultra
2444 4040 2715 4095 venisset:
2747 4056 2850 4109 qua
2890 4039 3188 4108 egrediente
3220 4037 3384 4101 foras,
3422 4037 3568 4092 ﬁlius

2003 4130 2138 4198 ejus,
2159 4130 2249 4198 qui
2271 4139 2396 4184 ante
2419 4144 2540 4184 cum
2571 4137 2723 4200 patre
2744 4131 3050 4194 transierat,
3073 4129 3248 4182 navim
3274 4143 3460 4182 rursus
3485 4129 3566 4188 in-

2003 4235 2218 4289 gressus
2257 4235 2376 4274 eam
2418 4219 2484 4274 ad
2527 4219 2747 4275 fratrem
2788 4219 2925 4275 ultra
2955 4220 3257 4284 reduceret;
3303 4219 3354 4273 in
3398 4234 3565 4296 quam

2004 4314 2160 4368 ambo
2186 4314 2410 4384 ingressi
2431 4313 2570 4368 ultra
2590 4315 2879 4378 venissent,
2903 4321 2956 4368 et
2982 4312 3130 4368 ﬂeret
3153 4311 3360 4382 expleta
3388 4319 3562 4366 trans-

2005 4402 2178 4456 vectio
2200 4401 2344 4456 nullo
2365 4400 2684 4458 formidante
2710 4402 3003 4473 naufragio.

2175 4501 2178 4503 “
2705 4491 2844 4548 XXI.

2073 4595 2379 4639 PROPOSITIO
2414 4597 2480 4637 DE
2515 4598 2688 4641 οΑιιΡο
2720 4600 2789 4637 ΕΤ
2824 4597 3006 4638 ονιβῦε
3037 4599 3087 4636 ΙΝ
3119 4597 3184 4636 εο
3216 4595 3487 4636 ιοοΑΝυιε.

2072 4669 2167 4724 Est
2191 4685 2409 4740 campus
2446 4671 2534 4742 qui
2570 4670 2728 4726 habet
2755 4671 2808 4724 in
2844 4670 3165 4736 longitudine
3197 4667 3356 4736 pedes
3378 4683 3437 4721 cc
3458 4709 3471 4731 ,
3502 4678 3563 4722 et

2003 4759 2060 4814 in
2085 4760 2362 4815 latitudine
2395 4763 2557 4829 pedes
2579 4777 2628 4814 c.
2659 4760 2788 4814 Volo
2822 4759 3012 4813 ibidem
3041 4758 3250 4811 mittere
3284 4773 3439 4823 oves;
3478 4760 3557 4813 sic

2003 4857 2182 4904 tamen
2217 4860 2275 4904 ut
2298 4865 2623 4918 unaquaeque
2644 4848 2969 4905 ovishabeat
2994 4847 3046 4899 in
3069 4845 3224 4916 longo
3246 4848 3405 4917 pedes
3424 4865 3475 4911 v,
3503 4859 3552 4902 et

2002 4937 2057 4992 in
2086 4938 2195 4992 lato
2225 4938 2386 5007 pedes
2408 4953 2479 4990 iv.
2523 4936 2703 5001 Dicat,
2743 4951 2900 5008 rogo,
2937 4936 3027 5006 qui
3057 4936 3228 5005 valet,
3265 4947 3392 5007 quot
3429 4954 3553 4992 oves

2002 5029 2198 5084 ibidem
2226 5027 2386 5081 locari
2415 5027 2655 5098 possint?

2673 5113 2894 5171 Solimo.

2069 5207 2184 5275 Ipse
2211 5221 2429 5276 campus
2455 5206 2617 5262 habet
2648 5208 2699 5260 in
2735 5208 3056 5277 longitudine
3090 5207 3252 5275 pedes
3284 5221 3363 5260 cc.
3399 5205 3462 5258 Et
3499 5206 3546 5259 in

1999 5295 2276 5350 latitudine
2307 5297 2468 5364 pedes
2493 5312 2541 5350 c.
2574 5295 2686 5351 Duc
2707 5298 2787 5351 his
2810 5299 3137 5364 quinquenos
3168 5296 3195 5335 ι’
3223 5297 3286 5350 de
3307 5309 3385 5356 cc,
3419 5293 3546 5347 ﬁunt

1999 5402 2085 5439 ιι.
2103 5386 2172 5438 At
2195 5386 2383 5441 deinde
2405 5403 2434 5441 c
2451 5387 2624 5442 divide
2649 5403 2743 5456 per
2766 5404 2865 5441 nn.
2885 5387 3081 5453 Quarta
3107 5401 3232 5455 pars
3258 5385 3548 5440 centenarii

1997 5520 2252 5587 contagio.

2069 5590 2093 5628 ιο
2135 5589 2333 5659 Nempe
2364 5587 2642 5643 dividendo
2668 5602 2763 5656 per
2790 5604 2839 5638 v.
