4232 6202
598 243 728 297 nat
808 216 824 229 ’

1393 232 1454 286 Β.
1498 231 1557 286 1·’.
1599 227 1826 310 ALBINI
1862 225 1996 281 SEU
2041 221 2313 280 ALCUINI
2351 219 2633 278 OI'ERUM
2668 219 2850 276 PARS
2887 217 3019 274 VIII.
3071 242 3076 247 ~

3711 199 3852 258 1152

594 373 722 415 xxv.
749 354 874 410 Sive
893 367 1024 422 ergo
1049 367 1115 405 xi.
1137 348 1302 402 vicies
1329 323 1645 415 quinquies;
1676 343 1788 397 sive
1808 356 1911 395 xxv
1936 338 2173 409 quadra-
2203 341 2250 397 Α
2278 337 2425 391 ditur
2463 336 2684 408 perticis
2713 343 2796 389 est
2824 351 2876 398 c,
2904 334 3003 387 bos
3030 331 3074 386 si
3107 345 3203 401 per
3231 319 3850 422 semetipsos-multipli-

593 453 709 522 gics
732 449 902 512 ducti,
932 442 1284 500 millenarium
1315 438 1538 508 implent
1573 448 1876 490 numerum.
1911 433 2014 486 'l‘ot
2045 443 2177 500 ergo

594 540 792 595 ibidem
819 553 949 593 oves
975 532 1227 590 collocari
1253 535 1499 601 possunt.

1297 619 1461 677 XXII.

900 729 1210 772 ιιιιοιοοειτιο
1245 729 1308 768 ne
1341 711 1515 766 curo
1553 722 1874 764 l-‘ASTIGIOSO.

664 808 759 862 list
793 822 1018 878 campus
1053 803 1396 873 fastigiosus,
1439 799 1532 871 qui
1573 799 1734 854 habet
1778 796 1832 850 in
1870 812 1980 851 uno
2006 794 2178 849 latere

590 899 826 971 perticas
846 914 895 958 (τ,
924 906 980 952 et
1006 898 1060 952 in
1089 895 1259 950 altero
1285 893 1454 948 latere
1479 890 1712 962 perticas
1739 905 1790 951 c,
1827 896 1884 943 et
1917 887 1971 942 in
2001 886 2178 939 fronte

589 989 826 1059 perticas
851 1005 902 1053 ι,
929 993 985 1042 et
1011 987 1067 1041 in
1097 983 1274 1040 medio
1295 980 1531 1052 perticas
1559 994 1648 1044 ιι,
1681 985 1738 1033 et
1757 978 1811 1032 in
1839 975 2008 1059 altera
2031 973 2178 1029 fron-

593 1058 648 1134 te
694 1082 931 1152 perticas
977 1097 1028 1134 ι..
1062 1077 1249 1140 Dicat,
1302 1072 1395 1144 qui
1435 1077 1642 1143 petest,
1667 1077 1800 1141 quot
1823 1058 2111 1139 aripenuas
2147 1078 2173 1134 εξ

595 1176 844 1231 claudere
868 1173 1063 1232 debet?

986 1254 989 1257 ’
1271 1239 1498 1296 Salutio.

658 1334 964 1402 Longitudo
1010 1330 1168 1400 hujus
1215 1328 1391 1398 campi
1438 1343 1468 1382 c
1516 1325 1772 1398 perticis,
1805 1330 1863 1377 et
1893 1319 2177 1388 utriusque

591 1425 788 1479 frontis
814 1425 1038 1479 latitudo
1064 1442 1115 1486 ι,
1140 1422 1398 1478 medietas
1425 1435 1556 1474 vero
1579 1434 1648 1474 ιι
1671 1415 1984 1472 includitur.
2005 1410 2177 1482 Junge

591 1515 872 1584 utriusque
900 1513 1093 1568 frontis
1129 1526 1414 1567 numerum
1444 1525 1566 1566 cum
1593 1507 1916 1570 medietate.
1955 1511 2011 1558 et
2042 1503 2177 1557 ﬁunt

588 1617 711 1658 cu.
741 1603 820 1656 Ex
847 1602 978 1672 ipsis
1003 1617 1221 1656 assume
1243 1600 1456 1654 tertiam
1483 1606 1721 1668 partem,
1746 1595 1802 1651 id
1825 1602 1940 1659 est,
1967 1607 2060 1648 ιιιι
2079 1631 2092 1654 ,
2121 1598 2180 1646 et

591 1690 888 1761 multiplica
926 1691 1159 1752 centies,
1197 1689 1332 1744 ﬁunt
1367 1691 1534 1744 Voce.
1569 1687 1758 1741 Divide
1798 1685 1852 1738 in
1882 1699 1956 1737 xu
1993 1695 2178 1751 :equas
2207 1684 2252 1748 Β

591 1792 792 1852 partes,
837 1793 892 1837 et
931 1781 1278 1838 inveniuntur
1317 1796 1530 1837 ccccxu
1569 1776 1745 1850 [Bed.,
1783 1773 2013 1845 cccxu].
2045 1774 2176 1826 Item

591 1878 805 1930 eosdem
836 1876 1017 1930 divide
1044 1875 1096 1930 in
1136 1891 1211 1930 xu
1247 1883 1429 1946 partes
1449 1913 1463 1937 ,
1497 1881 1554 1927 et
1594 1869 1940 1941 reperiuntur
1968 1881 2171 1920 xxxvn.

592 1967 635 2020 Τ
639 1976 695 2021 ot
723 1975 847 2021 sum
876 1967 929 2021 in
956 1967 1058 2021 hoc
1083 1981 1277 2036 campo
1305 1963 1573 2035 aripenni.

1180 2055 1345 2128 ω
1383 2053 1573 2128 xxur.

853 2163 1163 2205 I‘BOI‘OSITIO
1201 2164 1267 2203 ιιε
1305 2159 1478 2201 (ἶΑήΡο
1511 2157 1916 2208 ρυιιιιιικϐιῖιο.

662 2241 756 2293 Est
780 2256 1000 2309 campus
1024 2239 1428 2311 quadrangulns
1452 2238 1543 2307 qui
1583 2236 1747 2292 habet
1780 2237 1837 2290 in
1869 2250 1976 2292 uno
2009 2233 2179 2288 latere

589 2332 826 2402 perticas
862 2347 998 2394 xxx,
1035 2339 1088 2385 et
1119 2331 1173 2384 in
1206 2330 1312 2384 alio
1348 2329 1586 2398 perticas
1625 2341 1794 2391 xxxu,
1831 2335 1884 2380 et
1922 2326 1973 2378 in
2003 2320 2179 2379 frd'nte

590 2424 826 2492 perticas
854 2439 1068 2485 xxxnn,
1087 2431 1139 2475 et
1165 2423 1217 2477 in
1243 2421 1410 2489 altera
1437 2419 1672 2491 perticas
1686 2433 1858 2472 xxxn.
1890 2417 2063 2483 Dicat,
2086 2416 2176 2487 qui

593 2524 788 2584 potest,
817 2523 944 2584 qu'ot
976 2514 1221 2584 aripenni
1255 2515 1307 2567 in
1341 2528 1406 2569 eo
1434 2510 1679 2567 concludi
1705 2509 1937 2565 debent?

1267 2603 1490 2659 Salutio.

543 2715 568 2737 ο
663 2697 790 2751 Dum
818 2695 1058 2765 ejusdem
1092 2695 1263 2764 campi
1288 2692 1648 2764 longitudines
1677 2691 1877 2746 faciunt
1908 2708 2035 2746 ιιιι.
2067 2693 2179 2760 Due

593 2787 867 2840 dimidiam
894 2803 1024 2851 an,
1050 2786 1184 2839 ﬁunt
1212 2800 1360 2840 xxxi.
1386 2785 1464 2839 Ac
1490 2784 1608 2838 dure
1631 2783 1869 2852 ejusdem
1903 2783 2079 2853 campi
2102 2783 2179 2836 la-

527 2924 530 2926 _
595 2876 851 2930 titudines
886 2875 1085 2942 juncta:
1129 2874 1261 2930 ﬁunt
1307 2889 1451 2929 vat.
1501 2875 1614 2929 Duc
1663 2888 1792 2927 vero
1835 2873 2066 2927 mediam
2113 2872 2179 2928 de

596 2983 738 3030 ιιι-ι,
774 2966 906 3020 ﬁunt
933 2982 1125 3019 xxxut.
1174 2965 1290 3018 Due
1334 2980 1464 3019 vero
1511 2965 1701 3019 terties
1740 2963 1916 3034 [Bed.,
1955 2961 2177 3035 trecies]

593 3027 778 3120 semel,
805 3055 938 3110 fiunt
964 3055 987 3110 Ῐ
1012 3072 1102 3110 xx.
1131 3055 1316 3110 Divide
1339 3070 1436 3125 per
1461 3027 1831 3109 duodecimam
1856 3063 2067 3123 partem
2093 3027 2179 3107 bis
2203 3027 2253 3094 c

594 3151 733 3201 sicut
758 3149 1022 3216 superius,
1057 3145 1169 3201 hoc
1191 3155 1294 3212 est,
1327 3147 1393 3202 de
1419 3145 1562 3200 mille
1591 3147 1801 3216 viginti,
1830 3146 1931 3199 duc
1956 3160 2054 3214 per
2079 3160 2177 3211 xu,

599 3243 733 3291 lltllll,
772 3253 965 3299 1.xxxv,
1013 3249 1308 3305 rursusque
1346 3253 1523 3291 Lxxxv
1558 3236 1738 3291 divide
1774 3252 1870 3306 per
1901 3253 1997 3301 xu,
2042 3235 2181 3291 ﬁunt

597 3350 690 3386 vn.
722 3334 858 3387 Sunt
892 3347 1020 3403 ergo
1048 3333 1101 3385 in
1132 3332 1234 3385 hoc
1262 3332 1507 3400 aripenni
1535 3347 1759 3385 numero
1784 3341 2006 3400 septem.

1215 3425 1219 3429 ’
1288 3423 1479 3478 XXIV.

896 3531 1206 3570 PIIOPOSITIO
1245 3531 1308 3568 DE
1346 3528 1520 3568 CAHPO
1556 3528 1874 3569 TRIANGUIJJ.

667 3611 760 3664 Est
785 3627 1004 3681 campus
1035 3609 1332 3679 triangulus
1355 3609 1444 3678 qui
1470 3608 1631 3682 habet
1656 3609 1708 3663 in
1737 3623 1842 3661 uno
1864 3607 2180 3675 latereper-

597 3702 732 3754 llt'llS
758 3716 885 3763 xxx,
915 3709 970 3753 et
991 3701 1042 3753 in
1075 3699 1180 3753 alio
1207 3701 1440 3768 perticas
1471 3685 1602 3762 xxx,
1639 3707 1694 3752 et
1724 3700 1777 3752 in
1808 3698 1983 3752 fronte
2009 3696 2178 3764 perti-

598 3804 690 3846 cas
718 3805 867 3842 xvtn.
904 3789 1087 3852 Dicat,
1122 3789 1209 3857 qui
1239 3794 1443 3857 potest,
1487 3795 1617 3854 quot
1655 3786 1940 3856 aripennos
1969 3783 2181 3839 conclu-

600 3885 726 3938 dere
753 3881 910 3937 debet
931 3881 954 3934 ’ἶ

1279 3948 1505 4002 Salutio.

671 4043 840 4112 .lungc
869 4042 1002 4096 duas
1028 4039 1392 4110 longitudines
1429 4039 1585 4093 istius
1612 4037 1808 4108 campi,
1840 4046 1896 4093 et
1921 4035 2055 4091 ﬁunt
2089 4052 2175 4092 ιι.

600 4132 711 4186 Due
742 4133 971 4193 mediam
998 4133 1064 4187 de
1089 4147 1174 4196 ιι,
1208 4130 1341 4185 ﬁunt
1372 4124 1502 4197 xxx,
1526 4139 1581 4187 et
1611 4131 1736 4202 quia
1767 4131 1819 4185 in
1849 4130 2025 4184 fronte
2051 4145 2178 4200 per-

600 4226 737 4279 ticas
765 4241 895 4278 xvut
937 4225 1129 4289 habet,
1172 4224 1275 4278 duc
1303 4223 1533 4278 mediam
1569 4223 1635 4278 de
1662 4238 1793 4278 xvni
1815 4265 1828 4287 ,
1872 4221 2006 4276 fiunt
2037 4237 2175 4275 vnn.

601 4320 718 4373 Due
747 4332 875 4371 vero
900 4318 1087 4371 novies
1111 4316 1352 4384 triginta,
1380 4314 1514 4369 ﬁunt
1539 4330 1728 4369 cccxx.
1754 4308 1863 4367 Fac
1882 4310 2076 4367 exinde
2096 4312 2178 4367 bis

600 4428 698 4475 xu,
731 4410 781 4464 id
817 4416 920 4472 est,
948 4407 1126 4460 divide
1153 4421 1344 4468 cccxx,
1368 4396 1468 4474 per
1495 4407 1886 4471 duodecimam,
1911 4405 2046 4459 ﬁunt
2070 4422 2178 4459 ιιιι
2210 4379 2262 4441 D

600 4510 653 4553 cl.
677 4499 870 4563 semis;
900 4505 1061 4566 atque
1086 4496 1281 4549 iterum
1303 4509 1412 4547 xxn
1434 4502 1488 4548 et
1509 4495 1672 4547 semis
1695 4509 1791 4562 per
1811 4495 2180 4549 duodecimam

603 4592 780 4646 divide
806 4598 1130 4661 partem.....
1163 4587 1191 4625 ι)
1230 4585 1291 4639 fit
1329 4575 1601 4654 aripennis
1626 4598 1762 4637 unus
1799 4591 1853 4636 et
1880 4584 2097 4650 pertica:
2126 4600 2180 4648 x,

603 4691 658 4734 ct
685 4682 924 4735 dimidia.

1313 4744 1478 4799 XXV.

931 4854 1239 4894 PROPOSITIO
1276 4852 1342 4893 DE
1375 4851 1548 4891 (ΙΛΙΡο
1588 4850 1853 4889 ῐιοτιικυο.

675 4931 769 4985 Est
809 4943 1032 4999 campus
1071 4930 1358 4993 rotundus,
1384 4929 1473 4997 qui
1499 4928 1661 4981 habet
1697 4927 1746 4980 in
1787 4941 1919 4996 gyro
1947 4925 2183 4994 perticas

603 5041 748 5082 cccc.
776 5024 871 5076 Dic
899 5030 1030 5092 quot
1055 5023 1340 5088 aripennos
1372 5036 1563 5089 capere
1591 5019 1784 5073 debet?

1283 5109 1502 5162 Salutio.

677 5208 877 5273 Quarta
914 5203 1127 5276 quidem
1161 5217 1284 5271 pars
1313 5200 1467 5267 hujus
1495 5199 1698 5267 campi,
1730 5201 1819 5268 qui
1857 5216 1980 5254 cccc.
2013 5201 2181 5254 inclu-
2256 5270 2258 5272 τ

654 5369 704 5436 ,ι
743 5357 894 5422 Bed.,
929 5357 1238 5427 Aripennos.
1282 5352 1412 5406 Vide
1442 5350 1508 5403 du
1543 5350 1740 5419 (lange,
1783 5367 1915 5406 voce
1949 5354 2179 5422 Arapcn-

614 5443 709 5480 ius.
736 5436 838 5480 etc.

685 5497 708 5530 ιι
741 5496 888 5562 Apud
913 5498 1107 5550 Bedam
1136 5496 1221 5552 hic
1245 5495 1485 5548 defectus
1513 5491 1581 5542 ita
1615 5491 1888 5562 suppletur
1918 5511 1925 5542 :
1961 5493 2024 5545 Et
2047 5495 2177 5562 ﬁunt

612 5565 664 5618 2.
696 5573 738 5613 rt
772 5560 1033 5634 remanent
1076 5568 1129 5624 ’5,
1174 5582 1287 5634 qua?
1317 5575 1388 5617 est
1422 5565 1595 5634 Spurs
1626 5560 1870 5634 19.58qu
1911 5560 2175 5632 crgo'm'i-

613 5635 763 5700 pcuni
796 5633 845 5684 in
874 5633 968 5684 hoc
995 5632 1207 5687 numero
1233 5635 1264 5685 ‘2
1290 5646 1332 5685 ct
1362 5635 1392 5686 ὅ
1416 5649 1534 5698 pars
1565 5632 1623 5683 (Ir
1650 5633 1916 5699 nripcnno.

2277 427 2508 494 caveris,
2554 427 2608 482 id
2653 435 2758 490 est,
2789 426 2837 479 si
2873 423 3080 478 centies
3121 417 3363 482 duxeris,
3413 431 3449 469 x
3482 412 3650 468 millia
3691 408 3848 472 ﬁunt.

2275 521 2374 576 hos
2398 521 2453 574 in
2479 535 2555 574 xu
2591 527 2776 589 partes
2801 516 3040 571 dividere
3065 511 3262 575 debes;
3297 506 3498 564 etenim
3526 505 3594 560 de
3625 517 3658 558 x
3684 499 3848 557 milli-

2273 612 2379 668 bus
2401 608 2716 666 duodecima
2737 616 2822 664 est
2847 619 3174 669 neccxxxnt,
3195 614 3357 671 quam
3382 612 3505 654 cum
3532 595 3662 651 item
3689 593 3742 647 in
3769 606 3847 647 xu

2205 771 2212 778 ι
2272 702 2506 775 partitus
2538 700 2726 764 fueris,
2769 697 3012 754 invenies
3035 709 3242 775 vanu.
3275 691 3377 748 Tot
3404 689 3547 747 enim
3575 685 3849 758 aripennis

2275 791 2583 862 hujusmodi
2611 800 2834 864 campus
2861 786 3172 843 includitur.

2627 934 2629 936 .
2965 876 3157 933 XXVI.

2312 987 2622 1028 PROPOSI'I‘IO
2659 986 2725 1025 DE
2763 985 2928 1026 ευιιευ
2965 982 3149 1024 CBNKS.
3189 981 3270 1021 DC.
3309 979 3463 1020 Πρω.
3507 979 3616 1018 ιπιις
3638 960 3734 1015 υἱέ
3760 971 3808 1013 ⁸⁵.

2348 1063 2442 1118 Est
2468 1077 2691 1132 campus
2715 1050 2808 1131 qui
2835 1061 2998 1116 habet
3035 1059 3089 1113 in
3125 1055 3456 1128 longitudine
3480 1055 3644 1126 pedes
3669 1068 3752 1106 CL.
3790 1053 3849 1106 In

2277 1167 2384 1209 uno
2409 1153 2583 1224 capite
2608 1152 2788 1207 stabat
2818 1151 2989 1215 canis,
3011 1157 3067 1205 et
3090 1148 3145 1204 in
3173 1145 3278 1209 alio
3312 1148 3492 1202 stabat
3517 1145 3687 1216 lepus.
3719 1144 3850 1198 Pro-

2277 1244 2444 1300 movit
2473 1257 2707 1313 namque
2737 1243 2890 1298 eanis
2919 1241 3005 1296 ille
3038 1248 3160 1312 post
3189 1239 3353 1301 illum,
3379 1237 3588 1292 scilicet
3610 1235 3849 1306 leporem

2275 1351 2514 1390 currere.
2541 1333 2640 1389 Ast
2663 1333 2754 1388 ubi
2778 1332 2866 1386 ille
2888 1331 3043 1388 canis
3065 1329 3296 1385 faciebat
3321 1328 3374 1382 in
3398 1343 3506 1383 uno
3526 1325 3661 1382 saltu
3687 1327 3850 1397 pedes

2275 1441 2416 1491 vnn,
2449 1424 2600 1495 lepus
2646 1421 3048 1478 transmittebat
3074 1437 3169 1475 vn.
3216 1419 3390 1484 Dicat,
3430 1419 3521 1490 qui
3549 1418 3693 1482 velit,
3719 1426 3851 1487 quot
3941 1408 3946 1413 ’

2276 1518 2442 1588 pedes
2493 1525 2733 1587 quotque
2780 1515 2950 1570 saltus
2983 1513 3137 1568 canis
3169 1511 3562 1582 persequendo,
3597 1518 3657 1564 et
3699 1509 3852 1578 lepus

2278 1598 2553 1683 fugierido,
2599 1609 2953 1680 quoadusque
2997 1605 3420 1678 comprehensus
3462 1610 3565 1669 est,
3609 1601 3851 1658 fecerunt

2281 1705 2458 1778 [Bed.,
2486 1689 2842 1772 confecerint]
3420 1714 3431 1726 κ
3821 1695 3825 1698 ⁴

2955 1791 3180 1848 Salutio.

2349 1889 2648 1962 Longitudo
2693 1885 2853 1957 hujus
2895 1887 3144 1943 videlicet
3173 1882 3351 1956 campi
3375 1885 3540 1940 habet
3578 1885 3740 1954 pedes
3760 1900 3845 1939 cs.

2278 1983 2392 2038 Duc
2420 1982 2649 2046 mediam
2685 1980 2750 2035 de
2778 1997 2862 2044 CL,
2896 1978 3033 2041 ﬁunt
3064 1995 3225 2034 Lxxv.
3262 1977 3426 2033 Canis
3455 1992 3584 2032 vero
3620 1977 3854 2034 faciebat

2279 2076 2332 2129 in
2360 2087 2468 2127 uno
2512 2072 2655 2127 saltu
2696 2071 2864 2140 pedes
2903 2084 3044 2135 mu,
3071 2068 3268 2140 quippe
3309 2083 3450 2123 Lxxv
3477 2069 3661 2124 novies
3707 2069 3852 2123 ducti

2277 2165 2414 2219 ﬁunt
2450 2177 2676 2226 ncuxv,
2716 2169 2798 2216 tot
2817 2160 2983 2232 pedes
3025 2159 3262 2231 leporem
3293 2161 3671 2232 consequendo
3702 2160 3854 2216 canis

2278 2253 2536 2318 cucurrit,
2582 2253 2930 2322 quoadusque
2976 2265 3099 2306 eum
3131 2251 3540 2322 comprehendit
3586 2252 3744 2306 dente
3775 2261 3854 2306 te-

2278 2347 2420 2402 naci.
2461 2347 2532 2402 At
2556 2360 2706 2411 vero,
2735 2345 2869 2415 quia
2906 2345 3057 2415 lepus
3085 2343 3315 2400 faciebat
3345 2345 3508 2414 pedes
3536 2359 3630 2407 vn,
3665 2345 3716 2398 in
3744 2360 3854 2399 uno

2280 2437 2441 2500 saltu,
2475 2436 2580 2491 duc
2613 2435 2760 2504 ipsos
2791 2451 2929 2490 Lxxv
2964 2436 3179 2506 septies.
3236 2435 3337 2506 Tot
3363 2448 3491 2490 vero
3514 2435 3678 2504 pedes
3703 2435 3857 2506 lepus

2279 2521 2531 2600 fugiendo
2556 2526 2785 2596 peregit,
2810 2527 2980 2582 donec
3012 2535 3332 2582 consecutus
3364 2534 3465 2582 est.

2962 2616 3173 2675 XXVII.

2494 2727 2806 2767 rnoeosrrm
2843 2728 2907 2766 ne
2942 2727 3194 2767 CIVITATE
3231 2715 3633 2776 ouxnaixcuu.
3827 2777 3836 2790 .

2348 2801 2444 2857 Est
2476 2803 2664 2858 civitas
2698 2802 3067 2874 quadrangula
3097 2818 3214 2871 qua:
3251 2803 3412 2857 habet
3453 2805 3505 2857 in
3547 2821 3653 2860 uno
3688 2806 3854 2862 latere

2279 2894 2443 2963 pedes
2477 2894 2622 2949 mille
2661 2902 2906 2959 centum;
2961 2901 3015 2948 et
3060 2895 3110 2947 in
3142 2894 3249 2947 alio
3275 2894 3444 2950 latere
3481 2897 3647 2967 pedes
3673 2899 3850 2962 mille;
3885 2898 3888 2900 ’

2281 2989 2339 3038 et
2373 2983 2428 3037 in
2478 2981 2659 3039 fronte
2700 2984 2864 3052 pedes
2895 2999 2980 3048 nc,
3027 2993 3081 3037 et
3124 2984 3176 3037 in
3208 2984 3375 3039 altera
3416 2989 3578 3056 pedes
3598 2991 3690 3044 'nc.
3721 2989 3857 3044 Volo

2283 3073 2480 3130 ibidem
2512 3082 2651 3129 tecta
2695 3075 2975 3130 domorum
3002 3089 3224 3144 ponere,
3250 3075 3347 3142 sic,
3389 3085 3446 3131 ut
3488 3077 3684 3134 habeat
3723 3095 3857 3133 uua-

2281 3180 2506 3237 quteque
2536 3180 2662 3222 casa
2706 3165 2758 3220 in
2796 3167 3124 3235 longitudine
3159 3167 3322 3236 pedes
3362 3183 3451 3233 ιι,
3483 3177 3538 3223 et
3579 3169 3631 3223 in
3675 3169 3857 3223 latitu-
3949 3198 3954 3202 ~

2281 3256 2404 3312 dine
2431 3257 2598 3325 pedes
2628 3272 2752 3316 xxx.
2788 3256 2965 3322 Dicat,
3002 3257 3093 3325 qui
3118 3257 3266 3323 velit,
3297 3268 3429 3328 quot
3463 3274 3620 3316 casas
3664 3275 3857 3331 capere

2282 3347 2478 3401 debet?

2952 3437 3180 3493 Salutio.

2352 3527 2408 3584 Si
2441 3526 2642 3582 fuerint
2667 3526 2786 3583 dum
2808 3528 2967 3599 hujus
2991 3527 3227 3582 civitatis
3250 3529 3609 3599 -ongitudines
3629 3528 3852 3599 junctxe,

2282 3619 2484 3676 facient
2504 3619 2545 3675 ᾗ
2569 3620 2908 3676 'c.'Similiter
2928 3620 3066 3687 duae,
3096 3622 3140 3676 si
3173 3621 3373 3676 fuerint
3403 3621 3712 3676 latitudines
3730 3619 3857 3688 jun-

2281 3723 2404 3779 ctae,
2430 3712 2635 3766 faciunt
2663 3713 2685 3766 ἰ
2710 3729 2790 3767 cc.
2823 3713 2965 3782 Ergo
2992 3713 3096 3768 duc
3125 3713 3357 3767 mediam
3387 3713 3452 3767 de
3482 3710 3506 3765 i
3533 3727 3615 3776 cc,
3652 3710 3859 3768 faciunt

2281 3819 2369 3870 nc,
2395 3817 2690 3872 rursusque
2721 3801 2822 3855 duc
2846 3802 3082 3857 mediam
3107 3803 3173 3856 de
3197 3803 3240 3857 ﬁ
3268 3817 3318 3866 c,
3348 3800 3524 3856 ﬁunti
3553 3819 3602 3856 ι..
3632 3801 3698 3855 Et
3726 3802 3853 3871 quia

2282 3908 2617 3963 unaquaeque
2660 3893 2850 3948 domus
2882 3879 3044 3948 habet
3081 3895 3144 3959 jn
3191 3892 3520 3964 longitudine
3564 3893 3727 3964 pedes
3761 3909 3855 3960 ιι,

2281 3994 2335 4041 et
2380 3987 2435 4040 in
2477 3986 2586 4041 lato
2635 4001 2784 4040 xxx:
2813 3985 2985 4041 deduc
3030 3986 3495 4058 quadragesimam
3541 3995 3748 4056 partem
3788 3986 3856 4041 de

2281 4078 2426 4134 mille
2451 4097 2501 4144 ι,
2528 4077 2662 4133 ﬁunt
2688 4095 2836 4133 xxvi.
2863 4079 3037 4150 Atque
3061 4078 3258 4137 iterum
3285 4092 3501 4133 assume
3524 4078 3854 4132 tricesimain

2282 4172 2348 4226 de
2374 4188 2459 4236 nc,
2492 4169 2627 4223 ﬁunt
2660 4186 2751 4223 xx.
2803 4171 2980 4226 Vicies
3024 4185 3155 4242 ergo
3184 4185 3308 4223 xxvi
3347 4167 3516 4234 ducti,
3549 4167 3682 4221 ﬁunt
3724 4184 3852 4221 nxx.

2283 4262 2385 4316 Tot
2415 4262 2606 4316 domus
2638 4261 2909 4330 capienda:
2940 4268 3082 4314 sunt.

2945 4371 3178 4427 XXVIII.

2532 4477 2844 4530 PROPQSITIO
2883 4477 2947 4514 DE
2986 4476 3235 4515 CIVITATE
3277 4475 3597 4517 TRIANGULA.

2354 4555 2449 4607 Est
2479 4554 2669 4607 civitas
2698 4552 2966 4622 triangula
2993 4567 3110 4622 quae
3140 4552 3193 4606 in
3223 4567 3328 4606 uno
3359 4552 3521 4607 habet
3565 4540 3733 4607 latere
3761 4567 3858 4620 pe-

2283 4644 2377 4698 des
2413 4660 2465 4708 c,
2497 4651 2553 4697 et
2580 4643 2633 4697 in
2669 4642 2774 4697 alio
2814 4643 2980 4698 latere
3017 4645 3181 4713 pedes
3207 4660 3258 4708 c,
3289 4652 3344 4697 et
3388 4644 3442 4696 in
3487 4642 3664 4696 fronte
3688 4642 3860 4711 pedes

2283 4751 2370 4802 xc,
2395 4736 2514 4790 volo
2544 4736 2686 4790 enim
2730 4736 2925 4791 ibidem
2951 4736 3176 4791 aediﬁcia
3205 4736 3484 4788 domorum
3518 4740 3854 4799 construere,

2285 4828 2362 4882 sic
2393 4834 2594 4893 tamen,
2617 4836 2676 4880 ut
2707 4842 3041 4896 unaquaeque
3069 4826 3258 4880 domus
3291 4823 3488 4877 habeat
3532 4825 3582 4877 in
3615 4823 3851 4896 longitu-

2282 4920 2405 4975 dine
2434 4920 2597 4989 pedes
2623 4937 2716 4984 xx,
2747 4929 2801 4973 et
2839 4921 2892 4973 in
2940 4917 3218 4971 latitudine
3250 4917 3410 4984 pedes
3439 4933 3489 4970 ι.
3546 4917 3719 4985 Dicat,
3750 4919 3848 4988 qui

2283 5022 2478 5082 potest,
2510 5021 2640 5083 quot
2669 5013 2860 5066 domus
2888 5010 3002 5080 capi
3035 5009 3266 5063 debent?
3754 4994 3768 5004 ’

2951 5108 3172 5162 Salutio.

2351 5206 2465 5260 Duo
2496 5205 2660 5277 igitur
2697 5201 2854 5269 hujus
2901 5200 3134 5256 civitatis
3178 5202 3346 5257 latera
3387 5203 3571 5272 juncta
3601 5205 3732 5259 ﬁunt
3761 5222 3847 5270 cc,

2353 5371 2374 5398 ο
2409 5357 2713 5429 chendum
2743 5374 2753 5405 :
2786 5355 2860 5408 De
2885 5373 3036 5429 cursu
3066 5360 3209 5411 canis
3240 5377 3299 5412 ac
3327 5360 3451 5428 fuga
3476 5359 3683 5428 leporis.
3709 5359 3854 5414 Sub-

2281 5427 2551 5483 stitucndo
2593 5427 3011 5481 consonantibus
3054 5427 3368 5495 quibusdam
3393 5427 3611 5482 vocales
3657 5430 3850 5482 imme—

2280 5501 2422 5624 (hall;
2469 5497 2862 5558 antecedentes.
2919 5497 3068 5562 Quod
3120 5497 3450 5568 frequentius
3505 5499 3742 5555 occurrit
3794 5499 3849 5552 in

2280 5586 2365 5624 cor.
2424 5585 2597 5623 .mss.

2280 5585 2434 5627 ροιια.
2470 5585 2597 5622 mss.
