4232 6230
370 320 500 377 1157

648 544 958 589 PROPOSITIO
995 545 1059 584 DE
1097 543 1227 584 SODE
1255 540 1281 568 ⁸
1317 545 1386 582 ιιτ
1422 542 1636 583 ΒΟΒΟΙἋ.

428 619 661 689 Quidam
716 618 1100 688 paterfamilias
1156 618 1416 672 stabilivit
1471 622 1676 670 curtem
1733 626 1927 666 novam

362 706 851 783 [quadrangulam],
880 710 932 763 in
959 724 1063 779 qua
1086 709 1266 779 posuit
1289 706 1544 771 scrofam,
1576 718 1696 773 quae
1719 701 1929 772 peperit

362 799 629 869 porcellos
646 815 720 852 vu
745 799 798 852 in
822 797 993 852 media
1018 798 1163 861 sode,
1192 797 1283 865 qui
1311 810 1416 850 una
1437 810 1559 849 cum
1587 801 1778 856 matre,
1808 805 1927 860 qua:

364 895 549 942 octava
580 894 661 941 est
702 885 795 957 [Ρ.
825 886 972 950 add.,
999 895 1121 941 octo
1162 883 1343 957 sunt].
1394 890 1717 955 pepererunt
1765 881 1930 951 igitur

364 978 730 1046 unusquisque
777 977 830 1031 in
865 978 1007 1031 omni
1044 977 1237 1047 angulo
1270 991 1363 1029 vu.
1393 974 1462 1028 Et
1494 974 1608 1043 ipsa
1644 972 1838 1025 iterum
1872 969 1926 1023 in

364 1064 540 1119 media
568 1065 694 1119 sode
727 1080 849 1119 cum
877 1064 1123 1119 omnibus
1148 1064 1417 1135 generatis
1455 1062 1664 1133 peperit
1696 1074 1789 1113 vu.
1834 1059 1927 1112 Di-

362 1159 470 1208 cat.
494 1151 742 1223 quivult,
771 1169 876 1207 una
904 1168 1027 1206 cum
1054 1154 1315 1208 matribus
1348 1160 1480 1223 quot
1503 1150 1651 1222 porci
1678 1148 1929 1203 fuerunt?

378 1242 379 1245 “
1039 1238 1265 1295 Salutio.

440 1324 704 1394 In'prima
763 1327 925 1397 igitur
973 1329 1347 1397 parturitione,
1394 1344 1515 1398 qua:
1560 1327 1660 1381 fuit
1684 1326 1825 1381 facta
1874 1326 1929 1379 in

362 1416 538 1471 media
573 1417 718 1480 sede,
767 1414 984 1470 fuerunt
1024 1416 1242 1485 porcelli
1288 1432 1383 1483 vn,
1435 1425 1489 1470 et
1523 1426 1697 1469 mater
1743 1428 1928 1467 eorum

363 1514 569 1558 octava.
599 1504 781 1561 Oeties
813 1506 974 1576 igitur
1001 1516 1121 1560 octo
1144 1506 1289 1562 ducti
1316 1506 1451 1561 ﬁunt
1473 1521 1644 1561 ωιιιιι.
1672 1505 1774 1559 Tot
1806 1518 1931 1573 por-

363 1591 482 1647 celli
516 1609 623 1647 una
652 1609 773 1648 cum
801 1595 1067 1649 matribus
1097 1592 1317 1667 fuerunt
1345 1595 1398 1648 in
1430 1610 1448 1647 ι
1479 1593 1691 1664 angulo.
1734 1592 1813 1646 Ac
1837 1591 1931 1646 de-

365 1680 488 1735 inde
523 1684 767 1752 sexagies
793 1693 984 1753 quater
1011 1693 1135 1741 octo
1164 1686 1308 1740 ducti
1335 1683 1470 1738 fiunt
1498 1700 1628 1738 nxu.
1679 1682 1781 1737 Tot
1802 1698 1926 1737 cum

1257 317 1405 376 OPP.
1442 312 1666 373 DUBIA.
1707 345 1777 356 ——
1813 306 2357 383 PROPOSITIQNES
2394 299 2692 365 ᾹιευιΝι.

1946 431 1993 491 Α
2023 439 2193 479 annos
2243 424 2539 495 geminatos
2585 422 2880 495 triplicatos
2909 420 3086 495 [Bed.,
3134 417 3492 491 triplieabis];
3540 432 3598 476 et

3453 306 3589 361 I158

2030 532 2180 571 sume
2209 533 2372 571 unum
2403 518 2468 572 de
2494 518 2649 571 annis
2685 516 2851 580 meis;
2879 522 2932 569 et
2972 510 3195 569 habebis
3222 525 3393 565 annos
3423 527 3472 566 c.
3506 511 3598 565 Di-

2026 616 2132 673 cat,
2184 609 2275 679 qui
2302 616 2497 679 potest,
2552 615 2683 679 quot
2716 620 2979 662 annorum
3027 612 3157 659 tunc
3201 611 3440 674 tempore
3466 616 3599 677 puer

2026 707 2142 753 crat
2158 699 2179 752 ‘3

2700 782 2924 840 Salutio.

2097 874 2227 929 Erat
2250 875 2395 930 enim
2432 890 2568 945 puer
2591 889 2853 928 annorum
2883 888 2995 940 va,
3020 881 3075 929 et
3101 870 3365 927 mensium
3388 887 3461 938 vr,
3504 874 3594 943 qui

2029 966 2282 1036 geminati
2328 981 2451 1020 eum
2479 965 2752 1021 mensibus
2776 963 2910 1017 fiunt
2933 964 3059 1017 anni
3091 979 3281 1028 χχχιιι,
3313 965 3402 1033 qui
3432 964 3595 1034 tripli-

2029 1055 2135 1109 caii
2163 1052 2297 1109 fiunt
2318 1038 2524 1109 vauu.
2553 1054 2749 1109 Addito
2770 1068 2878 1108 uno
2898 1055 3067 1123 patris
3095 1069 3235 1108 anno
3262 1069 3292 1108 c
3320 1066 3595 1124 apparent.

2735 1143 2895 1199 XLV.

2650 1242 2977 1288 PBOPOSITIO.

2097 1318 2357 1375 Columba
2401 1322 2595 1376 sedens
2624 1322 2677 1376 in
2725 1323 2921 1377 arbore
2967 1322 3099 1376 vidit
3140 1322 3270 1376 alias
3308 1321 3594 1378 volantes:

2030 1411 2167 1466 dixit
2189 1412 2271 1467 eis
2293 1429 2305 1465 :
2326 1410 2545 1467 Utinam
2573 1411 2812 1467 fuissetis
2839 1414 2958 1467 aliae
2978 1422 3185 1466 tantum
3210 1426 3263 1467 et
3286 1423 3451 1468 terna:
3478 1424 3597 1468 tan-

2030 1507 2163 1564 tum,
2205 1508 2333 1556 tunc
2360 1516 2467 1555 una
2492 1517 2700 1556 meeum
2728 1502 2965 1557 fuissetis
2992 1519 3042 1557 c.
3082 1504 3249 1568 Dicat,
3282 1507 3371 1574 qui
3402 1514 3597 1575 potest,

2030 1590 2448 1660 quot.columba
2476 1603 2633 1649 erant
2670 1593 2723 1646 in
2748 1592 2940 1667 primis
2966 1593 3247 1649 volantes?

2696 1680 2917 1736 Solatia.

364 1772 628 1826 matribus
654 1774 765 1827 suis
787 1772 1008 1843 porcelli
1052 1773 1106 1826 in
1133 1774 1328 1843 angulo
1371 1788 1435 1827 ιι.
1475 1773 1785 1840 Rursusque
1812 1786 1928 1825 nxu
1960 1789 2005 1850 Β
2100 1770 2339 1843 Triginta
2384 1787 2443 1827 ιιι
2470 1782 2630 1827 erant
2666 1773 2945 1837 columbae,
2977 1764 3291 1843 quas-prius
3318 1775 3599 1843 conspexit

363 1861 532 1914 octies
562 1861 706 1915 ducti
733 1862 869 1915 fiunt
893 1864 979 1918 Γῆ
1004 1879 1146 1919 xcvi.
1180 1863 1281 1919 Tot
1314 1865 1367 1918 in
1394 1864 1555 1918 tertio
1583 1861 1779 1932 angulo
1802 1875 1925 1917 cum

364 1951 627 2007 matribus
654 1952 767 2007 suis
792 1951 1030 2008 fuerunt.
1084 1954 1185 2022 Qui
1215 1956 1259 2011 si
1288 1955 1456 2009 octies
1486 1952 1925 2022 multiplicantur,

365 2038 502 2094 ﬁunt
524 2056 675 2096 χχιιι
698 2058 1057 2105 nccuxxvm,
1090 2052 1168 2100 tot
1201 2061 1323 2100 eum
1355 2044 1619 2099 matribus
1650 2043 1707 2097 in
1735 2050 1929 2113 quarto

365 2127 583 2206 fuerunt
639 2134 854 2204 angulo.
912 2134 1201 2205 Multiplica
1268 2151 1480 2206 quoque
1537 2135 1709 2189 octies
1777 2128 1932 2187 ῦῗιῖῐ

364 2204 723 2288 nccuxxvut,
755 2223 889 2277 fiunt
910 2222 975 2278 δῖ
999 2204 1111 2280 an
1132 2234 1186 2281 et
1205 2204 1405 2282 cceuu.
1434 2224 1535 2280 Tot
1560 2225 1703 2278 enim
1738 2235 1927 2277 creve-

366 2320 511 2378 runt,
534 2328 657 2367 cum
684 2315 737 2368 in
762 2306 937 2370 media
962 2316 1091 2370 sede
1112 2316 1397 2371 novissime
1423 2324 1632 2387 partum
1650 2314 1923 2370 fecerunt.

1067 2403 1222 2459 XLII.

451 2507 761 2557 ιίιοιιοειτιο
798 2510 863 2549 DE
898 2509 1341 2559 εοΑιΑ,ιιΑιιεΝτις
1375 2510 1581 2552 (ιιιωυε
1612 2509 1847 2549 εεκτωι.

435 2582 533 2637 Est
573 2582 716 2638 scala
752 2599 861 2638 una
900 2584 1119 2640 habens
1148 2585 1347 2657 gradus
1384 2602 1434 2643 c.
1481 2587 1539 2641 In
1564 2586 1739 2657 primo
1759 2585 1931 2656 gradu

365 2672 586 2728 sedebat
630 2674 877 2729 columba
918 2691 1068 2729 una:
1109 2676 1163 2730 in
1211 2677 1446 2732 secundo
1488 2677 1637 2742 dum;
1678 2675 1730 2731 in
1772 2678 1933 2730 tertio

370 2773 510 2830 tres;
550 2766 603 2819 in
625 2776 819 2834 quarto
851 2782 961 2832 un;
997 2768 1052 2821 in
1078 2769 1266 2837 quinto
1290 2783 1343 2823 ν.
1383 2767 1474 2823 Sic
1516 2768 1569 2821 in
1592 2769 1738 2822 omni
1760 2769 1930 2839 gradu

366 2870 537 2924 usque
570 2856 638 2910 ad
664 2857 1036 2911 centesimum.
1093 2857 1268 2923 Dicat,
1305 2860 1396 2928 qui
1430 2867 1628 2931 potest,
1670 2867 1798 2929 quot
1840 2873 1932 2914 co-

366 2947 558 3012 lumba:
580 2950 633 3003 in
658 2954 828 3005 totum
849 2949 1109 3005 fuerunt?

1034 3039 1260 3095 Salutio.
1292 3085 1296 3094 .

435 3126 811 3183 Numerabitur
846 3136 1025 3187 autem
1074 3130 1153 3184 sic

363 3232 470 3272 una
497 3218 666 3283 sedet,
702 3218 827 3272 tolle
846 3217 1030 3282 illam,
1060 3228 1113 3272 et
1133 3219 1297 3289 iunge
1328 3221 1394 3274 ad
1424 3220 1541 3275 illas
1571 3238 1777 3288 xcvuu,
1810 3239 1927 3292 quae

362 3306 523 3378 “7
551 3308 894 3378 nonagesimo
925 3305 1110 3379 [nono]
1144 3310 1311 3377 gradu
1342 3311 1660 3377 consistunt,
1687 3322 1743 3368 et
1770 3322 1930 3368 erunt

363 3412 414 3451 c.
444 3379 533 3451 Sic
562 3398 853 3451 secundum
893 3397 959 3451 ad
989 3399 1390 3477 nonagesimum
1418 3409 1667 3454 octavum
1696 3412 1747 3457 ει
1780 3403 1959 3462 inve-.

363 3483 482 3539 nies
502 3486 745 3539 similiter
758 3501 808 3540 c.
836 3485 926 3540 Sic
948 3501 1044 3554 per
1065 3480 1303 3557 singulos
1331 3490 1547 3559 gradus,
1564 3506 1727 3546 unum
1754 3492 1821 3547 de
1840 3498 1940 3548 su-‘

363 3559 667 3644 perioribus
702 3577 979 3645 gradibus,
1018 3587 1074 3631 et
1106 3578 1266 3663 alium
1305 3580 1370 3635 de
1408 3579 1785 3648 inferioribus,
1823 3585 1928 3641 boe

363 3664 553 3719 ordine
582 3664 865 3735 conjunge,
890 3673 947 3719 et
964 3666 1202 3733 reperies
1234 3681 1447 3736 semper
1483 3670 1536 3723 in
1572 3671 1714 3725 binis
1750 3674 1930 3743 gradi—

360 3752 463 3808 bus
492 3767 541 3807 c.
569 3752 1054 3823 Quinquagesimus
1087 3765 1263 3809 autem
1273 3756 1487 3826 gradus
1513 3758 1659 3814 solus
1687 3768 1743 3813 et
1771 3762 1929 3817 abso-

363 3854 507 3897 tutus
531 3851 631 3908 est,
660 3860 765 3897 non
788 3845 987 3901 habens
1010 3862 1224 3918 parem;
1255 3849 1502 3905 similiter
1524 3858 1579 3905 et
1603 3853 1928 3912 centesimus

364 3934 511 3989 solus
540 3936 853 3991 remanebit.
900 3936 1071 4009 Junge
1097 3953 1224 4009 ergo
1261 3955 1449 3996 omnes
1474 3951 1531 3998 et
1564 3943 1809 4001 invenies
1830 3961 1925 4003 co-

364 4022 573 4076 lumbas
600 4021 683 4077 VL.

1047 4115 1222 4170 XLIII.

810 4221 1121 4262 PBOPOSITIO
1169 4224 1235 4262 DE
1272 4223 1474 4266 PORCIS.

434 4292 605 4349 Homo
632 4294 849 4365 quidam
884 4296 1072 4351 habuit
1098 4311 1193 4353 ccc
1235 4312 1448 4368 porcos,
1472 4309 1527 4356 et
1543 4298 1727 4371 jussit,
1757 4315 1819 4359 ut
1846 4313 1926 4361 tot

364 4387 511 4455 porci
542 4400 763 4441 numero
785 4387 975 4457 impari
1003 4388 1056 4441 in
1098 4404 1156 4443 ιιι
1181 4390 1294 4445 dies
1322 4392 1494 4447 occidi
1525 4387 1800 4450 deberent.
1840 4396 1925 4452 Si-

2026 1864 2290 1921 volantes.
2334 1866 2467 1921 Item
2509 1865 2627 1920 alia:
2669 1873 2831 1920 tantae
2859 1866 2992 1919 fiunt
3028 1881 3172 1919 val.
3198 1866 3263 1919 Et
3292 1867 3461 1921 tertia:
3483 1876 3597 1921 tan-

2027 1962 2158 2021 tum,
2191 1952 2327 2008 fiunt
2352 1970 2559 2025 xcvuu.
2589 1955 2740 2009 Adde
2769 1955 3064 2019 sedentem,
3093 1964 3148 2009 ct
3175 1964 3333 2010 erunt
3355 1970 3404 2009 c.

2721 2044 2905 2100 xm.
3118 2108 3125 2113 ,

2158 2148 2470 2189 PROPOSITIO
2508 2149 2572 2188 DF.
2610 2149 2838 2189 SAGCULO
2873 2150 2936 2188 ΑΒ
2970 2150 3169 2191 HOMINE
3209 2152 3459 2192 INW-SNTO.

2099 2223 2328 2291 Quidam
2373 2225 2532 2278 homo
2560 2224 2839 2279 ambulans
2878 2241 2977 2295 per
3001 2226 3142 2280 viam
3174 2226 3378 2281 invenit
3413 2243 3601 2283 saccu-

2028 2313 2137 2367 lum
2168 2329 2288 2368 cum
2318 2313 2535 2367 talentis
2558 2313 2785 2369 duobus.
2840 2312 2952 2369 Hoc
2984 2330 3197 2385 quoque
3244 2315 3335 2371 alii
3362 2318 3603 2374 videntes

2027 2400 2279 2458 dixerunt
2297 2402 2349 2457 ei
2382 2422 2393 2456 :
2424 2403 2635 2469 Frater,
2665 2405 2731 2457 da
2758 2406 2915 2459 nobis
2951 2407 3252 2475 portionem
3286 2407 3603 2475 inventionis

2030 2501 2235 2547 tantum
2290 2491 2468 2566 [Bed.,
2518 2492 2667 2567 tuae].
2723 2496 2825 2562 Qui
2858 2511 3091 2553 renuens
3116 2498 3286 2553 noluit
3325 2499 3407 2553 eis
3454 2500 3599 2554 dare.

2028 2582 2133 2652 Ipsi
2171 2598 2301 2638 vero
2349 2584 2615 2661 irruentes
2664 2585 2997 2654 diripuerunt
3045 2589 3341 2652 saeculum,
3390 2599 3445 2643 ct
3484 2590 3605 2642 tulit
3658 2602 3661 2609 ‘

2029 2673 2130 2727 sibi
2163 2673 2389 2740 quisque
2430 2672 2630 2727 solidos
2650 2674 3058 2745 quinquaginta.
3088 2678 3154 2730 Et
3185 2678 3296 2747 ipse
3317 2688 3601 2748 pwstquam

2029 2761 2163 2817 vidit
2190 2777 2248 2817 se
2274 2762 2526 2817 resistere
2565 2777 2671 2816 non
2702 2779 2881 2833 posse,
2910 2766 3055 2820 misit
3094 2782 3311 2822 manum
3342 2778 3397 2822 et
3425 2771 3605 2839 rapuit

2029 2852 2229 2910 SOIldOS
2258 2854 2662 2925 quinquaginta.
2705 2855 2858 2910 Dicat
2911 2857 3003 2926 qui
3036 2857 3165 2924 vult,
3190 2867 3320 2928 quot
3359 2860 3604 2915 homines

2029 2944 2247 3001 fuerunt
2260 2946 2283 2999 ?

2703 3036 2926 3093 Salutio.

1199 3148 1212 3183 :
1256 3146 1288 3184 a
1316 3132 1491 3200 primo
1528 3134 1699 3204 gradu
1735 3134 1791 3188 in
1820 3150 1929 3203 quo
1955 3130 2003 3197 α
2099 3123 2252 3195 Apud
2301 3124 2561 3194 quosdam
2618 3126 2879 3181 talentum
2928 3143 3072 3181 uxu
3105 3126 3198 3198 [F.
3245 3127 3281 3180 ι.
3313 3129 3475 3201 Lxxv]
3516 3129 3600 3183 vel

2027 3216 2203 3283 pondo
2231 3214 2315 3268 vel
2343 3214 2503 3269 habet
2526 3212 2711 3268 libras.
2744 3214 2904 3269 Libra
2932 3232 3058 3270 vero
3088 3218 3248 3271 habet
3273 3218 3603 3275 solidosau—

2028 3319 2151 3358 reos
2202 3319 2369 3358 uxu.
2426 3303 2685 3375 Sexagies
2725 3306 3014 3375 quinquies
3069 3323 3227 3362 Lxxu.
3266 3309 3409 3365 ducti
3469 3312 3603 3368 fiunt

2026 3391 2230 3459 'v'cccc,
2257 3394 2345 3462 qui
2370 3409 2624 3448 numerus
2655 3395 2959 3465 duplicatus
3007 3397 3142 3451 fiunt
3166 3399 3343 3454 decies
3370 3399 3602 3471 [Suppl.,

2027 3481 2195 3554 mille]
2229 3480 2375 3538 n‘ccc.
2426 3484 2483 3537 In
2515 3500 2546 3536 ιι
2588 3484 2821 3540 millibus
2847 3496 2900 3539 ct
2942 3488 3260 3557 octingentis
3286 3500 3411 3545 sunt
3441 3494 3601 3561 quiu-

2026 3573 2336 3644 quagenarii
2363 3588 2537 3627 ccxvn.
2567 3573 2670 3627 Tot
2692 3575 2939 3628 homines
2964 3575 3167 3629 ideirco
3192 3575 3429 3633 fuerunt.
3518 3626 3533 3644 κ

2713 3661 2915 3716 XLVII.

2026 3765 2334 3806 PBOPOSITIO
2372 3766 2437 3804 DE
2475 3765 2725 3806 EPISCOPO
2761 3766 2848 3814 QUI
2886 3766 3058 3806 JUSSI'I'
3098 3767 3172 3806 XII
3212 3768 3375 3810 PANES
3408 3770 3597 3813 DIVIDI.

2096 3839 2323 3906 Quidam
2352 3840 2635 3910 episc0pus
2654 3841 2817 3910 jussit
2860 3855 2937 3894 xu
2959 3854 3128 3910 panes
3155 3841 3320 3897 dividi
3352 3844 3403 3898 in
3430 3844 3599 3902 clem.

2027 3928 2287 4000 Praecepit
2314 3922 2556 3985 enim’sic
2578 3940 2636 3986 ut
2660 3931 2857 4003 singuli
2882 3932 3184 4002 presbyteri
3210 3931 3366 3989 binos
3392 3936 3575 4006 accipe

2025 4028 2146 4074 rent
2192 4035 2396 4089 panes;
2449 4021 2709 4075 diaconus
2775 4020 3076 4085 dimidium,
3131 4020 3301 4077 lector
3350 4035 3600 4093 quartam

2024 4118 2231 4179 partem
2258 4129 2270 4161 :
2298 4110 2370 4165 ita
2393 4102 2570 4164 tamen
2596 4109 2707 4175 fiat,
2738 4118 2797 4164 ut
2818 4110 3140 4164 clericorum
3163 4119 3218 4165 et
3236 4127 3434 4180 panum
3461 4130 3600 4170 unus

2023 4197 2097 4252 sit
2144 4212 2419 4252 numerus.
2469 4198 2641 4261 Dicat,
2670 4199 2762 4267 qui
2791 4197 2925 4263 vult,
2961 4206 3091 4266 quot
3136 4201 3458 4272 presbyteri,
3515 4204 3601 4261 vel

2022 4294 2154 4356 quot
2178 4286 2450 4351 diaeones,
2478 4297 2570 4340 aut
2597 4295 2727 4356 quot
2750 4286 2981 4350 lectores
3006 4300 3127 4342 esse
3152 4288 3394 4363 debent?

2693 4372 2919 4429 Solutio.
3270 4383 3273 4386 '

366 4453 506 4527 milis
552 4483 635 4529 est
669 4487 723 4528 et
770 4476 836 4530 de
862 4453 987 4530 axx
1037 4481 1322 4535 sententia.
1376 4482 1548 4548 Dicat,
1587 4485 1676 4554 qui
1727 4495 1922 4556 potest,

1987 4478 2002 4530 ι
2094 4464 2388 4535 Quinquies
2416 4464 2528 4519 bini
2558 4453 2692 4519 fiunt
2721 4482 2774 4531 ι,
2814 4466 2868 4521 id
2895 4474 2995 4531 est,
3027 4484 3058 4521 v
3084 4468 3387 4537 presbyteri
3409 4472 3595 4527 decem

328 4634 331 4637 _
368 4570 493 4631 quot
538 4564 681 4629 porci
714 4564 943 4632 impares
990 4567 1105 4620 sive
1138 4568 1204 4623 de
1230 4585 1322 4624 ccc
1355 4571 1469 4626 sive
1511 4573 1575 4628 de
1602 4590 1730 4638 xxx,
1789 4577 1936 4630 inter.

368 4659 477 4705 tres
510 4651 623 4705 dies
643 4650 769 4722 [ter]
809 4655 1086 4709 occidendi
1107 4659 1269 4710 sunt?
1300 4659 1423 4716 llzec
1469 4664 1607 4718 ratio
1645 4665 1931 4721 indissolu-

366 4738 489 4795 bilis
518 4738 585 4793 ad
608 4739 987 4809 increpandum
1012 4747 1305 4813 composita
1339 4756 1440 4802 est.

1043 4828 1267 4885 Salutio.

435 4915 574 4970 Ecce
621 4916 828 4972 fabula!
872 4934 993 4989 quae
1025 4935 1055 4972 a
1085 4922 1300 4976 nemine
1353 4922 1483 4978 solvi
1513 4934 1709 4995 potest,
1750 4940 1810 4985 ut
1838 4948 1929 4989 ccc

366 5003 536 5074 porci,
568 5003 681 5057 sive
709 5005 924 5074 triginta
956 5008 1009 5062 in
1034 5010 1203 5064 tribus
1247 5011 1437 5067 diebus
1481 5015 1669 5085 impari
1705 5004 1932 5077 numero

366 5091 699 5146 occidantur.
728 5091 850 5149 Haec
876 5093 1052 5176 fabula
1101 5107 1183 5152 est
1210 5108 1417 5155 tantum
1447 5102 1513 5157 ad
1532 5119 1731 5173 pueros
1755 5107 1931 5164 inere—

369 5180 595 5251 pandos.

1056 5266 1254 5331 XLIIII.
1485 5272 1488 5275 ⁷
1681 5326 1685 5331 .

1056 5278 1209 5330 XLIII
1239 5317 1254 5331 .
1681 5326 1685 5331 .

454 5353 763 5394 rnorostrto
800 5354 864 5394 na
910 5278 1276 5399 SALUTAT10:E
1314 5365 1468 5405 PUEBI
1509 5369 1575 5407 Αι)
1613 5370 1844 5419 ιηιτιιιτιι.

441 5429 666 5497 Quidam
690 5448 823 5502 puer
840 5434 1089 5489 salutavit
1110 5446 1350 5506 patrem;
1374 5442 1503 5509 Ave,
1526 5445 1715 5515 inquit,
1742 5448 1923 5515 pater!

371 5520 467 5577 Cui
494 5531 645 5592 pater
668 5540 680 5575 :
707 5526 916 5591 Valeas,
944 5526 1047 5581 illi!
1079 5529 1245 5593 vivas,
1278 5543 1537 5600 quantum
1565 5536 1766 5601 vixisti,
1794 5552 1929 5607 quos

2027 4570 2193 4624 panes
2220 4562 2539 4625 receperunt
2589 4571 2604 4608 :
2646 4563 2701 4608 et
2726 4555 2983 4611 diaconus
3024 4573 3163 4614 unus
3201 4558 3477 4613 dimidium
3502 4574 3600 4628 pa-

2028 4661 2151 4701 nem
2176 4664 2189 4699 :
2219 4657 2274 4700 et
2301 4646 2441 4700 inter
2479 4645 2707 4700 lectores
2734 4661 2785 4700 vl
2810 4646 3112 4701 habuerunt
3140 4663 3333 4718 panem
3362 4658 3415 4714 et
3442 4649 3599 4704 dimi-

2028 4737 2195 4790 dium.
2224 4736 2392 4807 Iunge
2420 4752 2453 4789 v
2486 4746 2581 4791 ett
2611 4744 2664 4790 et
2703 4751 2755 4790 vr
2779 4736 2830 4790 in
2866 4737 3044 4804 simul,
3075 4748 3130 4794 et
3171 4740 3303 4794 fiunt
3332 4742 3597 4809 uultur-

2028 4842 2228 4895 susque
2247 4825 2411 4897 junge
2436 4842 2467 4879 κ
2497 4834 2553 4881 et
2585 4828 2750 4882 semis
2774 4835 2829 4881 et
2858 4845 3021 4884 unum
3046 4839 3101 4885 et
3120 4831 3303 4895 semis,
3333 4830 3466 4887 fiunt
3494 4850 3595 4890 xu.

2032 4916 2099 4969 Et
2121 4915 2193 4969 illi
2216 4924 2342 4970 sunt
2372 4931 2445 4969 xu
2472 4929 2669 4985 panes;
2702 4918 2792 4986 qui
2820 4918 2977 4973 simul
2991 4918 3162 4989 juncti
3187 4918 3389 4975 faciunt
3418 4922 3593 4979 homi-

2034 5021 2131 5061 nes
2155 5022 2231 5060 xu
2256 5014 2312 5060 et
2330 5021 2496 5076 panes
2525 5006 2802 5063 xu.'Uuus
2831 5019 2913 5064 est
2942 5024 3069 5080 ergo
3095 5024 3351 5065 numerus
3371 5012 3597 5070 clerico-

2034 5112 2153 5149 rum
2174 5103 2229 5148 et
2256 5108 2474 5163 panum.

2050 5272 2051 5275 Ἰ
2088 5290 2395 5331 PBOPOSITIO
2430 5292 2495 5330 DE
2533 5293 2730 5333 HOMINE
2768 5295 2855 5341 QUI
2891 5293 3139 5333 OBVIAYIT
3174 5264 3544 5339 εσιιοιξΑιιιιυδ.

2103 5364 2329 5431 Quidam
2371 5364 2532 5421 homo
2570 5368 2803 5422 obviavit
2828 5367 3178 5433 scholaribus,
3208 5375 3264 5422 et
3289 5369 3423 5423 dixit
3468 5372 3587 5429 eis:

2032 5453 2228 5521 Quanti
2272 5454 2403 5509 estis
2454 5456 2514 5511 in
2540 5458 2761 5515 schola?
2791 5457 2938 5514 Unus
2963 5471 3031 5512 ex
3077 5457 3157 5511 eis
3208 5458 3481 5527 respondit
3506 5461 3591 5515 di-

2032 5555 2161 5595 cens
2188 5558 2201 5593 :
2226 5538 2360 5596 Nolo
2388 5543 2491 5599 boc
2521 5546 2616 5602 tibi
2638 5548 2834 5613 dicere,
2866 5555 2921 5601 tu
2950 5559 3168 5601 numera
3213 5559 3309 5600 nos
3330 5546 3432 5613 bis,
3455 5536 3590 5603 mul-

445 5648 472 5678 II
508 5636 565 5692 Id
584 5644 686 5703 est,
734 5636 876 5692 Sude
922 5653 1015 5694 seu
1040 5655 1325 5712 porcorum
1373 5644 1599 5701 stabulo.
1637 5646 1812 5705 Gloss.
1856 5649 1932 5706 du
1955 5650 2155 5721 Gange,
2183 5663 2315 5706 voce
2347 5649 2529 5709 Sudii.
