4232 6206
670 324 805 388 “59

1466 326 1527 380 Β.
1559 325 1619 380 F.
1659 310 1884 380 ALBlNl
1923 324 2055 381 SEU
2094 323 2373 382 ALCUINI-
2412 323 2902 387 OPERUMPARS
2942 323 3071 380 VIII.

3768 328 3912 381 1160

671 443 850 513 tiplica
895 450 1002 505 ter;
1059 451 1183 495 tunc
1221 438 1396 493 divide
1428 438 1484 491 in
1522 445 1750 506 quatuor
1788 444 1987 506 partes.
2020 435 2221 502 Quarta
2255 439 2298 497 Α
2326 442 2381 487 et
2432 433 2532 487 hoc
2570 448 2803 503 quoque,
2861 433 3108 489 similiter
3148 443 3207 488 ut
3255 436 3526 505 superius,
3578 435 3733 491 dabis
3760 436 3909 492 inter

654 542 793 606 pars
822 533 1049 597 numeri,
1091 533 1136 585 si
1183 546 1269 585 me
1296 530 1447 583 addis
1496 543 1617 582 cum
1664 528 1812 597 ipsis,
1857 524 2225 581 centenarium

669 623 843 694 explet
879 637 1180 676 numerum.
1226 620 1377 674 Dicat
1405 618 1495 688 qui
1531 625 1725 687 potest,
1773 615 1959 685 quanti
1992 614 2224 678 fuerunt,

668 716 759 785 qui
784 715 989 784 pridem
1016 713 1367 780 obviaverunt
1385 709 1677 764 ambulanti
1699 723 1794 777 per
1816 706 1993 760 viam?

1246 812 1251 815 ’
1330 799 1559 855 Salutio.

738 893 948 948 Terties
997 902 1083 946 ter
1120 892 1228 945 bini
1259 889 1349 961 [Id
1396 899 1491 953 est,
1546 889 1628 942 bis
1667 886 1859 958 χχχιιι]
1900 886 2036 941 ﬁunt
2065 902 2225 941 1.xv1:

668 984 803 1038 tanti
841 989 1018 1045 erant,
1045 981 1135 1049 qui
1157 980 1363 1049 pridem
1392 978 1743 1032 obviaverunt
1784 975 2109 1040 ambulanti;
2140 974 2231 1043 qui

670 1086 926 1128 numerus
949 1072 1031 1125 bis
1052 1070 1244 1124 ductus
1259 1084 1444 1123 cxxxu
1464 1066 1654 1122 reddit.
1681 1066 1789 1121 llos
1808 1066 2100 1135 multiplica
2129 1075 2228 1129 ter,

672 1162 806 1216 ﬁunt
848 1176 1086 1225 cccxcvr,
1118 1161 1307 1213 horum
1344 1168 1534 1228 quarta
1561 1173 1685 1227 pars
1708 1172 1890 1211 xcvuu
1916 1164 2057 1211 sunt.
2084 1153 2233 1210 Adde

670 1269 892 1323 puerum
921 1252 1325 1322 respondentem
1348 1258 1402 1304 et
1423 1249 1659 1319 reperies
1680 1263 1730 1301 c.
1999 1249 2003 1252 ’

1323 1360 1587 1417 XLVllll.‘

1024 1447 1331 1488 PDOPOSITIO
1370 1448 1433 1485 DE
1474 1444 1880 1513 £ABPENTARIIS.

743 1526 957 1593 Septem
984 1524 1299 1592 carpentarii
1323 1530 1570 1591 septenas
1593 1528 1741 1591 rotas
1770 1519 2031 1575 fecerunt.
2058 1518 2232 1581 Dicat,

673 1616 763 1684 qui
793 1621 984 1683 potest,
1001 1621 1311 1681 quotcarra:
1342 1618 1599 1667 rexerunt
1624 1608 1802 1681 [Bed.,
1821 1610 1963 1680 quod
1988 1598 2235 1662 carra'fe—

676 1703 886 1775 c'cruut]
904 1705 926 1756 ?

1345 1790 1571 1846 Salutio.

746 1884 859 1937 Duc
904 1882 1102 1950 septies
1148 1895 1223 1933 v11
1252 1879 1386 1933 ﬁunt
1422 1894 1628 1945 x1.vuu,
1660 1886 1739 1934 tot
1785 1885 1931 1933 rotas
1974 1876 2234 1933 fecerunt.

622 2008 628 2013 ρ
678 1987 752 2025 xu
782 1984 909 2024 vero
960 1976 1150 2038 quater
1199 1967 1343 2021 ducti
1373 1982 1535 2021 x1.vut
1586 1968 1832 2022 reddunt.
1876 1966 2047 2037 Super
2070 1984 2137 2021 x1.
2188 1974 2241 2021 et

679 2078 794 2116 vuu
837 2068 986 2116 rotas
1031 2074 1106 2114 x11
1139 2074 1291 2114 carra
1335 2066 1460 2113 sunt
1503 2067 1702 2123 erecta,
1735 2065 1789 2114 et
1823 2073 1930 2113 una
1978 2054 2242 2128 superfuit

680 2162 796 2208 rota
806 2193 819 2205 .
2225 2163 2228 2167 λ

1431 2240 1492 2294 L.

977 2345 1284 2385 PROPOSITIO
1320 2346 1385 2384 DE
1422 2346 1546 2385 VIXO
1586 2345 1638 2386 ιιι
1677 2346 1940 2387 VASCULIS.

751 2420 975 2475 Centum
1002 2430 1173 2474 metra
1211 2421 1342 2484 vini,
1372 2436 1522 2490 rogo,
1551 2429 1612 2474 ut
1648 2421 1811 2486 dicat,
1835 2422 1925 2489 qui
1954 2420 2083 2485 vult,
2115 2426 2246 2491 quot

685 2512 952 2564 sextarios
996 2510 1243 2579 capiunt?
1294 2508 1377 2563 vel
1426 2511 1540 2579 ipsa
1593 2510 1757 2564 etiam
1804 2519 2020 2565 centum
2074 2519 2245 2565 metra

687 2608 817 2667 quot
842 2612 1019 2653 meros
1047 2598 1276 2654 habent?

1346 2691 1572 2746 Salutio.

756 2782 931 2838 Unum
960 2791 1191 2838 metrum
1217 2782 1361 2851 capit
1387 2781 1644 2834 sectarios
1672 2796 1739 2833 χι
1767 2787 1822 2833 et
1844 2794 1959 2832 vui.
1992 2778 2103 2833 Duc
2125 2792 2247 2834 cen-

626 2874 631 2875 ⁷
689 2874 788 2928 ties
825 2888 1014 2937 vaui,
1043 2873 1176 2925 ﬁunt
1222 2881 1453 2941 quatuor
1498 2869 1663 2923 millia
1715 2883 1860 2922 nccc.
1890 2868 1993 2921 'l‘ot
2030 2868 2248 2922 sextarii

688 2971 830 3016 sunt.
913 2962 1171 3016 Similiter
1220 2966 1274 3016 et
1339 2976 1501 3014 unum
1581 2970 1810 3025 metrum
1862 2959 2023 3014 habet
2073 2973 2251 3013 meros

612 3054 614 3057 ’
686 3060 1057 3115 αειςχχγιιιι,“
1088 3051 1190 3103 duc
1248 3052 1449 3105 centies
1507 3064 1830 3105 CCLXXXVIII!
1880 3049 2013 3102 ﬁunt
2077 3049 2250 3103 xiv—ui

690 3156 869 3195 nc::cc.
901 3139 1001 3193 'l'ot
1029 3147 1154 3193 sunt
1182 3139 1333 3193 meri.
1642 3172 1644 3175 -
2192 3145 2195 3147 ’

1422 3230 1505 3285 LI.

759 3334 1067 3374 PBOPOSITIO
1102 3334 1166 3371 DE
1204 3334 1309 3371 VIN]
1350 3334 1400 3371 IN
1431 3334 1678 3374 VASCULIS
1703 3336 1733 3373 Α
1761 3334 1971 3383 QUODAII
2006 3334 2178 3373 PATRE

1332 3423 1609 3463 DlVlSlONE.

762 3501 989 3568 Quidam
1017 3496 1405 3567 paterfamilias
1454 3499 1691 3552 moriens
1740 3498 1943 3552 dimisit
1970 3512 2052 3551 1111
2106 3496 2248 3561 ﬁliis,

694 3605 773 3644 uu
806 3591 1017 3645 vascula
1043 3590 1152 3643 vini
1189 3607 1201 3641 :
1234 3590 1286 3643 in
1310 3588 1494 3658 primo
1521 3604 1648 3660 vase
1686 3597 1841 3655 erant
1867 3589 2043 3643 modia
2077 3605 2173 3653 ιιι,
2198 3589 2252 3642 in

619 3714 622 3715 ν
699 3681 934 3736 secundo
958 3696 1064 3732 xxx
1081 3719 1095 3743 ,
1118 3678 1171 3733 in
1192 3679 1353 3733 tertio
1375 3695 1441 3732 xx
1459 3721 1473 3743 ,
1494 3687 1547 3733 et
1566 3680 1623 3733 in
1646 3686 1837 3751 quarto
1858 3696 1888 3731 x
1907 3696 1920 3743 ;
1940 3679 2031 3747 qui
2058 3694 2254 3732 vocans

695 3771 1120 3839 dispensatorem
1136 3770 1326 3823 domus
1347 3784 1456 3823 suae.
1482 3770 1557 3823 ait
1588 3788 1601 3822 :
1630 3756 1755 3823 Haec
1780 3778 2012 3837 quatuor
2037 3758 2255 3821 vascula

696 3876 821 3916 cum
846 3862 971 3914 vino
1019 3860 1341 3915 intrinsecus
1369 3868 1619 3914 manente
1648 3860 1827 3922 divide
1850 3859 1991 3913 inter
2026 3868 2256 3927 quatuor

2077 3042 2255 3057 Α

682 3945 835 4007 ﬁlios
868 3967 1045 4018 meos;
1077 3954 1153 4008 sic
1185 3962 1382 4018 tamen,
1414 3962 1474 4008 ut
1499 3949 1783 4023 unicuique
1812 3968 2001 4008 eorum
2049 3969 2156 4007 una
2186 3953 2259 4007 sit

694 4044 872 4113 portio
906 4050 1017 4095 tam
1047 4043 1101 4096 in
1130 4043 1275 4108 vino,
1305 4060 1465 4113 quam
1494 4046 1547 4097 iu
1572 4047 1737 4098 vasis.
1772 4045 1946 4109 Dicat,
1980 4046 2070 4113 qui
2102 4046 2258 4099 intel-

697 4134 834 4203 ligit.
863 4133 1128 4202 quomodo
1155 4134 1499 4187 dividendum
1527 4142 1634 4198 est,
1664 4142 1724 4186 ut
1762 4148 1948 4187 omnes
1974 4128 2257 4201 aequaliter

698 4234 765 4274 ex
790 4220 891 4275 hoc
934 4222 1181 4291 accipere
1206 4221 1452 4292 possint?

1261 4310 1425 4382 ωε
1476 4309 1697 4365 Salutio.

765 4398 823 4453 ln
868 4400 1043 4469 primo
1092 4401 1355 4469 siquidem
1389 4399 1606 4454 vasculo
1635 4398 1849 4465 fuerunt
1879 4401 2055 4453 modia
2082 4415 2172 4461 ιι,
2201 4401 2253 4453 in

696 4480 932 4563 secundo
956 4503 1085 4552 xxx,
1113 4488 1168 4541 in
1217 4486 1378 4539 tertio
1405 4501 1495 4551 xx,
1529 4486 1580 4540 in
1611 4495 1801 4554 quarto
1824 4502 1874 4538 κ.
1898 4484 2067 4557 Junge
2097 4487 2257 4556 igitur

698 4593 765 4631 x1.
792 4585 849 4631 et
882 4593 992 4631 xxx
1019 4584 1075 4630 et
1116 4592 1189 4629 xx
1236 4583 1290 4629 et
1337 4591 1393 4640 x,
1427 4575 1559 4628 ﬁunt
1588 4590 1637 4628 c.
1674 4575 1822 4630 Tunc
1856 4577 2043 4630 deinde
2071 4588 2255 4633 cente-

699 4665 911 4719 narium
961 4664 1164 4718 idcireo
1191 4678 1473 4717 numerum
1508 4678 1605 4731 per
1630 4674 1876 4733 quartam
1924 4663 2100 4718 divide
2129 4681 2255 4735 par--

702 4761 832 4806 tem.
862 4753 1065 4819 Quarta
1103 4766 1339 4820 namque
1365 4767 1492 4820 pars
1517 4753 1808 4819 centenarii
1834 4768 1939 4806 xxv
1970 4755 2254 4823 reperitur,

702 4842 794 4910 qui
825 4855 1078 4899 numerus
1098 4842 1183 4896 bis
1206 4842 1397 4895 ductus
1422 4840 1937 4911 quinquagenarium
1964 4842 2031 4897 de
2054 4857 2111 4897 se
2139 4843 2257 4897 red-

704 4933 782 4987 dit
811 4945 1117 4989 numerum.
1164 4932 1428 4987 Eveniunt
1452 4946 1580 5000 ergo
1604 4930 1888 4998 unicuique
1916 4931 2029 4986 ﬁlio
2052 4934 2105 4984 in
2135 4948 2259 5000 por—

707 5022 856 5075 tione
882 5034 980 5073 sua
1012 5034 1116 5072 xxv
1136 5020 1346 5084 modia;
1386 5028 1441 5073 et
1469 5020 1607 5073 inter
1633 5014 1768 5073 duos
1796 5030 1845 5073 L‘.
1875 5019 1932 5073 1n
1963 5020 2138 5088 primo
2168 5037 2255 5084 xc,

704 5119 759 5165 et
786 5112 839 5163 in
872 5118 1066 5178 quarto
1096 5118 1221 5163 sunt
1249 5110 1410 5162 modii
1452 5127 1505 5172 x,
1544 5110 1596 5163 hi
1618 5108 1792 5181 juncti
1820 5110 2022 5165 faciunt
2055 5128 2103 5173 1.,
2156 5110 2260 5165 hoc

705 5200 863 5255 dabis
908 5200 1047 5255 inter
1074 5202 1225 5256 duos.
1260 5198 1519 5259 Similiter
1533 5201 1694 5271 iunge
1731 5218 1837 5255 xxx
1863 5210 1917 5257 et
1958 5220 2027 5257 xx
2058 5204 2260 5266 modia,

703 5302 828 5357 qua:
849 5286 1062 5343 fuerunt
1089 5291 1143 5344 in
1164 5290 1401 5345 secundo
1426 5296 1481 5343 et
1531 5288 1689 5344 tertio
1723 5293 1957 5357 vascula,
1992 5303 2045 5347 et
2076 5294 2205 5348 ﬁunt
2235 5312 2263 5348 1.

2325 523 2481 586 duos,
2504 531 2559 576 et
2587 516 2861 577 habebunt
2886 523 3080 594 singuli
3107 540 3211 577 xxv
3240 525 3451 588 modia;
3480 526 3694 595 eritque
3741 526 3792 579 id
3821 526 3910 579 fa-

2326 613 2896 680 ciendo~singulorum
2942 628 3094 681 aequa
3149 614 3380 670 ﬁliorum
3432 615 3645 680 divisio,
3700 624 3812 670 tam
3843 617 3906 670 in

2326 702 2473 768 vino,
2505 716 2668 772 quam
2692 710 2746 757 et
2771 703 2826 757 in
2853 696 3017 759 vasis.
3134 770 3137 773 Α

3054 793 3161 849 Lll.

2539 898 2848 939 raorosmo
2886 900 2951 939 ne
3003 900 3201 940 nomne
3236 892 3676 941 ruasnuluxs.

2400 971 2627 1039 Quidam
2657 980 2812 1043 pater
2849 972 3082 1049 familias
3101 972 3265 1042 jussit
3306 992 3371 1029 xc
3416 976 3596 1030 modia
3645 978 3899 1031 frumenti

2331 1061 2397 1116 de
2416 1078 2519 1115 una
2546 1062 2705 1116 domo
2724 1078 2825 1146 sua
2854 1063 2919 1116 ad
2950 1063 3176 1117 alteram
3197 1063 3501 1133 deportari;
3525 1080 3643 1133 qum
3662 1066 3901 1119 distabat

2331 1157 2512 1211 leucas
2544 1171 2653 1211 xxx
2686 1176 2699 1210 :
2729 1172 2793 1211 ea
2834 1172 2963 1212 vero
2987 1160 3194 1213 ratione
3239 1168 3299 1213 ut
3351 1175 3458 1213 uno
3488 1158 3694 1213 camelo
3731 1167 3897 1213 totum

2334 1247 2461 1302 illud
2500 1247 2828 1303 frumentum
2854 1249 3229 1317 deportaretur
3258 1251 3311 1304 in
3328 1251 3518 1321 ‘tribus
3541 1246 3901 1313 subvectioni-

2332 1338 2454 1403 bus,
2483 1346 2537 1391 et
2585 1340 2639 1391 in
2688 1353 3007 1407 unaquaque
3055 1340 3402 1406 subvectione
3434 1356 3541 1393 xxx
3570 1339 3748 1394 modia
3782 1355 3897 1410 por-

2337 1440 2613 1486 tarentur:
2646 1432 2885 1485 camelus
2930 1431 3144 1501 queque
3189 1422 3242 1485 in
3268 1447 3589 1501 unaquaque
3634 1432 3784 1487 leuca
3813 1448 3899 1487 eo-

2333 1522 2515 1577 medat
2538 1521 2772 1576 modium
2802 1537 2988 1576 unum.
3039 1521 3212 1588 Dicat,
3246 1522 3337 1591 qui
3385 1523 3532 1591 velit,
3565 1532 3698 1593 quot
3738 1522 3895 1578 modii

2336 1614 2540 1670 residui
2564 1612 2827 1669 fuissent?

2455 1717 2465 1725 '
3006 1701 3231 1757 Salutio.

2264 1792 2314 1851 B
2408 1791 2464 1845 in
2500 1792 2671 1861 prima
2721 1790 3066 1848 subvectione
3118 1792 3358 1861 portavit
3411 1791 3650 1847 camelus
3696 1791 3903 1846 modios

2340 1878 2447 1935 xxx
2474 1896 2635 1950 super
2659 1880 2840 1936 leucas
2862 1897 2915 1945 x,
2946 1888 3003 1935 et
3034 1882 3268 1936 comedit
3304 1882 3358 1935 in
3385 1897 3709 1951 unaquaque
3747 1881 3895 1950 leuca

2339 1972 2575 2027 modium
2606 1986 2787 2036 unum,
2819 1972 2870 2026 id
2900 1978 3003 2037 est,
3031 1971 3238 2047 modios
3260 1987 3328 2025 xx
3360 1972 3594 2027 comedit
3613 1981 3670 2026 et
3694 1987 3899 2027 reman—

2339 2070 2528 2118 serunt
2547 2078 2599 2115 x.
2624 2062 2683 2115 in
2705 2062 2937 2116 secunda
2969 2062 3314 2117 subvectione
3337 2064 3586 2118 similiter
3607 2063 3903 2133 deportavit

2341 2152 2548 2206 modios
2577 2168 2703 2218 xxx,
2726 2164 2780 2205 et
2806 2167 2874 2206 ex
2916 2152 3000 2205 his
3031 2153 3264 2207 comedit
3290 2170 3381 2219 xx,
3428 2162 3483 2208 et
3532 2161 3903 2209 remanserunt

2343 2260 2394 2308 x,
2420 2244 2474 2298 in
2504 2244 2661 2298 tertia
2697 2257 2827 2299 vero
2860 2244 3205 2298 subvectione
3231 2242 3357 2298 fecit
3383 2244 3665 2309 similiter;
3712 2244 3901 2313 depor-

2344 2335 2709 2392 tavitunedios
2736 2349 2867 2400 xxx,
2898 2343 2952 2390 et
2972 2351 3039 2391 ex
3058 2336 3142 2390 bis
3164 2335 3398 2391 comedit
3425 2351 3516 2401 xx,
3544 2346 3599 2391 et
3628 2346 3899 2390 remanseo

2326 2436 2469 2483 runt
2496 2428 2697 2482 decem.
2731 2428 2867 2482 Sunt
2893 2441 3020 2483 vero
3040 2428 3105 2482 de
3126 2428 3229 2491 his,
3254 2428 3348 2498 qui
3370 2436 3768 2505 remanserunt,
3796 2443 3907 2482 mo-

2343 2522 2429 2578 dia
2456 2534 2588 2586 xxx,
2610 2522 2747 2576 etde
2781 2522 2972 2577 itinere
3003 2522 3169 2577 leuem
3195 2539 3249 2576 x.
3289 2521 3435 2590 Quos
3474 2538 3606 2587 xxx,
3638 2523 3691 2576 in
3718 2530 3907 2591 quarta

2344 2612 2688 2668 subvectione
2738 2612 2953 2666 domum
2999 2612 3208 2677 detulit,
3252 2620 3308 2681 et
3337 2626 3405 2665 ex
3450 2612 3534 2665 bis
3563 2627 3597 2664 x
3639 2612 3693 2664 in
3720 2612 3910 2665 itinere

2347 2699 2595 2765 comedit,
2636 2707 2691 2754 et
2720 2707 3093 2755 remanserunt
3116 2699 3183 2755 de
3210 2707 3322 2755 tota
3369 2699 3458 2755 illa
3494 2714 3706 2755 summa
3736 2701 3912 2755 modia

2347 2798 2569 2844 tantum
2586 2804 2676 2845 xx.
2777 2800 2781 2805 '
3218 2830 3221 2833 λ

3062 2878 3190 2933 Llll.
3299 2944 3305 2951 _
3646 2927 3648 2929 ,

2349 2982 2655 3026 ιδιιοιιοειτιο
2695 2984 2760 3022 οε
2800 2983 2995 3023 [IOIINE
3030 2979 3453 3023 ιιΑτιιειιιΔιίιιῑΑε
3487 2982 3807 3023 κοκλετειιιι
3840 2983 3916 3022 XII

2951 3072 3304 3113 IONACHOBUI
3312 3098 3325 3111 .

2276 3126 2323 3189 c
2421 3161 2645 3230 Quidam
2692 3160 2851 3215 Pater
2876 3161 3188 3216 monasterii
3223 3138 3409 3215 habuit
3462 3176 3539 3215 xu
3586 3162 3914 3235 monachae,

2351 3256 2443 3327 qui
2473 3271 2672 3311 vocans
2710 3256 3135 3323 dispensatorem
3161 3250 3350 3305 domus
3385 3265 3496 3304 suae
3514 3251 3663 3305 dedit
3684 3250 3788 3305 illis
3816 3265 3920 3305 ova

2352 3362 2516 3410 ecuu,
2540 3346 2824 3415 iussitque,
2872 3352 2931 3398 ut
2952 3340 3177 3414 singulis
3221 3340 3482 3410 :equalem
3529 3342 3683 3396 daret
3724 3357 3788 3395 ex
3839 3341 3921 3395 eis

2336 3426 2673 3504 ~portionem.
2705 3433 2795 3489 Sic
2836 3442 3012 3487 tamen
3052 3431 3233 3500 jussit,
3259 3440 3319 3486 ut
3348 3432 3487 3486 inter
3512 3447 3546 3484 v
3573 3432 3921 3501 presbyteros

2352 3523 2505 3577 daret
2532 3539 2631 3578 ova
2661 3539 2834 3577 Lxxxv
2863 3522 2941 3593 [et
2977 3524 3117 3585 inter
3152 3530 3386 3592 quatuor
3428 3522 3683 3576 diaconos
3728 3536 3918 3584 th‘ut.

2353 3620 2408 3666 et
2437 3613 2575 3665 inter
2605 3621 2715 3666 tres
2734 3611 2962 3666 lectores
2984 3610 3080 3681 1.1].
3116 3606 3288 3672 Dicat,
3318 3626 3463 3681 rogo,
3482 3611 3574 3680 qui
3602 3610 3760 3687 valet,
3787 3620 3923 3681 quot

2352 3718 2451 3758 ova
2496 3704 2782 3772 unicuique
2809 3705 3065 3773 ipsorum
3120 3706 3171 3756 in
3200 3704 3504 3772 portionem
3533 3713 3818 3765 venerunt,
3845 3702 3921 3756 ita

2353 3802 2414 3847 ut
2447 3793 2499 3847 in
2526 3793 2670 3847 nullo
2698 3808 2797 3846 nec
2825 3793 3524 3860 superabundetmumerus,
3580 3808 3681 3847 nec
3711 3793 3925 3846 minua-

2358 3890 2474 3947 tur;
2499 3884 2592 3937 sed
2618 3883 2813 3947 omnis,
2845 3892 2905 3936 ut
2945 3898 3104 3953 supra
3133 3884 3382 3947 diximus,
3405 3884 3664 3952 aequalem
3694 3884 3747 3937 in
3773 3885 3921 3939 omni

2358 3972 2585 4040 accipiat
2603 3973 2939 4040 portionem?
3488 3976 3498 3981 '

3019 4063 3245 4119 Salutio.

2424 4153 2694 4211 Ducentos
2741 4152 2902 4222 igitur
2929 4162 3163 4223 quatuor
3208 4166 3307 4223 per
3358 4170 3433 4209 xu
3460 4162 3672 4223 partem
3719 4153 3917 4207 divide.

2357 4242 2556 4295 Horum
2583 4243 2777 4311 quippe
2804 4257 2932 4312 pars
2954 4255 3035 4297 xn
3054 4243 3117 4297 in
3156 4243 3382 4312 septima
3407 4242 3613 4297 decima
3640 4242 3924 4296 resolvitur

2277 4370 2286 4377 .
2356 4341 2539 4399 parte;
2573 4333 2697 4400 quia
2732 4333 2845 4386 sive
2883 4331 3169 4388 duodecies
3196 4324 3326 4397 ιιι-ιι,
3372 4333 3486 4388 sive
3515 4334 3694 4405 decies
3720 4335 3923 4401 septies

2286 4452 2336 4511 υ
2358 4436 2433 4473 xu
2455 4421 2703 4487 .miseris,
2740 4436 2884 4475 ccuu
2914 4422 3169 4490 reperies.
3200 4422 3352 4477 Sicut
3376 4424 3519 4477 enim
3544 4422 3921 4490 octogenarius

2359 4511 2577 4578 quintus
2644 4525 2900 4564 numerus
2955 4511 3240 4577 septimum
3294 4511 3561 4565 decimum
3616 4511 3920 4580 quinarium

2361 4598 2530 4677 [Leg.,
2557 4601 2825 4674 quinarie]
2857 4603 3029 4657 reddit
3055 4619 3338 4657 numerum
3377 4604 3442 4658 de
3470 4619 3547 4666 se,
3582 4604 3655 4657 ita
3682 4613 3736 4657 et
3765 4618 3919 4657 sexa-

2359 4693 2611 4763 genarius
2654 4698 2877 4745 octavus
2926 4691 3275 4759 quadrifarie,
3341 4700 3395 4745 et
3449 4692 3923 4761 quinquagesimns

2358 4779 2565 4849 primus
2615 4778 2842 4833 trifarie.
2871 4777 3041 4851 longe
3081 4796 3112 4833 v
3140 4789 3194 4836 et
3217 4795 3295 4835 nu
3326 4788 3380 4833 et
3407 4793 3490 4844 ut,
3541 4779 3675 4832 ﬁunt
3702 4794 3800 4832 xu.
3829 4779 3934 4851 isti.

2362 4877 2488 4923 sunt
2530 4870 2776 4923 homines
2814 4885 2910 4922 xu.
2948 4865 3259 4939 Rursusque
3280 4868 3440 4938 iunge
3470 4884 3644 4922 Lxxxv
3675 4876 3731 4923 et
3758 4884 3920 4941 1.xv1u

2361 4966 2415 5013 et
2437 4974 2510 5024 ιι,
2552 4960 2684 5013 ﬁunt
2708 4975 2874 5013 ccuu.
2904 4957 3029 5013 llzec
3053 4968 3179 5013 sunt
3199 4974 3297 5013 ova
3341 4975 3506 5014 ccuu.
3530 4956 3765 5015 Veniunt
3796 4974 3925 5031 ergo

2363 5049 2693 5121 singulorum
2724 5064 2790 5104 ex
2835 5050 2921 5103 his
2969 5050 3020 5103 in
3070 5059 3249 5119 partes
3290 5066 3390 5105 uva
3416 5068 3525 5106 xvu
3549 5066 3647 5121 per
3674 5046 3927 5104 duodeci-

2359 5158 2502 5197 mam
2530 5150 2761 5211 partem.
2787 5142 3084 5209 Septimum
3106 5143 3370 5197 decimum
3394 5134 3552 5213 aequa
3574 5142 3730 5195 lance
3758 5138 3925 5195 dividi

2364 5232 2605 5287 ﬁunt.....
3232 5228 3240 5238 ’
