4232 6202
298 221 436 274 H73

1098 218 1245 274 ora.
1286 179 1680 276 surrosnA.
1719 249 1793 263 —
1827 221 1952 276 ιω.
1994 221 2082 275 ns
2115 219 2362 279 DlVlNlS
2400 221 2701 281 omcus.

3382 225 3541 298 tm.

293 341 572 405 auctorem
603 345 721 387 esse
755 344 1080 405 anony‘mum
1119 329 1348 405 Διςᾳὶηο
1384 331 1850 405 antiquiorem,_et
1874 336 1929 396 Α
1951 333 2020 388 ad
2053 332 2306 405 Carolum
2337 333 2584 405 Magnum
2608 333 3158 405 imperatoremteum
3178 335 3508 405 quibusdam

292 403 365 472 ab
387 402 530 457 illius
560 409 815 457 consueto
839 399 979 470 ston
1005 400 1164 472 plane
1192 399 1604 470 discrepantem.
1635 400 1734 456 Cui
1766 399 1853 472 ju-

293 471 439 540 dicio
457 479 712 540 mostrum
741 469 954 538 quoque
986 469 1306 540 a’djicimus_._
1372 469 1392 540 ί
1441 538 1450 540 _
1530 492 1532 495 ·

367 537 469 594 Hie
499 540 662 608 igitur
696 540 837 594 inter
866 537 1205 608 supposititia
1245 537 1457 608 Alcuini
1486 537 1743 608 opuscula
1787 553 1852 595 ea

292 607 634 677 potissimum
664 607 998 677 exhibemus,
1026 623 1144 676 quae
1166 607 1233 661 cl.
1262 607 1631 677 Querceta’nus
1664 607 1854 677 prima

291 675 514 730 editioni
535 678 770 747 Operum
793 677 936 747 beati
958 675 1167 747 Alduini
1191 692 1256 731 va
1266 677 1358 730 riis
1377 676 1510 731 locis
1530 675 1775 747 inseruit,
1797 684 1853 730 et

291 759 414 811 qua:
443 761 473 800 ι
519 745 652 801 viris
691 746 915 802 eruditis
949 747 1111 800 etiam
1146 746 1201 799 in
1247 747 1349 800 hac
1396 752 1578 801 nostra
1619 745 1853 800 editione

291 822 513 881 possent
559 815 869 871 desiderari.
922 812 1156 868 Primum
1201 815 1319 878 erit,
1373 814 1513 868 liber
1542 812 1610 869 de
1656 813 1853 868 divinis

291 881 532 949 Ofﬁciis;
567 884 814 948 alterum,
845 883 1069 954 epistola
1111 884 1178 937 de
1216 881 1565 938 Caaremoniis
1594 881 1853 952 Baptismi

1952 404 2212 458 connexis
2232 403 2448 473 naviter
2461 403 2718 473 repertis;
2744 403 2986 473 tertium,
3018 403 3139 473 Vita
3160 403 3508 473 Antichristi;

1953 472 2494 543 quartumLhomilim
2512 471 2585 543 _d_e
2606 472 2887 543 nativitate
2914 472 3146 543 Domini,
3171 473 3237 543 de
3264 471 3510 543 puriﬁca-

1952 538 2098 594 tione
2127 540 2186 593 B.
2217 539 2281 595 ν.
2311 540 2474 601 M.,de
2510 539 2800 594 Nativitate
2827 538 3066 608 ejusdem
3091 549 3146 595 et
3171 539 3236 595 de
3265 538 3512 594 omnibus

1952 609 2188 671 sanctis;
2228 609 2498 678 quintum,
2532 608 2782 678 Carmina
2827 611 3070 677 quaedam
3117 624 3254 677 quae,
3287 610 3377 663 ubi
3401 609 3514 663 ﬁeri

1954 678 2146 745 potuit,
2164 677 2261 746 ad
2279 693 2406 732 suos
2433 677 2681 733 auctores
2701 677 3023 733 referuntur.
3051 677 3132 731 Ad
3167 677 3376 746 singula
3398 678 3514 731 hate

1955 745 2213 813 opuscula
2260 747 2552 815 addemus,
2565 760 2718 815 more
2759 755 2962 809 nostro,
2989 746 3188 815 monita
3211 745 3311 815 pro
3335 746 3512 799 crudi-

1956 815 2103 894 tione
2137 825 2230 869 aut
2271 814 2485 894 illorum
2520 814 2877 872 illustratione
2921 813 3229 870 servientis.
3266 813 3348 869 Sit
3386 829 3514 885 ergo

1952 892 2173 938 mitium
2203 899 2231 938 a
2259 892 2454 954 primo.

814 1118 1013 1307 DE
1105 1179 1698 1311 DIVINIS
1791 1178 2453 1306 umens
2542 1181 3049 1306 LIBER.

611 1505 769 1578 431
818 1503 1130 1562 morarum
1174 1502 1529 1560 pnnva.

358 1617 464 1672 Iste
479 1615 550 1696 de
574 1614 768 1696 divinis
805 1615 1010 1696 _Ofﬁ_ciis
1043 1616 1181 1695 liber
1202 1617 1376 1696 primo
1400 1617 1499 1696 sub
1521 1614 1732 1696 A_lcuini
1757 1631 1855 1696 po:

288 1686 618 1766 mineainter
652 1683 1010 1766 aliauejusdem
1037 1683 1249 1766 generis
1270 1683 1732 1766 scriptavulgatus
1754 1685 1855 1740 fuit

289 1756 524 1818 Colonia:
550 1770 692 1825 anno
720 1753 857 1810 1568
887 1769 1014 1810 cura
1047 1753 1350 1825 Melchioris
1369 1753 1664 1825 Historpii;
1692 1769 1854 1824 quem

287 1827 539 1894 deinceps
554 1824 627 1895 1).
659 1822 1024 1895 Quercetanus
1049 1823 1174 1895 inde
1193 1825 1524 1895 descriptum
1553 1822 1794 1895 collectis
1820 1839 1852 1878 a

288 1910 348 1950 se
371 1891 511 1949 beati
539 1892 748 1948 Alcuini
784 1893 1048 1962 Operibus
1095 1894 1342 1959 inseruit,
1364 1891 1559 1948 additis
1586 1894 1854 1949 nonnullis

288 1964 719 2019 correctionibus
743 1970 800 2017 et
821 1962 1342 2033 integris_duodeeim
1369 1963 1646 2033 capitulis,
1666 1964 1732 2018 ad
1761 1980 1853 2018 ve-

289 2034 419 2090 tusti
441 2033 646 2088 codicis
665 2046 772 2088 ms.
803 2033 981 2088 ﬁdem.
1032 2030 1255 2086 Fatetur
1293 2030 1537 2088 vero'cl.
1587 2032 1763 2086 editor
1794 2035 1849 2088 in

289 2101 607 2158 l’rzefatione
651 2115 767 2172 sua,
799 2117 974 2172 num,
995 2102 1059 2154 17
1101 2102 1246 2172 circa
1275 2099 1487 2172 ﬁnem,_
1508 2101 1851 2172 conjecturas

287 2173 391 2226 sibi
418 2171 674 2241 quasdam
708 2171 934 2241 haerere,
961 2170 1104 2225 hunc
1132 2168 1328 2241 librum
1357 2171 1426 2226 ab
1446 2168 1686 2241 gAlcui'no
1712 2186 1850 2226 nun-

287 2240 450 2311 quam
477 2241 662 2311 fuisse,
685 2240 1042 2311 conscriptum
1059 2257 1126 2311 ;η‹
1159 2240 1358 2295 Auctor
1371 2240 1513 2311 enim
1542 2240 1681 2295 illius
1702 2281 1718 2305 ,
1760 2241 1846 2296 in-

286 2309 423 2380 quit,
457 2310 706 2380 quisquis,
726 2311 820 2376 sit,
843 2309 1027 2380 Gallire
1069 2310 1341 2364 Braeeatze
1372 2309 1601 2380 incolam
1628 2324 1686 2364 se
1729 2325 1848 2379 pro-

287 2377 320 2434 t‘i
331 2377 624 2451 matur—(cap.
639 2379 998 2451 A58)7exemp_la
1006 2393 1148 2451 rque_~
1157 2385 1368 2451 vetusto
1390 2377 1528 2449 style
1543 2377 1842 2451 exaratum,

286 2448 439 2516 cujus
479 2447 590 2518 ope
621 2447 1179 2519 duodecim'capitula
1230 2447 1804 2519 integra’restituimus
1827 2489 1843 2514 ,

283 2516 1028 2600 quastiouemodehlﬁatalitiis
1050 2516 1364 2600 sanctorum
1382 2523 1500 2600 cap.
1535 2516 1601 2600 18
1625 2516 1846 2600 subjun-

285 2587 424 2642 ctam
459 2588 683 2658 ascribit
721 2587 959 2658 Elpei-ica
996 2588 1284 2652 monacho,
1313 2588 1413 2658 qui
1449 2587 1604 2658 juxta
1633 2587 1845 2642 Trithe-

286 2658 449 2712 mium
474 2656 654 2712 ﬂoruit
695 2656 833 2713 anno
869 2658 1025 2714 1040.
1055 2658 1124 2713 Et
1160 2656 1374 2712 demum
1392 2656 1463 2727 in
1497 2672 1736 2727 co,7_cap.
1773 2658 1847 2714 52

284 2727 592 2781 festivitatis
637 2729 877 2781 omnium
915 2735 1219 2785 sanctorum
1279 2725 1545 2781 institutio
1592 2725 1842 2783 Kalendis

284 2794 1030 2851 Novembribus'memoratur
1052 2837 1066 2860 ,
1097 2811 1203 2865 quo
1230 2795 1315 2865 die
1334 2803 1509 2850 tamen
1541 2809 1659 2865 eam
1687 2796 1841 2865 longe

283 2875 404 2933 post
432 2865 641 2922 Alcuini
663 2867 864 2922 obitum
897 2867 950 2920 in
980 2863 1148 2920 Callia
1189 2873 1233 2920 2t
1257 2863 1542 2920 Germania
1578 2863 1837 2919 celebrari

1821 1503 1826 1506 ·
1883 1485 1932 1544 Β
1958 1481 2192 1536 cundum
2235 1481 2368 1536 alios
2400 1496 2545 1547 vero,
2577 1497 2716 1538 anno
2744 1483 3033 1553 quinquies
3072 1485 3378 1552 millesimo,
3400 1504 3520 1545 ccu-

1959 1567 2152 1621 tesimo
2184 1567 2531 1636 nonagesimo
2588 1583 2766 1634 nono,
2827 1571 2918 1639 qui
2965 1578 3048 1625 est
3096 1586 3267 1628 annus
3309 1575 3518 1645 imperii

1943 1653 2232 1710 Octaviani
2253 1652 2480 1708 Caesaris
2498 1654 2724 1722 Augusti
2747 1658 3190 1729 quadragesimus
3231 1661 3516 1727 secundus,

1952 1759 2060 1814 quo
2087 1743 2413 1813 compressis
2433 1751 2747 1799 cunctarum
2775 1761 2872 1815 per
2895 1746 3080 1802 orbem
3107 1756 3263 1803 terra:
3281 1751 3515 1820 gentium

1953 1835 2210 1899 motibus,
2239 1833 2600 1890 ﬁrmissimam
2629 1825 2842 1906 pacem,
2869 1838 3150 1894 ordinante
3179 1839 3288 1896 Deo
3316 1840 3472 1896 Patre
3501 1881 3519 1907 ,

1947 1925 2104 1981 Iesus
2132 1924 2376 1982 Christus
2397 1933 2605 1979 sextam
2635 1925 2820 1980 mundi
2842 1935 3058 1983 aetatem
3109 1943 3210 1984 suo
3235 1943 3519 1986 consecra-

1950 2016 2029 2070 vit
2051 2015 2306 2071 adventu.
2351 2013 2612 2083 Quocirca
2639 2029 2933 2087 congruum
2954 2026 3091 2081 erat,
3118 2027 3178 2072 ut
3197 2034 3295 2088 pax
3320 2034 3415 2088 per
3436 2028 3518 2075 to-

1949 2111 2064 2160 tum
2095 2104 2283 2159 orbem
2313 2105 2605 2160 constituta
2638 2113 2802 2170 esset,
2832 2112 2888 2160 et
2930 2107 3189 2164 homines
3220 2109 3518 2180 perduelles

1948 2202 2222 2249 cessarent
2240 2187 2276 2247 'a
2304 2193 2459 2248 bellis
2484 2202 2539 2248 et
2568 2195 2881 2251 inimicitiis.
2903 2196 3014 2251 Viae
3036 2211 3248 2266 quoque
3280 2198 3508 2268 publica:

1949 2294 2076 2340 tunc
2110 2292 2240 2339 unm
2268 2283 2384 2339 ﬁeri
2407 2291 2531 2339 sunt
2551 2283 2735 2352 jussaa,
2772 2285 2897 2354 quia
2926 2286 3205 2341 verissima
3252 2288 3338 2342 via
3364 2289 3518 2344 debe-

1945 2377 2039 2433 bat
2065 2377 2212 2432 nasci
2239 2396 2251 2430 :
2282 2385 2338 2432 et
2363 2385 2421 2432 ut
2441 2377 2508 2432 ab
2530 2377 2780 2433 omnibus
2819 2379 3081 2448 potuisset
3099 2380 3335 2450 agnosci,
3356 2381 3515 2436 homo

1946 2468 2062 2522 ﬁeri
2095 2470 2342 2538 dignatus
2377 2478 2476 2524 est.
2525 2469 2595 2525 Ut
2623 2470 2768 2526 enim
2799 2471 2919 2526 illos
2972 2471 3354 2542 alloqueretur,
3389 2472 3518 2529 Ver-

1943 2557 2071 2613 bum
2097 2574 2227 2614 caro
2252 2557 2456 2614 factum
2484 2570 2584 2614 est.
2614 2558 2719 2615 Sed
2741 2568 3030 2629 antequam
3065 2577 3132 2616 ex
3161 2563 3364 2634 virgine
3393 2578 3517 2617 nas-

1943 2657 2178 2712 ceretur,
2207 2656 2456 2718 portenta
2479 2657 2535 2702 et
2561 2649 2713 2720 signa
2741 2648 2794 2702 in
2822 2649 2963 2704 caelo
2988 2649 3118 2704 etin
3149 2658 3289 2704 terra
3329 2660 3516 2720 patue-

1948 2747 2093 2791 runt.
2119 2736 2362 2804 Quadam
2398 2751 2627 2806 namque
2649 2737 2736 2791 die
2762 2752 2884 2792 cum
2914 2736 3093 2792 Caesar
3135 2737 3404 2808 Augustus
3426 2754 3518 2792 ur—

1943 2830 2066 2884 hem
2093 2829 2320 2884 Romam
2351 2827 2739 2900 ingrederetur,
2767 2829 2899 2883 hora
2937 2829 3153 2884 circiter
3177 2829 3282 2883 diei
3313 2829 3466 2884 tertia
3499 2868 3516 2895 ,

283 2915 1838 3005 {,glgigsg‘ggmggagaag3},'siggggﬁg‘gamg3;;
1869 2916 1913 2976 C
1944 2929 2163 2988 repente
2184 2920 2385 2989 liquido
2409 2935 2473 2974 ac
2501 2935 2693 2974 sereno
2722 2915 2860 2975 Caelo
2903 2919 3072 2974 instar
3097 2935 3257 2976 arcus
3277 2921 3514 2976 cmleStis
3573 2991 3578 2994 μ

283 3006 467 3060 scitur.
503 3025 523 3058 ι
566 3005 672 3060 Sed
695 3008 810 3061 haec
834 3005 1019 3075 ultima
1046 3007 1185 3075 ratio
1212 3005 1423 3062 inﬁrma
1447 3013 1726 3075 est,prout
1747 3021 1842 3060 no-

284 3075 516 3144 tavimus
541 3075 607 3128 ad
637 3075 792 3144 epist.
825 3074 914 3137 9i,
939 3075 1004 3129 ad
1028 3073 1318 3129 Arnonem.

349 3143 610 3200 Convenit
641 3142 770 3198 vero
807 3156 949 3196 nunc
998 3145 1142 3197 inter
1171 3144 1410 3198 eruditos
1445 3142 1643 3197 iibrum
1696 3143 1840 3198 hunc

281 3214 346 3269 de
367 3213 560 3268 divinis
586 3211 779 3268 ofﬁciis
817 3212 980 3265 fetum
1029 3229 1133 3266 non
1159 3226 1280 3282 esse
1334 3213 1588 3276 Alcuiui,
1641 3214 1841 3282 partim

279 3284 422 3354 quod
451 3284 617 3338 multa
643 3283 715 3337 ibi
752 3282 1090 3354 reperiantur
1115 3280 1342 3354 Alcuino
1375 3283 1612 3354 indigna,
1642 3280 1840 3352 partim

279 3353 422 3425 quod
439 3354 636 3425 scripta
681 3351 922 3425 quaadaln
970 3351 1516 3425 inserta_habeantur
1560 3360 1840 3425 auctorum

279 3420 379 3476 aevi
410 3420 744 3491 posterioris.
792 3437 811 3472 ι
849 3421 952 3491 ΕξιΔ
986 3420 1248 3491 ergo_hie_
1293 3429 1554 3475 tractatus
1587 3441 1632 3485 ι,
1658 3421 1840 3491 judice

279 3438 379 3476 am
447 3438 744 3477 osterioris.
792 3438 811 3472 ι
849 3438 943 3474 nsr
986 3438 1045 3475 er
1079 3438 1112 3475 ο
1148 3438 1237 3476 me
1293 3438 1554 3475 metatus
1587 3441 1632 3485 ι,
1658 3438 1837 3491 judice

279 3491 346 3546 D.
385 3438 695 3560 brahillonio
715 3493 835 3547 Act.
889 3489 987 3544 SS.
1121 3489 1178 3544 S.
1217 3489 1304 3554 8.,
1334 3505 1458 3546 saec.
1498 3505 1570 3555 iv,
1599 3499 1837 3560 portet,

279 3560 337 3613 in
374 3560 523 3630 Elog.
554 3558 699 3630 beati
716 3560 965 3630 fAlcuini,
981 3575 1127 3630 nuru.
1160 3559 1246 3621 16,
1267 3574 1388 3628 pag.
1415 3560 1540 3624 185,
1573 3558 1840 3630 {farrago

278 3643 346 3682 ex
371 3626 599 3683 diversis
629 3629 796 3696 ipsius
815 3626 1027 3696 Alcuini
1053 3626 1385 3696 aliorumque
1415 3636 1695 3682 auctorum
1721 3626 1838 3696 ipso

280 3694 886 3767 posteriorum'scriptis
903 3695 1152 3767 collecta.
1185 3694 1318 3750 Nam
1340 3703 1501 3767 caput
1525 3696 1594 3767 40
1615 3704 1700 3767 est
1731 3694 1838 3750 tra-

279 3765 456 3823 ctatus
489 3766 718 3837 Remigii
742 3765 1195 3837 Autisiodorensis
1237 3765 1482 3837 monachi
1510 3765 1838 3837 deuExposi-g

282 3839 427 3893 tione
454 3835 667 3907 missaei
687 3845 743 3892 et
767 3837 820 3890 in
837 3850 956 3906 cap.
982 3835 1309 3907 isrefertur
1334 3835 1557 3907 epistola
1575 3835 1836 3907 tlelperiei

278 3906 550 3972 monachi,
577 3907 670 3976 qui
693 3905 913 3966 videtur
927 3921 1046 3960 esse
1061 3905 1558 3976 Hilpericus'sancti
1571 3905 1706 3961 Galli
1723 3921 1839 3962 mo-

277 3976 484 4046 nachus
530 3975 655 4030 szec.
709 3991 800 4040 xu,
851 3977 993 4046 quod
1042 3984 1094 4046 et
1124 3975 1494 4046 Quercetanus
1534 3975 1649 4046 jam
1676 3983 1835 4029 nota—

276 4046 372 4099 vit.
413 4043 580 4113 Porro
609 4043 883 4113 tractatus
907 4112 910 4113 ν
924 4043 1014 4113 ille
1063 4045 1239 4113 inepta
1275 4043 1619 4113 quaedamst
1658 4052 1837 4098 errata

277 4114 514 4170 continet
559 4112 782 4182 Alcuino
827 4111 1069 4182 indigna;
1115 4111 1273 4182 quale
1300 4111 1386 4166 est
1430 4111 1559 4165 illud
1587 4113 1747 4182 quod
1780 4113 1835 4182 in

277 4198 395 4264 cap.
425 4185 451 4237 1
479 4183 692 4306 legitur,
719 4180 990 4236 Christum
1019 4180 1314 4261 Dominum
1344 4191 1528 4236 natum
1569 4180 1690 4237 esse
1717 4180 1839 4236 Sul-

277 4269 410 4306 υισιο
437 4261 486 4306 et
558 4255 790 4306 amerina
828 4249 1152 4306 consulibus.
1174 4249 1316 4306 uuod
1345 4250 1537 4306 falsum
1562 4259 1664 4306 est.
1703 4251 1836 4306 Item

314 4261 410 4307 icio
437 4261 486 4307 et

276 4271 410 4324 picto
437 4271 486 4307 ει
516 4271 790 4307 camerina
828 4271 1152 4317 comminus,
1174 4271 1316 4372 q‘uou
1345 4271 1537 4306 rursum
1562 4271 1664 4306 εει.
1703 4271 1832 4306 nem

278 4323 605 4393 baptizatum
641 4337 780 4376 anno
825 4319 1013 4393 Tiberii
1040 4321 1110 4393 15
1132 4362 1184 4393 ,μ
1244 4320 1477 4393 alerigno
1515 4331 1563 4393 et
1603 4321 1832 4393 Asiatico

277 4389 574 4445 consulibus
602 4405 620 4443 :
649 4407 772 4446 cum
806 4392 984 4445 dicere
1031 4391 1323 4456 debuisset,
1367 4389 1576 4445 Valerio
1603 4391 1836 4446 Asiatico

278 4470 328 4513 et
354 4459 583 4529 Megale
619 4459 936 4529 consulibus,
957 4461 1049 4529 qui
1086 4468 1263 4517 tamen
1284 4460 1530 4515 consules
1555 4476 1660 4514 non
1681 4469 1839 4517 erant

279 4541 420 4600 anno
441 4528 636 4582 Tiberii
670 4528 754 4581 15.
781 4528 1000 4600 Accedit
1045 4531 1188 4598 quod
1228 4531 1458 4600 scriptor
1502 4530 1604 4585 iste
1630 4529 1838 4600 Pascha

279 4596 520 4652 Cmcam
548 4610 730 4650 vocem
753 4609 871 4650 esse
896 4596 1272 4662 dicat,_contra
1296 4596 1604 4662 eipressam
1626 4597 1837 4654 Alcuini

280 4666 597 4722 sententiam
629 4664 721 4718 lib.
763 4678 814 4717 vr
849 4665 904 4736 in
945 4662 1124 4736 Joan.,
1155 4681 1273 4736 cap.
1310 4662 1400 4731 Si,
1429 4669 1520 4723 ubi
1567 4668 1678 4722 ait:
1710 4667 1838 4723 Pas-6
1870 4682 1871 4685 ‘

279 4739 405 4800 cha,
440 4737 657 4800 fratres,
680 4749 787 4804 non
820 4733 957 4789 sicut
975 4735 1196 4804 quidam
1220 4733 1556 4800 existimant,
1591 4735 1838 4792 Graecum

281 4821 477 4887 nomen
503 4815 606 4870 est,
633 4805 727 4860 sed
753 4803 1172 4887 ﬂebrmumhetc.
1207 4824 1226 4856 ι
1271 4804 1460 4860 Merito
1481 4806 1648 4876 igitur
1666 4815 1838 4861 totum

280 4889 416 4942 opus
442 4883 585 4929 inter
612 4883 950 4945 supposititia
976 4883 1236 4942 rejicttur.

585 5009 592 5014 ’
675 5049 836 5143 462
865 5049 1090 5109 CAPUT
1127 5051 1412 5109 PRIMUM.

533 5179 633 5220 CUI
673 5177 958 5218 ηλτινιτιε
993 5180 1176 5220 DONINI
1215 5178 1582 5220 ειιεβιετυιιέ

353 5254 726 5310 Sacratissima
780 5250 940 5321 hujus
987 5253 1092 5308 diei
1142 5256 1396 5312 nativitas
1436 5254 1557 5308 ideo
1603 5251 1840 5319 dicitur,

283 5345 424 5412 quod
451 5346 506 5402 in
527 5360 592 5400 ea
614 5355 775 5400 natus
805 5350 889 5400 est
910 5341 1180 5410 Christus,
1208 5361 1350 5401 anno
1398 5344 1645 5403 videlicet
1686 5341 1843 5412 juxta

285 5431 597 5489 Hebraicam
625 5433 908 5490 veritatem
927 5471 944 5499 ,
983 5447 1013 5488 a
1043 5432 1352 5491 conditione
1379 5434 1562 5490 mundi
1609 5441 1693 5488 ter
1721 5433 1840 5502 mil-

284 5521 495 5590 lesimo,
521 5524 926 5593 nongentesimo
959 5523 1402 5596 quinquagesimo
1449 5521 1713 5592 secundo;
1764 5539 1843 5581 se-

1940 3007 2126 3060 orbem
2154 3006 2282 3060 solis
2323 3007 2532 3060 ambire
2556 3007 2706 3062 visus
2738 3014 2860 3061 est:
2899 3005 3050 3060 illum
3092 3022 3283 3075 nempe
3322 3021 3516 3076 μηδεὶς

1939 3098 2111 3167 giens,
2143 3095 2237 3164 qui
2262 3095 2437 3166 ipsum
2473 3095 3039 3163 solemmundumque
3080 3103 3248 3148 totum
3278 3103 3332 3150 et
3357 3094 3514 3152 locis-

1939 3195 2022 3240 set
2048 3193 2105 3239 et
2131 3191 2362 3252 regeret.
2394 3183 2470 3238 Ea
2495 3183 2760 3252 siquidem
2809 3191 3124 3252 tempestate
3147 3182 3362 3249 triginta
3386 3184 3510 3238 mil-

1938 3275 2008 3330 lia
2043 3289 2321 3331 servorum
2359 3274 2591 3330 dominis
2633 3273 2888 3329 reddidit.
2934 3272 3062 3328 Tria
3110 3273 3276 3328 millia
3305 3275 3465 3330 etiam
3493 3317 3508 3340 ,

1937 3381 2166 3436 quorum
2181 3365 2384 3422 domini
2403 3381 2510 3422 non
2532 3365 2839 3431 exstabant,
2855 3365 3138 3420 iucrueem
3160 3367 3289 3436 egit.
3309 3366 3516 3422 Deinde

1937 3473 2106 3512 ovans
2156 3457 2344 3512 urbem
2375 3457 2670 3528 ingressus,
2703 3455 2882 3510 omnia
2923 3455 3099 3525 populi
3147 3455 3375 3512 Romani
3424 3459 3512 3510 dc-

1936 3547 2052 3602 bita
2080 3548 2317 3612 donavit,
2348 3547 2564 3603 abolitis
2587 3547 2800 3600 litteris.
2831 3545 2934 3599 Per
2973 3545 3112 3600 idem
3149 3555 3360 3616 tempus
3391 3546 3512 3602 fons

1935 3634 2041 3688 olei
2075 3635 2408 3704 largissimus
2430 3635 2499 3690 de
2519 3633 2742 3689 taberna
2786 3634 3060 3689 meritoria
3091 3649 3188 3705 per
3223 3643 3392 3690 totum
3414 3635 3514 3693 ﬁu-

1938 3725 2016 3778 xit
2041 3725 2222 3790 diem,
2277 3724 2531 3780 nimirum
2560 3723 2760 3780 Christi
2807 3725 3038 3794 gratiam
3086 3726 3398 3798 signiﬁcans
3441 3744 3509 3784 ex

1936 3815 2124 3870 eadem
2159 3815 2404 3880 taberna,
2430 3815 2532 3870 hoc
2563 3823 2666 3878 est,
2688 3814 2840 3885 larga
2860 3814 3138 3880 Ecclesia,
3156 3832 3322 3872 novos
3347 3831 3512 3887 popu-
3610 3856 3626 3870 .

1938 3904 2018 3960 los
2048 3919 2116 3959 ex
2149 3904 2398 3973 gentibus
2421 3919 2790 3974 processuros.
2818 3905 2876 3962 In
2912 3905 3092 3961 multis
3117 3906 3314 3961 etenim
3343 3906 3510 3976 signis

1934 3993 2160 4066 Augusti
2210 3993 2478 4058 Caesaris,
2534 3993 2797 4048 adventus
2859 3994 3057 4049 Christi
3110 3994 3506 4065 designabatur.

1939 4081 2094 4136 Unde
2122 4082 2258 4134 bene
2282 4081 2462 4136 Caesar
2484 4081 2763 4150 possessio.
2788 4083 3116 4152 principalis,
3141 4084 3410 4155 Augustus
3430 4099 3510 4139 so-

1937 4170 2187 4226 lemniter
2211 4178 2364 4224 stans
2408 4170 2811 4241 interpretatur.
2855 4171 3106 4240 Quinimo
3129 4173 3399 4230 Christum
3419 4189 3509 4230 οι·
3577 4179 3590 4186 ”

558 4255 790 4307 amem"
825 4249 1152 4337 Εηίῖἷ²³³εζί¹ΞἎέ⁷
1174 4249 1316 4337 (1309
1345 4250 1537 4331 (³1⁸υηῖ
1550 4259 1664 4337 ,θεξο
1682 4251 1836 4337 ,Ῐὲεέω
1863 4255 1916 4317 Ι)
1939 4263 2199 4334 primens,
2229 4264 2324 4334 qui
2356 4264 2539 4320 omnia
2591 4265 2902 4323 solemniter
2927 4268 3182 4337 possidet,
3213 4281 3507 4337 omnesque

1941 4354 2274 4425 principatus
2297 4355 2664 4426 potentialiter
2680 4357 2906 4411 obtinet.
2931 4355 3161 4426 Cyrinus
3177 4372 3390 4427 praeses,
3415 4359 3509 4427 qui

1942 4445 2114 4502 haeres
2139 4444 2542 4514 interpretatur,
2569 4443 2840 4514 signiﬁcat
2890 4443 3133 4512 Petrum,
3155 4448 3244 4503 cui
3283 4448 3511 4503 haeredi-

1941 4539 2024 4586 tas
2045 4530 2297 4586 Ecclesia:
2313 4545 2345 4584 a
2367 4531 2594 4588 Domino
2621 4532 2814 4604 largita
2842 4544 2944 4592 est.
2969 4535 3156 4606 Itaque
3199 4551 3320 4594 cum
3363 4538 3508 4591 exis-

1941 4625 2030 4673 set
2050 4619 2283 4674 edictum
2321 4635 2352 4674 a
2386 4620 2608 4690 praefato
2634 4623 2867 4689 Caesare,
2890 4632 2948 4679 ut
2973 4625 3368 4682 describeretur
3391 4625 3509 4679 uni-

1940 4721 2128 4764 versus
2157 4705 2322 4772 orbis,
2353 4709 2643 4777 praedictus
2679 4710 2909 4780 Cyrinus
2936 4711 3004 4764 ad
3029 4709 3267 4765 Iudaeam
3312 4712 3507 4768 missus

1939 4809 2044 4866 est,
2074 4815 2269 4857 census
2302 4802 2588 4860 hominum
2629 4803 3097 4871 possessionesque
3122 4802 3504 4874 descripturus.

1941 4890 1998 4946 ln
2020 4906 2126 4961 qua
2147 4891 2504 4961 descriptione
2529 4890 2745 4944 inventa
2770 4899 2896 4945 sunt
2926 4891 3121 4946 civium
3144 4892 3506 4950 Romanorum

1941 4982 2265 5051 quadragies
2287 4978 2454 5039 semel
2481 4985 2726 5044 centena,
2752 4989 2807 5034 et
2834 4982 3111 5053 sexaginta
3133 4992 3364 5053 quatuor
3387 4983 3509 5036 mil-

1943 5071 2013 5128 lia
2035 5071 2256 5127 ooloniaa
2277 5068 2534 5124 deductae.
2579 5067 2712 5124 Nam
2739 5080 2895 5126 antea
2919 5072 3058 5127 idem
3101 5072 3281 5127 Caesar
3331 5074 3508 5128 omni-

1941 5165 2044 5221 bus
2064 5160 2428 5231 prohibuerat,
2447 5167 2509 5215 ut
2526 5175 2684 5217 nemo
2711 5162 2861 5220 illum
2893 5163 3167 5217 dominum
3188 5175 3350 5217 ausus
3374 5159 3506 5217 fuis-

1943 5259 2026 5307 set
2043 5250 2310 5321 appellare
2332 5251 2401 5306 ob
2420 5251 2497 5316 id,
2517 5253 2642 5322 quia
2661 5267 2726 5308 eo
2751 5254 3048 5323 imperante
3089 5254 3240 5308 nasci
3279 5252 3504 5316 deberet

1944 5342 2034 5400 ille
2051 5340 2368 5398 verissimus
2411 5342 2670 5400 Dominus
2695 5343 2896 5413 pariter
2923 5349 2976 5396 et
2998 5341 3308 5413 imperator.
3367 5341 3506 5398 Con—

1943 5441 2130 5501 ceptus
2151 5444 2384 5501 namque
2417 5433 2649 5489 traditur
2671 5439 2862 5488 octavo
2881 5428 3104 5485 Kalend.
3131 5430 3322 5502 ApriL,
3344 5444 3380 5490 ο
3396 5445 3504 5502 quo

1944 5532 2294 5594 supputantur
2338 5524 2450 5580 dies
2495 5525 2707 5580 ducenti
2756 5522 3089 5596 septuaginta
3117 5538 3247 5590 sex,
3299 5524 3501 5592 idest,
