4232 6224
683 282 819 337 1175

1512 286 1569 339 Β.
1611 282 1670 339 F.
1711 285 1935 340 ALBINI
1977 285 2109 342 SEU
2147 284 2421 342 ALCUINI
2473 285 2759 345 OPERUM
2794 287 2972 345 PARS
3008 287 3097 345 IX.

3774 289 3921 349 1176

644 451 649 456 .
677 414 889 455 menses
914 414 1134 463 novem,
1184 407 1241 454 et
1288 399 1404 452 dies
1450 406 1655 468 septeni
1689 394 1858 467 usque
1901 398 1969 453 ad
1996 406 2248 453 octavum
2274 401 2325 463 Α
2352 401 2542 467 noctis,
2578 409 2632 458 et
2664 410 2866 458 canunt
2888 401 3276 469 invitatorium,
3311 412 3365 459 et
3393 412 3796 477 prosequuntur
3820 422 3922 463 oro

676 488 896 544 lialend.
947 488 1271 553 Januarias,
1322 487 1537 557 quando
1555 488 1793 542 creditur
1812 493 1972 541 natus
2016 485 2245 554 Sulpitio

674 589 731 632 ct
757 567 1039 633 Camerino
1064 590 1088 618 ι
1114 592 1264 633 cons.
1300 576 1658 646 Aptissimum
1686 592 1918 647 namque
1934 584 2075 642 erat,
2099 584 2159 630 ut
2179 590 2245 629 eo

679 676 917 736 tempore
944 675 1086 719 esset
1118 673 1428 733 conceptus,
1456 679 1565 733 quo
1587 666 1817 720 mundus
1842 680 1940 735 per
1964 666 2136 733 ipsum
2160 664 2244 717 fa-

680 763 800 807 ctus
821 762 922 818 est,
952 753 1085 809 etin
1115 768 1222 823 quo
1260 753 1467 807 fructus
1492 764 1648 806 terra
1677 752 2047 821 signiﬁcantur
2071 769 2084 805 :
2114 754 2245 806 etin

678 843 868 899 eodem
892 851 1068 905 natus,
1100 858 1209 911 quo
1246 842 1440 897 crescit
1480 841 1755 912 longitudo
1805 842 1930 907 diei,
1966 848 2021 897 et
2073 840 2246 897 noctis

682 934 915 989 tene-bra:
940 934 1328 988 diminuuntur.

748 1023 855 1080 Sed
878 1025 1217 1094 quaerendum
1248 1032 1354 1088 est,
1384 1038 1506 1078 cum
1533 1024 1587 1078 in
1617 1031 1774 1078 nocte
1809 1023 2019 1078 dicatur
2058 1028 2243 1091 natus,

632 1186 651 1191 _
681 1128 778 1168 cur
812 1113 1032 1185 angelus
1078 1112 1383 1183 pastoribus
1432 1112 1854 1183 evangelizabat,
1881 1112 2107 1165 dicens:
2135 1108 2249 1163 Na-

682 1221 763 1262 tus
793 1217 867 1263 est
892 1208 1030 1262 vobis
1047 1207 1199 1260 hodie
1230 1205 1473 1261 Salvator
1496 1205 1646 1273 (Luc.
1678 1221 1737 1269 ιι,
1762 1198 1889 1273 H)?
1919 1203 2085 1257 Hodie
2104 1202 2272 1267 enim.

683 1300 837 1365 dixit,
867 1301 969 1355 hoc
987 1304 1088 1363 est,
1113 1299 1168 1353 in
1194 1298 1281 1353 die
1304 1295 1436 1351 Novi
1458 1296 1807 1358 Testamenti,
1836 1294 2049 1362 quando
2090 1292 2248 1346 ﬁnem

683 1392 994 1461 ignorantia:
1016 1388 1253 1444 tenebris
1296 1386 1461 1449 dedit,
1497 1394 1550 1441 et
1576 1385 1786 1439 initium
1839 1383 2079 1438 scientiae
2117 1380 2277 1434 lucis

683 1480 879 1549 posuit.
904 1478 1009 1534 Sed
1034 1487 1089 1534 et
1109 1478 1211 1532 hoc
1232 1476 1601 1538 conveniebat,
1633 1482 1693 1527 ut
1723 1474 1864 1527 circa
1898 1472 2038 1526 illam
2065 1470 2250 1524 horam

685 1569 856 1623 umetis
889 1574 1200 1623 nasceretur
1224 1606 1239 1630 ,
1291 1579 1396 1634 qua
1426 1579 1456 1617 a
1484 1562 1710 1617 mortuis
1747 1559 2059 1615 resurrexit.
2100 1557 2253 1613 Unde

684 1657 938 1713 Salomon
965 1675 978 1711 :
1005 1657 1144 1711 Dum
1178 1655 1403 1709 medium
1428 1654 1691 1708 silentium
1729 1658 1955 1705 tenerent
1981 1647 2175 1713 omnia,
2198 1654 2253 1701 et

685 1751 888 1819 reliqua
913 1747 1060 1819 (Sap.
1087 1763 1204 1812 vni,
1236 1744 1345 1817 Η),

754 1837 1108 1904 Quaerendum
1157 1835 1323 1889 etiam
1369 1848 1465 1887 cur
1505 1833 1620 1886 hmc
1654 1828 1914 1884 festivitas
1939 1840 2043 1880 non
2088 1824 2253 1879 habet

682 1928 927 1984 eamdem
967 1927 1279 1981 varietatem
1304 1963 1319 1989 ,
1378 1937 1538 1993 quam
1584 1921 1786 1975 Pascha
1822 1924 1877 1972 et
1897 1915 2244 1969 Pentecoste:

683 2020 908 2085 scilicet,
946 2027 1003 2073 ut
1027 2017 1415 2072 mandarentur
1451 2012 1565 2067 dies
1609 2010 1938 2080 septimanaz,
1963 2020 2099 2076 quas
2143 2016 2253 2057 ma-

682 2112 885 2165 culavit
918 2116 1195 2180 peecatum
1223 2106 1369 2160 Adae.
1398 2104 1548 2159 Unde
1574 2102 1903 2170 Augustinus
1927 2100 1956 2138 b
1983 2114 1996 2150 :
2030 2113 2051 2147 ι
2084 2094 2251 2149 Nosse

680 2208 894 2271 oportet
920 2200 1061 2255 diem
1111 2196 1345 2251 natalem
1397 2193 1607 2249 Domini
1658 2206 1766 2245 non
1802 2190 1855 2242 in
1914 2190 2252 2241 sacramento

681 2291 965 2357 celebrari,
989 2290 1083 2345 sed
1106 2296 1315 2343 tantum
1348 2286 1415 2341 ad
1463 2284 1775 2339 memoriam
1820 2293 2077 2335 revocare
2108 2274 2252 2347 quod

686 2390 841 2435 natus
868 2380 955 2445 sit,
979 2394 1043 2432 ac
1081 2392 1178 2446 per
1199 2376 1301 2430 hoc
1340 2375 1472 2429 nihil
1495 2388 1629 2443 opus
1658 2379 1793 2433 erat,
1822 2369 1923 2423 nisi
1953 2365 2252 2422 revolutum

680 2472 822 2525 diem
853 2469 1001 2533 anui,
1024 2481 1130 2537 quo
1159 2467 1273 2533 ipsa
1301 2478 1389 2518 res
1407 2462 1547 2517 facta
1576 2469 1681 2525 est,
1721 2458 1853 2513 festa
1884 2455 2164 2511 devotione
2181 2450 2255 2507 si-

681 2562 853 2632 gnari.
882 2560 1089 2615 Pascha
1116 2572 1245 2612 vero
1271 2563 1325 2611 et
1342 2555 1658 2609 Pentecoste
1682 2566 1786 2605 non
1808 2547 1980 2603 solum
1999 2544 2142 2615 quod
2175 2542 2255 2597 i'a-

681 2662 825 2707 ctum
849 2658 953 2713 est,
977 2650 1042 2703 ad
1066 2647 1378 2703 memoriam
1403 2657 1735 2705 revocamus,
1750 2641 1919 2701 idest,
1943 2636 2085 2705 quod
2111 2649 2255 2690 mor-

684 2754 805 2796 tuus
835 2749 917 2795 est
942 2754 1007 2794 ac
1032 2736 1343 2799 resurrexit,
1374 2734 1465 2787 sed
1497 2733 1606 2795 illa,
1632 2745 1751 2800 qua:
1774 2730 1919 2783 circa
1950 2741 2073 2781 eum
2102 2734 2256 2794 gesta

681 2847 801 2886 esse
817 2838 1100 2892 testantur,
1131 2827 1198 2881 ad
1224 2831 1681 2880 sacramentorum
1706 2817 2154 2889 signiﬁcationem
2180 2813 2258 2866 in-

682 2922 990 2990 telligimus.
1022 2939 1040 2971 ι
1068 2917 1274 2987 Vigiliaa
1296 2929 1425 2970 vero
1448 2930 1568 2983 qum
1595 2928 1623 2965 a
1644 2909 1949 2981 pastoribus
1972 2909 2071 2961 hac
2098 2911 2256 2959 nocte

685 3009 1139 3070 custodiebantur,
1176 3007 1230 3060 in
1258 3012 1489 3075 quatuor
1532 3001 1857 3060 dividuntur,
1883 2995 2088 3051 scilicet
2110 2992 2255 3061 leges

684 3112 911 3171 quatuor
935 3097 1317 3171 signiﬁcantes,
1350 3094 1576 3164 primam
1611 3089 1931 3152 naturalem,
1960 3085 2248 3141 secundam
2276 3071 2323 3132 C

686 3192 993 3255 Mosaicam,
1029 3188 1242 3244 tertiam
1268 3184 1671 3256 prophetarum,
1699 3186 1947 3250 quartam
1980 3174 2111 3230 Novi
2149 3173 2251 3226 Te-

682 3282 954 3337 Stamenti.
1006 3280 1061 3332 ιιι
1097 3294 1203 3347 qua
1241 3274 1564 3347 pastoribus,
1596 3272 1650 3327 id
1698 3277 1817 3333 est,
1874 3263 2251 3322 ecclesiasticis

685 3368 993 3424 doctoribus
1014 3364 1281 3434 apparuit.
1316 3364 1383 3415 Et
1408 3375 1508 3416 nos
1536 3374 1657 3414 cum
1684 3357 1991 3427 pastoribus
2034 3354 2253 3423 vigilare

688 3459 963 3520 debemus,
999 3462 1056 3508 ut
1084 3467 1388 3508 mereamur
1422 3450 1551 3505 illud
1579 3447 1955 3503 suavissimum
1980 3444 2254 3501 harmoni-

686 3562 829 3609 rum,
862 3545 1004 3616 quod
1030 3544 1132 3598 hac
1160 3549 1319 3596 nocte
1356 3540 1531 3610 primo
1568 3543 1840 3591 cantatum
1869 3542 1985 3599 est,
2028 3531 2250 3586 audire:

684 3638 863 3690 Gloria
897 3637 951 3689 in
973 3633 1188 3689 excelsis
1216 3632 1346 3696 Deo,
1377 3640 1432 3685 et
1478 3630 1708 3697 reliqua.
1753 3626 1905 3681 Unde
1938 3624 2101 3679 etiam
2130 3636 2256 3678 san-

683 3737 803 3779 ctus
828 3702 1183 3794 Telesphorus
1211 3738 1345 3794 papa
1382 3721 1666 3792 pervigiles
1709 3733 1808 3773 nos
1862 3715 2070 3771 malens
2097 3713 2214 3769 fore
2236 3752 2252 3779 ,

686 3816 874 3877 .uissas
900 3812 1081 3883 [Forte
1110 3812 1236 3882 leg.,
1269 3822 1380 3865 tres
1428 3809 1641 3881 missas]
1670 3809 1948 3863 celebrem
1976 3806 2123 3867 fecit,
2152 3804 2256 3859 sci-

687 3909 811 3962 licet
840 3906 892 3960 in
930 3901 1354 3958 recordationem
1383 3900 1680 3953 nativitatis
1710 3895 1912 3951 Christi
1938 3934 1954 3958 ,
2006 3909 2101 3948 seu
2128 3907 2257 3947 con-

685 4006 872 4053 contus
894 3994 1120 4065 angelici
1148 4010 1161 4057 ;
1205 3992 1306 4046 alia
1339 4006 1465 4045 vero
1511 3990 1673 4044 missa
1692 4025 1710 4054 ,
1747 4000 1866 4057 qua:
1893 3984 2153 4054 sequitur,
2184 3984 2257 4036 si-

685 4094 811 4156 gnat
862 4098 1051 4139 novam
1101 4082 1275 4137 lucem
1330 4078 1640 4149 Evangelii,
1699 4092 1803 4145 qua
1860 4086 1957 4143 per
1994 4069 2255 4125 incarnati

695 4176 845 4231 Verbi
881 4174 1192 4244 mysterium
1221 4172 1624 4245 perfundimur;
1664 4186 1760 4225 seu
1811 4176 2030 4238 propter
2072 4164 2257 4219 visita-

687 4266 883 4319 tionem
905 4270 1179 4334 pastorum
1210 4262 1278 4316 ad
1305 4274 1545 4330 praesepe
1588 4258 1830 4321 Domini,
1878 4256 1933 4309 in
1961 4269 2072 4323 quo
2109 4254 2259 4307 inve-

686 4364 879 4408 nerunt
916 4368 1106 4422 panem
1135 4354 1337 4416 vivum,
1362 4350 1454 4420 qui
1489 4348 1729 4417 quotidie
1765 4362 1795 4399 a
1822 4344 2071 4415 ﬁdelibus
2102 4358 2255 4396 man-

685 4446 847 4498 tlitur.
872 4408 1096 4499 κληιδηί
1131 4445 1269 4499 hanc
1297 4408 1511 4498 noctem
1539 4440 1612 4494 ita
1636 4437 1945 4492 celebrant:
1974 4433 2167 4503 pridie,
2199 4431 2253 4485 id
2279 4408 2329 4465 Ῑ)

685 4543 789 4598 est,
812 4534 988 4604 vigilia
1014 4534 1211 4587 natalis
1240 4532 1449 4586 Domini
1478 4532 1610 4585 hora
1640 4542 1781 4583 nona
1810 4531 2010 4579 canunt
2030 4520 2251 4575 missam

684 4628 750 4681 ad
772 4624 1026 4680 Sanctam
1056 4621 1297 4675 Mariam.
1332 4620 1447 4685 Qua
1501 4619 1736 4687 expleta,
1766 4621 1969 4672 canunt
1990 4610 2253 4681 vespertic

686 4717 859 4771 ualem
885 4713 1130 4785 synaxin.
1166 4710 1369 4765 Dehinc
1396 4707 1596 4761 vadunt
1630 4707 1696 4759 ad
1721 4706 1917 4760 cibum.
1946 4704 2004 4758 in
2033 4716 2254 4777 crepus-

608 4858 611 4861 ,
685 4808 804 4861 culo
830 4807 1003 4862 noctis
1036 4805 1203 4859 intrat
1230 4798 1553 4870 apostolicus
1580 4796 1647 4850 ad
1683 4794 1922 4864 vigiliam
1951 4794 2008 4848 in
2059 4792 2253 4863 praefa-

687 4908 794 4950 tam
822 4897 1330 4959 Ecclesiam,tamen
1358 4906 1466 4945 non
1492 4894 1712 4962 cantant
1736 4884 1808 4937 ibi
1840 4882 2254 4964 intmitum,sed

685 4987 911 5055 expletis
925 4986 1120 5053 vigiliis
1132 4994 1188 5039 et
1199 4982 1496 5045 matutinis,
1514 4980 1653 5036 sicut
1667 4978 1719 5031 in
1732 4972 2255 5043 Antiphonariocon-

689 5078 942 5137 tinentur,
975 5074 1171 5128 ibidem
1208 5080 1429 5125 cantant
1460 5070 1687 5138 primam
1720 5066 1937 5120 missam
1971 5062 2025 5115 in
2052 5068 2249 5116 nocte;

687 5179 790 5231 qua
818 5162 1025 5231 expleta
1077 5160 1280 5215 vadunt
1305 5158 1374 5211 ad
1408 5158 1662 5211 Sanctam
1682 5152 2025 5209 Anastasiam
2062 5162 2253 5204 canere

688 5254 847 5307 aliam
885 5252 1099 5305 missam
1131 5250 1197 5304 de
1224 5255 1400 5302 nocte.
1430 5245 1630 5299 Dehinc
1649 5250 1877 5315 pergunt
1897 5242 1966 5297 ad
1993 5238 2248 5296 Sanctum

692 5346 931 5409 Petrum,
958 5350 1015 5398 ιιι
1035 5343 1109 5397 ibi
1135 5339 1348 5409 vigilias
1374 5334 1680 5398 celebrent,
1730 5334 1797 5387 ab
1822 5348 1888 5389 eo
1912 5333 2029 5387 loco
2056 5330 2145 5387 ubi
2170 5330 2251 5384 in-

690 5437 935 5491 venerint
985 5450 1080 5490 eos
1118 5431 1345 5504 psallere
1376 5468 1391 5493 ,
1436 5426 1531 5497 qui
1566 5424 1763 5479 ibidem
1813 5426 2119 5480 exutthant:
2151 5420 2248 5494 ipsi

692 5525 1064 5581 enimuintrant
1093 5523 1161 5579 ad
1186 5520 1394 5594 vigilias
1443 5516 1602 5599 solito
1627 5523 1869 5584 tempore
1916 5516 1972 5571 in
1999 5528 2250 5585 processu

764 5650 787 5678 ι
829 5638 952 5692 Vid.
973 5638 1224 5695 .‘lonitum
1246 5639 1519 5708 previum.

2341 491 2518 544 dinem
2546 485 2919 561 Antiphonarii
2944 510 2958 545 :
2984 492 3127 548 unde
3146 493 3308 548 etiam
3337 494 3499 564 dupla
3521 494 3695 550 oﬁicia
3721 498 3778 552 in
3797 495 3915 553 Ro-

2341 592 2622 631 manorum
2643 578 3044 647 Antiphonariis
3070 580 3173 635 hac
3200 588 3360 637 nocte
3379 581 3777 640 describuntur.
3822 614 3825 615 ν

2857 687 3017 762 563
3054 689 3279 746 CAPUT
3317 692 3380 748 ιι.

2864 774 2929 813 ιιι
2965 774 3381 817 οιιιουιιειειοιιε.

2415 844 2538 922 [ipse
2558 847 2897 902 circumcisio
2937 849 3071 905 nihil
3094 850 3239 905 aliud
3285 859 3387 917 est,
3416 852 3520 907 nisi
3550 852 3812 909 abseissio
3856 854 3917 908 in

2324 922 2506 988 ‘carne
2548 935 2813 1005 praeputii,
2837 935 2980 1005 quod
3033 938 3162 993 solis
3197 937 3395 995 Judaiis
3448 942 3764 1010 imperatum
3792 950 3912 996 est:

2344 1024 2487 1078 unde
2510 1026 2672 1079 etiam
2701 1026 2769 1080 ab
2816 1025 3086 1081 Abraham
3112 1030 3340 1098 sumpsit
3368 1030 3603 1097 initium,
3630 1032 3774 1101 quod
3801 1032 3855 1086 ei
3884 1046 3921 1085 ι

2348 1112 2574 1169 Domino
2595 1124 2920 1185 praeceptum
2945 1125 3029 1171 est
3053 1134 3066 1169 :
3101 1116 3511 1174 Circumeidetur
3530 1136 3596 1175 ea:
3612 1120 3750 1175 vobis
3763 1137 3922 1176 omne

2347 1201 2713 1275 masculinum,
2740 1212 2787 1256 et
2816 1194 2991 1272 inﬁma
3028 1215 3143 1259 octo
3186 1207 3387 1262 dierum
3418 1210 3821 1265 circumcidetur
3858 1212 3918 1263 in

2349 1288 2487 1342 vobis
2525 1287 2676 1358 (Gen.
2729 1306 2865 1358 xm,
2890 1291 2979 1357 io,
3016 1293 3143 1363 li):
3175 1302 3236 1349 ut
3276 1304 3420 1351 esset
3451 1298 3663 1367 signum
3696 1297 3923 1353 {aderis

2350 1378 2491 1432 inter
2524 1379 2711 1445 Deum,
2750 1381 3098 1453 hominesque
3122 1384 3323 1440 ﬁdeles.
3364 1386 3433 1442 Ut
3461 1396 3821 1457 purgarentur
3850 1388 3921 1443 ab

2350 1470 2496 1523 omni
2520 1468 2925 1539 inquinamento
2953 1474 3134 1529 carnis
3162 1483 3216 1529 et
3248 1476 3488 1544 spiritus,
3506 1475 3654 1545 iussa
3687 1487 3768 1532 est
3789 1495 3921 1533 caro

2351 1568 2665 1623 circumcidi
2696 1587 2709 1621 :
2736 1576 2791 1623 et
2819 1570 2960 1639 quod
2996 1570 3156 1625 hodie
3188 1572 3345 1626 nobis
3389 1573 3443 1627 in
3473 1572 3577 1627 ﬁde
3622 1574 3925 1643 haptismus

2353 1656 2576 1723 Christi,
2603 1658 2705 1712 hoc
2732 1659 3020 1729 prmstabat
3042 1660 3145 1714 illis
3167 1661 3506 1716 circumcisio
3528 1662 3581 1715 in
3599 1662 3683 1717 die
3704 1672 3921 1724 octava,

2278 1731 2327 1791 Β
2352 1763 2459 1819 qua
2492 1749 2786 1803 resurrexit
2806 1764 2835 1803 a
2856 1750 3081 1804 mortuis
3105 1790 3120 1814 ,
3150 1760 3375 1819 excepto
3421 1751 3564 1820 quod
3590 1751 3926 1806 circumcisis

2348 1840 2574 1896 necdum
2594 1840 2743 1910 regni
2767 1840 3001 1897 caelestis
3024 1842 3239 1911 patebat
3268 1842 3563 1909 ingressus.
3587 1841 3693 1897 Sed
3717 1844 3918 1911 quaeri-

2348 1938 2458 1993 tur,
2488 1942 2609 1983 cum
2636 1928 2892 1983 Dominus
2936 1928 2991 1983 in
3018 1928 3197 1984 Veteri
3241 1928 3585 1986 Testamento
3623 1932 3782 2001 jussit
3811 1931 3920 1985 cir-

2350 2017 2671 2081 cumcidere,
2694 2024 2749 2072 et
2770 2018 2955 2087 ipsein
2982 2034 3121 2074 novo
3168 2021 3517 2077 circumcisus
3554 2030 3658 2085 est,
3691 2036 3789 2076 cur
3823 2021 3917 2077 de-

2350 2124 2457 2164 nuo
2487 2110 2776 2163 cessaverit
2816 2110 3181 2167 circumcisio?
3207 2111 3324 2182 Ipse
3352 2127 3455 2166 non
3480 2121 3702 2168 venerat
3739 2113 3913 2183 legem

2352 2198 2591 2264 solvere,
2628 2200 2722 2254 sed
2763 2199 3092 2268 adimplere:
3124 2217 3296 2271 neque
3324 2210 3383 2257 ut
3406 2202 3677 2257 dissimilis
3712 2202 3918 2257 videre-

2353 2298 2441 2345 tur
2464 2291 2708 2359 patribus
2756 2290 2955 2345 sanctis
2981 2298 3035 2345 et
3062 2293 3359 2362 prophetis,
3376 2309 3443 2348 ex
3473 2308 3701 2363 quorum
3731 2307 3914 2361 prosa-

2351 2381 2439 2451 pia
2466 2378 2754 2434 secundum
2785 2396 2999 2436 carnem
3027 2383 3174 2454 nasci
3197 2384 3445 2455 dignatus
3467 2392 3571 2439 est.
3603 2382 3807 2438 idcirco
3829 2399 3916 2436 vo-

2352 2469 2451 2522 luit
2475 2469 2803 2535 circumcidi,
2839 2472 2955 2527 sive
2983 2479 3041 2526 ut
3085 2475 3485 2530 excusationem
3540 2471 3775 2529 auferret
3819 2471 3911 2527 Ju-

2354 2560 2483 2614 daeis
2509 2561 2718 2617 dicendi
2748 2576 2762 2615 :
2793 2561 3075 2616 Dissimilis
3102 2577 3160 2616 es
3193 2564 3457 2632 patribus,
3509 2563 3629 2618 ideo
3670 2563 3915 2619 nolumus

2353 2645 2574 2703 credere
2601 2649 2653 2702 in
2681 2656 2750 2702 te.
2785 2648 3033 2719 Sed-quia
3058 2659 3239 2705 vetera
3270 2652 3639 2718 transierunt,
3686 2661 3743 2707 et
3789 2667 3912 2706 ecce

2356 2737 2498 2793 facta
2526 2745 2647 2793 sunt
2666 2738 2843 2792 omnia
2878 2754 3033 2802 nova,
3063 2748 3276 2808 oportet
3306 2736 3404 2795 nos
3449 2741 3781 2805 circumcidi,
3809 2755 3911 2794 non

2355 2843 2515 2883 carne
2539 2869 2553 2895 ,
2596 2828 2688 2883 sed
2716 2828 2926 2899 spiritu.
2960 2829 3205 2886 Christus
3250 2832 3393 2888 enim
3441 2832 3583 2886 sicut
3622 2846 3718 2902 pro
3766 2830 3913 2885 nobis

2355 2927 2585 2974 mortem
2608 2918 2865 2990 suscepit,
2889 2921 2961 2974 ita
2991 2906 3455 2976 circumcisionem
3484 2934 3589 2975 non
3619 2921 3841 2990 respuit,
3859 2934 3915 2975 ut

2356 3027 2453 3067 nos
2494 3012 2549 3065 in
2598 3012 2787 3080 spiritu
2816 3012 3321 3066 circumcideremur
3351 3030 3364 3064 :
3395 3011 3650 3081 quoniam
3680 3012 3912 3067 circum-

2352 3098 2554 3154 cisione
2583 3099 2760 3153 cordis
2785 3098 3076 3154 delectatur
3103 3140 3117 3164 ,
3169 3101 3323 3155 sicuti
3347 3100 3613 3169 Propheta
3665 3100 3915 3170 astipula-

2351 3198 2439 3245 tur
2463 3209 2474 3243 :
2502 3189 2559 3244 In
2581 3190 2884 3245 novissimis
2896 3191 3240 3247 circumcidet
3261 3192 3513 3247 Dominus
3532 3179 3692 3247 corda
3714 3199 3908 3253 vestra,

2350 3289 2406 3335 et
2431 3295 2536 3335 non
2562 3295 2806 3350 corpora.
2840 3280 2966 3336 {late
3002 3289 3085 3335 est
3118 3297 3245 3335 vera
3274 3283 3610 3337 circumcisio
3636 3282 3828 3341 cordis,
3857 3288 3910 3332 at

2350 3372 2668 3441 deponamus
2702 3380 2915 3423 veterem
2940 3372 3196 3425 hominem
3227 3389 3343 3425 cum
3374 3374 3572 3427 actibus
3598 3372 3727 3434 suis,
3751 3377 3800 3423 et
3837 3370 3912 3422 in-

2351 3458 2573 3511 duamus
2603 3473 2789 3510 novum
2817 3458 3095 3523 hominem,
3115 3458 3202 3529 qui
3221 3456 3504 3513 secundum
3524 3458 3691 3513 Deum
3714 3470 3911 3513 creatus

2351 3557 2425 3602 est
2458 3545 2592 3603 (Col.
2626 3563 2709 3611 ιιι,
2742 3547 2797 3611 9,
2828 3547 2937 3618 10).

2950 3639 3175 3695 CAPUT
3210 3641 3295 3696 Ill.

2722 3789 2727 3795 ,
2866 3747 2929 3786 DE
2969 3747 3171 3788 OCTAVA
3209 3750 3410 3790 υοιιικι.
3894 3782 3897 3783 ν

2421 3821 2477 3875 in
2500 3822 2604 3887 hac
2629 3830 2817 3875 octava
2846 3822 2931 3879 die
2950 3823 3298 3877 circumcisus
3309 3832 3410 3878 est.
3432 3824 3537 3879 Iste
3564 3824 3680 3879 dies
3698 3831 3915 3879 cctam

2352 3922 2564 3961 omnem
2591 3906 2975 3976 plenitudinem
3006 3908 3060 3961 in
3092 3924 3151 3963 se
3170 3910 3412 3974 obtinet,
3461 3917 3515 3965 et
3537 3919 3621 3965 est
3647 3910 3913 3980 perfectus

2354 4011 2623 4052 numerus.
2654 3994 2771 4065 ipse
2797 4004 2879 4050 est
2909 3995 3049 4051 enim
3078 3997 3190 4051 dies
3226 3997 3530 4054 Dominicus
3554 4040 3568 4064 ,
3609 4008 3664 4055 et
3685 4000 3799 4055 dies
3826 4016 3910 4057 re-

2355 4086 2702 4141 surrectionis
2732 4086 2959 4140 Domini.
3012 4087 3162 4142 Unde
3190 4103 3315 4145 vero
3339 4089 3551 4145 initium
3600 4090 3910 4161 sumpserit,

2356 4177 2491 4232 liber
2510 4176 2781 4233 Leviticus
2809 4178 3025 4249 pandit:
3058 4179 3199 4248 Dies,
3234 4181 3428 4249 inquit,
3457 4190 3667 4236 octavus
3691 4183 3787 4235 erit
3836 4198 3914 4235 ce-

2355 4266 2659 4322 leberrimus
2700 4278 2853 4339 atque
2896 4270 3252 4324 sanctissimus
3305 4269 3449 4341 (Leo.
3502 4286 3659 4333 xxm,
3694 4270 3802 4341 36).
3850 4270 3914 4325 Ει

2355 4342 2833 4427 Paralipomenon:
2866 4355 3036 4411 Porro
3060 4357 3493 4412 Matathiascum
3542 4355 3730 4411 Levitis
3759 4358 3813 4411 in
3846 4357 3923 4410 civ

2353 4444 2515 4497 thuris
2540 4461 2633 4513 pro
2663 4455 2843 4498 octava
2870 4444 3118 4499 canebant
3138 4446 3393 4514 epinicion
3415 4444 3467 4517 (Ι
3483 4445 3666 4499 Paral.
3694 4461 3784 4509 xv,
3802 4444 3907 4513 21),

2353 4531 2494 4600 quod
2522 4532 2785 4601 epinicion
2830 4532 3093 4602 signiﬁcat
3124 4534 3450 4603 triumphum
3479 4533 3708 4589 Domini.
3738 4534 3803 4589 Et
3853 4535 3915 4589 ti-

2354 4621 2448 4675 tuli
2474 4622 2663 4692 psalmi
2693 4623 2829 4678 δεχιὶ
2862 4630 2917 4677 et
2942 4623 3232 4689 undecimi,
3256 4640 3355 4695 pro
3399 4632 3587 4695 octava
3617 4625 3911 4682 inscribun-

2354 4718 2461 4765 tur.
2488 4710 2728 4779 Namque
2758 4712 2873 4766 hzec
2892 4719 3080 4766 octava
3136 4713 3250 4769 dies
3284 4715 3353 4769 ad
3375 4723 3635 4769 aeternam
3685 4713 3911 4783 pertinet

2353 4801 2611 4871 requiem.
2646 4801 2796 4857 Unde
2829 4817 2861 4855 a
2891 4803 3045 4859 nobis
3070 4803 3329 4873 singulari
3355 4817 3581 4856 numero
3617 4799 3906 4869 accipitur,

2356 4890 2448 4961 qui
2496 4891 2640 4946 nullo
2693 4893 3012 4948 succedente
3064 4899 3321 4946 mutatur.
3381 4890 3479 4944 llic
3516 4903 3645 4943 vero
3690 4888 3911 4946 mundus

2356 4978 2557 5052 [Forte,
2586 4980 2863 5053 numerus]
2910 4995 3014 5034 non
3048 4979 3235 5048 recipit
3279 4978 3423 5031 hunc
3465 4986 3713 5033 octavum
3740 4980 3872 5034 diem
3893 5020 3910 5044 ,

2352 5071 2442 5141 qui
2469 5080 2551 5126 est
2575 5071 2884 5141 singularis,
2914 5070 3020 5126 sed.
3060 5067 3180 5133 illo;
3203 5083 3336 5137 quos
3367 5083 3619 5124 vocamus
3668 5079 3907 5137 octavos,

2351 5176 2415 5216 eo
2436 5163 2577 5230 quod
2599 5162 2751 5215 ﬁnito
2780 5158 3006 5228 septimo
3030 5155 3167 5211 redit
3189 5170 3402 5227 semper
3427 5157 3492 5212 ad
3508 5158 3758 5228 primum.
3783 5146 3911 5214 Nono

2352 5250 2478 5305 nulli
2509 5267 2603 5320 per
2631 5252 2770 5305 hanc
2794 5255 3041 5304 octavam
3085 5248 3369 5304 adventum
3394 5248 3603 5304 Domini
3626 5249 3908 5304 secundum

2350 5346 2538 5411 putant
2560 5338 2869 5407 signiﬁcari.
2910 5336 3065 5391 Unde
3097 5336 3260 5393 Amos
3280 5339 3575 5407 propheta:
3616 5335 3707 5392 Vc
3730 5353 3910 5390 concu-

2352 5431 2661 5501 piseentibus
2686 5430 2825 5483 diem
2850 5427 3065 5483 Domini
3083 5442 3102 5480 :
3126 5430 3232 5498 ipse
3260 5432 3397 5490 enim
3438 5437 3515 5483 at
3536 5427 3647 5483 dies
3675 5427 3907 5490 tenetur,

2351 5531 2399 5575 et
2427 5534 2530 5576 non
2550 5519 2682 5574 lucis
2709 5518 2886 5589 (Amos
2907 5530 2943 5568 ν
2964 5554 2979 5579 ,
3029 5516 3135 5587 ιθ).
3174 5519 3248 5575 Et
3293 5517 3630 5589 Sophonias:
3670 5514 3789 5572 Vo‘:
3812 5514 3913 5572 die!

2429 5634 2455 5675 ιι
2493 5632 2626 5699 Aug.
2656 5628 2809 5699 epist.
2835 5624 2923 5694 55,
2955 5642 3098 5683 num.
3130 5626 3185 5684 Ξ.
