4232 6204
382 291 518 349 ΗΠ

1193 283 1344 345 OPP.
1386 287 1782 346 SUPPOSITA.
1812 320 1881 333 -—
1908 290 2036 345 LIB.
2075 290 2165 347 DE
2201 290 2447 348 DIVINIS
2482 290 2777 353 OFFICIIS.

3464 286 3601 347 “78

384 405 596 460 Domini
615 418 799 459 amara
828 408 879 456 et
924 402 1076 466 dura,
1097 400 1435 455 tribulabitur
1477 402 1548 456 ibi
1580 389 1728 471 fartis
1754 400 1941 473 (Soph.
1968 408 2019 465 Α
2046 378 2458 460 haecaﬁdelibus
2470 420 2566 475 pro
2579 405 2745 459 nihilo
2759 403 3043 468 habentur,
3058 401 3602 472 licetquantularcun-

386 510 427 558 ι.
453 493 568 564 ﬂ).
590 492 673 547 Illi
697 506 827 547 vero
850 490 941 559 qui
966 490 1127 544 istum
1148 489 1289 544 diem
1310 505 1340 543 a
1363 490 1741 545 constitutione
1765 490 1946 545 mundi

387 584 718 638 arbitrantur
759 587 880 651 post
905 594 999 635 sex
1030 578 1193 632 millia
1222 593 1485 634 annorum
1507 578 1620 634 fore
1640 588 1944 644 venturum,

389 689 456 729 eo
479 673 620 743 quod
639 671 866 742 septimo
893 670 979 725 die
1004 669 1258 725 Dominus
1301 667 1368 722 ab
1410 682 1573 738 opere
1620 682 1717 721 suo
1755 667 1950 737 legitur

388 775 651 826 cessasse,
678 758 824 814 mille
856 757 1062 812 scilicet
1080 771 1248 811 annos
1270 771 1367 826 per
1390 756 1505 810 dies
1530 755 1764 825 singulos
1802 770 1949 811 com—

386 860 663 927 putantes,
682 850 811 920 quia
856 847 1083 919 legitur:
1106 846 1153 900 A
1180 854 1465 916 conspectu
1512 845 1628 916 ejus
1656 844 1797 899 mille
1823 846 1947 899 anni

387 942 522 996 sicut
542 939 651 993 dies
698 954 841 1001 una;
870 951 981 991 non
1022 936 1154 990 satis
1204 934 1483 988 attendunt
1508 934 1650 1002 quod
1693 932 1948 987 Dominus

390 1034 444 1086 in
469 1027 756 1100 Evangelio
805 1028 947 1083 hunc
987 1026 1127 1081 diem
1155 1038 1255 1079 nec
1298 1022 1463 1076 ﬁlium
1513 1021 1745 1077 hominis
1789 1036 1949 1076 nosse

346 1107 356 1117 ’
390 1119 725 1190 astipulatur.
751 1116 904 1172 Unde
943 1115 1103 1169 nimis
1129 1100 1517 1183 importunum,
1545 1110 1673 1166 illud
1714 1110 1949 1165 studiose

388 1224 652 1282 quaerere,
683 1208 825 1278 quod
865 1205 1018 1260 nobis
1043 1204 1221 1259 divina
1250 1202 1582 1274 providentia
1605 1201 1775 1256 noluit
1801 1215 1950 1255 reve-

328 1307 338 1320 ‘
389 1299 524 1352 lare.
561 1295 704 1351 Sane
740 1295 884 1349 illam
907 1293 1319 1362 diemmagnam
1342 1300 1397 1345 et
1420 1290 1743 1361 singularem
1767 1304 1950 1343 amare

388 1396 442 1443 et
466 1401 685 1457 sperare
731 1385 1004 1447 debemus,
1034 1396 1191 1451 quam
1218 1380 1475 1451 propheta
1500 1381 1668 1435 David
1720 1381 1909 1436 sitiens
1931 1419 1949 1447 ,

388 1496 550 1536 uuam
578 1480 806 1533 vocabat
859 1477 1083 1533 dicens:
1117 1473 1254 1540 Quia
1288 1474 1471 1529 melior
1494 1484 1567 1529 est
1608 1475 1717 1528 dies
1744 1490 1849 1528 una
1893 1475 1948 1527 in

388 1571 538 1625 atriis
561 1570 663 1623 tuis
692 1584 847 1638 super
869 1568 1037 1620 millia
1065 1562 1233 1636 (Psal.
1280 1560 1504 1630 unm,
1542 1565 1649 1634 ll).
1701 1564 1793 1618 Ha:
1820 1578 1948 1617 vero

388 1668 612 1723 octavae,
642 1672 777 1727 quas
799 1656 956 1712 hodie
998 1655 1221 1709 colimus
1250 1694 1265 1719 ,
1312 1655 1428 1709 ideo
1468 1662 1774 1709 reverenter
1811 1654 1949 1709 cele4

388 1750 632 1814 brantur,
660 1748 786 1816 quia
814 1746 1002 1817 primis
1027 1745 1215 1799 diebus
1247 1752 1571 1798 concurrunt
1620 1744 1775 1797 sicuti
1814 1733 1950 1797 unus

389 1840 505 1895 dies
531 1840 842 1896 Dominicus
867 1839 933 1892 ad
972 1836 1218 1900 alterum,
1247 1835 1337 1903 qui
1364 1836 1549 1888 eodem
1579 1835 1685 1888 ritu
1714 1832 1950 1887 celebra-

356 1938 518 1982 .tur:
550 1928 708 1983 hodie
735 1928 877 1983 enim
916 1927 1201 1981 adventum
1253 1924 1523 1978 hominum
1559 1924 1626 1979 ad
1678 1922 1949 1977 Christum

391 2018 741 2083 celebramus,
767 2025 822 2071 et
843 2016 898 2070 in
913 2016 1191 2070 nativitate
1216 2004 1951 2082 ejusdem,adventum'illius

330 2170 331 2173 η
394 2106 461 2161 ad
497 2106 759 2162 homines.

1001 2187 1224 2249 CAPUT
1263 2194 1351 2249 IV.

846 2282 911 2337 ne
948 2297 1201 2337 xansnnrs
1234 2298 1493 2335 JANUARII.

464 2372 557 2427 liae
582 2371 831 2426 Kalendae
860 2372 1152 2426 secundum
1179 2369 1503 2425 dementiam
1552 2370 1824 2441 gentilium
1852 2385 1952 2439 po-

397 2466 502 2520 tius
524 2464 761 2520 dicendze
789 2469 911 2518 sunt
937 2463 1200 2528 cavenda,
1238 2478 1398 2532 quam
1419 2461 1669 2516 calendze.
1698 2461 1773 2515 Ea
1794 2460 1955 2530 siqui-

394 2556 514 2611 dem
532 2562 847 2625 tempestate
871 2552 1103 2624 (quando
1121 2552 1328 2620 judices
1340 2560 1605 2623 praeerant
1630 2552 1751 2608 ﬁliis
1769 2551 1951 2619 Israel,

396 2647 499 2714 hoc
525 2654 628 2711 est,
656 2654 781 2699 ante
804 2642 1140 2714 Samsonem)
1180 2641 1279 2697 fuit
1298 2644 1513 2713 quidam
1552 2646 1797 2715 princeps
1834 2660 1952 2716 geu-

396 2730 571 2787 tillum
598 2736 651 2788 in
680 2733 851 2802 italia,
869 2733 1084 2791 nomine
1106 2731 1293 2803 Janus,
1317 2748 1347 2791 a
1374 2748 1480 2807 quo
1507 2732 1790 2791 Januarius
1807 2750 1958 2791 men-

397 2832 473 2885 sis
496 2838 677 2903 postea
707 2835 1041 2899 nuncupatus
1078 2837 1181 2883 est.
1234 2828 1386 2884 Hunc
1420 2845 1548 2886 vero
1566 2829 1758 2886 Janum
1798 2828 1959 2901 impe-

354 2970 358 2974 .
400 2922 490 2976 riti
517 2922 779 2988 homines,
806 2920 897 2991 qui
924 2917 1086 2974 Deum
1111 2934 1213 2973 non
1245 2923 1664 2989 cognoscebant,
1696 2922 1847 2989 quasi
1873 2937 1958 2975 re-

324 2998 329 3003 ’
398 2999 518 3079 gem
548 3010 871 3075 metuebant,
900 3016 954 3063 et
989 3024 1086 3078 pro
1114 3007 1223 3085 Deo‘
1247 3008 1393 3062 illum
1423 3008 1599 3063 colere
1642 3017 1917 3079 cmperunt
1939 3050 1953 3074 ,

334 3116 335 3119 η
399 3097 636 3176 duasque
650 3099 815 3153 facies
830 3096 903 3153 illi
922 3100 1237 3168 ﬁguravere,
1253 3107 1470 3169 propter
1483 3100 1745 3154 orientem
1758 3109 1810 3153 et
1824 3101 1963 3155 occi-

401 3190 643 3243 dentem:
668 3204 767 3243 nec
793 3192 898 3243 non
913 3199 966 3243 et
1004 3189 1425 3259 quadrifrontem
1463 3192 1881 3261 appellaverunt,
1908 3192 1961 3247 id

401 3280 718 3347 est,‘Janum
742 3284 1029 3354 geminum,
1053 3291 1273 3352 propter
1294 3292 1521 3352 quatuor
1541 3292 1737 3352 partes,
1754 3300 1847 3339 seu
1860 3283 1963 3337 ele-

402 3382 581 3427 menta
611 3380 857 3449 quatuor,
877 3382 1032 3444 atque
1057 3380 1293 3448 tempora
1314 3382 1560 3443 quatuor.
1589 3370 1694 3434 Sed
1716 3386 1839 3425 cum
1858 3372 1963 3425 hoc

400 3462 660 3535 facerent,
694 3461 999 3517 formabant
1030 3462 1206 3531 potius
1244 3470 1559 3525 monstrum,
1591 3476 1749 3531 quam
1772 3460 1958 3531 Deum.

398 3549 554 3605 Unde
567 3550 734 3606 Numa
748 3558 866 3621 post
882 3550 1165 3605 Romulum
1186 3552 1328 3605 hunc
1341 3566 1458 3605 esse
1471 3550 1701 3620 primum
1726 3564 1964 3625 mensem

404 3643 529 3695 anni
558 3639 742 3707 voluit,
768 3650 1019 3710 tanquam
1036 3642 1268 3710 bicipitis
1291 3640 1385 3694 Dei
1401 3656 1658 3705 mensem,
1676 3642 1965 3711 respicien-

404 3741 513 3793 tem
526 3731 1010 3802 acprospicientcm
1035 3730 1289 3785 transacti
1327 3730 1451 3784 anni
1478 3729 1660 3793 ﬁnem,
1692 3728 1965 3799 futurique

406 3822 618 3876 initium
644 3840 656 3873 :
688 3831 740 3875 et
760 3820 1070 3875 Januarium
1093 3829 1437 3897 vocatum,eo
1474 3819 1615 3890 quod
1635 3819 1706 3879 sit
1741 3818 1892 3873 limes
1911 3826 1965 3872 et

402 3910 569 3981 jauua
591 3914 717 3971 anui
734 3925 779 3967 ι.
796 3913 945 3969 Unde
972 3908 1205 3982 imperiti
1232 3911 1474 3967 homines
1496 3911 1659 3966 veluti
1681 3910 1848 3966 Deum
1877 3924 1965 3965 co-

358 4022 363 4027 ·
405 4005 596 4067 lentes,
612 4005 752 4060 diem
775 4004 948 4075 ipsum
963 4002 1143 4057 multis
1164 4002 1434 4072 spurcitiis
1450 4006 1813 4057 sacraverunt.
1839 3999 1969 4067 Qui-

406 4090 526 4145 dam
540 4091 818 4145 mutabant
839 4106 899 4145 se
920 4094 972 4145 in
990 4081 1203 4161 species
1224 4099 1607 4153 monstruosas,
1626 4091 1679 4145 in
1704 4089 1968 4143 ferarum—

407 4196 509 4250 que
524 4181 737 4234 habitus
754 4179 1223 4234 transformabaut.
1241 4178 1343 4233 Alii
1363 4178 1415 4232 in
1438 4178 1666 4232 femineo
1682 4187 1835 4248 gestu
1851 4190 1967 4231 mu-

407 4272 527 4334 tati,
544 4271 751 4325 virilem
776 4270 978 4326 vultum
1003 4269 1405 4325 eﬁeminabant:
1433 4284 1531 4324 nec
1554 4268 1819 4322 immerito
1837 4266 1967 4322 viri-

407 4364 511 4418 lem
528 4362 891 4421 fortitudinem
914 4377 1018 4417 non
1050 4361 1263 4425 habent,
1286 4360 1375 4431 qui
1402 4360 1455 4414 in
1474 4344 1983 4413 mulierishahitum.

362 4504 365 4509 .
408 4454 755 4508 transierunt.
779 4452 958 4522 Aliqui
983 4450 1231 4505 fanaticis
1265 4448 1503 4520 auguriis
1523 4447 1964 4519 profanabantur,

409 4542 818 4612 perstrepebant
863 4544 1104 4601 saltando
1128 4543 1370 4614 pedibus,
1398 4542 1733 4613 tripudiando
1770 4540 1968 4612 plausi-

411 4634 543 4696 bus;
580 4633 817 4686 nonnulli
852 4634 921 4687 ita
948 4636 1171 4717 auguria
1198 4633 1577 4698 observabant,
1606 4642 1665 4686 ut
1703 4631 1880 4687 focum
1901 4628 1966 4684 de

411 4724 569 4779 domo
623 4737 748 4787 sua,
779 4721 863 4776 vel
886 4722 1027 4776 aliud
1071 4724 1425 4793 quodcunque
1462 4723 1816 4788 beneﬁcium,
1860 4721 1968 4775 cui-

410 4830 572 4882 quam
594 4813 795 4883 petenti
821 4798 1051 4867 minime.
1080 4789 1398 4867 {ribueren—t.
1451 4812 1757 4887 Diabolicas
1800 4812 1963 4885 etiam

414 4910 623 4958 strenas
638 4911 692 4957 et
713 4903 782 4958 ab
794 4901 913 4957 aliis
927 4900 1089 4975 Μ
1108 4901 1457 4972 accipiebant,
1474 4906 1528 4953 et
1539 4900 1640 4969 ipsi
1659 4901 1777 4955 aliis
1800 4901 1971 4956 trade-

353 5000 369 5008 ‘
410 4992 675 5061 bant.Nec
688 5007 791 5047 non
807 4995 967 5049 etiam
981 4993 1247 5050 mensulas
1263 4991 1448 5065 plenas
1462 4993 1527 5047 ad
1543 4993 1969 5048 manducandum

414 5091 524 5137 tota
546 5088 701 5137 necte
737 5091 956 5151 paratas
980 5084 1266 5150 habebam,
1288 5084 1566 5154 credentes
1587 5082 1728 5151 quod
1748 5081 1967 5138 Kalend.

413 5172 651 5229 Januan‘i
680 5187 777 5245 per
799 5180 967 5227 totum
993 5189 1192 5230 annum
1209 5184 1463 5248 praestare
1498 5181 1733 5245 possent.
1750 5173 1816 5227 Et
1844 5176 1969 5245 quia

413 5266 499 5322 his
526 5272 688 5337 atque
715 5264 835 5320 aliis
890 5264 1123 5320 miseriis
1147 5265 1376 5323 mundus
1413 5268 1691 5321 universus
1740 5265 1971 5333 repletus

411 5365 551 5421 erat,
584 5358 773 5413 statuit
800 5355 1117 5411 universalis
1142 5356 1381 5413 Ecclesia
1412 5357 1671 5427 jejunium
1698 5354 1965 5425 publicum

413 5445 468 5497 in
491 5445 596 5500 isto
638 5447 726 5503 die
758 5446 895 5509 ﬁeri,
917 5441 1178 5515 q‘uatenus
1230 5444 1315 5501 his
1346 5443 1737 5502 calamitatibus
1781 5452 1969 5498 auctor

419 5522 537 5587 vita:
558 5534 718 5591 ﬁnem
740 5536 1051 5607 imponeret.
1105 5531 1211 5587 Sed
1239 5536 1362 5604 quia
1405 5535 1630 5592 Domino
1665 5532 1921 5603 largiente
1946 5574 1960 5597 ,

2045 510 2149 566 que
2178 494 2573 561 similitudines,
2596 496 2739 565 quod
2773 483 2933 560 absit,
2964 494 3140 550 adhuc
3166 494 3367 549 lateant
3394 496 3449 549 in
3476 493 3606 549 feris

2043 584 2364 649 hominibus,
2397 584 2542 640 omni
2591 594 2769 639 tamen
2808 584 3089 640 conamine
3118 584 3462 654 prohibenda
3481 589 3606 638 sunt

2045 672 2478 743 atque-pellenda
2502 691 2515 725 :
2546 687 2721 741 neque
2746 672 2890 727 enim
2908 671 3051 736 aliud
3078 673 3370 742 quidquam
3399 672 3525 727 novi
3546 673 3603 726 in

2045 760 2347 817 istiusmodi
2373 752 2597 816 Kalend.
2627 762 3058 831 praesumendum
3095 770 3200 825 est,
3232 762 3335 816 nisi
3387 761 3528 830 quod
3552 769 3608 817 et

2043 853 2099 908 in
2125 850 2245 906 aliis
2272 850 2491 907 Kalend.
2520 854 2803 915 mensium,
2836 861 3058 921 excepto
3102 852 3244 922 quod
3269 862 3471 908 octava:
3492 853 3603 907 De-

2046 943 2254 998 minica:
2274 958 2393 999 cum
2413 945 2608 998 eximio
2639 944 2785 999 cultu
2812 943 3170 1009 celebrentur,
3194 952 3255 997 ut
3282 959 3441 1013 supra
3464 958 3603 1013 prae-

2047 1032 2211 1087 ﬁxum
2243 1041 2345 1087 est.
2380 1031 2485 1087 Sed
2512 1047 2683 1102 neque
2710 1030 2837 1087 illud
2864 1033 3193 1088 reticendum
3223 1073 3239 1098 ,
3294 1032 3437 1102 quod
3481 1034 3605 1087 dum

2047 1123 2274 1191 quadam
2294 1122 2381 1176 die
2428 1123 2510 1177 ha:
2538 1121 2942 1191 superstitiones
2967 1121 3245 1177 diabolica:
3280 1120 3467 1175 Romae
3486 1134 3610 1190 age-

2048 1220 2256 1274 rentur,
2285 1212 2501 1281 quidam
2530 1220 2743 1267 sanctus
2761 1210 3072 1267 Almachius
3090 1226 3212 1266 cum
3231 1211 3437 1267 diceret
3463 1230 3476 1264 :
3502 1209 3607 1264 lio-

2046 1300 2134 1355 die
2150 1309 2354 1355 octavae
2382 1301 2489 1355 diei
2510 1301 2798 1356 Dominica:
2819 1308 2963 1365 sunt,
2994 1310 3201 1356 cessate
3222 1302 3291 1356 ab
3311 1301 3396 1355 his
3416 1316 3607 1369 super-

2048 1384 2354 1447 stitionibus
2383 1392 2643 1465 idolorum
2677 1399 2732 1446 et
2776 1390 3055 1446 sacriﬁciis
3090 1390 3349 1461 pollutis;
3386 1388 3609 1457 iubente

2048 1480 2239 1550 Alypio
2270 1478 2416 1535 urbis
2460 1478 2728 1550 praelecto,
2756 1480 2857 1533 hac
2884 1479 2949 1533 de
2981 1494 3145 1534 causa
3163 1478 3478 1533 interfectus
3504 1485 3605 1533 est.

2173 1680 2179 1689 '
2240 1674 2322 1727 'DE
2362 1672 2691 1713 THEOPHANIA
2730 1674 2829 1713 νει.
2867 1674 3143 1711 ΕΡΙΡΒΑΝΙΑ
3180 1672 3387 1713 DOIINI.

1977 1727 2023 1787 Β
2123 1744 2443 1801 Solemnitas
2480 1748 2593 1800 haec
2615 1748 2994 1810 sacratissima,
3017 1762 3136 1816 qua:
3156 1761 3185 1799 a
3208 1744 3409 1800 Graecis
3432 1745 3607 1798 Theo-

2046 1835 2243 1906 phania
2271 1835 2352 1888 vel
2376 1835 2667 1904 Epiphania
2702 1842 3059 1904 nuncupatur,
3090 1834 3283 1888 Latine
3306 1850 3433 1888 vero
3453 1848 3610 1903 appa-

2048 1923 2171 1977 ritio
2219 1938 2313 1977 seu
2350 1924 2612 1986 ostensio,
2644 1923 2728 1976 vel
2774 1922 3139 1978 manifestatio
3188 1922 3608 1991 interpretatur,

2046 2014 2358 2069 multimoda
2383 2015 2437 2067 in
2463 2030 2519 2067 se
2542 2006 2778 2075 continet
2810 2016 3086 2084 mysteria.
3114 2014 3247 2068 Cum
3270 2016 3412 2068 enim
3452 2014 3609 2067 Chri-

2047 2110 2163 2157 stus
2196 2119 2364 2172 nuper
2382 2119 2445 2157 ex
2469 2104 2587 2158 alvo
2609 2104 2843 2175 Virginis
2888 2106 3256 2174 egrederetur,
3287 2103 3421 2174 Magi
3452 2102 3615 2157 Chal-

2049 2188 2147 2248 dmi
2187 2194 2240 2246 in
2262 2192 2476 2249 Ol‘iente
2502 2195 2708 2249 stellam
2752 2196 2994 2250 videntes
3033 2183 3197 2250 nimia
3224 2195 3466 2249 claritate
3512 2193 3614 2247 fui-

2051 2288 2265 2351 gentem
2292 2281 2363 2333 ita
2390 2290 2449 2334 ut
2476 2282 2643 2335 solem
2670 2282 2787 2337 luce
2817 2290 3116 2351 superaret,
3145 2291 3199 2336 ut
3240 2290 3394 2336 erant
3439 2281 3614 2336 edocti

2051 2370 2107 2423 in
2127 2384 2284 2423 cursu
2322 2378 2587 2424 astrorum
2605 2410 2621 2434 ,
2666 2371 3154 2425 animadverterunt
3176 2371 3316 2424 hanc
3344 2382 3463 2424 esse
3482 2369 3614 2424 stel—

2052 2458 2181 2537 lam,
2202 2475 2359 2528 quam
2394 2461 2518 2515 olim
2555 2460 2772 2515 Balaam
2806 2460 3092 2515 Madianita
3121 2501 3136 2525 ,
3189 2460 3342 2528 cujus
3371 2460 3614 2514 traditio~

2052 2565 2175 2605 nem
2202 2555 2579 2619 sequebantur,
2610 2556 2930 2623 prtedixerat
2970 2555 3041 2608 ita
3089 2556 3433 2609 adfuturam:
3468 2554 3617 2608 Orie-

2054 2649 2140 2694 tur
2166 2641 2313 2695 stella
2341 2658 2405 2695 ea:
2431 2640 2594 2696 Iacob
2619 2643 2805 2714 (Num.
2842 2660 2951 2710 xrv,
2991 2643 3101 2715 17),
3123 2652 3177 2697 et
3198 2643 3422 2712 reliqua.
3464 2644 3619 2699 Vide—

2055 2736 2212 2811 batur
2240 2734 2382 2787 enim
2410 2733 2557 2787 sidus
2575 2748 2671 2804 per
2696 2734 2856 2789 diem.
2898 2736 3123 2807 Istorum
3159 2735 3299 2788 enim
3340 2733 3613 2807 Magorum

2054 2829 2280 2902 primus,
2303 2826 2618 2880 Zoroastres
2647 2840 2741 2880 rex
2785 2826 3010 2893 exstitit,
3039 2842 3069 2879 a
3090 2840 3196 2897 quo
3224 2824 3481 2897 originem
3536 2824 3616 2879 fe-

2057 2933 2248 2977 runtur
2294 2921 2540 2977 traxisse.
2588 2917 2654 2975 lli
2701 2918 2961 2977 elementa
2998 2920 3411 2983 concutiebant,
3440 2919 3620 2985 turba-

2056 3014 2290 3082 bantque
2311 3021 2515 3066 mentes
2540 3012 2835 3066 hominum.
2882 3012 2959 3066 Ex
2987 3012 3209 3066 istorum
3233 3024 3423 3081 genere
3450 3023 3621 3077 quon-

2062 3104 2184 3157 dam
2212 3104 2263 3157 iu
2303 3102 2535 3175 Egypto
2590 3104 2901 3159 restiterunt
2922 3102 3112 3175 Moysi,
3133 3111 3403 3157 vertentes
3446 3100 3622 3169 virgas

2062 3194 2117 3248 in
2143 3198 2404 3249 dracones
2431 3208 2701 3262 aquasque
2722 3194 2775 3247 in
2806 3193 3135 3263 sanguinem.
3161 3190 3228 3243 Hi
3256 3189 3508 3256 astrologi
3535 3189 3620 3242 di—

2061 3283 2154 3346 cti,
2190 3295 2288 3335 nec
2314 3296 2418 3335 non
2447 3280 2765 3351 genethliaci
2816 3289 3035 3350 propter
3078 3279 3332 3334 natalium
3380 3279 3621 3359 conside-
3672 3314 3694 3335 .

2062 3373 2314 3430 rationes.
2353 3372 2585 3429 Geneses
2614 3375 2756 3428 enim
2775 3375 2983 3429 dierum
3008 3375 3284 3433 hominum
3305 3389 3400 3445 per
3423 3374 3621 3429 duode-
3694 3398 3705 3401 τ

2062 3464 2167 3519 cim
2190 3464 2364 3519 sidera
2392 3449 2511 3520 caeli
2546 3464 2935 3521 describebant.
2960 3460 3205 3522 Siderum
3228 3480 3438 3534 quoque
3463 3479 3622 3519 cursu

2063 3558 2397 3613 nascentium
2420 3573 2612 3621 mores,
2642 3548 2967 3627 eventusque
2988 3557 3422 3627 pronuntiabant,
3448 3556 3501 3608 id
3519 3564 3623 3619 est,

2062 3648 2183 3715 quis
2218 3646 2361 3715 quali
2384 3646 2534 3715 signo
2552 3646 2743 3707 fuisset
2779 3655 2954 3710 natus,
2975 3654 3065 3700 aut
3085 3660 3242 3714 quem
3264 3644 3510 3701 ell'ectum
3532 3645 3626 3698 ba-
3682 3638 3683 3641 “

2062 3736 2213 3790 heret
2259 3736 2401 3805 vitta,
2432 3722 2531 3805 qui
2553 3736 2890 3791 nascebatur.
2944 3737 3007 3791 lli
3055 3737 3212 3807 vulgo
3261 3735 3626 3791 mathematici

2064 3824 2484 3896 appellabantur,
2518 3823 2669 3892 cujus
2696 3825 3107 3904 superstitionis
3136 3841 3301 3896 genus
3340 3826 3626 3883 constella-

2064 3917 2237 3972 tiones
2261 3916 2451 3972 Latine
2485 3917 2766 3981 vocabant,
2792 3916 2845 3972 id
2878 3925 2980 3983 est,
3022 3918 3323 3973 notationes
3367 3908 3623 3981 siderum,

2065 4008 2330 4079 quomodo
2374 4023 2432 4064 se
2462 3996 2740 4073 haberent,
2770 4024 2894 4065 cum
2935 4010 3056 4079 quis
3094 4018 3421 4065 nasceretur.
3452 4006 3617 4062 Iidem

2065 4108 2243 4155 autem
2271 4097 2543 4152 stellarum
2574 4099 2891 4166 interpretes
2919 4098 3382 4169 nuncupabantur,
3405 4096 3545 4150 sicut
3569 4104 3626 4149 et

2066 4190 2130 4243 de
2161 4181 2245 4242 his
2263 4187 2479 4257 legitur,
2510 4188 2598 4257 qui
2626 4188 2680 4240 in
2702 4186 2988 4254 Evangelio
3016 4193 3197 4239 natum
3231 4184 3505 4240 Christum
3532 4200 3627 4238 an-

2065 4276 2465 4339 nuntiaverunt,
2494 4283 2677 4345 postea
2717 4282 2893 4328 autem
2928 4276 3043 4329 solo
3093 4275 3307 4329 nomine
3331 4275 3628 4349 matbema-

1994 4384 2047 4445 ι)
2070 4367 2182 4422 tici.
2212 4364 2373 4434 Cujus
2393 4365 2524 4419 artis
2561 4364 2782 4418 scientia
2828 4378 2997 4432 usque
3046 4364 3111 4418 ad
3141 4364 3488 4435 Evangelium
3531 4364 3632 4418 fuit

2070 4473 2343 4523 concessa,
2373 4466 2433 4510 ut
2460 4456 2674 4511 Christo
2722 4452 2866 4512 edito
2890 4473 3046 4512 nemo
3082 4458 3272 4512 exinde
3296 4457 3628 4511 nativitatem

2071 4548 2296 4619 alicujus
2323 4549 2388 4602 de
2425 4547 2563 4603 caelo
2593 4547 3057 4620 interpretaretur.
3087 4547 3237 4603 Unde
3264 4562 3389 4601 mox
3414 4552 3628 4615 pertur-

2066 4640 2177 4695 bati
2202 4647 2361 4709 atque
2387 4638 2665 4694 conterriti
2692 4652 2757 4692 ex
2786 4638 2988 4693 visione
3029 4637 3241 4700 sideris,
3263 4634 3493 4706 acceptis
3514 4647 3632 4686 mu-

2066 4732 2305 4799 aeribus,
2333 4738 2604 4802 prmeunte
2630 4745 2723 4786 eos
2752 4730 2903 4786 stella
2923 4729 2990 4784 ad
3011 4729 3212 4784 Christi
3231 4726 3489 4782 cunabula
3519 4734 3631 4781 ter-

2071 4824 2354 4880 tiodecimo
2374 4823 2480 4887 die,
2501 4822 2640 4890 quod
2661 4830 2743 4877 est
2785 4820 2942 4877 hodie
2964 4860 2980 4884 ,
3025 4821 3079 4873 in
3129 4818 3400 4873 Bethleem
3446 4832 3630 4889 perve.

2071 4914 2245 4969 niunt.
2273 4911 2439 4978 Quem
2467 4908 2671 4963 tiaratis
2698 4909 2930 4963 vultibus
2958 4907 3245 4963 adorantes
3269 4948 3284 4973 ,
3332 4907 3505 4962 laetata
3549 4914 3633 4961 est

2074 5017 2238 5072 sagax
2261 4998 2543 5055 curiositas
2562 4996 2950 5063 Chaldmorum,
2971 4996 3096 5068 quia
3123 4997 3273 5052 illum
3300 4996 3550 5051 videbant
3574 4995 3628 5047 in

2074 5089 2233 5145 terris
2257 5087 2455 5142 editum
2481 5128 2495 5151 ,
2539 5101 2697 5155 quem
2722 5087 2774 5140 in
2797 5087 2947 5142 cmlis
2966 5093 3322 5157 cognoverant
3360 5093 3629 5137 astrorum

2078 5179 2283 5234 lacibus
2309 5192 2427 5233 esse
2453 5177 2813 5248 praesagitum.
2838 5177 2934 5233 Cui
2958 5178 3116 5232 etiam
3141 5188 3358 5229 munera
3379 5170 3628 5236 oﬁ‘erunt,

2079 5274 2178 5325 hoc
2201 5275 2304 5330 est,
2324 5256 2533 5327 aurum.
2562 5269 2683 5322 tbus
2708 5276 2762 5322 et
2791 5268 3080 5339 myrrham.
3115 5263 3249 5330 Quia
3274 5278 3305 5316 a
3343 5261 3497 5331 longe
3534 5276 3629 5315 ve-

2072 5358 2244 5419 niunt,
2274 5356 2508 5425 gentium
2538 5357 2761 5425 populos
2789 5356 2959 5411 lucem
2988 5352 3108 5407 ﬁdei
3159 5353 3467 5423 cognituros
3496 5367 3630 5420 pnn-

2070 5448 2301 5517 sagiunt.
2336 5444 2440 5499 Per
2466 5462 2657 5501 aurum
2704 5460 2796 5501 rex
2838 5444 3154 5500 ostenditur.
3196 5444 3252 5497 In
3290 5445 3447 5497 thure
3490 5442 3637 5499 Deus.

2069 5533 2417 5605 dignoscitur.
2444 5534 2549 5589 Per
2583 5536 2870 5604 myrrham,
2892 5533 3048 5589 homo
3061 5540 3432 5607 passus_atque
3456 5532 3630 5603 sepul-

488 5663 510 5690 ⁸
557 5650 669 5707 Vid.
706 5648 941 5705 Maricae
961 5648 1027 5705 de
1050 5647 1281 5720 Antiqua
1301 5640 1958 5717 Ecclesfdisciplinamap.
2002 5646 2085 5713 l5,
2113 5661 2260 5699 num.
2294 5630 2378 5711 (ὃ,
2413 5660 2531 5715 pag.
2586 5643 2701 5697 l03.
