4232 6210
544 183 676 239 1179

1367 181 1422 234 Β.
1465 178 1523 231 F.
1568 174 1791 230 ALBINl
1835 172 1964 228 δίει
2003 169 2280 227 Αιαυικι
2320 168 2605 227 OPERUM
2641 169 2823 227 PARS
2860 170 2951 227 IX.

3659 168 3796 224 H80

537 312 644 357 tus.
673 301 797 358 llaec
826 302 964 355 dona
991 298 1259 353 Juvencus
1288 299 1566 367 presbyter
1592 296 1728 371 mire
1748 292 1967 366 [metro]
1986 307 2111 348 con-
2138 293 2189 351 Α
2213 294 2358 349 sunt,
2390 284 2609 340 inchoat
2634 284 2831 341 facere.
2864 286 3016 342 Unde
3041 286 3275 354 primum
3303 293 3421 341 erat
3446 284 3791 353 miraculum,

535 394 700 449 clusit
723 412 735 446 :

539 506 746 567 Aurum,
789 506 920 566 thus,
959 503 1221 565 myrrham,
1261 501 1489 563 regique,
1527 499 1753 563 Deoque,
1799 500 2104 561 hominique,

540 565 676 615 bona
696 565 877 615 ferunt.

601 667 659 722 ln
680 670 779 722 hac
804 667 891 721 die
909 682 1075 721 unum
1115 666 1413 721 amittimus
1438 680 1505 719 ex
1534 666 1640 731 his,
1674 679 1792 735 qure
1818 665 1870 718 in
1916 664 2107 718 nativi-

531 766 641 812 tate
666 758 876 813 Domini
926 758 1262 812 celebramus
1288 797 1304 822 ,
1345 758 1449 811 hoc
1473 762 1590 817 est,
1644 753 2012 808 invitatorium
2053 763 2101 805 ι.

530 848 809 902 lnstitutor
834 857 1010 903 autem
1029 848 1349 912 ofﬁciorum,
1376 847 1430 900 in
1457 854 1715 915 quantum
1735 846 1929 914 potuit,
1944 844 2106 898 actio-

527 955 651 993 nem
683 938 826 993 illius
847 940 1122 1009 temporis,
1146 939 1361 1009 quando
1392 937 1479 991 illa
1523 937 1823 1006 agebantur
1858 949 1977 1003 qua:
2018 949 2104 987 re-

528 1032 775 1098 colimus,
807 1032 860 1085 in
886 1032 1086 1085 usitato
1113 1029 1295 1085 ofﬁcio
1322 1030 1490 1084 voluit
1516 1029 1583 1085 ad
1609 1027 1922 1082 memoriam
1948 1026 2103 1082 nobis

527 1123 785 1178 reducere
814 1141 825 1175 :
858 1121 1081 1183 scilicet,
1108 1121 1231 1189 quia
1265 1119 1435 1173 voluit
1454 1119 1507 1172 in
1533 1116 2103 1187 isto_distinguerenu-

529 1224 698 1267 stram
729 1213 924 1268 bonam
970 1212 1365 1273 invitationem,
1418 1223 1523 1279 qua
1561 1207 1856 1261 invitantur
1880 1215 1935 1260 et
1959 1206 2104 1260 exci-

527 1314 714 1360 tantur
734 1303 918 1359 ﬁdeles
942 1303 1009 1359 ad
1038 1303 1209 1357 Deum
1246 1302 1659 1371 deprecandum,
1687 1299 1755 1354 ab
1788 1299 2103 1353 invitatione

527 1395 773 1459 llerodis,
805 1394 894 1464 qui
925 1402 1207 1464 propterea
1240 1391 1587 1464 congregavit
1615 1390 1821 1445 scribas
1864 1398 1919 1444 et
1948 1387 2090 1458 prin~

524 1485 672 1553 cipes
693 1482 1019 1547 Judteorum,
1055 1492 1113 1537 ut
1168 1482 1333 1537 sciret
1360 1481 1451 1536 ubi
1478 1480 1725 1534 Christus
1769 1484 2098 1542 nasceretur,

521 1589 682 1643 quem
714 1573 984 1643 cogitabat
1030 1572 1360 1637 interﬁcere,
1409 1570 1775 1625 invitatorium
1821 1568 2101 1637 prmsentis

2206 377 2352 445 quod
2379 385 2502 446 post
2530 377 2914 431 revelationem
2943 376 3088 438 anni,
3117 377 3333 445 quando
3360 384 3584 431 vocatus
3610 385 3695 430 est
3722 379 3790 430 ad

2206 472 2442 539 nuptias,
2491 485 2662 539 aquas
2690 470 2743 524 in
2772 469 2957 522 vinum
2999 469 3285 533 convertit,
3326 468 3467 536 quod
3514 475 3600 522 est
3626 470 3791 522 tertio

2206 561 2293 615 die
2341 570 2463 629 post
2488 560 2829 615 vocationem
2870 558 3273 626 discipulorum.
3322 558 3515 612 Vinum
3545 559 3687 612 istud
3723 572 3789 611 ex

2207 664 2347 719 aqua
2378 648 2602 715 factum,
2633 650 2813 704 divina
2836 658 3103 719 praecepta
3128 662 3220 702 seu
3242 646 3548 718 Scripturas
3574 657 3791 704 sanctas

2206 742 2627 804 meracissimas,
2660 742 2900 811 vigorem
2931 740 3165 796 cmlestis
3191 738 3470 811 sapientia:
3500 742 3786 796 continen-

2208 839 2312 897 tes,
2344 831 2715 903 intelligimus.
2762 830 2854 885 Hze
2870 831 3074 900 nuptiae
3105 831 3297 902 gaudia
3323 830 3517 886 salutis
3536 832 3788 885 humanae

2205 924 2545 997 signiﬁcant:
2574 942 2668 981 sex
2688 928 2917 997 hydrize,
2941 943 3036 982 sex
3062 928 3248 981 mundi
3273 935 3461 982 aetates
3480 927 3783 997 designant,

2205 1032 2303 1086 per
2331 1033 2465 1087 quas
2486 1015 2620 1086 justi
2651 1018 2881 1087 ﬁguram
2908 1018 3119 1073 Domini
3155 1019 3529 1088 prtetulerunt.
3564 1018 3667 1073 Per
3699 1035 3786 1073 ar—

2205 1110 2591 1175 chitriclinum,
2622 1108 2976 1183 fortissimum
3003 1110 3414 1179 prmdieatorem
3449 1107 3672 1162 Paulum
3701 1110 3784 1164 in-

2205 1200 2513 1269 telligimus.
2562 1198 2717 1254 Fecit
2742 1194 2908 1255 etiam
2956 1200 3115 1255 hodie
3144 1215 3398 1272 magnum
3440 1199 3779 1267 miraculum,

2205 1290 2419 1358 quando
2441 1290 2505 1345 de
2531 1291 2769 1361 quinque
2798 1290 3025 1361 panibus
3044 1300 3107 1358 et
3136 1292 3345 1347 duobus
3364 1291 3609 1362 piscibus
3635 1293 3780 1364 pavit

2206 1380 2446 1450 quinque
2475 1380 2643 1434 millia
2675 1382 2973 1436 hominum.
3004 1379 3251 1451 Quinque
3277 1380 3444 1435 millia
3478 1382 3778 1447 hominum,

2203 1471 2292 1539 qui
2323 1473 2560 1541 quinque
2592 1471 2824 1540 panibus
2851 1479 2908 1526 et
2951 1471 3157 1527 duobus
3192 1472 3430 1541 piscibus
3466 1473 3607 1543 pasti
3633 1462 3779 1537 sunt,

2204 1561 2458 1616 Ecclesim
2487 1568 2612 1615 sunt
2635 1544 2841 1630 populi,
2865 1561 2954 1630 qui
2981 1570 3102 1631 post
3126 1563 3360 1631 quinque
3383 1576 3575 1618 sensus
3599 1578 3777 1629 corpo-

521 1633 686 1717 ofﬁcii
712 1633 914 1717 omisit.
940 1661 1187 1717 Psalmus
1226 1633 1439 1716 autem:
1478 1660 1617 1713 Deus
1645 1633 2101 1728 noster—refugium
2137 1633 2177 1692 Β
2206 1651 2301 1715 ris,
2334 1651 2588 1725 alimento
2615 1650 2748 1721 legis
2776 1651 3003 1721 spiritali
3045 1666 3076 1704 a
3114 1651 3330 1707 Christo
3351 1653 3684 1715 reﬁciuntur,
3728 1661 3782 1707 et

521 1763 569 1805 et
597 1755 757 1807 virtus
782 1751 952 1823 (Psal.
987 1768 1111 1817 va,
1141 1752 1195 1821 2)
1224 1792 1238 1816 ,
1290 1759 1621 1823 prmpostero
1650 1749 1838 1803 ordine
1863 1788 1878 1811 ,
1925 1755 2105 1802 canta-

524 1853 634 1907 tur,
659 1843 783 1913 quia
813 1843 964 1912 prius
986 1843 1237 1896 adoratus
1261 1849 1345 1897 est
1365 1858 1394 1894 a
1419 1841 1589 1911 Magis
1635 1840 1911 1903 Dominus,
1940 1855 2101 1908 quam

523 1950 553 1985 a
582 1931 789 1989 Joanne
824 1933 1146 2003 baptizatus.
1187 1934 1253 1987 Et
1278 1933 1507 1989 fortasse
1534 1932 1809 1987 institutor
1837 1932 1990 1987 istius
2015 1931 2099 1986 of-

523 2026 628 2079 ficii
662 2025 836 2096 magis
861 2025 1029 2079 voluit
1071 2024 1271 2079 imitari
1296 2025 1541 2079 ordinem
1592 2024 1915 2079 venientium
1974 2022 2103 2079 ﬁde-

432 2180 437 2187 _
523 2116 651 2168 lium
677 2115 744 2169 ad
788 2115 1136 2184 baptismum,
1166 2128 1327 2183 quam
1376 2115 1528 2183 sequi
1577 2114 1824 2168 ordinem
1870 2111 2103 2183 psalmo—

522 2219 661 2258 rum.
689 2203 837 2259 Tunc
856 2218 986 2275 ergo
1000 2203 1141 2258 bene
1167 2202 1235 2260 ad
1260 2203 1575 2257 memoriam
1607 2202 1938 2257 reducuntur
1956 2201 2098 2258 facta

517 2294 811 2363 praeterita,
834 2308 956 2349 cum
984 2295 1222 2351 rationes
1242 2294 1439 2348 rationi
1466 2293 1815 2349 conveniunt.
1997 2288 2011 2301 ⁸

1143 2423 1375 2481 CAPUT
1415 2424 1503 2479 VI.
1604 2474 1607 2475 ν

1019 2556 1089 2594 DE
1115 2556 1176 2595 ΒΑ
1184 2554 1374 2595 1³1⁵15κο
1386 2605 1390 2609 ἑ
1400 2556 1604 2597 DOIINI.

589 2651 830 2722 Expletis
852 2650 1054 2707 Christi
1084 2652 1240 2722 quasi
1281 2652 1501 2722 triginta
1539 2667 1806 2708 annorum
1850 2640 2098 2708 curricu-

518 2745 604 2811 lis,
636 2745 784 2801 venit
812 2745 865 2798 in
891 2742 1182 2797 Jordanem
1210 2746 1276 2797 ad
1306 2743 1566 2797 Joannem
1585 2786 1599 2810 ,
1647 2754 1707 2798 ut
1734 2745 2101 2813 baptizaretur

519 2837 587 2889 ab
611 2850 708 2901 eo,
754 2850 895 2889 anno
932 2834 1183 2889 videlicet
1213 2835 1614 2904 decimoquinto
1658 2835 1866 2904 imperii
1900 2835 2099 2890 Tiberii

515 2922 769 2985 (Ezesaris,
797 2922 897 2975 sub
925 2922 1209 2977 Valeriano
1230 2932 1285 2978 et
1314 2924 1551 2978 Asiatico
1580 2925 1888 2978 consulibus
1916 2924 1966 2997 ξ),
2000 2940 2098 2979 nec

519 3026 627 3064 non
674 3010 728 3063 in
770 3007 950 3064 Judaza
982 3020 1214 3078 quatuor
1250 3013 1542 3074 tetrarchis
1576 3012 1997 3079 dominantibus,
2046 3013 2098 3067 id

514 3110 623 3163 νει,
655 3100 887 3165 Herode,
918 3101 1163 3171 Philippo
1197 3110 1251 3154 et
1276 3100 1528 3171 Lysania,
1569 3102 1692 3155 ﬁliis
1721 3101 1947 3157 Herodis
1981 3118 2097 3156 ma-

509 3189 683 3257 joris:
717 3205 811 3246 seu
838 3190 1012 3246 Pilato
1039 3192 1270 3262 prtcside
1300 3191 1566 3257 Romano,
1606 3194 1888 3264 agentibus
1918 3196 2097 3264 ponti-

520 3283 736 3335 lieatum
767 3280 920 3334 Anna
945 3290 1001 3334 et
1024 3281 1247 3351 Caipha.
1295 3282 1508 3336 Peracti
1538 3284 1683 3337 enim
1713 3292 1869 3339 erant
1895 3285 1961 3339 ab
1990 3285 2096 3340 ini-

518 3374 592 3427 tio
618 3373 802 3426 mundi
828 3372 1120 3427 secundum
1144 3371 1465 3427 Hebraicam
1499 3375 1786 3429 veritatem
1813 3378 1938 3443 anni
1965 3392 2098 3447 qua-

520 3473 601 3517 ter
620 3462 766 3518 mille
792 3461 967 3535 [Leg.,
995 3470 1079 3517 ter
1102 3462 1268 3526 mille,
1300 3474 1354 3517 ut
1384 3482 1543 3535 supra
1564 3482 1680 3536 cap.
1716 3465 1789 3537 1].
1822 3467 2094 3536 nongenti,

517 3554 785 3624 octoginta
830 3554 960 3619 duo,
1006 3553 1286 3619 aantato,
1335 3556 1477 3625 quod
1524 3556 1732 3611 decimo
1768 3564 1922 3611 sexto
1958 3571 2099 3610 anno

517 3644 717 3699 Tiberii
751 3643 1074 3715 principium
1123 3644 1285 3700 fuerit
1330 3648 1643 3717 octogesimi
1673 3648 1832 3717 primi
1870 3646 2093 3717 jubilrei.

514 3732 673 3789 Juxta
702 3734 1054 3805 Septuaginta
1085 3739 1437 3810 interpretum
1468 3756 1599 3795 vero
1626 3732 1942 3806 editiOnem,
1972 3741 2097 3795 anni

516 3835 642 3881 sunt
672 3828 960 3898 quinquies
987 3830 1135 3885 mille
1169 3833 1383 3886 ducenti
1406 3833 1597 3903 viginti
1627 3848 1840 3887 novem.
1867 3828 1974 3886 Pro
2004 3834 2101 3885 tri—

515 3916 615 3972 bus
638 3917 781 3972 enim
808 3917 988 3973 causis
1020 3919 1322 3990 baptizatus
1358 3928 1441 3975 cst
1481 3921 1779 3976 Dominus:
1818 3922 2013 3991 primo,
2033 3931 2102 3975 ut

517 4006 643 4075 quia
686 4006 848 4063 homo
886 4015 1041 4072 erat,
1082 4023 1296 4064 omnem
1332 4002 1599 4079 justitiam
1641 4010 1774 4081 legis
1815 4012 2095 4082 impleret;

516 4095 765 4159 secundo,
797 4104 858 4150 ut
893 4096 1056 4171 465
1085 4098 1356 4170 baptismo
1386 4117 1482 4155 suo
1509 4099 1735 4156 Joannis
1773 4102 2099 4173 baptismum

517 4190 920 4257 comprobaret;
946 4194 1129 4258 tertio,
1158 4194 1236 4248 uti
1260 4192 1512 4248 Jordanis
1536 4210 1705 4263 aquas
1729 4194 2095 4258 sanctiﬁcans,

449 4339 456 4344 _
519 4292 615 4345 per
639 4277 1041 4337 descensionem
1069 4283 1329 4339 columbae
1356 4283 1591 4353 Spiritus
1608 4285 1779 4339 sancti
1805 4285 1859 4338 in
1880 4284 2098 4340 lavacro
2130 4317 2177 4377 ο

518 4369 850 4423 credentium
899 4382 1222 4428 monstraret
1249 4376 1559 4431 adventum.
1613 4377 1742 4432 Post
1767 4377 2095 4447 baptismum

519 4460 662 4515 illico
684 4460 876 4515 ductus
909 4468 991 4516 est
1017 4462 1073 4516 in
1102 4463 1372 4517 desertum
1402 4481 1431 4517 a
1454 4466 1678 4535 Spiritu,
1713 4476 1773 4523 ut
1801 4478 2096 4524 tentaretur

520 4567 549 4604 a
589 4550 823 4615 diabolo,
871 4559 925 4604 et
955 4552 1117 4625 cmpit
1154 4550 1403 4621 jejun‘are'
1426 4569 1524 4623 pro
1559 4556 1712 4609 nobis
1740 4544 2096 4628 quadraginta

520 4640 707 4695 diebus
735 4651 789 4695 et
815 4639 1171 4713 quadraginta
1201 4642 1466 4697 noctibus.
1501 4636 1821 4698 Secundum
1845 4647 1984 4702 hanc
2010 4663 2097 4701 ra-

522 4732 721 4788 tionem
748 4743 985 4805 coeptum
1013 4743 1097 4789 est
1115 4733 1378 4803 jejunium
1410 4752 1439 4787 a
1482 4732 1751 4805 baptismo
1780 4736 2011 4803 Domini,
2042 4748 2095 4793 et

520 4822 754 4881 solutum
786 4834 868 4881 est
895 4827 1295 4898 decimoquinto
1321 4825 1544 4883 Kalend.
1584 4826 1837 4893 Martias,
1882 4829 2096 4897 quando

521 4911 767 4967 diabolus
792 4913 1045 4971 confusus
1075 4918 1143 4972 ab
1173 4933 1237 4971 eo
1268 4918 1512 4974 recessit.
1558 4917 1769 4972 Abhinc
1797 4932 2011 4989 quoque
2042 4918 2095 4972 in

518 5004 745 5073 populos
772 5004 929 5059 Jesus
971 5004 1219 5061 Christus
1263 5009 1555 5063 salutarem
1598 5009 1741 5063 viam
1788 5008 2093 5071 annuntiat,

520 5096 690 5167 signis
715 5104 877 5166 atque
910 5096 1198 5151 virtutibus
1223 5114 1345 5157 vera
1392 5100 1751 5171 comprobans
1776 5113 1925 5164 esse,
1978 5114 2099 5168 qua:

523 5188 745 5243 diceret.
801 5187 1057 5242 Miracula
1087 5188 1282 5253 etiam,
1330 5206 1449 5260 qua:
1491 5192 1541 5243 in
1572 5192 1862 5264 Evangelio
1898 5191 2098 5262 scripta

595 5352 619 5415 β
660 5341 777 5415 Vid.
808 5342 1047 5415 Martene
1070 5341 1297 5415 locacit.
1322 5357 1440 5415 cap:
1466 5342 1552 5405 H,
1578 5360 1725 5415 num.
1746 5345 1797 5407 6,
1827 5362 1947 5415 pag.
1976 5346 2094 5400 ΗΟ.

596 5410 623 5481 β
662 5413 810 5464 Anno
840 5427 905 5466 xv
934 5412 1136 5481 imperii
1187 5412 1373 5465 Tiberii
1396 5410 1646 5465 Cu’saris.
1674 5410 1858 5470 Potius
1885 5410 2099 5472 Valerio

525 5477 758 5533 Asiatico
785 5491 838 5534 ct
868 5477 1090 5536 Messala
1127 5484 1453 5547 consulibus,
1482 5483 1570 5551 qui
1624 5493 1801 5538 tamen
1852 5487 2100 5542 consules

530 5563 634 5601 nun
671 5562 824 5605 erant
852 5568 990 5606 anno
1027 5551 1225 5607 Tiberii
1257 5570 1359 5619 xv,
1422 5562 1477 5609 ut
1508 5567 1666 5620 Supra
1715 5557 2013 5611 notavimus
2045 5559 2096 5612 in

2203 1740 2401 1810 duplici
2432 1748 2756 1795 testamento
2799 1741 2951 1810 quasi
2998 1742 3238 1811 gemellis
3263 1741 3503 1813 piscibus
3528 1752 3778 1797 saturan-

2202 1836 2309 1881 tur.
2358 1827 2543 1897 Neque
2577 1829 2682 1884 hoc
2727 1829 3160 1898 prmtereundnm
3208 1838 3312 1895 est,
3360 1830 3502 1900 quod
3553 1830 3669 1885 hate
3698 1846 3781 1886 se-

2203 1924 2375 1978 cunda
2403 1924 2661 1978 nativitas
2686 1923 2885 1979 Christi
2914 1932 2992 1979 tot
3018 1922 3283 1979 illustrata
3312 1920 3585 1995 mysteriis
3615 1925 3781 1979 bono-

2202 2013 2373 2068 ratior
2401 2020 2508 2077 est,
2555 2028 2720 2083 quam
2762 2014 2958 2083 prima.
3016 2014 3167 2069 Tunc
3211 2014 3582 2069 tantummodo
3626 2023 3781 2070 natus

2200 2112 2304 2167 est,
2355 2111 2409 2156 et
2449 2103 2672 2174 angelus
2709 2112 2957 2173 pastores
2999 2103 3189 2160 aﬁ‘atus
3212 2112 3330 2160 est:
3370 2104 3531 2160 hodie
3575 2120 3702 2161 vero
3750 2121 3779 2158 a

2203 2193 2373 2264 Magis
2419 2208 2541 2248 cum
2582 2195 2896 2250 muneribus
2927 2195 3182 2250 adoratus
3210 2204 3330 2260 est;
3382 2195 3543 2250 hodie
3569 2211 3690 2251 cum
3728 2196 3781 2250 in
3854 2189 3863 2193 “

2201 2283 2507 2340 Jordanicis
2549 2285 2704 2354 aquis
2744 2284 3063 2356 tingeretur,
3113 2284 3283 2339 Filius
3310 2272 3593 2341 dilectusa
3625 2283 3782 2341 Patre

2200 2384 2423 2431 vocatus
2451 2386 2534 2431 est
2560 2375 2628 2432 de
2669 2378 2829 2443 coelo,
2862 2386 2917 2432 et
2964 2376 3201 2447 Spiritus
3243 2384 3466 2435 sanctus
3507 2378 3562 2432 in
3605 2377 3783 2447 specie

2203 2468 2465 2523 columba:
2492 2484 2654 2539 super
2673 2484 2798 2524 eum
2827 2470 2976 2525 visus
3000 2478 3102 2534 est,
3132 2485 3236 2526 nec
3260 2485 3369 2525 non
3387 2478 3511 2540 post
3527 2470 3782 2541 baptismi

2202 2567 2603 2634 sacramentum
2651 2567 2813 2630 caput
2842 2559 3095 2615 draconis
3120 2559 3413 2621 contritum
3460 2566 3579 2625 est;
3624 2560 3784 2615 hodie

2203 2664 2267 2703 ex
2300 2664 2439 2719 aqua
2467 2650 2653 2705 vinum
2684 2649 2883 2729 factum
2906 2658 3011 2713 est,
3039 2650 3323 2722 eidemque
3352 2649 3561 2706 caelesti
3588 2664 3783 2720 sponso

2202 2742 2445 2795 Ecclesia
2474 2739 2663 2810 juncta
2710 2750 2815 2808 est,
2866 2744 3085 2812 insuper
3127 2750 3181 2797 et
3230 2743 3468 2813 quinque
3506 2742 3781 2805 hominum

2202 2833 2367 2887 millia
2392 2833 2460 2888 ab
2490 2847 2555 2897 eo
2582 2832 2777 2899 refecta
2804 2843 2965 2901 sunt;
2997 2843 3052 2891 et
3078 2834 3280 2892 idcirco
3308 2834 3673 2891 manifestatio
3702 2822 3781 2888 in-

2203 2932 2553 2993 terpretatur,
2601 2926 2728 2995 quia
2775 2926 2827 2980 in
2858 2926 2942 2980 his
2984 2924 3331 2983 manifestare
3377 2939 3435 2980 se
3478 2924 3781 2979 hominibus

2202 3013 2455 3084 dignatus
2483 3022 2584 3068 est.
2636 3014 2792 3082 Quod
2838 3024 3018 3067 autem
3061 3014 3116 3067 in
3160 3015 3263 3068 hac
3293 3009 3584 3069 festivitate
3625 3030 3780 3079 nemo

2197 3112 2493 3173 prmsumat
2534 3104 2836 3175 baptizare,
2879 3112 3097 3159 sanctus
3133 3103 3243 3159 Leo
3278 3119 3412 3175 papa
3445 3105 3498 3159 in
3529 3104 3781 3160 Decreta-

2198 3195 2337 3249 libus
2370 3206 2390 3233 ε
2424 3194 2672 3264 prohibet
2701 3196 2775 3248 ita
2806 3213 2819 3248 :
2864 3214 2883 3245 ‹
2915 3195 2973 3249 Si
3003 3194 3125 3265 quis
3151 3204 3329 3271 autem
3365 3195 3677 3266 Epiphaniae
3703 3193 3782 3250 fe—

2198 3286 2511 3348 stivitatem,
2544 3301 2661 3355 quze
2691 3286 2744 3340 in
2772 3301 2870 3341 suo
2898 3286 3077 3342 debito
3101 3287 3306 3341 honore
3338 3285 3645 3340 veneranda
3676 3294 3777 3351 est,

2197 3376 2267 3428 ob
2312 3375 2416 3427 hoc
2460 3375 2737 3428 existimat
2780 3375 2981 3430 habere
3026 3372 3367 3444 privilegium
3416 3372 3777 3442 baptismatis,

2199 3463 2336 3517 sciat
2364 3462 2507 3517 illius
2535 3463 2789 3533 baptismi
2816 3464 2976 3519 aliam
3006 3464 3258 3535 gratiam,
3308 3462 3469 3517 aliam
3498 3461 3664 3519 fuisse
3692 3478 3778 3517 ra-

2156 3608 2160 3613 .
2200 3554 2424 3619 tionem,
2468 3569 2568 3608 nec
2600 3555 2668 3609 ad
2710 3570 2830 3609 eam
2860 3554 3185 3624 pertinuisse
3211 3554 3503 3621 virtutem,
3548 3568 3653 3623 qua
3680 3567 3781 3624 per

2199 3644 2461 3717 Spiritum
2503 3656 2749 3703 sanctum
2776 3655 3151 3705 renascuntur.
3204 3646 3462 3702 Dominus
3488 3662 3597 3703 non
3638 3645 3783 3703 indi-

2198 3752 2332 3805 gens
2382 3738 2703 3793 remissione
2746 3738 2975 3805 peccati,
3023 3751 3124 3790 ncc
3153 3736 3393 3791 remedio
3438 3739 3827 3801 renascendi,-

2199 3828 2277 3881 sic
2325 3826 2495 3880 voluit
2530 3826 2832 3896 baptizari,
2884 3826 3152 3896 quomodo
3189 3828 3243 3881 et
3287 3825 3624 3881 circumcidi.
3678 3827 3785 3883 Sed

2200 3922 2329 3969 tunc
2357 3915 2784 3986 regenerationis
2811 3915 3106 3985 potentiam
3132 3915 3589 3987 sanxittquando
3614 3918 3679 3973 de
3704 3917 3785 3973 la-

2202 4016 2317 4059 tere
2362 4004 2507 4059 illius
2553 4003 2922 4073 proﬂuxerunt
2968 4004 3185 4075 sanguis
3249 4004 3680 4075 redemptionis,
3720 4008 3786 4061 "et

2202 4112 2340 4166 aqua
2369 4096 2710 4166 baptismatis
2735 4111 2751 4150 :
2795 4095 2937 4152 unde
2976 4096 3031 4150 in
3072 4096 3407 4169 baptizandis
3430 4098 3622 4157 electis
3644 4140 3660 4165 ,
3691 4099 3793 4169 qui

2202 4190 2495 4245 secundum
2523 4180 2871 4261 aposmlicam
2904 4188 3145 4261 regulam
3188 4197 3243 4244 et
3277 4193 3603 4249 exorcismis
3631 4207 3783 4248 scru-

2206 4279 2377 4343 tandi,
2402 4288 2455 4331 et
2478 4276 2696 4347 jejuniis
2724 4279 3118 4344 sanctiﬁcandi,
3151 4287 3208 4333 et
3243 4277 3617 4350 frequentibus
3643 4297 3781 4352 prte—

2202 4364 2562 4423 dicationibus
2588 4369 2883 4436 imbuendi,
2914 4369 3022 4424 duo
3051 4377 3260 4424 tantum
3287 4378 3553 4438 tempora,
3594 4370 3652 4428 id
3676 4379 3779 4435 est,

2200 4460 2409 4516 Pascha
2437 4468 2493 4513 et
2510 4458 2887 4525 Pentecosten,
2928 4474 3049 4515 esse
3092 4458 3387 4525 servanda,
3433 4470 3659 4531 excepto
3686 4476 3782 4531 pro

2201 4551 2428 4607 mortuis
2454 4547 2713 4618 periculo,
2740 4557 2795 4609 et
2818 4550 2872 4604 in
2900 4550 3294 4620 persecutionis
3323 4553 3608 4624 angustiis,
3637 4562 3689 4608 et
3726 4553 3779 4607 in

2202 4658 2394 4697 umore
2418 4639 2681 4713 naufragii
2707 4641 2756 4696 (ι.
2806 4642 3159 4713 Aptissimum
3187 4659 3427 4717 namque
3472 4654 3576 4711 est,
3624 4653 3685 4699 ut
3726 4645 3779 4697 in

2201 4740 2376 4797 morte
2404 4732 2671 4797 cruciﬁxi,
2721 4733 2859 4790 etin
2904 4735 3310 4790 resurrectione
3353 4734 3575 4799 mortui,
3602 4732 3777 4802 pinni-

2203 4823 2369 4878 tentia
2394 4822 2649 4892 baptismi
2677 4838 2871 4880 novam
2898 4831 3147 4880 naturam
3168 4824 3375 4881 condat
3397 4838 3463 4878 ex
3486 4830 3690 4887 vetere,
3721 4832 3782 4877 ut

2204 4914 2258 4967 in
2303 4916 2706 4971 renascentibus
2750 4925 3007 4985 Operetur
3048 4920 3103 4969 et
3148 4916 3482 4972 resurrectio
3531 4902 3598 4972 et
3634 4933 3782 4974 mors

2205 5005 2429 5071 Christi,
2476 5009 2686 5067 dicente
2714 5005 3011 5076 Apostolo:
3059 5008 3139 5060 An
3174 5008 3433 5079 ignoratis
3455 5051 3471 5076 ,
3505 5012 3629 5083 quia
3660 5012 3779 5083 qui-

2206 5116 2406 5169 cunque
2445 5101 2690 5166 baptizari
2738 5115 2917 5154 ulmus
2962 5101 3017 5152 in
3056 5098 3266 5157 Christo
3302 5104 3469 5170 Jcsu,
3515 5105 3573 5158 in
3616 5112 3782 5158 morte

2203 5191 2365 5258 ipsius
2406 5192 2655 5261 baptizati
2688 5206 2867 5245 sumus
2892 5189 3065 5262 (Rom,
3108 5208 3187 5261 γι,
3215 5196 3315 5268 5)?
3344 5195 3447 5251 Per
3478 5195 3780 5253 triduanam

2204 5342 2403 5415 Monito
2430 5345 2647 5415 pﬁevio.

2275 5414 2697 5501 {Sanetus-beo
2714 5428 2875 5501 papa,
2922 5417 3081 5486 epist.
3124 5418 3213 5484 16,
3245 5420 3310 5474 ad
3356 5420 3638 5477 univerSos
3669 5416 3786 5485 ent.

2204 5500 2395 5552 scopas
2425 5485 2639 5545 Siciliae,
2672 5500 2791 5552 cap.
2826 5484 2892 5562 ϐ..

2272 5557 2295 5594 ά
2328 5557 2548 5618 ibidem,
2581 5570 2694 5623 cap.
2727 5556 2759 5608 5
2788 5564 2837 5608 cl
2865 5556 2915 5611 Ξ).

3902 16 4145 113 ,Ἴ
