4232 6228
301 161 437 224 1181

1110 162 1256 218 ΟΡΡ.
1300 157 1697 216 SUPPOSiTA.
1738 185 1805 194 —-
1842 154 1967 207 LIB.
2009 154 2097 207 DE
2134 152 2383 209 DIVIle
2418 149 2720 209 OFFICIIS.

3377 152 3512 209 “82

246 288 249 291 ’
302 286 448 343 enim
492 281 825 355 sepulturam
870 278 1111 341 imitatur
1146 276 1288 329 trina
1330 272 1595 331 demersio
1618 310 1634 337 ,
1687 279 1740 325 et
1786 270 1854 326 ab
1884 266 1930 326 Α
1957 262 2221 332 virginum
2248 262 2608 333 pmdentium,
2633 276 2821 316 omnes
2846 259 2999 316 electi
3026 259 3325 314 lucentibus
3348 262 3515 316 bono-

301 374 456 447 squis
480 354 693 445 levatio,
721 369 1049 443 resurgentis
1076 369 1244 424 instar
1262 375 1348 422 est
1371 369 1437 421 de
1463 354 1725 436 sepulcro.
1762 382 1779 415 ι

888 458 1112 515 CAPUT
1166 456 1274 513 VII.

595 567 662 608 DE
686 562 1093 607 IUIIHCA'I'IONE
1118 562 1331 602 SANCTE
1361 561 1563 601 IABLE.

372 646 447 700 De
484 647 587 702 hac
632 643 919 699 festivitate
964 648 1020 697 et
1066 639 1187 694 aliis
1228 636 1604 698 festivitatibus
1656 641 1855 706 sanctae

302 738 500 803 Mariae,
550 736 605 791 in
648 733 814 806 gestis
841 730 1241 788 Pontiﬁcalibus
1270 729 1464 800 legitur
1486 740 1537 793 ι,
1564 725 1707 796 quod
1731 724 1856 780 Ser-

302 830 421 900 gius
442 841 580 901 papa
603 823 918 895 praeceperit
954 820 1166 875 litanias
1203 819 1319 884 ﬁeri
1348 817 1402 872 in
1443 817 1529 873 die
1556 822 1855 887 praesenta-

302 918 463 974 tionis
486 916 697 971 Domini
725 916 780 969 in
804 912 1021 981 templo.
1043 910 1121 965 Ita
1145 911 1284 965 enim
1306 909 1564 978 scriptum
1585 915 1669 962 est
1691 924 1703 959 :
1741 924 1761 957 ‹
1785 905 1857 960 Ut

302 1009 355 1063 in
386 1007 573 1064 diebus
602 1003 1021 1077 annuntiatjonis
1040 996 1270 1064 Domini,
1307 997 1643 1053 dormitionis
1669 1011 1733 1051 ac
1757 1010 1856 1049 na-

301 1098 527 1154 tivitatis
551 1104 751 1152 sancta:
784 1090 881 1149 Dei
924 1091 1213 1163 Genitricis
1236 1089 1439 1154 Mariae,
1482 1094 1537 1166 et
1565 1086 1737 1143 sancti
1770 1085 1854 1140 Si-

300 1188 527 1253 meonis,
556 1186 701 1256 quod
722 1187 997 1243 ὺπαπαντή
1019 1180 1214 1249 dicitur
1248 1169 1454 1242 Graece,
1491 1193 1613 1233 cum
1654 1175 1856 1230 litaniis

298 1284 493 1341 exeant
533 1291 566 1330 a
612 1275 1094 1337 SanctoAdriano,
1140 1259 1197 1327 et
1234 1272 1301 1326 ad
1330 1270 1584 1325 Sanctam
1631 1267 1853 1323 Mariam

298 1367 523 1438 populus
549 1372 815 1421 occurrat.
848 1385 868 1417 ι
903 1364 1021 1434 Ipsa
1043 1377 1171 1433 ergo
1199 1362 1284 1417 die
1314 1376 1507 1416 aurora
1535 1359 1856 1414 ascendente

298 1457 539 1528 procedit
583 1455 758 1512 omnis
785 1453 961 1510 clerus
1004 1468 1099 1507 seu
1136 1451 1364 1522 populus
1407 1466 1527 1505 cum
1573 1449 1774 1503 litaniis
1800 1456 1855 1501 et

298 1547 601 1617 antiphonis
628 1547 698 1602 ad
726 1545 1007 1602 ecclesiam
1042 1543 1225 1599 Sancti
1257 1542 1510 1606 Adriani,
1541 1536 1857 1610 exspectau-

1958 372 2076 410 rum
2102 364 2315 411 actuum
2350 354 2682 426 lampadibus
2720 352 2935 409 obviam
2963 366 3158 422 sponso
3193 366 3256 406 ac
3278 353 3387 422 regi
3418 366 3515 406 suo

1862 480 1865 481 ν
1954 447 2248 509 venientes,
2291 460 2416 501 mox
2442 461 2563 500 cum
2584 459 2648 499 eo
2678 445 2744 499 ad
2770 444 2985 515 nuptias
3012 457 3256 512 supernae
3284 443 3516 506 civitatis

1956 537 2248 591 intrabunt.
2286 555 2307 589 ι

2537 619 2762 685 CAPUT
2798 626 2930 682 VIII.

1958 728 1979 755 ο
2019 733 2080 769 οε
2129 732 2546 778 εεΡτυΑϐεεηιΑ,
2593 734 2944 782 δειλοεεηιλ,
2996 733 3408 782 ρῠικρυλῦεειω
3447 735 3517 773 ετ

2522 801 2942 849 ουλυηΑδεειιιΑ.

2028 898 2428 970 Septuagesima
2462 906 2801 967 computatur
2829 899 3119 953 secundum
3162 897 3518 952 titulationem

1955 989 2368 1045 Sacramentarii
2401 996 2456 1043 et
2482 988 2856 1057 Antiphonarii
2882 1002 3073 1042 novem
3099 986 3522 1041 hebdomadibus

1954 1088 2078 1134 ante
2104 1080 2310 1135 Pascha
2357 1080 2413 1133 in
2443 1080 2725 1148 septimam
2771 1072 2999 1134 sabbati.
3040 1078 3277 1146 Populus
3322 1077 3416 1131 Dei
3469 1077 3521 1130 in

1954 1168 2235 1239 Babylone
2270 1169 2517 1222 detentus
2560 1176 2643 1221 est
2687 1167 2927 1235 captivus
2973 1168 3310 1236 septuaginta
3343 1168 3520 1222 annis.

1954 1258 2159 1325 Quibus
2184 1252 2432 1328 expletis,
2463 1271 2711 1311 reversus
2735 1264 2816 1311 est
2840 1255 3193 1311 Hierusalem.
3233 1255 3527 1327 Septuage-

1954 1352 2125 1405 simus
2167 1364 2424 1403 numerus
2453 1349 2624 1403 nobis
2658 1349 2725 1403 ad
2766 1348 3081 1403 memoriam
3115 1348 3323 1403 reducit
3368 1362 3526 1402 omne

1956 1450 2166 1509 tempus
2186 1439 2466 1509 praesentis
2501 1439 2699 1503 saeculi,
2726 1450 2832 1507 quo
2855 1438 3016 1493 alieni
3052 1453 3238 1493 sumus
3260 1454 3289 1492 a
3317 1438 3527 1493 cmlesti

1960 1528 2309 1584 Hierusalem.
2360 1528 2483 1582 Ideo
2538 1536 2729 1581 auctor
2777 1512 2936 1582 ofﬁcii
2971 1528 3141 1582 nostri
3185 1527 3528 1597 Septuagesi-

298 1648 381 1694 tes
407 1594 737 1709 pontiﬁcem.
769 1636 1044 1707 Ingressus
1075 1632 1311 1709 pontifex
1340 1634 1394 1687 in
1423 1634 1739 1697 sacrarium,
1775 1633 1856 1686 in-
1880 1594 1930 1662 Β
1960 1634 2094 1673 mam

1929 1634 1930 1640 η
1960 1634 2101 1673 mam
2129 1618 2308 1687 posuit
2339 1617 2393 1670 in
2420 1614 2614 1683 ofﬁciis
2635 1617 2858 1681 nosuis,
2886 1624 2957 1685 ut
2981 1617 3083 1671 hoc
3114 1625 3352 1684 tempore
3378 1630 3408 1668 a
3436 1613 3530 1669 de-

297 1730 413 1785 duit
434 1745 493 1784 se
517 1728 759 1785 vestibus
779 1727 947 1797 nigris
964 1767 978 1789 ,
994 1723 1060 1782 et
1088 1710 1262 1782 clerus
1291 1725 1556 1799 similiter.
1602 1725 1731 1780 Post
1752 1725 1855 1780 hoc

297 1817 567 1888 accipiunt
589 1832 776 1873 omnes
801 1816 1035 1888 singulos
1062 1817 1127 1883 de
1150 1830 1312 1885 manu
1352 1813 1619 1885 pontiﬁcis
1648 1830 1853 1869 cereos.

206 1928 209 1929 '
298 1908 498 1964 Deinde
527 1923 594 1962 ex
631 1907 785 1979 jussu
830 1906 1095 1978 pontiﬁcis
1127 1906 1345 1960 inchoat
1385 1902 1566 1959 schola
1606 1905 1855 1973 antipho—

298 1998 465 2053 nam':
511 1997 770 2067 Exsurge,
811 1996 1048 2059 Domine,
1088 1994 1285 2048 Psalm.
1335 1993 1478 2047 Deus
1520 1994 1736 2047 auribus
1766 2010 1860 2046 no-

294 2092 437 2145 stris.
482 2088 551 2143 Et
588 2087 864 2159 egreditur
897 2084 1233 2156 pontifexde
1276 2073 1513 2139 sacrario
1547 2101 1667 2140 cum
1703 2085 1859 2139 mini-

298 2181 442 2244 stris,
474 2186 741 2241 annuente
769 2192 834 2232 eo
857 2177 1053 2232 schola:
1073 2176 1266 2246 primo,
1299 2183 1358 2229 ut
1378 2177 1559 2231 dicant
1582 2175 1813 2230 Gloriam
1839 2193 1859 2241 ,-

297 2273 551 2340 deinceps
576 2270 724 2326 vadit
747 2272 815 2325 ad
839 2269 1041 2335 altare,
1073 2277 1129 2323 et
1153 2276 1290 2329 ,orat
1315 2283 1483 2338 usque
1510 2267 1575 2322 ad
1602 2267 1861 2338 cxpletio—

296 2351 423 2420 nem
454 2359 668 2417 Gloriae.
700 2359 830 2415 Post
851 2354 1151 2416 orationem
1174 2358 1415 2416 osculato
1440 2358 1616 2425 altari,
1659 2366 1717 2414 et
1750 2358 1864 2413 dia-

296 2468 434 2523 cono
476 2450 724 2507 similiter
768 2449 897 2505 hinc
942 2450 1085 2514 inde,
1135 2450 1265 2504 dicit
1303 2451 1485 2506 schola
1521 2464 1681 2505 vers:
1718 2447 1861 2518 Opus

296 2542 435 2613 quod
460 2549 703 2612 operatus
748 2557 825 2605 es,
870 2540 1073 2610 absque
1117 2538 1276 2611 Kyrie
1301 2540 1511 2605 eleison.
1559 2539 1862 2609 Antiphone

297 2629 527 2700 expleta,
559 2635 707 2683 stans
730 2614 969 2700 pontifex
1005 2637 1131 2683 ante
1170 2628 1361 2694 altare,
1392 2627 1561 2683 dicit:
1610 2627 1863 2682 Dominus

296 2722 581 2785 vobiscum,
611 2727 685 2785 et,
712 2716 930 2773 Oremus
954 2738 973 2785 ;
1004 2730 1060 2775 et
1089 2723 1344 2780 diaconus
1363 2722 1529 2787 dicit:
1562 2719 1866 2777 Flectamus

297 2827 489 2881 genua,
534 2810 578 2865 si
607 2818 785 2864 tamen
812 2807 952 2863 infra
986 2809 1440 2882 Septuagesimam
1476 2814 1733 2868 evenerit.
1767 2810 1865 2864 Se—

297 2901 483 2972 quitur
501 2900 721 2992 iuratio:
760 2886 994 2967 Exaudi,
1028 2918 1346 2973 quaesumus,
1382 2901 1627 2967 Domine,
1665 2903 1859 2974 plebem
1886 2927 1934 2992 ρ

298 3001 466 3045 tuam.
495 2988 606 3046 Hac
620 2993 853 3060 expleta,
876 2994 1091 3049 inchoat
1113 2994 1293 3049 schola
1320 3008 1416 3065 per
1433 3010 1597 3049 unam
1616 2996 1862 3065 antipho-

299 3097 465 3137 nam:
513 3080 728 3136 Adorna
754 3082 1061 3138 thalamum.
1100 3084 1266 3139 Item:
1316 3084 1421 3137 Ave
1453 3086 1642 3155 gratia.
1689 3085 1862 3140 Item:

302 3169 619 3241 Responsum
634 3173 826 3243 accepit
841 3169 1066 3227 Simeon.
1080 3172 1211 3226 Cum
1224 3181 1397 3227 autem
1412 3175 1867 3243 appropinquave-

300 3260 409 3313 r'mt
430 3260 566 3315 atrio
584 3260 825 3316 ecclesia:
856 3260 1067 3317 Sancta:
1096 3260 1292 3325 Marias.
1318 3260 1572 3317 faciendae
1598 3271 1721 3318 sunt
1744 3264 1867 3318 lita-

299 3349 424 3404 nite.
458 3348 553 3405 llis
570 3351 799 3420 expletis
818 3360 942 3407 ante
972 3352 1161 3416 altare,
1186 3361 1241 3405 et
1270 3352 1510 3423 ingresso
1539 3353 1865 3422 pontiﬁcein

302 3442 620 3506 sacrarium,
655 3443 871 3500 inchoat
892 3443 1073 3503 schola
1088 3444 1155 3499 ad
1174 3445 1453 3499 introitum
1476 3447 1822 3515 antiphonam
1848 3464 1862 3499 :

302 3528 651 3599 Suscepimus,
682 3532 844 3585 Deus.
882 3532 999 3600 Ipsa
1040 3534 1127 3587 die
1153 3530 1571 3589 non-cantatur:
1602 3533 1781 3589 Gloria
1810 3538 1866 3589 in

299 3618 516 3675 excelsis
538 3619 669 3685 Deo,
696 3620 739 3673 si
768 3620 907 3674 intra
932 3620 1392 3691 Septuagesimum
1418 3624 1677 3687 evenerit.
1707 3624 1868 3693 Dein-

302 3725 431 3780 ceps
456 3710 617 3764 missa
642 3711 919 3780 peragitur
960 3712 1150 3767 ordine
1174 3727 1291 3768 suo.
1341 3713 1416 3768 De
1443 3714 1545 3769 hac
1577 3713 1867 3769 festivitate

303 3802 436 3858 dicit
455 3810 511 3856 et
534 3801 675 3857 Beda
712 3802 741 3843 δ
768 3803 1021 3858 sacerdos
1063 3811 1119 3859 et
1160 3804 1349 3860 doctor
1378 3806 1610 3861 eximius
1648 3808 1700 3860 in
1729 3806 1867 3862 libro

303 3888 381 3943 De
409 3889 764 3958 Temporibus
788 3911 801 3945 :
837 3910 856 3943 ι
889 3889 1193 3947 Secundum
1214 3909 1451 3949 mensem
1475 3896 1676 3950 dicavit
1698 3896 1869 3952 Numa

302 3978 545 4043 Februo,
568 3969 624 4033 id
645 3988 751 4045 est,
775 3980 1008 4046 Plutoni,
1031 3983 1123 4052 qui
1145 3983 1518 4039 lustrationum
1542 3996 1736 4055 potens
1756 4003 1872 4043 cre-

306 4069 571 4131 debatur;
622 4058 950 4139 lustrarique
992 4084 1061 4126 eo
1109 4086 1297 4129 mense
1333 4072 1609 4129 civitatem
1648 4091 1870 4133 necesse

199 4170 207 4179 '
306 4166 447 4223 erat,
465 4173 573 4229 quo
596 4160 789 4215 statuit
810 4168 870 4214 ut
900 4160 1164 4218 sacriﬁcia
1188 4162 1300 4216 Diis
1333 4162 1575 4220 Manibus
1597 4166 1868 4222 solveren-

1956 1711 2094 1766 liciis
2118 1709 2455 1773 abstinendo,
2500 1709 2908 1765 ostenderemus
2934 1708 2987 1763 in
3031 1717 3220 1764 nostra
3245 1723 3531 1763 conversa-

1956 1801 2102 1855 tione
2141 1799 2377 1869 qualiter
2404 1813 2499 1868 per
2531 1813 2690 1853 omne
2733 1808 2939 1868 tempus
2984 1799 3167 1852 smculi
3217 1799 3396 1854 vivere
3439 1794 3532 1851 de-

1954 1892 2135 1955 beant,
2183 1889 2271 1958 qui
2319 1897 2443 1957 post
2483 1887 2806 1956 baptismum
2850 1892 3087 1958 peccatis
3131 1903 3190 1943 se
3228 1888 3463 1943 alienant
3502 1902 3532 1941 a

1957 1978 2161 2035 caelesti
2193 1978 2543 2034 Hierusalem.
2581 1976 2715 2034 Nam
2759 1979 2902 2051 quod
2932 1987 3053 2050 post
3075 1980 3410 2050 septuaginta
3438 1994 3535 2032 an-

1958 2088 2056 2127 nos
2081 2069 2307 2141 populus
2353 2060 2418 2125 de
2463 2070 2777 2140 captivitate
2819 2074 3128 2138 revertitur,
3173 2072 3295 2141 quis
3321 2088 3427 2126 non
3455 2073 3534 2127 vi-

1958 2163 2080 2216 deat
2122 2167 2243 2230 post
2267 2160 2479 2214 evoluta
2512 2169 2770 2229 tempora,
2824 2177 2942 2230 quae
2988 2163 3293 2233 septenario
3322 2161 3534 2217 dierum

1958 2268 2183 2309 numero
2218 2260 2610 2317 transcurrunt,
2643 2254 2807 2308 etiam
2834 2255 3011 2319 nobis,
3046 2254 3098 2309 id
3124 2262 3230 2319 est,
3277 2236 3559 2310 Ecclesiae

1958 2346 2073 2409 Dei,
2107 2344 2175 2399 ad
2206 2343 2351 2399 illam
2382 2344 2655 2399 caelestem
2688 2331 3021 2401 Hierusalem
3051 2361 3117 2404 ex
3160 2345 3322 2416 hujus
3355 2345 3534 2400 satculi

1959 2436 2387 2506 peregrinatione.
2413 2437 2787 2493 redeundum?
2825 2436 3161 2507 Quapropter
3195 2436 3419 2495 Alleluia
3444 2438 3535 2491 illo

1960 2533 2201 2595 tempore
2228 2540 2335 2583 non
2358 2534 2606 2580 cantatur
2629 2533 2770 2594 apud
2794 2540 2909 2590 nos,
2951 2530 3057 2580 uec
3077 2523 3258 2579 Gloria
3283 2526 3340 2579 in
3374 2526 3536 2581 excel-

1959 2616 2031 2670 sis
2054 2614 2186 2681 Deo,
2216 2632 2335 2685 qum
2364 2624 2488 2670 sunt
2511 2616 2723 2671 cantica
2752 2616 3013 2671 cmlestia.
3048 2616 3189 2671 Dicit
3214 2617 3361 2672 enim
3388 2616 3537 2673 Psal-

1962 2723 2083 2763 mus
2108 2726 2122 2761 :
2154 2706 2425 2773 Quomodo
2452 2708 2777 2762 cantabimus
2799 2707 3061 2761 canticum
3081 2706 3293 2761 Domini
3321 2709 3374 2760 in
3396 2718 3535 2761 terra

1961 2798 2136 2851 aliena
2165 2797 2334 2868 (Psal.
2382 2813 2600 2863 cum,
2628 2797 2683 2868 4)
2707 2798 2730 2850 ‘l
2778 2797 2916 2852 Sunt
2943 2797 3035 2865 qui
3061 2799 3289 2866 primam
3331 2798 3535 2853 hebdo-

1963 2888 2177 2943 madam
2206 2884 2651 2958 Septuagesimm,
2700 2887 2815 2941 sine
2842 2887 3020 2955 aliquo
3055 2887 3282 2943 articulo
3316 2888 3537 2944 novella:

1967 2980 2394 3042 conversationis
2440 2979 2666 3045 ducunt,
2714 2988 2935 3048 excepta
2968 2980 3267 3035 mutatione
3288 2980 3535 3046 Alleluia,

1967 3083 2021 3129 et
2070 3076 2122 3128 in
2161 3072 2480 3142 quibusdam
2515 3072 2649 3127 locis
2683 3071 3121 3134 Dalmaticarum,
3167 3080 3223 3126 et
3267 3072 3540 3127 intermis-

1966 3164 2117 3218 sione
2137 3156 2331 3214 -Gloria
2375 3162 2429 3216 in
2452 3160 2669 3215 excelsis
2702 3160 2829 3213 Deo.
2880 3159 3053 3215 Graeci
3084 3161 3381 3229 proximam
3409 3162 3539 3216 heb-

1966 3253 2274 3317 domadam,
2312 3254 2366 3308 id
2392 3262 2494 3319 est,
2533 3252 2957 3320 Sexagesimam,
2981 3253 3436 3325 sanctiﬁcant‘suo
3459 3254 3538 3324 je-

1961 3345 2131 3416 junio.
2178 3343 2368 3399 Clerici
2400 3344 2592 3407 nostri,
2647 3352 2868 3398 auctore
2897 3342 3403 3417 Telesphoropapa,
3455 3362 3542 3401 se-

1967 3424 2240 3506 quentem,
2290 3436 2345 3489 id
2397 3442 2500 3502 est,
2548 3434 3078 3505 Quinquagesimam,
3128 3436 3219 3504 qui
3263 3437 3541 3492 constituit

1967 3536 2171 3597 septem
2199 3524 2658 3581 hebdomadarum
2690 3522 2955 3593 jejunium
2985 3530 3112 3577 ante
3135 3522 3364 3580 Pascha.
3389 3508 3539 3581 Prm-
3592 3596 3595 3597 ν

1966 3626 2149 3686 ceptor
2194 3623 2373 3670 tamen
2416 3612 2579 3670 ofﬁcii
2620 3612 2789 3667 nostri
2830 3610 3146 3680 ampliorem
3186 3615 3540 3672 mutationem

1968 3706 2213 3775 requirit,
2250 3719 2408 3774 quam
2432 3720 2529 3760 nos
2557 3719 2797 3774 agamus,
2832 3703 3211 3761 constitutione
3237 3706 3401 3764 ofﬁcii
3432 3711 3539 3766 sui.

1966 3800 2145 3870 Ipsum
2192 3799 2335 3854 enim
2363 3797 2626 3867 jejunium
2674 3799 2947 3855 intimavit
2990 3800 3047 3856 in
3085 3803 3263 3873 prima
3295 3805 3541 3867 oratione

1968 3892 2168 3955 missze,
2199 3890 2383 3946 dicens
2410 3908 2422 3943 :
2451 3887 2541 3943 νει
2566 3889 2657 3959 qui
2678 3890 2824 3959 juste
2860 3908 2954 3961 pro
2980 3895 3204 3962 peccatis
3233 3896 3421 3948 nostris
3452 3893 3537 3963 af-

1968 3982 2238 4053 ﬂigimur.‘
2282 3981 2372 4035 hic
2415 3980 2561 4034 enim
2600 3979 2947 4037 alllictionem
2986 3990 3163 4037 sonat.
3208 3983 3267 4037 In
3312 3980 3537 4043 introitu

1968 4088 2182 4142 quoque
2203 4072 2335 4126 dicit
2359 4090 2371 4127 :
2401 4071 2862 4139 Circumdederunt
2892 4090 2975 4127 me
3000 4073 3219 4141 gemitus
3242 4074 3423 4127 mortis
3444 4074 3539 4127 do—

1969 4159 2103 4213 lares
2143 4158 2357 4228 inferni.
2390 4158 2617 4227 Propter
2640 4159 2741 4214 hos
2771 4159 2984 4215 dolores
3008 4176 3112 4216 non
3140 4175 3424 4231 possumus
3448 4163 3538 4219 lae-

308 4262 415 4307 tur.
438 4250 555 4308 Sed
574 4251 713 4308 hanc
732 4248 992 4309 lustrandi
1014 4252 1455 4309 amsuetudinem
1478 4256 1615 4311 bene
1643 4258 1867 4321 mutavit
1891 4257 1943 4317 D
1970 4255 2072 4310 tari
2101 4262 2155 4309 et
2194 4254 2367 4309 securi
2396 4266 2533 4318 esse,
2572 4252 2675 4308 sed
2698 4267 3004 4322 prmparare
3045 4269 3147 4308 nos
3171 4255 3429 4311 debemus
3473 4259 3539 4313 ad

306 4343 610 4399 Christiana
637 4343 847 4415 religio,
892 4359 1016 4400 cum
1049 4344 1104 4399 in
1133 4360 1316 4401 mense
1345 4346 1532 4403 eodem
1558 4348 1642 4403 die
1666 4359 1864 4405 sancta:

308 4430 527 4497 Marias,
570 4427 724 4503 plebs
750 4434 998 4490 universa
1028 4450 1151 4491 cum
1184 4437 1553 4496 sacerdotibus
1596 4454 1660 4494 ac
1708 4441 1868 4498 mini-

287 4525 456 4591 stris,
488 4516 719 4596 hymnos
741 4525 1085 4593 mo’d‘ulando,
1127 4527 1319 4584 devota
1348 4545 1445 4601 per
1466 4532 1721 4587 ecclesias
1747 4549 1870 4604 per-

309 4628 415 4683 que
439 4627 674 4687 congrua
716 4611 880 4689 ξος
920 4614 1070 4673 urbis
1105 4615 1223 4670 loca
1250 4618 1507 4687 procedit,
1551 4620 1809 4691 datosque
1838 4638 1869 4676 a

308 4708 561 4778 pontiﬁce
585 4720 771 4762 cereos
801 4706 855 4760 in
879 4705 1126 4760 manibus
1152 4714 1361 4776 gestant
1398 4710 1667 4775 ardentes,
1693 4720 1750 4766 et
1776 4728 1871 4766 au-

312 4806 562 4869 gescente
586 4800 725 4854 bona
751 4795 1153 4863 consuetudine,
1179 4796 1406 4867 idipsu'm
1435 4798 1487 4852 in
1512 4801 1720 4855 caneris
1744 4817 1874 4871 quo—

314 4896 417 4958 Que
440 4884 676 4956 ejusdem
694 4891 868 4943 beam
896 4886 1076 4943 Matris
1102 4897 1157 4942 et
1179 4894 1445 4959 perpetuae
1471 4888 1705 4959 Virginis
1726 4889 1873 4946 festi—

314 4976 571 5033 vitatibus
610 4990 770 5047 agere
799 4978 1023 5043 didicit,
1069 4994 1177 5033 non
1204 4979 1387 5049 utique
1418 4978 1469 5032 in
1502 4975 1869 5037 lustrationem

317 5069 590 5126 terrestris
636 5068 845 5138 imperii
887 5070 1315 5149 quinquennem,
1359 5072 1449 5126 sed
1497 5072 1548 5125 in
1583 5084 1871 5142 perennem

318 5164 551 5220 emlestis
591 5162 736 5235 regni
761 5162 1092 5230 memoriam,
1136 5166 1348 5235 quando
1383 5165 1535 5235 juxta
1565 5150 1873 5236 parabolam

389 5316 603 5389 {Liber
628 5314 981 5389 Pontiﬁcalis,
1016 5315 1233 5389 injita
1260 5318 1449 5389 Sergii.
1488 5318 1605 5373 Vid.
1643 5318 1878 5376 Martene

392 5472 418 5493 -
448 5472 584 5507 neua
612 5472 687 5511 ue
714 5472 1029 5528 temporum
1059 5472 1263 5510 ratione
1290 5472 1408 5528 cap.
1440 5472 1521 5512 πυ.

392 5534 413 5564 ι
452 5522 592 5578 idem
620 5524 974 5597 initiumapud
996 5526 1341 5593 Amalarinm,
1369 5528 1489 5584 libr.
1516 5546 1553 5583 l.
1582 5527 1645 5585 de
1670 5529 1874 5586 Ecelcs.

1966 4345 2189 4411 bellum,
2218 4352 2280 4399 ut
2297 4343 2583 4414 Apostolus
2604 4343 2680 4398 ait
2704 4361 2716 4396 :
2753 4341 2934 4398 Omnis
2956 4346 3044 4416 qui
3070 4346 3124 4399 in
3146 4362 3311 4415 agone
3336 4358 3542 4402 conten-

1968 4441 2064 4506 dit,
2110 4440 2175 4493 ab
2224 4437 2461 4499 omnibus
2497 4452 2552 4491 se
2601 4437 2822 4491 abstinet
2874 4436 2922 4507 (I
2963 4436 3083 4490 Cor.
3122 4454 3200 4503 rx,
3245 4437 3354 4509 9-3).
3400 4440 3537 4498 Dicit

1968 4532 2111 4586 enim
2138 4528 2453 4584 Ambrosius
2474 4545 2493 4583 ;
2534 4527 2618 4582 Ab
2643 4530 2916 4601 omnibus,
2950 4546 3081 4601 quae,
3106 4532 3322 4586 vitanda
3350 4533 3535 4593 eadem

1970 4620 2135 4674 tradit
2182 4618 2465 4689 disciplina
2491 4658 2506 4683 ,
2560 4632 2680 4672 cum
2726 4617 2898 4673 sciant
2941 4634 3106 4675 unum
3147 4624 3531 4689 coronandum,

1969 4719 2172 4782 quanto
2203 4712 2373 4780 magis
2417 4708 2809 4764 observandum
2847 4716 2951 4774 est,
2986 4710 3181 4778 quibus
3213 4712 3389 4767 omnis
3412 4727 3536 4782 pro-

1971 4806 2135 4860 missa
2159 4812 2245 4861 est
2274 4804 2462 4859 salus?
2508 4801 2659 4857 Unde
2702 4813 2881 4858 autem
2910 4806 3179 4861 abstinere
3222 4807 3551 4875 debeamus,

1971 4897 2063 4967 qui
2090 4896 2337 4954 bellaturi
2362 4910 2573 4959 sumus,
2616 4894 2773 4954 docet
2797 4897 3103 4966 Apostolus,
3150 4901 3333 4956 dicens
3359 4920 3372 4933 ο
3402 4900 3534 4957 For.

1975 4986 2166 5044 nicatio
2190 4994 2239 5039 et
2270 4984 2436 5043 omnis
2467 4984 2818 5049 immunditia,
2855 4998 2947 5041 aut
2982 4990 3233 5052 avaritia,
3256 5006 3346 5043 nec
3370 4993 3537 5044 nomio

1975 5088 2123 5133 netur
2167 5075 2223 5129 in
2256 5074 2394 5127 vobis
2431 5072 2646 5145 (Ep/tes.
2691 5090 2747 5139 v,
2792 5076 2868 5147 5).
2958 5075 3317 5143 Telesphorus
3342 5076 3366 5115 α
3396 5093 3536 5147 papa

1976 5184 2145 5225 nonus
2168 5176 2288 5236 post
2307 5166 2520 5222 beatum
2546 5166 2860 5235 apostolum.
2902 5166 2959 5219 in
2991 5166 3119 5220 sede
3147 5166 3382 5224 Romana
3410 5185 3539 5224 con-

1977 5319 2174 5401 Oﬂiciis
2202 5334 2323 5389 cap.
2366 5320 2414 5383 l,
2447 5335 2567 5374 cum
2597 5334 2702 5388 quo
2730 5327 2783 5373 et
2818 5318 2870 5374 in
2916 5320 3033 5375 aliis
3062 5322 3376 5390 quihusdam
3411 5337 3539 5378 con-

1980 5404 2222 5513 ‘cii'lvm.
2250 5460 2405 5529 epist.
2434 5460 2500 5515 60
2525 5458 2700 5516 Caroli
2731 5460 2795 5512 ad
2823 5460 3121 5521 Alcuinttm-
