4232 6224
622 280 759 339 H83

1472 277 1530 336 Β.
1569 278 1632 334 F.
1672 277 1898 336 ALBINI
1937 279 2070 338 SEU
2107 272 2385 335 ALCUINI
2420 272 2704 334 OPERUM
2742 272 2923 330 PARS
2958 272 3046 330 IX.

3741 271 3871 328 “Si

617 390 817 457 stituit,
853 397 912 444 ut
938 402 1035 460 per
1057 394 1262 460 septem
1300 367 1665 446 hebdomadas
1688 391 2070 448 abstinentiam
2092 392 2190 446 ob-
2215 393 2269 451 Δ
2291 389 2681 460 ptuagesimam
2705 397 2832 444 ante
2853 388 3144 444 celebrant.
3177 383 3341 459 46⁸1
3361 384 3513 454 Quod
3535 385 3682 442 enim
3708 396 3876 458 septo-

618 489 853 545 servent.
903 479 1048 550 quod
1093 479 1268 534 adhuc
1306 478 1460 535 multi
1508 478 1731 537 faciunt.
1780 481 1934 550 Quod
1982 491 2195 554 tempus
2294 483 2478 537 uarius
2511 497 2768 537 numerus
2801 497 2901 551 per
2939 496 3018 548 se,
3054 480 3158 536 hoc
3186 479 3327 534 idem
3353 477 3620 550 signiﬁcat
3661 493 3748 550 per
3787 479 3878 537 de.

621 581 748 628 tunc
775 571 912 627 duas
940 571 1010 626 oh
1031 585 1224 625 causas
1252 568 1762 641 Quinquagesimam
1791 573 1994 642 placuit
2016 572 2198 644 appel-

619 661 756 726 lari,
803 661 889 715 vel
932 661 1059 730 quia
1107 660 1160 714 in
1206 661 1396 715 ordine
1426 662 1901 733 quinquagesimus
1941 678 2200 718 numerus

615 765 738 828 post
764 757 1234 826 quadragesimum
1265 765 1513 820 constat;
1551 754 1637 810 vel
1667 758 1793 826 quia
1818 757 2018 813 exinde
2042 757 2200 826 quin-

617 847 871 918 quaginta
898 833 1014 900 dies
1038 853 1163 900 sunt
1191 846 1245 900 in
1270 854 1510 901 sanctam
1541 847 2011 902 resurrectionem.
2045 846 2202 902 Post-

619 935 836 990 niodum
873 934 1198 990 Melchiadcs
1245 949 1382 1005 papa
1429 935 1648 990 natione
1693 935 1844 1000 Afer,
1889 937 2200 1008 trigesimus

618 1031 844 1094 quartus
889 1032 1010 1094 post
1059 1034 1304 1079 sanctum
1340 1023 1580 1088 Petrum,
1629 1026 1909 1083 constituit
1949 1035 2010 1080 ut
2043 1041 2201 1083 nemo

620 1121 970 1182 praesumeret
1001 1114 1054 1167 in
1103 1114 1274 1184 prima
1330 1114 1408 1168 vel
1447 1115 1638 1185 quinta
1682 1114 1816 1170 feria
1839 1115 2104 1185 jejunare.
2141 1118 2202 1173 In

619 1206 812 1275 prima,
855 1214 1074 1276 propter
1115 1203 1326 1259 Domini
1363 1203 1852 1273 resurrectionem;
1889 1207 1946 1262 in
1990 1209 2213 1278 quinta,

619 1299 744 1366 quia
780 1297 832 1350 in
876 1313 939 1351 ea
967 1296 1199 1351 cmnavit
1228 1296 1488 1351 Dominus
1511 1313 1634 1352 cum
1663 1297 1936 1368 discipulis
1969 1299 2102 1364 suis,
2149 1306 2205 1354 et

622 1391 677 1442 in
706 1403 767 1443 ea
798 1387 1037 1442 ascendit
1080 1387 1134 1440 in
1158 1387 1375 1442 caelum.
1429 1387 1582 1442 Tunc
1605 1389 1808 1457 placuit
1847 1388 2114 1454 ﬁdelibus,
2144 1397 2204 1444 ut

618 1485 743 1532 octo
788 1475 1150 1530 hebdomadas
1195 1485 1574 1545 consecrarent
1597 1475 1823 1546 jejunio,
1873 1487 1928 1534 et
1974 1479 2204 1548 primam

618 1565 953 1621 Dominicam
994 1563 1396 1636 Sexagesimam
1443 1566 1808 1632 nominarent,
1855 1583 1960 1621 non
1986 1579 2205 1638 propter

618 1656 1034 1726 sexagenarium
1065 1655 1275 1710 dierum
1320 1671 1626 1722 numerum,
1674 1659 1768 1713 sed
1796 1666 2014 1728 propter
2046 1673 2205 1712 usum

2296 573 2511 626 narium
2551 571 2974 642 multiplicatus:
3028 568 3587 641 Sexagesima'tendit
3611 582 3782 637 usque
3813 567 3880 621 ad

2297 662 2530 717 medium
2556 661 2794 727 Pascha,
2819 660 3004 738 idest,
3038 667 3288 730 quartam
3312 655 3504 712 feriam
3531 656 3880 712 hebdomade

2298 752 2615 819 Paschalis;
2664 749 3117 823 Quinquagesima
3171 749 3343 806 tendit
3392 749 3460 803 ad
3505 748 3682 818 ipsum
3739 747 3879 802 diem

2298 843 2551 910 Pascha;
2579 843 2994 914 Quadragesima
3018 843 3086 898 ad
3107 842 3249 898 diem
3269 841 3450 897 Canae
3465 837 3700 894 Domini.
3727 837 3880 892 Com-

2298 943 2426 1004 puta
2451 918 2580 1006 ergo
2606 935 2816 990 dierum
2844 947 3150 996 numerum,
3177 932 3270 1000 qui
3313 940 3438 986 sunt
3467 931 3523 984 in
3555 927 3878 984 abstinentia

2301 1043 2330 1080 a
2358 1024 2762 1096 Septuagesima
2788 1038 2958 1092 usque
2998 1023 3066 1076 ad
3091 1020 3586 1089 Quadragesimam,
3639 1018 3878 1073 invenies

2300 1127 2385 1174 ter
2412 1131 2594 1182 senos,
2629 1117 2684 1172 id
2711 1123 2814 1182 est,
2845 1117 3029 1202 decem
3054 1123 3177 1191 octo
3205 1113 3341 1178 dies,
3369 1111 3612 1182 exceptis
3638 1109 3878 1164 Domini-

2303 1209 2381 1265 cis
2405 1209 2615 1263 diebus.
2650 1206 2821 1274 Quem
2852 1205 3135 1261 numerum
3165 1205 3210 1261 si
3239 1219 3336 1274 per
3361 1203 3637 1274 dupiarem
3661 1214 3883 1270 propor-

2303 1300 2506 1353 tionem
2536 1297 2763 1362 dividas,
2809 1297 3049 1351 invenies
3078 1297 3132 1350 in
3157 1311 3264 1350 una
3290 1302 3443 1364 parte
3481 1307 3599 1355 sex,
3631 1292 3684 1346 in
3713 1291 3879 1345 altera

2303 1388 2583 1444 duodecim
2614 1403 2628 1441 :
2667 1402 2762 1443 sex
2789 1397 2966 1442 autem
2990 1387 3058 1440 ad
3086 1386 3386 1450 duodecim,
3421 1385 3611 1455 simpla
3639 1402 3654 1450 ;
3691 1384 3884 1443 duode-

2304 1478 2412 1530 cim
2440 1477 2505 1531 ad
2534 1493 2647 1540 sex,
2695 1476 2850 1546 dupla
2880 1476 3154 1546 proportio
3178 1485 3279 1531 est.
3320 1475 3452 1530 Item
3493 1475 3635 1529 inter
3661 1473 3882 1530 Cinnam

2305 1566 2519 1620 Domini
2543 1574 2598 1620 et
2621 1565 2764 1620 diem
2794 1565 3032 1631 Pascbae,
3065 1566 3169 1620 duo
3199 1573 3325 1620 sunt
3349 1565 3487 1630 dies,
3527 1572 3583 1620 et
3605 1565 3747 1619 inter
3778 1563 3882 1617 Pa-

2309 1656 2436 1710 scha
2462 1664 2518 1710 et
2541 1655 2776 1710 medium
2813 1652 3057 1718 Paschaa,
3087 1653 3229 1725 quod
3255 1662 3339 1709 est
3365 1662 3558 1724 quarta
3593 1652 3748 1717 feria,
3779 1652 3880 1707 duo

618 1724 905 1802 locutionis
933 1754 1148 1811 nostrae,
1184 1762 1290 1816 quo
1319 1748 1459 1802 sicut
1484 1724 1915 1819 quadragenario
1943 1749 2204 1820 quinqua-
2235 1724 2278 1786 Β
2308 1754 2432 1801 sunt
2460 1747 2607 1811 dies,
2655 1761 2762 1815 quo
2801 1745 2970 1800 tendit
3013 1724 3398 1816 Sexagesima;
3443 1753 3500 1798 et
3537 1744 3604 1798 ab
3644 1743 3760 1812 ipso
3798 1742 3881 1797 die

621 1835 892 1906 genarius,
931 1835 1006 1889 ita
1034 1837 1494 1908 quinquagenario
1523 1842 1920 1910 sexagenarius,
1967 1850 2022 1896 et
2050 1855 2205 1896 sexa-

622 1926 874 1997 genarius
902 1915 1311 1998 septuagenario
1345 1936 1644 1999 coaptatur.
1676 1929 1721 1983 Α
1748 1929 2095 2002 Sexagesima
2119 1946 2206 1985 us-

625 2029 730 2085 que
753 2015 978 2078 Pascha,
1010 2024 1134 2071 octo
1158 2026 1282 2070 sunt
1304 2016 1671 2082 hebdomadar,
1701 2035 1732 2075 e
1758 2020 1952 2089 quibus
1979 2020 2205 2090 singulis

623 2106 666 2159 si
699 2106 926 2174 primam
953 2113 1006 2158 et
1033 2105 1279 2174 quintam
1311 2105 1499 2160 feriam
1537 2107 1604 2161 de
1638 2108 1962 2162 abstinentia
1992 2109 2206 2163 subtra-

625 2199 744 2261 has,
777 2204 836 2250 ut
871 2195 1193 2253 Mclchiades
1218 2196 1467 2262 instituit,
1500 2205 1553 2251 et
1582 2199 1757 2267 ipsum
1786 2199 1926 2254 diem
1958 2208 2206 2255 sanctum

623 2286 862 2350 Paschze,
913 2287 1267 2358 quadraginta
1313 2295 1520 2342 tantum
1566 2288 1683 2343 dies
1718 2298 1996 2343 remanent
2041 2289 2207 2344 absti-

628 2377 845 2438 nentim,
897 2377 961 2430 ad
987 2377 1340 2432 imitationem
1385 2377 1599 2432 Domini
1625 2379 1794 2432 nostri
1822 2377 1951 2433 Jesu
1979 2377 2202 2435 Christi.

626 2465 1030 2536 Septuagesima
1059 2465 1178 2521 ideo
1205 2481 1235 2519 a
1269 2457 1512 2522 ﬁdelibus
1544 2467 1715 2521 fertur
1743 2467 2024 2533 celebrari,
2073 2474 2134 2521 ut
2156 2476 2210 2522 et

626 2557 863 2611 decimas
883 2555 1091 2609 dierum
1116 2555 1226 2610 Dee
1251 2555 1471 2610 reddere
1519 2564 1576 2610 et
1601 2557 1950 2613 nihilominus
1977 2557 2210 2627 primam

625 2655 681 2700 et
717 2647 958 2716 qnintam
995 2644 1209 2711 feriam,
1261 2655 1316 2702 et
1357 2648 1642 2702 sabbatum
1691 2648 1901 2718 possint
1937 2664 1967 2704 a
2002 2648 2210 2719 jejunio

629 2737 893 2791 relaxare.
921 2736 968 2788 Α
993 2735 1398 2807 Septuagesima
1423 2753 1652 2807 namque
1682 2739 1737 2790 in
1761 2737 1987 2802 Pascha,
2019 2754 2209 2792 novem

627 2834 754 2882 sunt
802 2824 1171 2896 hebdomadrc,
1233 2840 1352 2896 qua:
1396 2824 1602 2880 faciunt
1656 2827 1933 2896 sexaginta
1978 2834 2211 2896 quatuor

629 2918 781 2971 dies:
831 2932 897 2971 ex
943 2917 1136 2985 quibus
1182 2917 1227 2969 si
1267 2916 1333 2969 de
1361 2903 1681 2986 unaquaque
1723 2916 2057 2972 hebdomada
2101 2926 2210 2971 tres

630 3003 884 3075 praefatos
931 3005 1046 3058 dies
1073 3006 1426 3070 subtraxeris,
1471 3016 1526 3058 et
1553 3021 1768 3060 sacrum
1809 3008 1949 3061 diem
1974 3007 2209 3061 Pascha-

632 3067 759 3163 iem,
811 3097 1028 3166 triginta
1058 3111 1151 3151 sex
1193 3097 1307 3151 dies
1342 3097 1395 3150 in
1412 3067 1782 3152 idecimatione
1809 3097 1935 3153 anni
1974 3097 2206 3170 jejunas.
2236 3067 2282 3128 ο

627 3190 723 3246 Ille
749 3201 928 3245 autem
962 3191 1053 3260 qui
1077 3188 1359 3245 sabbatum
1382 3192 1660 3246 constituit
1686 3193 2076 3259 honorandum,
2103 3209 2209 3249 non

626 3290 849 3352 pmpter
877 3281 1066 3350 legalis
1091 3281 1339 3334 mandata
1364 3283 1467 3336 hoc
1491 3282 1636 3348 fecit,
1665 3283 1758 3338 sed
1795 3285 1920 3354 quia
1949 3286 2212 3355 requievit

630 3373 723 3428 illa
766 3372 852 3427 die
897 3372 1156 3426 Dominus
1184 3371 1239 3424 in
1277 3372 1544 3440 sepulcro.
1595 3372 1822 3439 August.
1865 3375 2004 3437 libro
2037 3390 2107 3430 xv
2145 3377 2210 3429 de

630 3464 862 3519 Civitate
891 3462 985 3517 Dei
1015 3475 1039 3502 ι
1066 3479 1078 3516 :
1114 3481 1133 3513 ι
1169 3461 1282 3517 Non
1310 3464 1511 3527 omnia,
1541 3465 1733 3533 inquit,
1761 3479 1880 3534 qua:
1910 3472 2059 3535 gesta
2087 3481 2212 3520 nar-

631 3562 838 3620 rantur,
877 3552 1076 3623 aiiquid
1103 3553 1263 3607 etiam
1301 3552 1605 3624 signiﬁcare
1645 3554 1881 3624 putanda
1922 3563 2065 3620 sunt,
2118 3554 2211 3609 sed

630 3654 852 3715 propter
884 3645 972 3700 illa
1016 3659 1135 3713 qua:
1171 3643 1371 3712 aliquid
1400 3644 1725 3716 signiﬁcant,
1764 3645 1925 3700 etiam
1959 3637 2045 3701 illa
2093 3662 2212 3716 qum

633 3737 767 3791 nihil
793 3735 1118 3808 significant,
1161 3743 1506 3790 attexuntur:
1558 3751 1662 3792 non
1694 3738 1808 3793 solo
1853 3753 2066 3793 vomere
2093 3755 2212 3793 ara-

634 3835 758 3889 tur,
801 3827 896 3880 sed
938 3834 996 3878 ut
1032 3824 1142 3879 hoc
1189 3827 1357 3893 possit
1405 3827 1540 3892 ﬁeri,
1588 3829 1753 3881 etiam
1803 3828 1970 3882 aratri
2020 3837 2212 3881 esetera

634 3913 872 3970 membra
905 3920 1030 3969 sunt
1061 3913 1362 3967 necessaria
1390 3929 1403 3977 ;
1442 3928 1542 3968 uec
1573 3913 1672 3968 soli
1714 3914 1862 3966 nervi
1910 3914 1964 3967 in
1992 3913 2213 3968 citharis

636 4017 892 4078 aptantur
915 4006 978 4059 ad
1006 4013 1240 4069 cantum,
1279 4004 1374 4060 sed
1411 4013 1468 4058 ut
1493 4006 1664 4074 aptari
1694 4006 1920 4075 possint,
1959 4005 2138 4060 insunt
2162 4014 2217 4060 et

637 4106 851 4155 caetera.
886 4116 904 4149 ι
952 4096 1084 4150 item
1112 4095 1307 4149 aliter:
1345 4095 1523 4164 Quare
1549 4085 1749 4149 dicitur
1790 4094 2212 4167 Scptuagesima,

640 4205 762 4246 cum
792 4188 860 4242 ab
889 4203 952 4242 ea
994 4187 1080 4242 die
1105 4201 1273 4256 usque
1310 4187 1364 4240 in
1393 4187 1597 4242 Pascha
1641 4202 1748 4241 non
1772 4187 1879 4241 sint
1901 4187 2021 4256 plus
2055 4203 2213 4258 quam

639 4282 919 4351 sexaginta
960 4287 1189 4349 quatuor
1218 4280 1377 4334 dies?
1419 4279 1764 4334 Consuetudo
1801 4290 1885 4334 est
1912 4279 2217 4350 Scriptura-

2304 1851 2475 1905 usque
2500 1837 2804 1900 sabbatum,
2835 1851 2941 1906 quo
2965 1835 3369 1906 Septuagesima
3397 1835 3663 1904 pervenit,
3704 1832 3883 1888 simili-

2306 1937 2388 1982 ter
2417 1928 2522 1982 duo
2551 1936 2701 1992 sunt,
2747 1929 2836 1996 qui
2867 1936 2993 1982 sunt
3016 1927 3173 1982 simul
3210 1941 3322 1980 sex.
3355 1925 3616 1991 Quatuor
3649 1925 3791 1979 enim
3817 1920 3881 1976 ad

2306 2019 2433 2080 duo,
2466 2017 2686 2085 duplum
2713 2025 2796 2071 est
2821 2017 2888 2070 ad
2914 2017 3184 2086 simplum.
3233 2015 3610 2070 Prmcedeutes
3631 2029 3760 2086 ergo
3793 2029 3884 2067 nu-

2306 2110 2460 2172 meri,
2513 2110 2604 2176 qui
2639 2116 2763 2162 sunt
2790 2108 2845 2160 in
2892 2109 3240 2172 abstinentia,
3291 2107 3640 2178 signiﬁcant,
3673 2102 3883 2173 duplam

2306 2208 2534 2254 mortem
2579 2208 2819 2254 nostram
2849 2200 3042 2269 simpla
3086 2199 3285 2255 Christi
3323 2207 3498 2254 morte
3533 2212 3656 2253 esse
3681 2197 3887 2251 destru-

2305 2297 2468 2344 ctam.
2529 2287 2637 2344 Nos
2663 2289 2808 2343 enim
2849 2291 2902 2344 in
2945 2290 3121 2343 anima
3151 2298 3203 2343 et
3232 2302 3456 2358 corpore
3482 2288 3649 2342 morti
3673 2299 3885 2341 eramus

2305 2380 2564 2446 obnoxii,
2606 2379 2855 2436 Christus
2899 2390 3077 2433 autem
3120 2395 3216 2434 sua
3261 2379 3532 2448 corporali
3576 2386 3793 2441 morte,
3833 2391 3885 2440 ei

2307 2470 2501 2523 animm
2532 2477 2587 2523 et
2611 2470 2855 2538 corporis
2882 2479 3108 2524 mortem
3140 2469 3384 2527 exclusit.
3430 2468 3522 2524 Isti
3553 2478 3732 2521 autem
3755 2465 3884 2526 dies.

2308 2575 2444 2628 quos
2487 2559 2542 2614 in
2578 2558 2789 2613 Domini
2817 2561 3208 2614 resurrectione
3238 2575 3359 2614 cum
3392 2557 3586 2629 gaudio
3627 2565 3682 2612 et
3708 2555 3888 2610 lietitia

2309 2652 2664 2718 celebramus,
2692 2652 2996 2722 signiﬁcant
3027 2651 3497 2714 resurrectionem,
3545 2663 3708 2719 quam
3735 2646 3887 2703 Chri-

2310 2748 2425 2795 stus
2463 2742 2679 2809 duplam
2725 2757 2818 2796 sua
2866 2741 3055 2810 simpla
3097 2742 3342 2797 contulit.
3390 2741 3506 2812 Ipse
3553 2732 3700 2794 enini
3746 2745 3885 2794 Sicut

2309 2831 2422 2888 scio
2445 2849 2672 2903 corpore
2695 2840 2937 2886 mortuus
2953 2841 3055 2897 est,
3084 2835 3156 2888 ita
3179 2834 3292 2898 solo
3317 2847 3539 2902 corpore
3561 2824 3884 2892 resurrexit;

2309 2939 2410 2978 nos
2455 2932 2636 2978 autem
2683 2931 2740 2977 et
2782 2923 2836 2977 in
2871 2926 3048 2978 anima
3086 2925 3316 2992 primum
3348 2919 3632 2977 resuscitat
3673 2925 3888 2986 peccata

2311 3014 2652 3078 dimittenda,
2688 3022 2743 3067 et
2785 3015 2839 3067 in
2868 3014 3048 3068 futuro
3074 3015 3237 3067 etiam
3271 3027 3496 3084 corpora
3544 3011 3890 3067 resuscitatu-

2314 3118 2406 3158 I'US
2432 3113 2535 3159 est.

2927 3196 3152 3253 CAPUT
3192 3198 3279 3252 IX.

2727 3289 2756 3327 δ
2797 3304 2924 3342 ιτειι
2964 3304 3028 3342 ne
3068 3291 3481 3347 δερτσλοεδιη.

2384 3378 2487 3445 Qui
2518 3393 2688 3432 sacra:
2712 3376 2870 3447 legis,
2901 3379 3099 3433 veteris
3129 3378 3336 3432 scilicet
3361 3377 3604 3432 historiae
3627 3375 3794 3431 libros
3821 3375 3895 3431 le-

2313 3477 2468 3540 gunt,
2496 3468 2629 3521 satis
2655 3468 2709 3520 in
2737 3476 2984 3536 promptu
3012 3467 3210 3522 habent
3255 3467 3608 3522 Israeliticum
3637 3467 3891 3536 populum

2315 3555 2510 3627 sapius
2541 3567 2732 3612 contra
2759 3558 2922 3612 Deum
2951 3557 3258 3628 deliquisse.
3294 3557 3440 3614 Unde
3463 3557 3775 3627 frequenter
3801 3555 3895 3610 ad-

2315 3649 2501 3703 moniti
2532 3663 2630 3717 per
2659 3649 2970 3717 prophetas,
3002 3648 3374 3718 ptenitentiam
3403 3663 3561 3719 agere
3590 3646 3891 3722 noluerunt.

2315 3741 2652 3810 Quapropter
2690 3741 2829 3794 sicut
2873 3740 3068 3809 legitur
3113 3743 3165 3793 in
3196 3741 3332 3793 libro
3362 3739 3566 3808 Regum
3593 3777 3611 3802 ,
3657 3746 3714 3790 et
3747 3736 3895 3789 beati

2314 3831 2610 3884 Ezechielis
2632 3830 2932 3898 prophetia,
2975 3836 3096 3898 post
3122 3829 3316 3883 multas
3344 3829 3728 3892 correctiones,
3757 3826 3896 3881 sicut

2316 3920 2569 3984 diximus,
2599 3921 2653 3973 in
2683 3920 3011 3989 impudentia
3045 3919 3149 3973 illis
3173 3919 3633 3989 permanentibus,
3673 3916 3896 3972 tradidit

2317 4014 2616 4074 illosDeus
2646 4013 2698 4066 in
2744 3998 2937 4067 manus
2969 4012 3354 4082 diripientium.
3405 4011 3472 4066 Et
3514 4011 3751 4081 primum
3795 4008 3891 4064 de-

2318 4122 2435 4162 cem
2484 4105 2732 4160 tribubus
2771 4103 2823 4157 in
2867 4104 3234 4173 captivitatem
3276 4103 3450 4158 ductis
3479 4103 3561 4162 ab.
3577 4100 3814 4176 Assyriis
3838 4108 3898 4153 et

2317 4211 2441 4264 rege
2476 4197 2736 4267 ipsorum,
2763 4195 2937 4248 tribus
2961 4193 3095 4248 Juda
3124 4202 3178 4248 et
3205 4191 3515 4264 Beniamin,
3533 4206 3652 4260 quae
3677 4203 3892 4243 reman-

2317 4296 2499 4343 serant
2529 4288 2581 4341 in
2612 4284 2968 4350 Hierusalem,
3016 4286 3211 4356 saepius
3237 4299 3268 4336 a
3312 4283 3470 4336 beato
3508 4279 3780 4337 Hieremia
3831 4285 3890 4332 et

599 4401 603 4405 λ
640 4389 761 4428 rum
790 4373 1112 4436 divinamm.
1146 4374 1407 4425 momnis
1431 4386 1704 4435 numerus.
1737 4386 1803 4424 ex
1844 4387 1952 4440 quo
1983 4375 2214 4441 quamli-
2250 4414 2297 4471 ο
2321 4382 2532 4437 caeteris
2568 4381 2843 4450 prophetis
2890 4379 3196 4441 admonita,
3243 4382 3302 4428 ut
3345 4373 3730 4440 resipiscerent
3779 4377 3830 4424 et
3860 4385 3893 4424 a

640 4466 734 4520 bet
756 4463 1010 4518 decadem
1053 4462 1349 4526 transierit,
1378 4470 1439 4515 ut
1475 4461 1648 4515 tertiis
1691 4460 1927 4533 [tertius]
1958 4465 2220 4516 monadiis

642 4557 902 4622 incurrat,
956 4570 1064 4608 non
1094 4555 1374 4624 deputetur
1421 4553 1560 4608 idem
1591 4569 1848 4608 numerus
1893 4555 2222 4625 praecedenti

641 4649 848 4709 decadi,
875 4648 970 4702 sed
993 4647 1040 4702 ci
1077 4648 1142 4701 ad
1167 4663 1327 4716 quam
1361 4647 1550 4701 tendit.
1604 4646 1743 4716 Lege
1773 4646 1969 4700 librum
1999 4645 2223 4702 Genesis

641 4739 694 4794 in
725 4738 1029 4809 genealogis
1065 4737 1292 4791 ﬁliorum
1339 4736 1468 4790 Noe.
1506 4736 1634 4790 Item
1662 4735 1857 4789 aliter:
1896 4736 2005 4791 Cur
2027 4738 2222 4792 dicitur

643 4827 1069 4899 Septuagesima,
1116 4842 1238 4881 eum
1269 4828 1335 4880 ab
1362 4826 1449 4880 illa
1476 4827 1563 4880 die
1607 4841 1778 4895 usque
1804 4827 1855 4880 in
1881 4827 2084 4882 Pascha
2113 4843 2217 4882 non

645 4918 754 4971 sint
777 4917 1114 4984 septuaginta
1157 4915 1315 4988 dies?
1358 4914 1762 4986 Septuagesima
1797 4917 1966 4970 tendit
1995 4918 2058 4970 ad
2100 4919 2220 4972 sab-

645 5009 829 5064 batum
853 5014 976 5059 ante
997 5013 1213 5058 octavas
1236 5005 1493 5060 Paschze-z
1526 5009 1886 5078 baptizantur,
1912 5007 2028 5060 alba
2063 5009 2221 5062 vesti-

645 5107 827 5153 menta
855 5097 1148 5166 deponunt,
1190 5104 1242 5149 et
1283 5103 1412 5150 tunc
1441 5098 1747 5153 conﬁrmari
1790 5115 1884 5153 eos
1911 5107 2120 5166 oportet
2154 5099 2221 5152 ab

643 5190 918 5259 episcopo,
945 5195 999 5241 et
1021 5201 1117 5257 per
1144 5186 1537 5255 impositlonem
1566 5200 1759 5242 manus
1785 5191 2026 5258 accipere
2053 5187 2223 5257 Spiri-

647 5273 1074 5350 tumfsanctum;
1109 5285 1162 5331 et
1185 5276 1311 5346 quia
1342 5285 1547 5346 septem
1592 5275 1729 5330 dona
1766 5275 2000 5346 Spiritus
2044 5277 2217 5332 sancti

647 5365 1041 5432 describuntur,
1079 5376 1224 5422 recte
1267 5365 1356 5437 qui
1407 5367 1548 5421 hunc
1592 5369 1860 5436 accepturi
1913 5377 2075 5432 sunt,
2123 5365 2218 5422 Sc-

719 5517 743 5544 ·
775 5503 960 5560 Potius
981 5505 1104 5562 libr.
1135 5522 1244 5571 xvi,
1273 5519 1423 5560 num.
1448 5507 1502 5559 5.

721 5575 758 5655 ιι.
779 5576 908 5642 Quae
929 5586 1228 5657 sequuntur
1253 5576 1487 5656 capitula
1509 5575 1574 5657 de
1603 5575 2024 5657 septuagesima,
2056 5578 2225 5657 Sexa-

653 5639 874 5716 gesima,
923 5639 1370 5721 Quinquagesinia
1420 5653 1470 5701 et
1518 5639 1955 5719 Quadragesima,
2005 5639 2221 5719 quidam

2321 4472 2500 4542 pravis
2523 4471 2776 4540 operibus
2802 4476 3096 4532 cessarent,
3128 4482 3193 4521 ne
3221 4467 3417 4522 similia
3444 4472 3776 4535 paterentur,
3807 4478 3897 4517 ve.

2322 4562 2418 4616 luti
2451 4561 2547 4624 illi,
2584 4561 2676 4629 qui
2697 4559 2806 4627 jam
2852 4559 3145 4614 transducti
3189 4560 3242 4613 in
3287 4557 3612 4631 Babylonem
3657 4554 3890 4617 fuerant,

2322 4652 2506 4708 audire
2535 4652 2841 4715 noluerunt,
2875 4653 2966 4707 sed
2996 4654 3047 4706 in
3081 4668 3175 4706 sua
3207 4651 3386 4707 cordis
3409 4649 3607 4704 duritia
3633 4655 3690 4704 et
3716 4646 3895 4716 pravi-—

2320 4752 2430 4798 tate
2460 4751 2618 4812 atque
2644 4743 2945 4798 idololatria
2975 4744 3290 4812 (ueterisque
3321 4737 3705 4794 oﬂ‘ensionibus
3728 4733 3895 4804 perti-

2322 4835 2530 4890 naciter
2559 4823 2988 4906 permanserunt,
3025 4834 3176 4888 Unde
3216 4843 3492 4900 regressus
3523 4841 3618 4880 rex
3648 4823 3898 4894 Assyrio-

2324 4943 2440 4981 r-um
2464 4925 2957 4982 Nabuchodonosor
2983 4939 3102 4978 cum
3125 4921 3385 4983 exercitu,
3412 4917 3660 4988 regiones
3681 4916 3892 4972 illorum

2323 5019 2575 5081 vastavit,
2613 5025 2668 5072 et
2690 5017 2964 5073 civitatem
3008 5009 3340 5069 Hierusalem
3369 5008 3754 5068 munitionibus
3784 5007 3892 5061 cir-

2325 5109 2618 5174 cumdedit,
2648 5116 2702 5162 et
2740 5105 2924 5162 tandiu
2949 5101 3176 5165 obsedit,
3208 5114 3492 5171 quousque,
3523 5097 3897 5156 deﬁcientibus

2324 5202 2613 5264 alimentis,
2646 5198 2775 5253 victi
2804 5210 2992 5251 omnes
3042 5195 3317 5259 cederent,
3362 5203 3416 5250 et
3440 5192 3628 5249 relicta
3653 5191 3893 5253 civitate,

2325 5304 2414 5342 rex
2446 5285 2735 5343 Sedecbias
2762 5300 2882 5338 cum
2922 5282 3044 5337 filiis
3067 5293 3120 5336 et
3146 5285 3327 5352 paucis
3353 5283 3445 5351 qui
3473 5296 3653 5339 secum
3682 5293 3898 5334 reman-

2325 5387 2533 5443 serant,
2571 5376 2800 5450 t’ugeret.
2843 5372 3009 5440 Quem
3036 5414 3052 5439 ,
3087 5382 3243 5443 capta
3290 5373 3534 5437 civitate,
3567 5381 3901 5442 persequens

2328 5526 2426 5564 ms.
2469 5509 2588 5564 eod.
2626 5507 2826 5563 habent
2867 5507 2919 5562 in
2964 5507 3109 5564 calce
3155 5507 3297 5562 libri.
3331 5505 3438 5562 Sed
3472 5520 3572 5561 nos
3604 5503 3660 5560 In
3681 5503 3899 5568 eodem,

2328 5595 2433 5649 quo
2459 5580 2608 5648 prius
2635 5592 2826 5649 excusa
2856 5590 3010 5635 erant
3050 5580 3258 5646 ordine,
3310 5576 3656 5647 relinquenda
3685 5571 3903 5631 censui-

2329 5647 2473 5705 mus.
2498 5647 2768 5719 Qttsncsfe
