4232 6208
388 294 569 381 ,ttss

1237 299 1388 359 opp.
1427 296 1827 362 sannosum.
1867 325 1938 343 .-
1969 293 2104 350 us.
2136 292 2227 348 nn
2263 290 2511 350 arms
2544 290 2881 370 umens.»

3516 284 3653 343 “86

421 372 653 495 populus
687 372 1032 490 Assyriorum
1069 413 1438 485 apprehendit,
1484 412 1617 469 etin
1638 395 1984 482 conspectum
2008 408 2059 465 Δ
2083 405 2353 461 dicimus:
2382 402 2570 495 Preces
2798 414 2897 473 tut,
2939 419 3261 478 manuus,
3279 403 3519 495 Domine,
3547 405 3647 495 elei

424 511 569 581 regis
594 506 679 562 sui
716 505 1207 562 Nabuchodonosor
1244 516 1367 556 cum
1396 500 1522 556 ﬁliis
1560 507 1617 555 et
1659 498 1994 569 principibus

423 599 607 671 populi
643 596 878 653 ﬁliorum
903 593 1206 667 Judaorum
1226 633 1242 660 ,
1265 592 1364 662 qui
1392 590 1593 647 residui
1627 588 1863 661 fueram,
1900 588 1995 643 ad-

425 687 623 753 duxit;
650 686 967 756 locutusque
988 692 1074 740 est
1100 698 1194 740 rex
1216 679 1704 739 Nabuchodonosor
1724 693 1850 735 cum
1869 692 1995 748 rege

428 774 712 842 Sedochia,
760 774 901 830 sicut
926 774 1124 845 legitur
1163 773 1218 828 in
1260 772 1398 846 libro
1434 770 1706 834 Jeremiae,
1751 767 1992 840 judicia;

424 864 783 936 praecepitque
806 863 861 918 in
905 871 1193 934 conspectu
1213 860 1360 940 regis
1385 846 1663 916 Sedechlte
1687 856 1996 913 interﬁcere

423 955 567 1011 ﬁlios
591 953 729 1024 eius,
764 962 820 1009 et
856 968 1046 1010 omnes
1086 953 1356 1024 principes
1397 951 1706 1009 Iudaeorum
1728 990 1745 1017 ,
1784 948 1876 1020 qui
1903 962 1995 1004 re-

423 1055 756 1126 manserant.
792 1044 989 1106 Oculos
1013 1042 1193 1101 autem
1216 1042 1492 1100 Sedechias
1508 1042 1668 1114 jussit
1686 1053 1906 1105 eruere,
1936 1042 1993 1093 et
2017 1110 2051 1120 μ

421 1144 660 1198 vinctum
695 1141 903 1197 catenis
938 1140 1090 1196 duxit
1127 1139 1185 1193 in
1224 1136 1571 1209 Babylonem.
1618 1133 1994 1190 Nabuzardam
2055 1192 2060 1199 ,

422 1238 602 1287 autem
629 1228 927 1301 principem
951 1226 1155 1282 militia:
1180 1224 1383 1280 dimisit
1407 1224 1477 1279 ad
1497 1220 1856 1279 destruendos
1875 1234 1995 1273 mu-

422 1337 515 1380 ros
541 1320 896 1378 Hierusalem.
938 1318 1090 1374 Unde
1113 1318 1253 1373 sicut
1275 1316 1385 1371 illic
1411 1313 1685 1378 scribitur,
1713 1309 1990 1366 Nabuzar-

420 1412 571 1479 dam,
596 1413 849 1482 princeps
874 1423 1185 1480 coquorum,
1215 1405 1485 1463 destruxit
1526 1417 1710 1458 muros
1731 1401 1993 1465 Hierusa-

419 1500 547 1557 lem.
590 1499 659 1555 Et
678 1500 755 1555 ita
779 1514 969 1556 omnes
994 1497 1142 1555 ducti
1170 1502 1295 1554 sunt
1323 1495 1380 1549 in
1417 1492 1781 1564 captivitatem
1809 1490 1865 1545 in
1889 1488 1993 1543 Ba-

420 1592 716 1664 byloniam,
744 1577 935 1661 paucis
958 1598 1167 1645 tantum
1187 1587 1255 1643 de
1272 1585 1600 1657 pauperibus
1626 1581 1808 1655 populi
1838 1580 1991 1636 dere-

419 1682 583 1748 lictis,
611 1681 704 1753 qui
726 1676 884 1739 erant
907 1678 1155 1749 agricolas
1181 1685 1236 1733 et
1271 1676 1550 1731 vinitores.
1590 1673 1651 1728 In
1675 1687 1787 1741 qua
1818 1672 1989 1740 capti-

2093 502 2291 548 nscuter
2308 493 2501 548 exaudi
2517 534 2534 561 ,
2570 504 2677 549 etc.
2728 494 2986 550 Hortatur
3008 495 3169 549 etiam
3196 508 3295 550 nos
3333 493 3446 563 ipsa
3470 493 3557 548 die
3581 491 3654 550 ad

2090 584 2310 637 cursum
2351 582 2506 638 bona
2550 582 2879 653 operationis
2920 576 3088 655 ω
3129 583 3318 638 beatus
3341 581 3656 653 Apostolus,

2092 667 2315 727 dicens:
2348 667 2438 724 Sic
2478 671 2692 738 currite,
2742 680 2800 726 ut
2844 672 3286 744 comprehendatis
3320 666 3383 739 ’(1
3420 670 3543 727 Cor.
3572 688 3683 740 rx,

2091 763 2205 836 2i).
2234 764 2651 839 Responsorium
2678 766 2842 825 etiam
2872 769 3011 826 bene
3047 769 3315 840 congruit,
3358 769 3499 840 quod
3536 769 3654 842 ipsa

2092 853 2180 910 die
2203 862 2487 910 cantatur:
2513 856 2762 926 Adjutor.
2807 850 2917 914 Nec
2939 873 3045 913 nou
3072 866 3130 913 et
3150 865 3388 913 tractus:
3432 857 3511 913 Dc
3531 874 3657 931 pro;

2092 942 2292 1013 fundis.
2320 941 2457 998 Nam
2480 944 2536 999 in
2563 944 2683 1000 istis
2706 945 2895 1002 diebus
2916 954 3135 1019 propter
3161 946 3517 1022 humilitatem
3542 935 3651 1002 non

2090 1041 2372 1102 cantamus
2395 1034 2652 1107 hymnum
2680 1034 2999 1108 angelicum,
3025 1037 3247 1110 scilicet,
3278 1034 3458 1093 Gloria
3479 1039 3535 1094 in
3560 1055 3653 1094 ca:-

2091 1122 2241 1177 celsis
2258 1121 2403 1205 Deo;
2424 1138 2598 1194 neque
2620 1122 2867 1194 Alleluia,
2893 1127 3036 1197 quod
3057 1135 3141 1183 est
3161 1128 3429 1184 canticum
3442 1128 3653 1184 laetitia

2089 1219 2145 1267 et
2167 1212 2572 1269 exsultatiouis:
2601 1214 2703 1283 sed
2722 1229 2821 1285 pro
2842 1214 3070 1271 Alleluia
3095 1224 3371 1289 cantamus
3399 1217 3649 1273 humilem

2090 1310 2331 1369 cautum,
2357 1302 2565 1369 scilicet
2588 1310 2839 1370 tractum,
2867 1305 3012 1375 quia
3039 1305 3295 1362 trahendo
3329 1307 3545 1373 dicitur,
3584 1324 3651 1363 eo

2089 1392 2231 1461 quod
2256 1393 2469 1449 tractim
2495 1401 2764 1463 cantetur,
2796 1403 2852 1450 et
2876 1393 3141 1467 signiﬁcat
3161 1399 3418 1470 gemitum
3450 1410 3649 1458 sancta:

2086 1482 2275 1537 matris
2304 1481 2579 1538 Ecclesia.
2629 1483 2690 1539 ln
2736 1484 3024 1556 Evangelio
3064 1488 3227 1543 etiam
3275 1486 3487 1560 (Matth.
3532 1492 3646 1564 xx),

2087 1572 2229 1644 quod
2262 1574 2377 1644 ipsa
2408 1575 2495 1629 die
2527 1573 2755 1645 legitur,
2801 1576 2992 1632 invitat
3029 1593 3129 1634 nos
3172 1579 3556 1649 paterfamilias
3582 1584 3648 1639 ad

2086 1666 2455 1737 operationem
2497 1666 2691 1734 vineae,
2730 1674 2791 1721 ut
2822 1666 3048 1724 ﬁdeliter
3075 1669 3280 1737 scilicet
3321 1670 3645 1740 laborantes,

421 1747 587 1828 vim“,
610 1747 806 1828 ὦοησ
835 1747 967 1826 mnf
999 1768 1057 1824 in
1084 1782 1272 1842 magna
1299 1764 1584 1837 amacﬁone
1605 1772 1660 1819 ει
1684 1761 1908 1834 penuria
1928 1769 1984 1816 ει
2012 1747 2055 1806 Β
2082 1755 2360 1811 denarium
2386 1757 2837 1814 remunerationis
2870 1760 3145 1830 percipere
3172 1775 3492 1818 mereamur.
3520 1763 3651 1822 Post

421 1863 680 1917 servitute
706 1876 804 1933 per
830 1875 1000 1916 annos
1025 1857 1379 1929 septuaginta.
1426 1855 1621 1912 Postea
1647 1866 1797 1917 vero.
1822 1850 1985 1907 mise-

421 1955 574 2005 rante
614 1948 796 2003 divina
840 1945 1126 2004 clementia
1144 1985 1160 2011 ,
1204 1945 1304 2000 sub
1330 1942 1471 2014 Cyro
1501 1955 1626 2014 rege
1670 1940 1981 2006 Persarum,

418 2038 849 2111 magna’illorum
874 2054 1002 2109 pars
1027 2052 1242 2111 reversa
1278 2044 1370 2109 est
1394 2033 1749 2099 Hierusalem,
1798 2031 1853 2087 id
1875 2038 1981 2097 est,

418 2109 825 2200 quinquaginta
854 2126 967 2182 fere
1000 2109 1167 2180 millia
1211 2125 1508 2181 hominum.
1558 2124 1824 2196 Tempore
1850 2137 1982 2178 vero

418 2218 566 2274 Darii
592 2218 754 2291 regis,
801 2216 978 2291 omnis
1018 2214 1292 2288 plenitudo
1331 2214 1511 2286 populi
1542 2212 1849 2285 Iudaeorum
1880 2214 1981 2270 sub

418 2310 553 2366 duce
606 2294 902 2386 Zorobabel
920 2340 957 2375 ,-
986 2317 1043 2364 et
1085 2306 1215 2363 Jesu
1268 2304 1379 2361 ﬁlio
1425 2304 1647 2361 Josedec
1703 2303 1982 2361 sacerdote

417 2413 635 2469 magno,
658 2407 713 2456 et
736 2399 910 2455 Esdra
934 2397 1132 2464 scriba,
1160 2396 1361 2453 reversi
1387 2403 1512 2451 sunt
1542 2394 1898 2461 Hierusalem,
1925 2401 1984 2449 et

416 2487 815 2547 :cdiﬁcaverunt
859 2503 1044 2545 muros
1069 2487 1185 2558 ejus
1212 2493 1269 2542 et
1294 2485 1569 2558 templum,
1616 2493 1672 2541 et
1698 2483 1979 2543 habitave-

417 2583 545 2631 runt
572 2576 626 2635 in
654 2592 737 2633 ea.
778 2577 947 2633 Erant
966 2586 1144 2633 autem
1174 2582 1300 2632 tunc
1324 2577 1597 2647 prophetae
1623 2575 1854 2635 illorum,
1887 2573 1979 2645 qui

416 2667 486 2722 ad
511 2658 880 2723 adiﬁcandum
908 2647 1162 2737 templum
1186 2676 1241 2725 et
1257 2668 1550 2734 civitatem,
1574 2665 1865 2739 plurimum
1887 2679 1980 2722 eos

417 2756 793 2813 confortabant
810 2757 1036 2829 Aggzeus
1061 2763 1116 2813 et
1144 2756 1447 2813 Zacharias.
1940 2804 1943 2807 .

485 2847 638 2905 Hanc
670 2863 802 2920 ergo
834 2848 1200 2920 captivitatem
1242 2846 1450 2904 Iudaici
1481 2846 1686 2919 populi,
1734 2859 1855 2916 qua
1879 2859 1980 2901 no-

417 2947 585 2996 stram
611 2928 975 3012 praeﬁguravit
998 2940 1498 3013 peregrinationem,
1529 2938 1805 2997 annuatim
1828 2951 1979 2993 reco-

416 3026 534 3082 lens
560 3034 745 3083 sancta
772 3028 1035 3094 Ecclesia,
1063 3036 1120 3084 et
1150 3030 1205 3083 in
1242 3029 1558 3085 memoriam
1595 3029 1858 3089 reducens
1890 3041 1978 3083 ce-

416 3116 592 3174 lebrat
618 3117 1077 3192 Septuagesimam
1106 3137 1118 3172 :
1150 3127 1211 3175 ut
1236 3119 1376 3174 sicut
1399 3119 1489 3173 ille
1510 3119 1737 3191 populus
1760 3128 1978 3188 septua-

416 3209 565 3277 ginta
589 3223 779 3275 annos,
810 3209 1056 3279 quamvis
1082 3208 1301 3274 invitus,
1332 3208 1388 3262 in
1416 3208 1724 3276 captivitate
1745 3214 1800 3262 et
1822 3222 1978 3277 pere-

418 3299 719 3367 grinatione
744 3308 832 3354 est
853 3298 1120 3367 detentus,
1152 3298 1379 3369 ita,nos,
1422 3297 1476 3352 id
1512 3303 1615 3362 est,
1640 3294 1977 3352 Christianus

415 3386 662 3456 populus,
702 3388 1036 3458 septuaginta
1067 3386 1184 3443 dies
1210 3390 1448 3443 nostram
1488 3386 1974 3461 peregrinationem

416 3484 473 3530 et
512 3476 793 3545 praesentis
834 3476 959 3532 vitae
985 3491 1277 3533 aerumnam
1315 3475 1615 3531 voluntarie
1659 3476 1974 3541 recolentes,

417 3562 485 3618 ad
511 3564 760 3632 patriam,
786 3577 906 3632 qua
923 3570 1005 3617 est
1029 3576 1257 3631 superna
1276 3561 1628 3626 Hierusalem,
1655 3561 1834 3619 redire
1853 3578 1975 3617 cum

414 3650 563 3704 omni
587 3650 863 3716 aviditate,
891 3643 1048 3706 bonis
1068 3648 1232 3705 dediti
1254 3649 1526 3720 operibus,
1554 3648 1752 3719 vigiliis
1771 3649 1976 3704 scilicet

2079 1844 2430 1915 Evangelium
2456 1847 2672 1911 canitur
2709 1848 2979 1905 offerenda
3006 1869 3018 1904 :
3057 1850 3263 1915 Bonum
3290 1863 3364 1909 est
3390 1856 3647 1925 conﬁteri,

2079 1944 2136 1991 et
2157 1933 2448 2007 antipbona
2469 1936 2537 1990 ad
2562 1937 2971 2008 complendam:
3003 1938 3256 1996 Illumina
3284 1942 3491 2011 faciem.
3519 1943 3648 2011 Quae

2078 2028 2257 2082 omnia
2284 2028 2569 2099 diligenter
2596 2028 2861 2100 inspecta,
2910 2010 3118 2103 magnis
3155 2010 3644 2105 mysteriorumire-

2079 2121 2261 2178 dolent
2299 2123 2676 2191 sacramentis,
2702 2132 2759 2180 et
2780 2124 3033 2181 Ecclesia:
3056 2128 3284 2197 gemitus
3305 2128 3470 2185 Deum
3498 2129 3653 2185 ἰῆτο--

2078 2208 2252 2271 cautis
2275 2215 2347 2269 ob
2383 2214 2647 2271 auxilium
2678 2215 2744 2273 de
2789 2216 3170 2285 tribulatione,
3199 2219 3457 2288 indicant,
3497 2231 3554 2277 et
3578 2222 3646 2278 ad

2077 2302 2372 2372 spiritualis
2413 2303 2779 2374 intelligentiae
2830 2304 3132 2362 doctrinam
3188 2310 3321 2365 satis
3375 2311 3649 2366 instruunt

2077 2394 2399 2452 auditorem.
2429 2384 2490 2453 In
2524 2396 2609 2453 his
2628 2395 2793 2452 etiam
2822 2397 3029 2463 diebus,
3063 2404 3124 2454 ut
3140 2398 3253 2470 jam
3279 2400 3531 2468 diximus,
3567 2402 3651 2457 in-

2077 2483 2724 2564 ter-mittimushymnum
2749 2486 3050 2558 angelicum
3070 2528 3087 2555 ,
3117 2496 3173 2545 et
3208 2489 3453 2556 Alleluia,
3502 2494 3645 2563 quod

2077 2580 2162 2627 est
2203 2569 2529 2639 Hebrteum;
2571 2581 2628 2629 et
2668 2587 2769 2643 pro
2813 2574 3040 2631 Alleluia
3061 2617 3076 2641 ,
3122 2578 3394 2637 humiliori
3426 2580 3501 2651 (id
3542 2592 3644 2646 est.

2078 2663 2288 2736 Latina)
2318 2664 2525 2719 utimur
2563 2665 3037 2737 lingua,dicentcs
3061 2669 3117 2723 in
3164 2670 3407 2739 psalmis,
3432 2672 3647 2743 hymnis

2075 2760 2135 2809 et
2161 2753 2413 2819 canticis,
2446 2751 2586 2809 Laus
2630 2754 2751 2820 tibi,
2782 2754 3027 2821 Domine,
3076 2773 3168 2812 rex
3192 2767 3398 2815 wternte
3442 2760 3641 2831 gloria.

2076 2840 2212 2900 Nam
2234 2850 2290 2898 et
2320 2843 2375 2898 iu
2399 2858 2629 2915 persona
2649 2857 2854 2909 eorum,
2877 2846 2971 2915 qui
2996 2846 3050 2901 in
3070 2848 3379 2918 captivitate
3407 2849 3647 2907 detinen-

2078 2938 2188 2997 tur,
2235 2931 2432 2988 dicitur
2460 2932 2515 2987 in
2549 2932 2791 3005 psalmo:
2844 2933 3115 3001 Quomodo
3153 2938 3475 2995 cantabimus
3515 2958 3645 2997 can-

2077 3022 2238 3076 ticum
2264 3021 2477 3077 Domini
2500 3024 2557 3079 in
2588 3035 2732 3079 terra
2758 3024 2932 3080 aliena
2973 3024 3143 3097 (Psal.
3179 3043 3397 3097 cxxxvr,
3434 3031 3535 3104 4)?
3580 3033 3646 3090 Et

2001 3086 2049 3152 ο
2079 3111 2274 3166 iterum
2306 3110 2438 3166 dicit
2470 3110 2787 3183 Scriptura:
2832 3086 3102 3180 Quia‘non
3147 3128 3235 3190 est,
3263 3086 3493 3189 speciosa
3519 3086 3643 3178 flaui

2074 3200 2132 3253 in
2157 3215 2244 3254 ore
2269 3201 2554 3269 peccatoris
2580 3200 2772 3271 (Eccli.
2820 3218 2908 3269 xv,
2940 3204 3017 3277 9).
3062 3204 3204 3277 Ergo
3245 3210 3547 3282 quicunque
3588 3214 3642 3269 in

2076 3288 2162 3344 his
2190 3288 2380 3345 diebus
2410 3287 2827 3363 Septuagesimz
2852 3294 3203 3355 saluberrime
3225 3300 3504 3371 institutis,
3525 3320 3647 3361 cur-

2074 3394 2195 3435 sum
2224 3395 2403 3448 suum,
2432 3381 2486 3437 id
2513 3390 2619 3450 est,
2646 3384 2771 3439 vitae
2790 3384 2951 3454 hujus
2977 3390 3257 3459 prtesentis
3282 3400 3480 3448 statum
3508 3396 3645 3451 bene

2074 3470 2349 3534 direxerit,
2374 3477 2436 3526 ut
2458 3472 2701 3543 deposita
2727 3475 2874 3529 omni
2901 3476 3081 3546 inepta
3105 3476 3287 3533 laetitia
3309 3488 3365 3535 et
3383 3461 3640 3548 vanitate,

2074 3559 2129 3613 in
2148 3556 2366 3627 jejuniis
2390 3567 2446 3614 et
2476 3559 2675 3629 vigiliis
2698 3568 2754 3615 et
2790 3562 3144 3630 orationibus,
3185 3564 3640 3639 eleemosynisque

2073 3663 2137 3704 ac
2161 3650 2373 3703 exteris
2398 3649 2553 3705 bonis
2578 3650 2833 3719 operibus
2867 3651 3082 3708 assidue
3124 3653 3355 3722 insistat,
3396 3666 3449 3713 et
3480 3673 3637 3728 pere-

416 3748 472 3794 et
492 3738 710 3810 jejuniis
731 3748 786 3795 et
808 3739 1157 3805 orationibus,
1187 3738 1388 3794 intente
1414 3740 1739 3795 Studeamus.
1784 3738 1975 3809 Incipit
2073 3737 2391 3808 griuationis
2416 3752 2543 3793 sum
2562 3737 2775 3795 assidue
2803 3742 3115 3797 recordatus
3149 3742 3309 3801 fuerit
3327 3785 3343 3811 ,
3392 3747 3479 3804 hic
3515 3764 3639 3804 san-

418 3836 599 3883 autem
627 3827 1027 3900 Septuagesima
1060 3828 1129 3887 ab
1158 3827 1249 3883 illo
1276 3829 1383 3894 die,
1408 3844 1515 3899 quo
1537 3830 1977 3886 consuetudinem
2074 3833 2220 3881 ctum
2255 3822 2464 3883 Pascha
2500 3826 2731 3883 feliciter
2776 3829 3107 3887 celebrabit:
3159 3837 3427 3895 canticum
3470 3841 3633 3897 etiam

419 3915 658 3974 Ecclesia
674 3918 837 3974 habet
850 3917 1542 3975 canere:Circumdederuat
1563 3928 1735 3987 me,et
1754 3927 2003 3991 pertcnv.
2073 3915 2293 3984 latitia.
2325 3917 2381 3973 id
2404 3926 2508 3983 est.
2549 3917 2795 3986 Alleluia,
2826 3921 2968 3991 quod
2996 3922 3217 3999 estlau's
3258 3926 3491 3997 Domini,
3522 3932 3639 3987 sine

365 4077 369 4081 ν
418 4004 497 4060 dit
514 4019 684 4073 usque
705 4005 772 4059 ad
785 4006 1065 4063 sabbatum
1078 4007 1353 4064 Paschalis
1375 4007 1736 4083 hebdomadas,
1762 4008 1972 4078 quando
2074 4008 2181 4063 ﬁne
2204 4009 2683 4067 cantabit.Pascha
2704 4027 2933 4084 namque
2953 4013 3139 4072 Grece
3154 4028 3206 4083 ι,
3227 4016 3416 4075 Latine
3439 4020 3638 4078 dicitur

420 4094 697 4150 canimus:
749 4092 948 4149 Eduxit
974 4095 1248 4150 Dominus.
1295 4094 1429 4150 Nam
1456 4103 1537 4151 tot
1572 4096 1711 4165 dies,
1748 4098 1795 4153 si
1827 4113 1974 4153 com-
2074 4098 2368 4154 transitus:
2404 4108 2460 4155 et
2485 4093 2584 4156 nos
2611 4103 2657 4157 si
2680 4102 2884 4161 Pascha
2910 4115 3156 4162 sanctum
3185 4108 3454 4168 celebrare
3478 4113 3631 4169 volu-

419 4184 589 4255 putati
633 4182 852 4253 fuerint,
905 4185 960 4243 id
990 4194 1093 4253 est,
1134 4188 1468 4259 septuaginta
1498 4187 1570 4243 ibi
1609 4187 1969 4244 inveniuntur.
2071 4200 2212 4251 mus,
2247 4187 2532 4243 transitum
2558 4188 2819 4247 faciamus
2842 4207 2875 4248 a
2904 4194 3048 4250 vitiis
3089 4196 3161 4261 ad
3200 4198 3446 4268 virtutes,
3475 4212 3530 4257 et
3568 4204 3636 4259 de

422 4274 858 4347 septuagesimo;
894 4284 1071 4333 autem
1110 4293 1362 4333 numerus
1386 4279 1457 4334 ad
1482 4278 1794 4334 memoriam
1816 4278 1971 4335 nobis
2072 4274 2300 4363 terrenis
2327 4275 2395 4331 ad
2436 4275 2699 4343 cmlestia,
2749 4288 2803 4336 et
2846 4282 2913 4338 de
2941 4284 3268 4344 transitoriis
3310 4290 3377 4346 ad
3424 4306 3637 4362 semper

402 4367 630 4423 reducit
658 4383 818 4424 omne
855 4376 1066 4440 tempus
1100 4369 1381 4437 praesentis
1418 4367 1616 4433 saeculi,
1661 4384 1767 4439 quo
1808 4369 1969 4427 alieni
2000 4420 2049 4444 ἢ
2073 4366 2343 4420 manenlia
2372 4374 2428 4422 ει
2445 4375 2646 4423 aeterna
2664 4372 3046 4444 transmigrare
3074 4376 3399 4434 studeamus.
3430 4378 3635 4439 Pascha

419 4473 606 4514 sumus
630 4473 661 4517 a
689 4458 893 4517 ccclesti
913 4457 1243 4514 Hierusalem
1267 4474 1283 4512 :
1312 4459 1453 4529 quia,
1474 4466 1534 4513 ut
1558 4458 1633 4514 ait
1656 4458 1967 4531 Apostolus:
1998 4457 2050 4481 ν
2070 4458 2209 4510 enim
2233 4466 2465 4514 nostrum
2490 4459 2788 4517 immolatus
2809 4461 3064 4531 Christus,
3110 4476 3215 4523 etc.
3245 4467 3298 4538 (Ι
3324 4467 3445 4525 Cor.
3476 4488 3526 4537 v,
3557 4473 3632 4544 7).

419 4546 558 4601 Dum
589 4564 769 4604 sumus
790 4551 847 4605 in
871 4565 1104 4619 corpore,
1128 4550 1568 4627 peregrinamura
1594 4548 1821 4621 Decii]
1847 4547 1970 4603 Cor.
2071 4546 2282 4603 Finitur
2336 4556 2515 4603 autem
2578 4547 2995 4621 Septuagesimte
3053 4557 3355 4614 observatio
3413 4562 3635 4623 sabbato

419 4651 473 4702 v,
497 4638 573 4709 6).
606 4636 755 4695 lianc
780 4640 1281 4722 peregrinationem,
1306 4638 1505 4709 Spiritu
1532 4650 1717 4697 sancto
1741 4657 1977 4711 praeveu-
2070 4646 2197 4693 aute
2226 4650 2469 4694 octavam
2500 4638 2741 4706 Paschte,
2770 4642 2983 4709 quando
3009 4644 3193 4711 etiam,
3238 4648 3375 4705 sicut
3398 4649 3511 4718 jam
3535 4665 3628 4704 su-

422 4736 532 4791 tus,
570 4725 899 4798 intelligebat
938 4728 1105 4782 David
1130 4729 1407 4797 propheta,
1453 4728 1544 4796 qui
1572 4730 1625 4782 in
1652 4729 1857 4797 psalmo
1893 4729 1973 4784 di-
2069 4740 2167 4795 pra
2196 4725 2447 4792 diximus,
2476 4727 2712 4783 Ecclesia
2749 4737 2933 4784 sancta
2961 4744 3152 4787 cauere
3180 4734 3335 4789 solita
3358 4744 3461 4801 est,
3484 4735 3627 4792 Εάιιο

421 4816 577 4871 cebat
603 4829 618 4867 :
651 4814 733 4869 Nc
759 4815 936 4881 sileas,
986 4818 1228 4886 quoniam
1255 4816 1454 4870 advena
1480 4834 1572 4888 ego
1594 4835 1709 4873 sum
1735 4821 1873 4889 apud
1904 4829 1969 4885 te,
2069 4816 2147 4869 ait
2176 4814 2449 4871 Dominus.
2494 4816 2635 4872 Bene
2662 4826 2841 4875 autem
2869 4823 3115 4891 congruit
3146 4824 3416 4896 mysteriis
3450 4827 3632 4883 Eccle-

420 4910 526 4958 etc.
562 4900 732 4973 (Psal.
777 4918 1003 4968 xxxvm,
1032 4903 1141 4974 l5).
1188 4903 1255 4959 Et
1280 4906 1474 4961 iterum
1501 4907 1557 4961 in
1596 4907 1700 4963 alio
1722 4910 1967 4977 psalmo:
2067 4906 2191 4969 8133,
2240 4908 2381 4975 quod
2424 4904 2828 4977 septuagesima
2877 4912 3098 4968 sabbato
3139 4914 3341 4971 ﬁnitur.
3390 4916 3632 4974 Peccatis

423 4990 539 5080 lica
562 4991 723 5080 mihi,
754 4990 876 5080 quia
902 4991 1157 5080 iaculatus
1199 5010 1340 5048 meus
1382 4994 1715 5067 prolongata:
1738 5007 1835 5080 est,
1864 5008 1967 5054 etc.
2069 4996 2213 5051 enim
2239 4996 2437 5053 nostris
2463 4997 2813 5067 exigentibus,
2846 5001 2903 5061 in
2931 5004 3291 5073 captivitatem
3322 5016 3375 5063 et
3400 5010 3623 5080 peregri.

420 5075 591 5147 (Psal.
619 5093 764 5142 cxtx,
792 5079 867 5151 5).
896 5078 1043 5135 lianc
1062 5082 1222 5136 etiam
1243 5084 1723 5153 peregrinationem
1752 5074 1973 5155 ρει-ρει)-
2070 5088 2342 5143 nationem
2387 5086 2692 5143 devenimus
2717 5108 2730 5143 :
2779 5092 2872 5149 sed
2916 5107 3013 5162 per
3054 5094 3261 5151 Domini
3302 5074 3552 5166 gratiamv
3576 5107 3632 5153 et

420 5168 552 5221 deus
576 5176 761 5221 sancta
784 5168 1019 5223 Ecclesia
1037 5172 1210 5239 prima
1232 5174 1315 5258 die
1341 5171 1777 5245 Septuagesimae,
1806 5192 1973 5248 angu-
2072 5178 2469 5233 miserationem
2496 5178 2561 5232 ad
2583 5180 2841 5249 requiem,
2874 5199 2991 5253 quae
3024 5199 3121 5254 per
3159 5186 3441 5241 sabbatum
3464 5188 3633 5258 signi-

420 5260 540 5316 stiis
558 5268 614 5327 et
635 5259 1007 5317 aﬁlictitmlbus
1036 5256 1361 5317 circumdata
1388 5264 1619 5320 clamat:
1671 5264 1971 5323 Circumde-
2073 5272 2266 5329 ﬁcatur
2292 5310 2307 5337 ,
2366 5270 2692 5339 reducimur.
2765 5273 3058 5331 Sabbatum
3093 5276 3238 5332 enim
3291 5256 3634 5346 requies'in-

419 5352 971 5425 deruntmegefnitus.
1020 5353 1146 5421 Quae
1182 5369 1284 5410 vox
1328 5354 1667 5413 alﬁictionem
1692 5360 1970 5428 praesentis
2074 5367 2417 5433 terpretatur.
2473 5360 2768 5423 Cantsntur
2818 5366 2981 5421 etiam
3051 5365 3141 5421 illo
3203 5366 3291 5422 die
3332 5367 3634 5431 dqullg-

421 5438 603 5519 stcculi
634 5450 687 5498 et
716 5444 1109 5507 tribulationem
1152 5454 1330 5514 aperte
1358 5446 1706 5505 demonstrat.
1740 5448 1972 5505 Concor-

422 5531 513 5588 ἀει
536 5531 700 5588 etiam
729 5534 853 5590 huic
880 5524 1156 5591 amictioui
1200 5536 1373 5590 oratio
1419 5539 1583 5605 ipsius
1610 5540 1734 5605 diei,
1778 5540 1832 5595 in
1866 5556 1971 5611 qua
2076 5542 2210 5595 Nam
2240 5534 2368 5603 illud
2405 5539 2653 5608 Alleluia,
2694 5544 2839 5613 quod
2864 5544 3082 5602 sabbato
3111 5544 3343 5611 canitur,
3392 5524 3632 5603 scilicet:

491 5657 516 5686 ι
551 5643 755 5705 Pascha
789 5644 984 5704 (ἔγωγε.
1014 5647 1282 5713 lmpcritc,
1312 5646 1414 5703 nisi
1438 5650 1505 5703 sit
1539 5664 1689 5706 error
1718 5651 1941 5707 librarii.
1980 5652 2111 5708 Vide
2138 5648 2394 5707 Munitum
2422 5651 2698 5722 praevium.

2074 5450 2185 5506 luia
2207 5490 2223 5516 ,
2259 5463 2379 5518 quae
2409 5452 2677 5519 geminam
2712 5458 3024 5511 sanctorum
3060 5453 3295 5511 laetitiam
3330 5455 3629 5526 designant.
3730 5520 3731 5523 η
