4232 6234
746 429 883 489 H87

1578 420 1637 474 Β.
1674 417 1735 473 F.
1779 416 2000 472 ALBINI
2040 414 2171 469 SEU
2211 406 2486 467 ALCUlNl
2524 406 2807 464 OPERUM
2843 404 3021 461 PARS
3058 401 3149 459 IX.

3835 403 3976 459 “88

744 538 1071 612 Conﬁtemini
1103 536 1317 591 Domino
1346 533 1590 605 quoniam
1617 532 1795 596 bonus,
1842 530 2086 601 quoniam
2114 530 2170 581 in
2194 542 2296 581 ειε-
2324 527 2374 587 Α
2398 533 2664 578 vocatam.
2692 519 2859 612 Terra
2888 520 3083 612 quippe
3106 523 3493 612 commovetur,
3538 516 3755 587 quando
3778 532 3974 588 pecca—

746 632 922 686 culum
960 627 1311 683 misericordia
1354 625 1485 695 ejus,
1527 622 1766 677 lmtitiam
1809 627 2121 675 sanctorum
2156 616 2302 670 desi-

752 728 898 792 gnat,
943 733 1099 788 quam
1127 717 1303 778 modo,
1340 714 1647 784 quicunque
1673 710 1899 766 ﬁdeliter
1926 708 2200 770 ﬁniuntur,
2250 707 2304 760 in

746 809 1024 862 animabus
1068 804 1370 875 accipiunt,
1411 810 1466 856 et
1502 816 1606 871 qua
1635 801 1805 855 sancti
1851 813 2039 853 omnes
2063 838 2078 863 ,
2124 796 2215 866 qui
2249 796 2303 850 in

747 902 953 959 cmlesti
978 901 1143 972 gloria
1167 906 1307 963 sunt,
1338 905 1593 967 perpetuo
1617 892 1975 966 perfruentur.
2006 888 2100 943 Illa
2128 895 2306 941 autem

747 993 873 1057 duo,
918 1006 1035 1062 quae
1076 990 1131 1043 in
1161 986 1402 1057 sequenti
1439 984 1682 1049 sabbato,
1722 983 1776 1038 id
1802 990 1905 1047 est,
1937 978 2043 1034 ﬁne
2083 977 2308 1046 Septua—

746 1080 961 1151 gesimae
986 1084 1269 1141 canuntur,
1311 1074 1577 1145 geminam
1605 1077 1910 1125 sanctorum
1937 1065 2175 1121 omnium
2214 1078 2309 1116 ex-

748 1170 1085 1226 sultationem
1114 1166 1411 1237 designant,
1455 1163 1669 1234 quando
1695 1161 1832 1216 sicut
1853 1157 2064 1237 legitur
2092 1155 2146 1209 in
2167 1152 2307 1222 Apo-

748 1259 973 1329 calypsi,
1010 1256 1219 1326 expleto
1235 1234 1452 1324 judicio
1481 1253 1748 1307 dabuntur
1787 1234 1872 1304 eis
1899 1246 2120 1318 singulis
2158 1243 2308 1299 stolae

745 1347 907 1415 bime,
939 1348 991 1402 id
1026 1356 1128 1414 est,
1159 1345 1531 1401 immortalitas
1556 1351 1612 1399 et
1632 1341 1905 1405 beatitudo
1931 1339 2231 1394 animarum
2256 1345 2310 1391 et

747 1453 1062 1508 corporum,
1109 1436 1339 1499 scilicet,
1386 1441 1440 1489 et
1482 1440 1541 1487 ut
1585 1433 1691 1502 qui.
1720 1446 1861 1485 nunc
1893 1428 2114 1500 singulis
2158 1426 2310 1483 stolis

751 1531 1052 1584 animarum
1088 1525 1420 1581 solummodo
1448 1520 1847 1577 immortalitate
1888 1520 2141 1590 gaudent,
2182 1526 2310 1572 tunc

751 1620 909 1675 beata
946 1623 1002 1672 et
1038 1616 1336 1671 animarum
1368 1622 1424 1670 et
1464 1628 1749 1683 corporum
1804 1609 2202 1665 immortalitate
2246 1625 2309 1663 ac

749 1713 1021 1777 perpetuae
1046 1702 1392 1761 beatitudinis
1419 1702 1584 1774 gloria
1620 1699 1999 1772 perfruantur:
2040 1698 2109 1751 ad
2151 1711 2310 1766 quam

751 1795 1100 1852 beatitudinis
1136 1794 1357 1866 gloriam
1386 1809 1485 1849 nos
1511 1793 1755 1862 optimus
1781 1791 2037 1845 Dominus
2063 1804 2156 1845 sua
2192 1804 2310 1858 gra-

754 1886 889 1939 tuita
913 1884 1111 1953 pietate
1137 1883 1383 1954 dignetur
1404 1882 1716 1953 perducere,
1739 1880 1823 1935 cui
1856 1887 1941 1935 est
1978 1880 2166 1943 honor,
2196 1878 2311 1933 laus

678 2018 681 2021 .
754 1981 809 2028 et
836 1972 999 2043 gloria
1026 1986 1120 2043 per
1140 1972 1316 2027 omnia
1345 1972 1537 2027 saecula
1561 1970 1895 2026 saeculorum.
1929 1969 2117 2025 Amen.

1374 2081 1597 2137 CAPUT
1632 2081 1703 2137 Χ.

962 2204 965 2207 .
1280 2162 1308 2193 ⁸
1344 2167 1412 2205 D8
1448 2165 1788 2206 sanctam“.

826 2241 1171 2311 Sexagesima
1196 2241 1407 2294 initium
1440 2240 1602 2295 sumit
1626 2240 1866 2312 sequenti
1893 2240 2165 2309 Dominica
2194 2248 2315 2310 post

755 2330 1233 2401 Septuagesimam,
1273 2338 1327 2383 et
1361 2330 1545 2384 ﬁnitur
1576 2337 1767 2401 quarta
1812 2329 1945 2385 feria
1970 2331 2316 2386 hebdomadas

754 2418 1037 2489 paschalis.
1079 2418 1209 2473 Nam
1232 2418 1285 2472 in
1312 2418 1574 2487 superiori
1603 2410 1950 2479 hebdomada,
1990 2418 2193 2472 scilicet
2221 2416 2315 2471 Se-

754 2510 1123 2579 ptuagesimae,
1153 2508 1536 2563 circumdatam
1565 2522 1624 2561 se
1649 2506 1921 2562 doloribus
1944 2513 2000 2561 et
2021 2505 2318 2560 tribulatio-

756 2596 914 2651 nibus
947 2595 1140 2650 clamat
1168 2595 1422 2659 Ecclesia,
1458 2601 1514 2649 et
1538 2594 1612 2648 ita
1637 2592 1984 2648 constrictam
2016 2590 2317 2648 afﬂictioni-

754 2683 858 2739 bus
878 2693 932 2739 et
958 2684 1405 2749 tribulationibus,
1437 2692 1495 2738 ut
1515 2683 1604 2739 vix
1626 2682 1831 2752 spirare
1852 2688 2031 2751 queat,
2062 2688 2116 2736 et
2139 2678 2315 2751 nullus

756 2773 1012 2828 evadendi
1053 2781 1234 2843 pateat
1258 2774 1424 2827 locus.
1472 2772 1624 2828 Unde
1649 2772 1815 2826 dicit:
1855 2769 2316 2824 Circumdederunt

756 2879 855 2917 me.
886 2864 943 2917 in
966 2864 1069 2917 hoc
1094 2872 1292 2928 autem,
1317 2863 1368 2917 id
1395 2868 1493 2927 est,
1521 2860 1881 2931 Sexagesima,
1904 2858 2015 2926 jam
2048 2858 2204 2926 quasi
2234 2872 2317 2911 re-

761 2958 973 3019 sumpta
1014 2950 1201 3004 ﬁducia
1237 2952 1467 3014 invocat,
1513 2956 1568 3003 et
1610 2950 1762 3019 quasi
1802 2948 2183 3018 omnipotentis
2216 2946 2311 3001 Dei

764 3038 1096 3093 clementiam
1128 3039 1371 3109 implorat
1398 3040 1616 3094 dicens:
1644 3038 1900 3108 Exsurge,
1931 3054 2091 3111 quare
2125 3037 2315 3091 obdor-

764 3129 883 3193 mis,
906 3128 1163 3184 Domine?
1200 3128 1361 3197 Quasi
1391 3130 1553 3194 dicat,
1600 3130 1845 3199 quamvis
1885 3145 1992 3185 non
2035 3128 2312 3192 dormites,

762 3233 933 3286 neque
958 3220 1212 3284 dormias,
1258 3221 1347 3289 qui
1376 3219 1609 3276 custodis
1638 3219 1822 3287 Israel,
1855 3229 2033 3277 tamen
2060 3222 2183 3289 quia
2210 3235 2315 3274 non

766 3309 878 3363 cito
927 3308 1227 3362 auxiliando
1268 3310 1537 3364 succurris
1590 3311 1764 3375 nobis,
1818 3312 2050 3365 dormire
2094 3310 2315 3365 videris.

768 3395 942 3461 Quare
967 3396 1151 3465 {aciem
1176 3408 1316 3451 tuam
1339 3400 1566 3454 avertis!
1605 3398 1856 3465 Quamvis
1883 3407 2099 3470 peccata
2132 3406 2317 3454 nostra

741 3482 911 3539 'inter
938 3500 1034 3539 nos
1073 3494 1129 3539 et
1168 3494 1219 3540 te
1246 3494 1507 3555 separent,
1560 3488 1667 3543 noli
1714 3488 1953 3543 oblivisci
1996 3488 2315 3544 conditionis

768 3586 984 3643 nostrae,
1028 3578 1121 3632 sed
1164 3580 1367 3647 respice
1408 3580 1666 3649 pr0pitius
1689 3594 1821 3648 opus
1855 3580 2142 3634 c'reationis
2170 3589 2312 3634 tuae:

766 3668 1022 3739 Exsurge,
1049 3678 1095 3722 et
1119 3684 1181 3721 ne
1208 3670 1420 3738 repellas
1445 3671 1497 3723 in
1525 3669 1698 3738 ﬁnem,
1742 3668 1829 3722 sed
1871 3670 1982 3722 vide
2028 3669 2321 3723 tribulatio-

767 3776 879 3813 nem
904 3769 1149 3813 nostram.
1185 3760 1412 3813 Adhaesit
1436 3761 1568 3813 enim
1591 3760 1645 3813 in
1675 3770 1813 3812 terra
1840 3770 2009 3812 venter
2042 3770 2232 3823 noster,
2267 3759 2319 3815 id
2372 3824 2380 3831 ι

770 3857 870 3912 est,
899 3850 1170 3903 consensit
1195 3849 1457 3917 impietati
1486 3849 1719 3917 pulveris
1759 3848 1913 3916 hujus
1941 3856 1995 3900 et
2018 3848 2320 3917 fragilitatis

770 3954 958 3993 sensus
986 3939 1203 3992 interior
1230 3939 1402 3992 co‘rdis
1427 3938 1613 3992 nostri.
1661 3938 1726 3991 Et
1755 3938 1944 3990 iterum
1972 3939 2243 4005 inclamat,
2269 3948 2322 3993 et

771 4032 923 4098 quasi
983 4030 1277 4096 importune
1322 4029 1574 4081 auxilium
1620 4028 1754 4096 petit
1797 4028 2015 4081 dicens:
2060 4029 2317 4098 Exsurge,

772 4118 1011 4181 Domine,
1054 4116 1245 4185 adjuva
1287 4132 1377 4169 nos
1421 4126 1466 4168 et
1493 4116 1651 4168 libera
1681 4132 1794 4181 nos,
1842 4116 1891 4170 id
1930 4125 2029 4181 est,
2061 4126 2320 4187 quatenus

770 4222 869 4261 nos
894 4207 1037 4276 digni
1064 4221 1167 4259 non
1196 4221 1377 4260 sumus
1414 4205 1649 4269 liberari,
1681 4205 1846 4260 libera
1876 4221 1971 4261 nos
1998 4217 2214 4277 propter
2235 4225 2323 4263 no-

773 4311 893 4349 men
918 4304 1087 4358 tuum,
1120 4295 1172 4347 id
1207 4302 1302 4355 est,
1331 4295 1513 4365 gratis,
1542 4306 1595 4348 et
1620 4310 1722 4348 non
1746 4296 2034 4350 secundum
2072 4299 2317 4352 meritum

772 4392 1031 4439 nostrum.
1058 4382 1168 4437 Hoc
1193 4384 1330 4437 idem
1352 4398 1577 4453 namque
1601 4396 1752 4440 sonat
1772 4387 1943 4439 oratio
1962 4388 2132 4455 prima
2158 4390 2339 4456 ipsius.

772 4473 897 4536 diei,
926 4472 979 4524 in
1015 4486 1116 4539 qua
1151 4470 1375 4523 dicitur:
1419 4470 1651 4535 Domine,
1696 4475 1783 4543 qui
1834 4477 2083 4543 conspicis
2114 4478 2233 4543 quia
2258 4494 2320 4529 ea:

772 4561 918 4616 nulla
943 4570 1119 4613 nostra
1147 4560 1343 4611 actione
1372 4559 1691 4627 conﬁdimus,
1724 4562 1776 4617 id
1796 4569 1894 4625 est,
1924 4578 1987 4616 ex
2018 4564 2161 4617 nullo
2182 4566 2319 4619 bono

729 4634 733 4639 ’
772 4657 955 4706 nostro
975 4662 1133 4718 opere
1159 4647 1400 4701 ﬁduciam
1422 4650 1693 4713 habemus,
1724 4652 1815 4705 sed
1846 4651 1956 4705 sola
1980 4654 2319 4708 miseratione

774 4739 967 4793 salvari
996 4750 1286 4807 Speremus.
1318 4738 1382 4790 Et
1410 4738 1462 4790 in
1501 4738 1733 4806 Epistola
1758 4739 1929 4793 bonus
1955 4740 2150 4793 athleta
2178 4742 2317 4795 Pau-

775 4828 860 4880 lus
885 4835 938 4878 et
978 4826 1166 4879 doctor
1206 4826 1436 4893 gentium
1480 4824 1631 4878 nobis
1676 4826 2005 4893 proponitur,
2054 4830 2203 4896 cujus
2231 4847 2316 4883 sa-

776 4915 1027 4983 pientiam
1061 4920 1118 4967 et
1156 4912 1512 4966 fortitudinem
1556 4914 1841 4965 imitemur.
1884 4912 2315 4983 Responsorium,

780 5004 958 5059 Sciant
982 5014 1168 5071 gentes,
1215 5002 1455 5071 quoniam
1500 5018 1681 5055 nomen
1706 5003 1798 5055 tibi
1826 5002 2097 5067 Dominus,
2139 5004 2189 5058 id
2217 5016 2318 5073 est,

778 5100 1117 5165 cognoscant,
1158 5094 1367 5161 quinos
1392 5092 1645 5145 tribulant
1679 5101 1733 5145 et
1759 5102 2167 5163 persequuntur,
2200 5100 2321 5164 quia

780 5198 884 5235 non
910 5191 1033 5236 sunt
1073 5183 1185 5235 veri
1216 5182 1435 5243 domini,
1482 5194 1581 5233 nec
1621 5196 1812 5233 nomen
1856 5184 2186 5238 dominorum
2224 5188 2323 5243 illis

780 5272 1051 5339 competit,
1077 5272 1169 5323 sed
1197 5272 1291 5325 tibi
1330 5269 1446 5331 soli,
1475 5269 1565 5337 qui
1603 5284 1701 5324 nos
1738 5272 2041 5337 condidisti,
2086 5284 2139 5330 et
2180 5276 2325 5331 solus

775 5359 917 5427 juste
962 5358 1264 5422 dominaris,
1312 5359 1613 5413 Altissimus
1658 5375 1817 5427 super
1858 5376 2072 5417 omnem
2105 5374 2321 5420 terram.

784 5447 1037 5516 Sequitur
1060 5454 1285 5500 tracms:
1310 5448 1657 5513 Commotisti,
1679 5448 1913 5513 Domine,
1942 5462 2134 5508 terram
2159 5464 2322 5521 Nam,

781 5544 829 5587 st
852 5534 1166 5588 conturbasti
1192 5550 1325 5588 eam.
1358 5535 1577 5591 Terram
1599 5542 1952 5606 commovisti,
1986 5544 2117 5599 dicit
2138 5560 2327 5615 pecca-

786 5630 960 5676 torum
984 5623 1362 5680 conscientiam
1400 5626 1674 5681 hominum
1710 5627 1777 5681 ad
1807 5630 2171 5698 ptenitentiam
2199 5651 2326 5705 pro-

857 5747 881 5772 ι
913 5732 1071 5784 )lulza
1095 5750 1278 5790 rursus
1304 5738 1437 5807 apud
1459 5740 1783 5795 Amalarium
1808 5741 1926 5821 libr.
1965 5760 2000 5811 ι,
2033 5761 2145 5816 cap.
2175 5748 2228 5799 2.

2407 612 2539 667 toris
2564 626 2658 667 cor
2681 611 2748 665 ad
2766 610 3136 679 paenitentiam
3156 616 3211 664 et
3234 608 3498 680 lacrymas
3515 611 3782 665 excitatur
3807 628 3821 665 :
3851 622 3973 682 post

2404 708 2606 763 motam
2649 708 2830 755 autem
2868 707 3066 753 terram
3090 696 3255 769 469
3290 712 3472 753 semen
3510 699 3801 765 inducitur,
3844 701 3972 770 quia

2402 799 2526 863 post
2562 797 2828 845 commota
2870 788 3029 843 corda
3057 788 3429 858 pmnitentium
3473 789 3541 845 ad
3565 788 3852 859 lacrymas,
3887 805 3974 845 se-

2405 895 2533 936 men
2554 879 2779 940 verbum
2806 876 2901 931 Dei
2929 877 3138 932 avidius
3178 877 3488 947 suscipitur,
3528 886 3583 932 et
3616 878 3835 933 uberius
3858 877 3974 933 fru-

2404 975 2548 1025 ctum
2587 966 2809 1033 faciens,
2840 966 3110 1022 crescitet
3150 966 3553 1037 multiplicatur.
3597 966 3750 1024 Unde
3776 982 3973 1022 conve-

2404 1057 2614 1112 nienter
2634 1056 2977 1126 Evangelium
3000 1055 3339 1125 sequitur.,'in
3370 1070 3476 1125 quo
3500 1055 3566 1111 de
3586 1065 3733 1111 terra
3756 1066 3972 1127 petrosa

2405 1155 2461 1201 et
2491 1147 2722 1216 spinosa,
2754 1150 2915 1215 autne
2947 1147 3014 1201 de
3036 1146 3197 1213 bona,
3228 1161 3345 1217 quae
3383 1146 3615 1202 fructum
3640 1163 3739 1219 per
3763 1149 3975 1220 patien-

2405 1237 2537 1292 tiam
2581 1238 2773 1302 reddit,
2822 1236 2991 1292 multa
3017 1246 3323 1293 narrantur.
3369 1238 3427 1293 ln
3458 1238 3857 1311 Septuagesima
3888 1242 3974 1295 in-

2408 1327 2609 1397 crepati
2642 1342 2842 1392 sumus,
2888 1320 3029 1397 quod
3051 1329 3216 1384 otiosi
3253 1329 3520 1395 stetimus,
3564 1337 3621 1384 et
3656 1331 3722 1386 ad
3759 1332 3971 1385 vineam

2336 1421 2343 1427 ‘
2408 1415 2681 1471 colendam
2725 1416 2934 1471 invitati
2978 1431 3201 1471 sumus:
3247 1430 3391 1471 nunc
3418 1417 3472 1471 in
3519 1416 3858 1486 Sexagesima
3893 1416 3973 1474 se-

2409 1521 2533 1561 men
2558 1508 2783 1563 verbum
2807 1506 2904 1561 Dei
2926 1508 2980 1561 in
3007 1507 3257 1563 cordibus
3276 1508 3475 1563 nostris
3499 1507 3658 1562 veluti
3690 1508 3744 1561 in
3774 1507 3969 1563 bonam

2408 1604 2607 1651 terram
2624 1595 2840 1664 iacitur,
2858 1604 2919 1652 ut
2930 1605 3157 1663 crescat,
3171 1593 3235 1653 et
3249 1596 3553 1663 fructiﬁcet,
3575 1606 3630 1652 et
3650 1612 3748 1669 per
3764 1599 3970 1668 patieu~

2408 1685 2539 1740 tiam
2588 1684 2824 1742 fructum
2862 1686 3149 1757 plurimum
3200 1686 3505 1743 aﬁ'eramus.
3553 1686 3808 1758 Sequitur
3842 1688 3969 1744 ode-

2408 1777 2612 1832 renda:
2659 1774 2862 1846 Perﬁce
2898 1795 3104 1851 gressus
3133 1795 3271 1834 meos
3294 1792 3313 1830 :
3356 1768 3669 1849 deprecatur
3709 1781 3965 1848 Ecclesia,

2415 1876 2474 1923 ut
2512 1866 2859 1937 perﬁciantur
2884 1885 3100 1941 gressus
3144 1871 3309 1936 illius,
3357 1872 3412 1926 id
3446 1881 3551 1939 est,
3600 1882 3715 1928 uta
3745 1874 3970 1931 Domino

2413 1956 2712 2029 dirigantur
2726 1958 2925 2035 itinera
2954 1958 3069 2028 ejus
3096 1960 3152 2015 in
3180 1960 3388 2016 semitis
3413 1962 3617 2017 viarum
3648 1962 3764 2031 Dei,
3788 1966 3912 2035 quia
3938 1981 3965 2018 a

2414 2050 2523 2104 Deo
2548 2049 2845 2121 diriguntur
2869 2066 3093 2121 gressus
3120 2052 3371 2118 hominis,
3402 2066 3508 2109 non
3536 2067 3568 2107 a
3604 2054 3967 2125 seipso,‘qnod

2414 2154 2570 2195 nemo
2592 2154 2691 2209 per
2714 2155 2773 2196 se
2794 2140 2896 2196 nisi
2922 2156 2953 2195 a
2992 2142 3100 2197 Deo
3128 2140 3358 2211 adjutus,
3400 2138 3577 2212 potest
3618 2158 3737 2200 esse
3770 2152 3967 2205 rectus,

2413 2229 2553 2284 sicut
2584 2230 2700 2301 ipse
2721 2230 2981 2286 Dominus
3018 2230 3091 2285 ait
3114 2230 3387 2301 discipulis
3414 2234 3563 2287 suis:
3594 2231 3720 2288 Sine
3739 2248 3821 2288 me
3846 2233 3969 2287 nihil

2413 2320 2622 2389 potestis
2647 2321 2835 2391 facere.
2865 2320 2933 2375 Et
2954 2319 3071 2375 ideo
3095 2322 3236 2391 quod
3267 2336 3298 2375 a
3322 2321 3499 2391 seipse
3522 2322 3768 2394 intelligit
3792 2322 3970 2379 Eccle-

2414 2408 2493 2464 sia
2537 2422 2642 2464 non
2669 2424 2827 2479 posse
2859 2410 3140 2479 perﬁcere,
3170 2423 3200 2463 a
3228 2409 3454 2466 Domino
3499 2412 3631 2489 totis
3676 2412 3815 2468 votis
3841 2415 3971 2483 petit

2416 2496 2643 2572 impleri.
2696 2502 2836 2558 Dicit
2883 2504 3043 2557 etiam
3086 2504 3145 2558 in
3191 2504 3597 2561 communione:
3642 2503 3875 2561 Introitro
3905 2507 3970 2560 ad

2415 2588 2579 2647 altare
2623 2590 2740 2647 Dei.
2787 2590 2904 2647 Jam
2952 2592 3152 2649 conlisa
3196 2600 3379 2648 sancta
3430 2602 3605 2651 mater
3630 2593 3871 2650 Ecclesia
3910 2596 3971 2651 de

2415 2682 2779 2738 misericordia
2822 2685 3201 2754 omnipotentis
3234 2684 3348 2752 Dei,
3391 2686 3668 2756 prazsunit
3713 2700 3768 2743 et
3801 2686 3969 2743 dicit:

2414 2770 2650 2827 Introibo
2681 2772 2748 2825 ad
2787 2771 2954 2827 altare
2997 2773 3112 2839 Dei,
3153 2773 3205 2829 id
3231 2782 3334 2841 est,
3382 2774 3436 2829 in
3481 2784 3769 2846 conspectu
3811 2777 3971 2847 ipsius

2416 2864 2724 2931 apparebo,
2768 2869 2823 2917 et
2873 2865 2938 2917 de
2984 2864 3349 2921 misericordia
3400 2865 3568 2935 ipsius
3612 2854 3968 2937 gloriﬁcabor.

2418 2948 2690 3005 Pertendit
2733 2958 2934 3019 autem,
2983 2953 3235 3020 diximus,
3270 2955 3386 3011 haec
3431 2953 3774 3027 Sexagesima
3806 2946 3973 3027 usque

2416 3041 2484 3095 ad
2504 3040 2775 3095 Paschalis
2798 3042 3144 3098 hebdomadas
3173 3042 3420 3113 quartam
3447 3041 3659 3112 feriam,
3685 3046 3808 3118 quia
3831 3061 3973 3102 sexa-

2418 3131 2562 3200 ginta
2599 3131 2713 3186 dies
2740 3142 3115 3203 computantur
3144 3135 3212 3188 ab
3254 3136 3512 3193 hodierno
3545 3136 3651 3205 die,
3696 3154 3800 3209 quo
3825 3140 3971 3195 cani-

2420 3230 2537 3275 mus
2586 3220 2651 3273 ad
2685 3221 2997 3276 introitum:
3049 3223 3309 3295 Exsurge,
3354 3242 3513 3295 quare
3556 3228 3838 3292 obdormis,
3868 3227 3973 3283 Do-

2420 3310 2555 3363 mine
2579 3310 2605 3362 ?
2630 3325 2798 3378 usque
2824 3312 2894 3365 ad
2927 3310 3206 3380 prmfatum
3236 3313 3397 3382 diem,
3441 3315 3496 3370 in
3540 3329 3647 3384 quo
3692 3318 3970 3373 canimus:

2428 3396 2627 3465 Venite,
2652 3401 2895 3455 benedicti
2921 3401 3094 3455 Patris
3119 3404 3235 3456 mei.
3265 3404 3415 3469 Quod
3440 3405 3471 3460 ἐι
3498 3422 3692 3476 magno
3718 3410 3973 3476 mysterio

2420 3502 2526 3542 non
2548 3498 2720 3543 vacat.
2765 3488 2898 3544 Nam
2937 3490 3177 3545 senarius
3206 3507 3463 3547 numerus
3486 3494 3758 3564 perfectus
3782 3507 3885 3561 est,
3910 3488 3971 3551 'ct

2422 3580 2532 3632 suis
2558 3579 2852 3647 completur
2876 3581 3135 3646 partibus.
3186 3580 3281 3634 Est
3322 3582 3464 3637 enim
3494 3589 3645 3637 sexta
3668 3598 3795 3653 pars
3838 3586 3971 3655 ejus,

2421 3681 2584 3719 unum
2608 3683 2622 3725 ;
2654 3666 2903 3731 secunda,
2934 3668 3035 3721 tria
3062 3686 3075 3732 ;
3127 3671 3285 3723 tertia
3311 3678 3459 3737 vero,
3488 3666 3610 3726 duo.
3646 3672 3819 3727 Unum
3848 3688 3972 3745 ergo

2420 3764 2475 3809 et
2503 3756 2605 3811 duo
2633 3764 2686 3810 et
2708 3759 2831 3820 tria,
2858 3758 2991 3811 ﬁunt
3018 3773 3128 3812 sex.
3176 3760 3243 3813 Et
3262 3776 3362 3816 nec
3405 3762 3627 3817 inferius
3656 3774 3837 3818 manet
3876 3782 3975 3819 nu-

2422 3860 2622 3909 merus,
2646 3861 2745 3900 nec
2767 3847 3176 3916 superabundat.
3202 3848 3351 3915 Quod
3376 3866 3497 3905 raro
3519 3851 3574 3905 in
3598 3851 3970 3923 aliis'unquam

2424 3938 2657 3993 numeris
2686 3932 2966 4009 reperitur.
3016 3940 3205 3995 Decies
3248 3950 3426 3996 autem
3473 3943 3609 4010 seni,
3644 3945 3758 3999 sive
3800 3947 3973 3999 sexies

2422 4028 2563 4092 deni,
2587 4030 2863 4098 sexaginta
2890 4028 3040 4082 ﬁunt.
3083 4030 3149 4083 Et
3175 4030 3290 4085 ideo
3320 4032 3677 4103 sexagesimus
3700 4049 3970 4099 numerus,

2424 4116 2561 4170 sicut
2588 4124 2641 4171 et
2675 4110 2939 4177 senarius,
2982 4117 3360 4188 perfectionem
3403 4121 3528 4176 boni
3571 4123 3745 4191 operis
3776 4124 3967 4193 signat.
4062 4132 4067 4138 ‘

2424 4204 2531 4259 Sex
2554 4207 2699 4260 enim
2728 4215 2850 4261 sunt
2876 4207 3008 4271 dies,
3034 4208 3089 4261 in
3117 4209 3310 4276 quibus
3332 4218 3545 4279 oportet
3569 4212 3797 4279 Operari.
3828 4212 3891 4266 Et
3919 4212 3971 4266 in

2422 4313 2513 4352 sex
2543 4298 2964 4360 diebusomnem
2998 4302 3212 4354 curSum
3254 4290 3453 4353 nostrae
3476 4301 3628 4355 bona:
3652 4304 3973 4372 Operationis

2423 4383 2759 4452 perfecimus.
2810 4384 2994 4440 ln'sex
3021 4388 3162 4440 enim
3192 4386 3377 4442 diebus
3416 4403 3578 4457 opera
3619 4404 3712 4444 sua
3752 4391 3973 4459 perfecit

2424 4472 2584 4538 Deus,
2614 4483 2666 4527 et
2696 4476 2748 4529 in
2790 4486 2939 4531 sexta
2967 4485 3123 4532 aetate
3151 4492 3245 4548 per
3274 4481 3506 4548 aeipsum
3530 4480 3751 4535 visitare
3790 4481 3973 4553 digna-

2421 4572 2507 4617 tus
2550 4570 2632 4619 est
2673 4566 2950 4629 mundum,
2997 4575 3051 4621 et
3092 4568 3361 4621 hominem
3414 4566 3618 4637 lapsum
3664 4559 3694 4623 a
3742 4570 3970 4641 paradisi

2423 4654 2760 4719 ammnitate,
2815 4664 2869 4709 et
2917 4656 3110 4710 diaboli
3156 4655 3340 4712 fraude
3389 4650 3664 4727 deceptum
3692 4701 3706 4725 ,
3761 4650 3974 4733 proprio

2421 4759 2613 4819 cruore
2659 4746 2935 4801 redimere.
2986 4748 3060 4801 De
3105 4750 3204 4802 hoc
3241 4748 3452 4811 senario
3486 4765 3709 4805 numero
3752 4750 3973 4820 loquens

2422 4835 2608 4891 beatus
2628 4836 2971 4907 Augustinus,
3004 4846 3057 4891 et
3085 4840 3148 4893 de
3176 4838 3295 4907 ejus
3319 4837 3643 4908 perfectione
3662 4841 3718 4896 in
3743 4842 3971 4911 quodam

2422 4926 2538 4980 loco
2566 4926 2727 4992 dicit,’
2753 4946 2770 4978 ί
2805 4928 2833 4967 b
2862 4926 3000 4997 quod
3042 4943 3147 4981 non
3171 4928 3293 4982 ideo
3320 4923 3663 4986 senaﬁusest
3687 4931 3967 5000 perfectus,

2420 5016 2543 5082 quia
2570 5016 2623 5068 in
2651 5029 2715 5069 eo
2741 5016 2960 5085 perfecit
2995 5014 3133 5070 Deus
3170 5018 3347 5070 omnia
3374 5033 3535 5088 opera
3560 5034 3675 5085 sua,
3727 5022 3819 5076 sed
3847 5021 3974 5090 quia

2420 5105 2663 5157 senarius
2705 5119 2959 5159 numerus
3000 5111 3116 5159 erat
3142 5106 3441 5178 perfectus,
3476 5109 3615 5174 ideo.
3641 5110 3694 5163 in
3734 5108 3804 5165 eo
3831 5108 3971 5164 Deus

2421 5205 2583 5258 opera
2611 5205 2705 5244 sua
2732 5192 2989 5259 perﬁcere
3033 5194 3278 5267 dignatus
3305 5206 3405 5251 est.
3443 5218 3463 5251 ι
3513 5196 3845 5269 Quapropter
3878 5216 3974 5255 ne-

2424 5294 2572 5335 cesse
2594 5289 2676 5335 est
2704 5290 2763 5336 ut
2792 5283 2845 5335 in
2867 5284 2967 5337 hac
2999 5282 3337 5355 Sertagesima
3364 5285 3516 5340 bonis
3539 5280 3786 5358 operibus
3809 5287 3972 5342 dediti

2424 5370 2613 5435 cintus,
2661 5378 2715 5425 et
2755 5385 2874 5426 cum
2903 5373 2997 5429 Dei
3026 5374 3287 5444 adiutorio
3327 5375 3381 5429 in
3423 5373 3639 5447 vigiliis,
3679 5362 3894 5447 Muniis
3917 5382 3975 5429 et

2425 5460 2771 5525 orationibus,
2819 5464 3130 5533 cauerisqne
3164 5465 3319 5521 tionis
3343 5466 3594 5537 operibus
3616 5450 3859 5523 nosti-am
3886 5480 3973 5533 sa,-

2423 5548 2587 5605 lutem
2628 5554 2838 5623 operari
2878 5555 3220 5615 studeamus:
3253 5559 3412 5628 quia,
3457 5558 3548 5636 qui
3591 5552 3689 5631 per
3729 5571 3825 5615 sex
3856 5544 3972 5613 dies

2426 5636 2577 5692 bona:
2599 5640 2942 5711 operationis,
2962 5646 3238 5713 praesentis
3255 5648 3376 5702 vitae
3400 5658 3614 5702 cursum
3641 5642 3962 5709 transierint,

2500 5751 2526 5789 δ
2564 5748 2621 5804 S.
2652 5750 2783 5823 Aug.
2817 5754 2881 5809 de
2910 5755 3044 5813 Gen.
3071 5758 3139 5815 ad
3166 5757 3271 5827 lit.,
3300 5758 3391 5814 lib.
3426 5774 3501 5827 tv,
3526 5773 3626 5829 cap
3678 5758 3732 5823 7,
3758 5769 3811 5808 n.
3846 5755 3923 5806 ut
