4232 6234
441 328 574 384 1189

1278 318 1424 374 OPP.
1469 317 1866 374 SUPPOSITA.
1909 348 1975 359 ο-
2013 315 2137 368 LIB.
2180 314 2264 368 DE
2299 313 2546 368 DlVlNlS
2583 314 2885 370 OFFlClIS.

3529 314 3668 372 “90

436 446 494 494 et
518 436 743 491 ﬁdeliter
782 434 835 488 in
859 447 1022 502 opere
1050 440 1197 486 recto
1225 431 1608 494 laboraverint,
1658 438 1712 484 et
1735 441 1906 496 usque
1940 426 1994 480 iu
2012 429 2070 485 Α
2101 439 2292 478 manna
2321 426 2666 480 manducavit
2694 426 2746 480 in
2774 425 3018 493 deserto,
3047 436 3105 483 et
3135 443 3244 485 non
3275 435 3360 484 cst
3395 427 3673 484 fraudatus

440 526 600 582 ﬁnem
655 526 710 580 in
763 527 953 592 emptis
1003 521 1159 576 bonis
1204 521 1457 589 operibus
1513 515 1999 587 perseveraverint,

440 601 828 686 sexagesimum
855 615 1086 668 fructum
1121 611 1320 667 laboris
1344 611 1426 688 sui
1457 616 1516 664 et
1535 616 1750 675 aeternis
1773 608 2004 662 beatitu-

441 706 581 761 diuis
621 704 900 775 praemium
943 702 1261 772 percipient,
1314 698 1594 755 audientes
1623 699 1770 753 illam
1795 698 2005 769 deside-

443 792 663 848 rabilem
686 807 872 846 vocem
898 791 1084 860 ipsius,
1108 805 1226 858 quae
1250 789 1362 858 ipsa
1377 788 1463 843 die
1486 788 1540 842 in
1562 796 1744 842 saneta
1759 793 2006 842 cantatur

443 880 703 946 Ecclesia,
731 879 935 934 scilicet
960 896 974 931 :
1012 877 1211 941 Venite,
1247 876 1498 930 benedicti
1537 873 1717 930 Patris
1741 876 1865 940 mei,
1889 891 2005 946 per-

442 969 593 1038 cipite
633 983 846 1038 regnum
876 965 1090 1038 (Matth.
1126 980 1251 1030 xxv,
1279 965 1391 1035 54).
1437 963 1607 1031 Quam
1637 980 1822 1019 vocem
1850 964 2006 1018 nobis

443 1056 648 1121 audire,
692 1063 747 1110 et
789 1055 930 1124 quod
971 1069 1194 1124 regnum
1231 1052 1385 1107 nobis
1427 1051 1704 1122 percipere
1745 1052 2005 1107 concedat

442 1147 778 1215 omnipotens
806 1145 966 1207 Deus,
1007 1143 1100 1213 qui
1127 1142 1259 1197 vivit
1287 1150 1344 1198 et
1365 1149 1553 1212 regnat
1579 1156 1678 1210 per
1702 1141 1880 1197 omnia
1911 1155 2008 1196 sa:-

445 1235 559 1290 cula
585 1233 920 1289 saeculorum.
946 1231 1138 1286 Amen.

552 1306 559 1312 ’
1047 1319 1272 1375 CAPUT
1306 1319 1395 1374 ιιι.

924 1424 989 1463 DE
1016 1422 1431 1471 QUINQUAGESIIIA
1461 1419 1509 1460 ⁸.

514 1521 962 1592 Quiuquagesima
998 1519 1210 1574 initium
1245 1519 1409 1574 sumit
1442 1533 1478 1572 a
1522 1519 1766 1587 sequenti
1809 1518 2008 1574 hebdo-

446 1611 602 1667 mada
624 1620 748 1679 post
769 1607 1165 1679 Sexagesimam
1183 1646 1198 1672 ,
1225 1607 1442 1678 quando
1461 1606 1702 1684 canitur:
1732 1605 1859 1660 Esto
1881 1606 2007 1660 mihi

447 1701 504 1753 in
526 1698 693 1752 Deum
722 1705 1059 1768 protectorem
1077 1735 1092 1760 ,
1120 1704 1176 1750 et
1199 1694 1383 1748 ﬁnitur
1409 1693 1494 1749 die
1520 1703 1705 1750 sancto
1731 1695 2008 1762 Dominica

447 1787 686 1844 Paschte.
711 1785 769 1840 In
796 1784 1200 1856 Septuagesima
1221 1783 1654 1840 tribulationibus
1677 1793 1731 1839 et
1753 1783 2010 1853 angustiis

449 1876 763 1933 circumdati
790 1890 992 1939 sumus,
1026 1874 1079 1930 in
1111 1872 1457 1944 Sexagesima
1485 1873 1766 1929 Dominum
1796 1874 2010 1929 invoca-

448 1969 655 2034 vimus,
684 1977 738 2024 et
761 1967 915 2038 quasi
946 1966 1298 2022 dormientem
1335 1965 1704 2020 excitavimus.
1743 1964 1804 2020 In
1845 1965 2011 2034 Quin-

449 2058 758 2129 quagesima
809 2056 964 2126 quasi
1010 2054 1122 2123 jam
1172 2054 1611 2125 propinquiorem
1660 2055 1913 2109 audacius
1957 2063 2012 2108 et

448 2147 744 2219 promptius
770 2147 1079 2202 invocamus
1097 2185 1112 2210 ,
1143 2147 1388 2201 dicentes
1413 2163 1427 2200 :
1458 2144 1586 2200 Esto
1612 2147 1738 2199 mihi
1763 2147 1819 2200 in
1845 2146 2010 2200 Deum

448 2244 783 2306 protectorem
811 2225 830 2287 ἐ
865 2241 920 2288 et
952 2235 1006 2288 in
1040 2234 1212 2303 prima
1249 2234 1490 2288 oratione
1523 2234 1701 2306 missae
1738 2235 1966 2290 dicimus
1994 2253 2005 2286 :

452 2323 639 2380 Preces
667 2332 890 2389 nostras,
915 2338 1234 2394 qumumus,
1251 2320 1777 2388 Domine,clemente~r
1798 2323 2008 2386 exaudi,

450 2416 602 2482 atque
635 2430 668 2466 α
703 2421 1030 2482 peccatorum
1062 2411 1279 2465 vinculis
1322 2410 1584 2465 absolutos
1631 2411 1694 2464 ab
1744 2411 1882 2463 omni
1919 2425 2010 2463 nos

453 2501 761 2556 adversitate
785 2501 1007 2555 custodi.
1037 2499 1280 2571 Magnam
1300 2499 1413 2569 jam
1440 2501 1556 2556 bare
1579 2500 1739 2554 verba
1763 2499 2012 2554 videntur

451 2589 650 2644 habere
686 2590 1054 2654 securitatem,
1093 2591 1150 2644 in
1187 2591 1380 2660 quibus
1415 2590 1642 2646 dicimus
1681 2605 1778 2644 nos
1809 2590 1878 2644 ab
1899 2605 2012 2643 om-

450 2677 608 2733 nibus
646 2679 878 2732 inimicis
907 2680 1190 2733 absolutos
1229 2687 1284 2733 et
1325 2680 1599 2747 peccatis;
1639 2688 1692 2732 et
1731 2693 2012 2748 precamur

412 2793 415 2796 -
449 2767 662 2822 Domini
687 2767 984 2822 munitione
1010 2782 1108 2822 nos
1135 2766 1364 2822 defendi.
1406 2767 1545 2821 Dicit
1585 2768 1745 2822 etiam
1784 2768 1838 2820 in
1880 2767 2008 2835 Epi-

451 2858 586 2913 stola
610 2857 800 2914 beatus
826 2856 1023 2929 Paulus
1050 2857 1323 2927 apostolus
1342 2898 1357 2924 ,
1387 2843 1677 2913 ostendens
1706 2856 1859 2911 nobis
1885 2858 2012 2912 cha-

450 2950 670 3004 rismata
698 2949 918 3005 meliora
945 2969 958 3004 :
990 2949 1052 3006 Si
1082 2950 1274 3021 linguis
1312 2951 1577 3005 hominum
1613 2949 1798 3021 loquar
1832 2958 1881 3003 et
1917 2964 2013 3000 an-

451 3037 718 3105 gelorum,
759 3045 864 3093 etc.
887 3078 902 3101 ,
941 3052 1146 3107 usque,
1187 3039 1479 3108 cymbalum
1523 3040 1747 3093 tinuiens
1789 3037 1858 3111 (1
1883 3037 2005 3092 Cor.

452 3139 583 3187 xm,
613 3122 699 3195 1).
732 3123 800 3178 Et
827 3124 1018 3194 quibus
1041 3125 1423 3180 munitionibus
1452 3126 1506 3180 in
1546 3126 1640 3181 Dei
1679 3127 2009 3196 protectione

452 3214 742 3270 subsistere
769 3221 826 3269 et
849 3214 1049 3269 muniri
1079 3213 1396 3279 debeamus,
1428 3213 1482 3267 in
1510 3211 1616 3268 ﬁne
1641 3213 1798 3283 hujus
1823 3213 2013 3268 lectio-

450 3305 534 3359 nis
560 3303 822 3369 ostendit,
850 3305 1034 3361 dieens
1058 3324 1071 3359 :
1109 3305 1265 3360 Nunc
1289 3315 1499 3360 manent
1531 3305 1660 3374 ﬁdes
1680 3346 1693 3369 ,
1718 3321 1860 3375 spes,
1892 3295 2013 3360 clla;

372 3463 377 3469 _
452 3394 610 3459 ritas,
639 3393 742 3447 tria
766 3393 905 3460 lucc,
933 3395 1106 3464 major
1128 3403 1301 3448 autem
1327 3394 1409 3448 his
1436 3404 1510 3448 est
1534 3396 1765 3448 charitas
1790 3394 1810 3466 (
1830 3393 1858 3449 Ι
1884 3393 2005 3451 Cor.

453 3495 546 3545 ιιι,
592 3480 720 3551 15).
755 3479 1008 3552 Sequitur
1052 3483 1488 3552 responsorium:
1529 3481 1604 3537 Tu
1654 3499 1708 3537 es
1757 3483 2010 3540 Dominus

434 3558 540 3640 'qui
568 3571 698 3639 facis
727 3571 990 3626 mirabilia
1019 3571 1181 3626 solus.
1213 3572 1377 3636 Quasi
1403 3574 1638 3637 diceret,
1671 3590 1776 3629 non
1800 3584 1880 3630 est
1908 3576 2010 3630 Do-

454 3659 630 3712 minus
659 3660 792 3713 aiius
817 3667 1011 3728 prteter
1040 3669 1121 3723 te,
1160 3660 1403 3714 Domine.
1441 3659 1738 3715 Simulacra
1773 3665 2008 3732 gentium

455 3765 561 3806 non
592 3759 716 3804 sunt
741 3750 846 3816 dii,
872 3749 964 3805 sed
991 3766 1152 3820 opera
1177 3764 1430 3805 manuum
1457 3749 1730 3806 hominum
1761 3771 1773 3806 :
1808 3753 1885 3806 Tu
1918 3768 2010 3806 au-

455 3849 562 3896 tem
590 3856 717 3896 vere
742 3857 802 3896 es
829 3841 996 3908 Deus,
1025 3843 1117 3912 qui
1141 3842 1314 3897 salvas
1341 3852 1614 3911 sperantes
1639 3843 1693 3898 in
1720 3852 1790 3898 te.
1819 3844 2009 3898 Notam

456 3931 626 3987 fecisti
656 3933 709 3986 iu
737 3933 983 4002 gentibus
1010 3933 1260 3986 virtutem
1291 3940 1433 3986 tuam
1454 3973 1469 3998 ,
1512 3933 1821 3988 redimendo
1857 3943 1910 3987 et
1950 3934 2012 3987 li-

456 4021 688 4076 beranda
715 4035 813 4074 nos
841 4021 906 4073 de
933 4021 1176 4073 manibus
1216 4035 1423 4074 eorum.
1465 4021 1530 4074 Et
1567 4022 1760 4074 iterum
1799 4022 1926 4075 dicit
1956 4024 2009 4076 in

453 4123 648 4164 versu:
687 4107 941 4162 Liberasti
967 4109 1022 4162 in
1047 4108 1253 4161 brachio
1287 4116 1374 4178 tuo
1407 4108 1650 4178 populum
1686 4119 1849 4162 tuum.
1883 4110 2013 4163 Tra-

455 4211 572 4258 ctus
598 4202 760 4257 etiam
794 4201 1020 4258 Domino
1057 4201 1210 4255 nobis
1244 4200 1484 4269 praecipit
1521 4200 1755 4265 servire,
1791 4203 1882 4270 qui
1915 4218 2010 4257 nos

455 4290 612 4358 fecit,
675 4307 782 4346 non
839 4279 889 4347 ei
950 4291 1037 4346 cui
1092 4290 1402 4360 nosmetipsi
1458 4292 1726 4360 peccando
1782 4292 2011 4347 vivimus

458 4379 668 4452 [Ληιαι.
688 4423 703 4447 ,
731 4376 1125 4453 vendidimus].
1155 4381 1210 4435 ln
1239 4379 1636 4450 Septuagesima
1664 4388 1804 4451 terra
1833 4383 2009 4437 cordis

455 4469 624 4523 nostri
661 4469 816 4538 quasi
847 4468 1275 4524 tribulationibus
1309 4479 1391 4524 est
1415 4477 1634 4524 exarata
1660 4478 1714 4524 et
1741 4469 1879 4524 culta
1907 4490 1918 4524 :
1951 4471 2006 4524 ln

457 4554 794 4627 Sexagesima
822 4556 1026 4609 semina
1054 4557 1199 4610 verbi
1222 4557 1318 4612 Dei
1345 4558 1676 4630 suscepimus
1700 4569 1753 4614 et
1777 4562 2007 4614 semina-

454 4645 644 4698 vimus.
693 4641 748 4696 ln
792 4641 1239 4712 Quinquagesima
1279 4646 1498 4701 seminis
1531 4648 1774 4714 et_bona:
1814 4664 2005 4718 opera-

457 4733 614 4788 tionis
642 4732 874 4789 fruetum
900 4733 1215 4803 colligimus.
1253 4733 1405 4790 Unde
1431 4735 1484 4788 in
1519 4737 1807 4806 Evangelio
1835 4757 2008 4794 caecus

454 4820 829 4887 introducitur,
875 4823 967 4892 qui
1010 4837 1108 4876 nos
1140 4821 1433 4892 signiﬁcat,
1470 4839 1573 4877 non
1610 4841 1799 4880 aurum
1834 4844 2006 4899 neque

453 4906 664 4961 divitias
697 4923 943 4975 quaerens
965 4949 981 4974 ,
1018 4911 1109 4964 sed
1156 4909 1364 4975 lumen,
1400 4911 1541 4979 quod
1585 4915 1858 4982 percipere
1893 4933 2004 4971 me-

454 4997 558 5051 ruit
585 5015 598 5062 ;
628 4998 769 5067 quod
798 5013 894 5053 nos
921 5008 980 5052 ut
1003 5011 1261 5056 aeternum
1302 5012 1356 5057 et
1399 5019 1584 5058 verum
1627 5006 1870 5073 accipere
1893 5023 2004 5063 me-

452 5100 686 5150 reamur,
717 5087 974 5158 attentius
996 5104 1234 5156 quaerere
1261 5093 1533 5149 debemus.
1579 5093 1830 5163 Sequitur
1866 5096 2001 5152 olle-

453 5178 614 5232 renda
635 5217 649 5243 ,
685 5178 930 5232 eumdem
970 5179 1172 5233 habens
1205 5189 1474 5247 tenorem,
1513 5185 1613 5240 hoc
1647 5193 1755 5249 est,
1792 5185 1846 5238 in
1881 5202 2002 5256 graz-

453 5264 646 5319 tiarum
693 5268 901 5321 actione
951 5277 1202 5334 manens,
1252 5272 1513 5329 dicendo:
1565 5276 1870 5331 Benedictus
1911 5295 1998 5345 er,

451 5353 696 5420 Domine,
726 5357 852 5411 doce
878 5375 956 5411 me
977 5359 1378 5427 justi/icationes
1406 5374 1543 5420 tuae.
1575 5366 1888 5421 Communio
1916 5383 2008 5422 au-

453 5448 559 5496 tem
595 5440 663 5495 ad
697 5447 1009 5500 memoriam
1045 5447 1252 5502 reducit
1284 5451 1558 5521 antiquum
1592 5456 1873 5525 populum,
1913 5461 2006 5528 qui

520 5561 547 5631 ς
580 5551 776 5631 (ξοπιῖςιι
797 5554 970 5631 ᾼιιιιιι.
1003 5557 1092 5612 lib.
1113 5559 1221 5631 cit.
1243 5599 1256 5625 ,
1291 5573 1408 5631 cap.
1439 5563 1492 5617 3.

523 5617 550 5662 δ
584 5620 914 5680 Amalarius.
945 5641 1062 5697 cap.
1098 5629 1150 5682 Δ.

2103 514 2370 569 desiderio
2391 531 2512 571 suo.
2534 514 2651 569 lloe
2677 515 2762 569 his
2789 516 2964 571 verbis
2985 516 3232 581 innuens,
3253 516 3396 586 quod
3424 515 3468 570 si
3498 531 3596 571 nos
3620 517 3673 572 in

2104 603 2246 657 bono
2273 611 2326 655 et
2357 611 2543 656 saneto
2568 602 2837 657 desiderio
2866 604 3257 668 manserimus,
3288 619 3396 659 non
3431 618 3496 658 eo
3524 603 3698 658 frau--
3748 653 3754 658 .

2103 688 2373 756 dabimur,
2409 691 2502 744 sed
2538 697 2737 744 acterna
2777 691 3026 744 satietate
3070 691 3414 756 donabimur,
3463 692 3676 761 quando

2082 779 2208 857 hoc
2241 778 2619 848 adimplebitur
2654 780 2706 833 in
2743 781 2928 844 nobis,
2955 781 3097 850 quod
3126 782 3253 835 alibi
3283 781 3564 838 Psalmista
3590 784 3673 837 di-

2104 868 2218 922 cit:
2261 867 2508 922 Satiabor
2543 869 2667 922 dum
2699 869 3121 938 manifestabitur
3155 871 3324 941 gloria
3361 880 3451 925 tua
3482 869 3672 942 (Prol.

2104 971 2227 1021 xvr,
2261 955 2328 1008 15
2351 957 2388 1025 ).
2429 955 2692 1025 Pertingit
2726 967 2904 1012 autem
2929 959 3094 1030 47o
3119 958 3570 1031 Quiuquagesima
3611 963 3676 1016 ad

2104 1045 2523 1101 resurrectionis
2553 1047 2840 1102 Dominica:
2871 1049 3032 1103 diem.
3072 1050 3205 1104 Nam
3232 1067 3261 1104 a
3292 1052 3376 1106 die
3404 1067 3506 1121 qua
3532 1054 3676 1106 cani-

2105 1146 2226 1186 mus
2251 1149 2264 1187 :
2293 1131 2421 1186 Esto
2446 1133 2574 1186 mihi
2599 1136 2654 1187 in
2682 1134 2847 1189 Deum
2868 1147 3204 1206 protectorem
3222 1181 3236 1203 ,
3264 1155 3431 1210 usque
3456 1142 3508 1194 in
3537 1142 3675 1196 diem

2104 1228 2350 1275 sanctum
2383 1221 2603 1277 Pascha:
2625 1263 2638 1288 ,
2678 1225 3062 1296 quinquaginta
3100 1229 3216 1284 dies
3250 1238 3392 1284 sunt.
3439 1231 3537 1298 Qui
3573 1248 3674 1286 nu—

2106 1322 2286 1362 merus
2307 1308 2540 1377 pertinet
2565 1312 2633 1366 ad
2657 1314 2894 1384 quinque
2919 1318 3161 1386 corporis
3184 1334 3403 1386 sensus,
3429 1321 3522 1390 qui
3551 1332 3677 1376 sunt

2105 1397 2375 1463 videlicet,
2403 1401 2634 1466 auditus,
2662 1403 2828 1469 visus,
2860 1409 3365 1474 gustus,-odoratus
3392 1420 3447 1464 ct
3475 1420 3671 1467 tactus.

2107 1483 2258 1539 Sicut
2290 1487 2433 1541 enim
2467 1491 2712 1545 senarius
2744 1490 3128 1561 perfectionem
3171 1511 3396 1565 operum
3450 1499 3674 1555 demon-

2107 1583 2279 1664 strat,
2306 1577 2381 1631 ita
2406 1579 2684 1648 quinarius
2706 1582 2886 1637 omnia
2911 1583 3045 1637 bona
3067 1597 3230 1654 opera
3258 1601 3376 1655 qua:
3401 1588 3683 1656 perﬁciun-

2110 1675 2199 1720 tur
2239 1681 2336 1736 per
2377 1671 2613 1739 quinque
2654 1675 2896 1741 corporis
2941 1690 3150 1731 sensus.
3200 1677 3495 1748 Quinquies
3525 1682 3681 1757 enim

2040 1757 2087 1818 B
2113 1754 2270 1820 deni,
2301 1757 2690 1829 quinquaginta
2721 1759 2874 1814 ﬁunt.
2913 1760 2970 1816 Si
3005 1763 3124 1833 quis
3159 1780 3288 1834 ergo
3323 1782 3418 1835 per
3447 1754 3684 1839 quinque

2109 1843 2356 1912 corporis
2385 1859 2605 1910 sensus,
2641 1847 2692 1900 id
2724 1857 2837 1912 est,
2867 1864 2964 1919 per
2994 1853 3316 1908 exteriorem
3345 1855 3684 1911 administra-

2111 1933 2313 1988 tionem
2342 1934 2526 1990 decem
2557 1937 2716 1990 verba
2736 1937 2879 2009 legis
2905 1941 3238 2010 impleverit,
3269 1945 3357 1999 hic
3383 1946 3498 1999 sine
3523 1945 3684 1999 dubio
3726 1992 3730 1997 .

2110 2019 2176 2073 ad
2202 2022 2533 2077 consertium
2570 2025 2741 2079 beatae
2768 2030 3212 2094 resurrectionis,
3246 2048 3365 2100 qua:
3397 2033 3447 2086 in
3479 2033 3682 2088 Pascha

2109 2110 2432 2179 celebratur,
2459 2122 2543 2169 est
2571 2124 2944 2185 perventurus.
2988 2120 3081 2175 Est
3113 2131 3166 2175 et
3197 2123 3338 2177 aliud
3369 2126 3682 2195 mysterium

2110 2203 2163 2257 in
2196 2204 2297 2259 hoc
2325 2206 2784 2278 quinquagenario
2816 2225 3038 2265 numero
3069 2213 3298 2267 dierum.
3329 2213 3460 2268 Nam
3496 2213 3549 2268 in
3579 2213 3681 2268 Vc—

2111 2293 2209 2347 teri
2246 2292 2588 2350 Testamento
2616 2298 3091 2369 quinquagesimus
3122 2318 3315 2366 annus,
3343 2303 3592 2373 juhilzeus
3626 2313 3680 2357 ct

2110 2398 2282 2439 annus
2309 2386 2639 2442 remissionis
2670 2389 2962 2444 vocabatur
2989 2409 3001 2444 :
3035 2392 3090 2446 in
3123 2409 3230 2463 quo
3258 2395 3507 2450 videlicet
3537 2411 3678 2449 anno

2109 2485 2438 2541 unaqumque
2470 2476 2740 2543 possessio
2771 2478 2838 2531 ad
2871 2481 3144 2549 proprium
3175 2485 3551 2539 revertebatur
3578 2483 3674 2540 dco

2109 2557 2332 2612 Ininum.
2364 2560 2431 2614 Et
2459 2563 2826 2632 unusquisque
2856 2565 3137 2632 dominus,
3167 2585 3486 2640 quocunque
3521 2574 3683 2627 modo

2108 2647 2340 2700 essetab
2365 2661 2427 2701 ea
2453 2648 2720 2705 alienatus
2738 2690 2752 2714 ,
2784 2651 2848 2704 ad
2875 2654 3148 2723 propriam
3177 2658 3347 2726 gratis
3376 2660 3682 2715 reverteba-

2111 2740 2199 2787 tur
2221 2735 2636 2803 possessionem.
2665 2737 2732 2793 Et
2759 2754 2858 2794 nos
2885 2741 2976 2810 qui
3006 2745 3279 2811 propriam
3306 2745 3368 2799 in’
3386 2747 3561 2817 primo
3586 2763 3682 2818 pa-

2109 2831 2264 2876 rente
2289 2823 2710 2881 immortalitatis
2734 2828 3013 2884 amisimus
3037 2830 3403 2888 hcereditatem
3425 2876 3440 2900 ,
3472 2837 3517 2890 si
3549 2837 3686 2898 bene
3717 2866 3722 2871 -

2109 2917 2163 2963 et
2181 2909 2325 2977 juste
2350 2913 2403 2968 in
2428 2916 2532 2969 hoc
2553 2923 2792 2986 tempore
2822 2917 3119 2977 vixerimus
3138 2963 3153 2986 ,
3182 2925 3325 2993 quod
3351 2925 3687 2995 signiﬁcatur

2110 3012 2208 3067 per
2237 3015 2522 3056 numerum
2571 3007 2961 3078 quinquaginta
3007 3000 3216 3067 dierum
3241 3055 3254 3077 ,
3286 3030 3570 3082 possumus
3617 3019 3685 3072 ad

2036 3083 2079 3144 C
2113 3097 2353 3144 nostram
2380 3095 2574 3147 reverti
2600 3095 2968 3153 hereditatem
2989 3140 3004 3165 ,
3033 3102 3085 3154 id
3111 3110 3224 3166 est,
3254 3118 3540 3171 supernam
3564 3105 3687 3161 Hie-

2113 3178 2344 3232 rusalem
2367 3188 2422 3233 et
2448 3181 2718 3236 civitatem
2752 3195 3060 3241 sanctorum
3081 3229 3096 3254 ,
3123 3191 3212 3244 ubi
3239 3201 3322 3244 est
3349 3209 3473 3246 vera
3509 3209 3687 3249 resur-

2111 3265 2278 3320 rectio
2308 3273 2363 3319 et
2392 3267 2545 3321 beata
2575 3269 2985 3338 immortalitas,
3014 3277 3307 3334 auxiliante
3335 3281 3562 3337 Domino
3589 3299 3683 3338 no—

2111 3358 2224 3406 stro
2246 3349 2370 3406 Jesu
2394 3352 2609 3410 Christo
2629 3397 2643 3420 ,
2671 3358 2723 3411 in
2749 3359 2905 3428 cujus
2929 3367 3325 3422 resurrectione
3353 3380 3534 3424 nostra
3559 3387 3683 3428 vera

2109 3450 2191 3496 est
2221 3444 2541 3499 resurrectio
2579 3454 2635 3500 et
2666 3459 3007 3516 peccatorum
3038 3456 3276 3510 omnium
3308 3460 3570 3519 remissio.

2703 3553 2930 3609 CAPUT
2972 3557 3082 3609 ΧΠ.

2602 3635 2668 3673 nr:
2700 3636 3099 3682 ousonacssma
3137 3629 3184 3680 ιι.

2180 3702 2600 3792 Quadragesima
2648 3707 2911 3778 incipit.a
2955 3716 3198 3780 sequenti
3246 3716 3520 3774 Dominica
3564 3734 3686 3792 post

2111 3788 2616 3885 Quinquagesimam
2639 3835 2652 3860 ,
2684 3803 2739 3850 et
2766 3795 2951 3851 ﬁnitur
2973 3809 3163 3868 quarta
3199 3801 3429 3874 [Amal.,
3454 3788 3681 3885 quinta]

2112 3879 2242 3936 feria
2275 3892 2396 3937 ante
2423 3883 2628 3940 Pascha
2658 3886 2902 3954 Domini,
2936 3893 3150 3959 quando
3178 3895 3421 3951 canimus
3448 3917 3460 3951 :
3499 3899 3566 3954 In
3593 3879 3684 3956 no:

2111 3973 2247 4026 mine
2282 3972 2493 4028 Domini
2527 3992 2675 4030 omne
2709 3993 2862 4046 genu.
2895 3979 2952 4033 In
2985 3978 3401 4052 Quadragesima
3451 4003 3683 4059 namque

2106 4059 2217 4126 jam
2268 4060 2443 4128 aliqua
2486 4077 2612 4130 pars
2650 4077 2840 4134 pugnae
2882 4076 3081 4122 nostra:
3119 4079 3339 4137 peracta
3375 4082 3475 4127 est.
3513 4075 3680 4142 Quem

2111 4160 2342 4214 namque
2393 4148 2446 4200 in
2497 4147 2950 4218 Quinquagesima
2997 4163 3380 4223 protectorem
3413 4160 3653 4218 invocavi

2113 4246 2264 4295 mus,
2301 4232 2353 4285 in
2388 4233 2809 4306 Quadragcsima
2839 4241 2999 4308 dicit,
3045 4244 3197 4311 quasi
3238 4248 3590 4315 consolando,
3624 4253 3678 4307 in

2113 4319 2334 4375 introitu
2363 4341 2374 4374 :
2407 4321 2667 4377 lnvocavit
2697 4343 2808 4392 me,
2836 4337 2938 4383 etc.
2972 4330 3026 4384 In
3062 4331 3296 4400 Epistola
3327 4335 3454 4391 dicit
3486 4337 3677 4394 beatus

2039 4427 2088 4487 υ
2111 4403 2305 4464 Paulus
2329 4429 2340 4463 :
2370 4410 2614 4482 Tempore
2637 4427 2842 4486 accepto
2865 4422 3105 4475 exaudiri
3131 4433 3180 4476 te
3198 4465 3212 4487 ,
3236 4435 3282 4477 et
3310 4425 3361 4477 in
3388 4426 3470 4479 die
3490 4427 3676 4482 salutis

2111 4496 2289 4565 adjuri
2311 4508 2377 4551 te.
2404 4499 2460 4552 in
2491 4504 2831 4570 responsorio
2857 4509 3069 4562 canitur
3096 4511 3146 4565 in
3177 4527 3402 4580 persona
3427 4515 3556 4584 justi
3598 4519 3677 4570 vi-

2115 4585 2192 4650 ri,
2218 4587 2332 4642 sive
2363 4599 2561 4643 sancta:
2590 4590 2840 4648 Ecclesia:
2869 4613 2881 4648 :
2912 4596 3119 4666 Angelis
3157 4603 3263 4654 suis
3300 4605 3579 4658 mandavit.
3619 4606 3673 4660 in

2098 4682 2278 4729 tractu
2330 4677 2662 4746 promittitur
2708 4689 2918 4735 scutum
2971 4686 3162 4742 divina:
3210 4692 3573 4758 protectionis.
3616 4677 3674 4748 lu

2105 4762 2393 4832 Evangelio
2425 4767 2742 4835 proponitur
2763 4768 2916 4824 nobis
2947 4773 3250 4843 triumphus
3279 4776 3566 4834 Dominica;
3597 4783 3675 4835 vi-

2109 4852 2327 4917 ctoriae,
2365 4853 2594 4918 scilicet,
2633 4862 2692 4909 ut
2726 4854 2841 4923 ejus
2881 4863 3126 4931 exemplo
3162 4880 3280 4917 cum
3324 4866 3533 4923 diabolo
3575 4887 3673 4940 pu-

2111 4953 2273 5008 gnare
2315 4950 2367 4995 et
2406 4958 2528 4995 eum
2582 4958 2837 5011 superare
2901 4949 3188 5005 discamus.
3236 4953 3309 5008 De
3352 4955 3452 5010 hoc
3490 4968 3669 5015 autem

2108 5030 2514 5099 quadragesimo
2539 5046 2794 5098 numero,
2824 5042 2876 5089 et
2905 5037 2969 5091 de
2996 5042 3275 5107 prmsentis
3303 5047 3555 5113 temporis
3580 5049 3676 5104 ob-

2108 5119 2409 5170 servatione
2440 5117 2573 5170 nihil
2602 5118 2746 5174 aliud
2781 5124 2935 5178 nobis
2971 5135 3053 5180 est
3088 5128 3296 5194 dicere,
3328 5146 3487 5201 quam
3522 5139 3666 5204 quod

2104 5206 2292 5259 beatus
2313 5204 2600 5275 Gregorius
2625 5208 2680 5261 in
2707 5208 2812 5265 ﬁne
2838 5215 3188 5282 expositionis
3216 5218 3378 5286 ipsius
3407 5224 3670 5292 evangelii

2105 5295 2244 5362 quod
2276 5294 2387 5362 ipsa
2417 5294 2502 5348 die
2529 5294 2740 5367 legitur,
2791 5299 2864 5354 ita
2913 5307 3274 5372 prosequitur,
3320 5308 3564 5376 inquiens
3600 5323 3620 5349 ε
3653 5331 3664 5364 :

2110 5403 2127 5433 σ
2159 5383 2263 5436 Sed
2298 5383 2422 5450 quia
2469 5383 2655 5439 diebus
2705 5387 2789 5442 his
2831 5388 2991 5444 lectio
3034 5394 3341 5460 evangelica
3389 5398 3667 5465 congruit,

2105 5485 2227 5523 nam
2251 5468 2602 5538 quadraginta
2625 5473 2832 5529 dierum
2850 5477 3227 5538 abstinentiam
3251 5483 3418 5537 nostri
3444 5483 3670 5542 [κάων

2179 5590 2202 5620 ο
2240 5577 2297 5634 S.
2329 5577 2491 5651 Greg.
2517 5622 2530 5646 ,
2559 5583 2702 5640 hom.
2742 5586 2804 5639 16
2834 5587 2884 5639 in
2918 5587 3117 5658 Evang.
3137 5629 3152 5654 ,
3187 5606 3334 5646 num.
3360 5593 3392 5648 5
3423 5603 3478 5650 et
3507 5594 3558 5652 6.
