  <div class='ocr_page' id='page_1' title='image "/cluster/home/n/w/nwhite01/storage/ocr_20150623/101/uva.x000834944/601.png"; bbox 0 0 4232 6224; ppageno 0'>
   <div class='ocr_carea' id='block_1_1' title="bbox 655 246 3872 330">
    <p class='ocr_par' dir='ltr' id='par_1_1' title="bbox 655 246 3872 330">
     <span class='ocr_line' id='line_1_1' title="bbox 655 246 3872 330; baseline -0.008 0"><span class='ocrx_word' id='word_1_1' title='bbox 655 273 787 330; x_wconf 67' lang='lat'><strong>“9!</strong></span> <span class='ocrx_word' id='word_1_2' title='bbox 1031 295 1040 303; x_wconf 58' lang='grc' dir='ltr'><strong>κ</strong></span> <span class='ocrx_word' id='word_1_3' title='bbox 1493 261 1554 314; x_wconf 88' lang='grc' dir='ltr'><strong>Β.</strong></span> <span class='ocrx_word' id='word_1_4' title='bbox 1594 261 1655 317; x_wconf 80' lang='lat' dir='ltr'><strong>F.</strong></span> <span class='ocrx_word' id='word_1_5' title='bbox 1694 257 1920 316; x_wconf 78' lang='lat' dir='ltr'><strong>ALBINI</strong></span> <span class='ocrx_word' id='word_1_6' title='bbox 1958 257 2089 315; x_wconf 88' lang='lat' dir='ltr'><strong>SEU</strong></span> <span class='ocrx_word' id='word_1_7' title='bbox 2126 255 2402 314; x_wconf 78' lang='lat' dir='ltr'><strong>ALCUlNl</strong></span> <span class='ocrx_word' id='word_1_8' title='bbox 2439 246 2720 314; x_wconf 73' lang='lat' dir='ltr'><strong>OPERUM</strong></span> <span class='ocrx_word' id='word_1_9' title='bbox 2757 254 2936 313; x_wconf 80' lang='lat' dir='ltr'><strong>PARS</strong></span> <span class='ocrx_word' id='word_1_10' title='bbox 2971 254 3061 311; x_wconf 71' lang='grc' dir='ltr'><strong>[Χ.</strong></span> <span class='ocrx_word' id='word_1_11' title='bbox 3235 317 3238 320; x_wconf 17' lang='grc' dir='ltr'><em>ί</em></span> <span class='ocrx_word' id='word_1_12' title='bbox 3735 261 3872 317; x_wconf 65' lang='lat'><strong>&quot;92</strong></span> 
     </span>
    </p>
   </div>
   <div class='ocr_carea' id='block_1_2' title="bbox 651 355 3871 457">
    <p class='ocr_par' dir='ltr' id='par_1_2' title="bbox 651 355 3871 457">
     <span class='ocr_line' id='line_1_2' title="bbox 651 355 3871 457; baseline -0.007 -19"><span class='ocrx_word' id='word_1_13' title='bbox 651 385 824 457; x_wconf 88' lang='lat' dir='ltr'><strong>ptoris</strong></span> <span class='ocrx_word' id='word_1_14' title='bbox 857 379 1157 437; x_wconf 83' lang='lat' dir='ltr'><strong>audivimus</strong></span> <span class='ocrx_word' id='word_1_15' title='bbox 1180 417 1197 444; x_wconf 94' lang='lat'><strong>,</strong></span> <span class='ocrx_word' id='word_1_16' title='bbox 1229 355 1705 446; x_wconf 81' lang='lat' dir='ltr'><strong>QuadrageSImum</strong></span> <span class='ocrx_word' id='word_1_17' title='bbox 1737 379 1949 440; x_wconf 78' lang='lat' dir='ltr'><strong>tempus</strong></span> <span class='ocrx_word' id='word_1_18' title='bbox 1983 369 2198 424; x_wconf 84' lang='lat' dir='ltr'><strong>inchoa-</strong></span> <span class='ocrx_word' id='word_1_19' title='bbox 2229 372 2283 431; x_wconf 76' lang='grc' dir='ltr'><strong>Α</strong></span> <span class='ocrx_word' id='word_1_20' title='bbox 2298 367 2612 457; x_wconf 66' lang='lat' dir='ltr'><strong>jejunaretis</strong></span> <span class='ocrx_word' id='word_1_21' title='bbox 2643 377 2692 457; x_wconf 72' lang='lat' dir='ltr'><strong>e_t</strong></span> <span class='ocrx_word' id='word_1_22' title='bbox 2721 367 3032 438; x_wconf 71' lang='lat' dir='ltr'><strong>plangentis</strong></span> <span class='ocrx_word' id='word_1_23' title='bbox 3051 408 3066 434; x_wconf 92' lang='lat'><strong>,</strong></span> <span class='ocrx_word' id='word_1_24' title='bbox 3103 368 3336 439; x_wconf 77' lang='lat' dir='ltr'><strong>nunquid</strong></span> <span class='ocrx_word' id='word_1_25' title='bbox 3359 369 3625 440; x_wconf 76' lang='lat' dir='ltr'><strong>jejunium</strong></span> <span class='ocrx_word' id='word_1_26' title='bbox 3651 374 3871 443; x_wconf 71' lang='lat' dir='ltr'><strong>jejuna-</strong></span> 
     </span>
    </p>
   </div>
   <div class='ocr_carea' id='block_1_3' title="bbox 652 453 3875 531">
    <p class='ocr_par' dir='ltr' id='par_1_3' title="bbox 652 453 3875 531">
     <span class='ocr_line' id='line_1_3' title="bbox 652 453 3875 531; baseline -0.003 -4"><span class='ocrx_word' id='word_1_27' title='bbox 652 453 806 529; x_wconf 69' lang='lat' dir='ltr'><strong>inus:</strong></span> <span class='ocrx_word' id='word_1_28' title='bbox 828 468 1215 525; x_wconf 85' lang='lat' dir='ltr'><strong>discutiendum</strong></span> <span class='ocrx_word' id='word_1_29' title='bbox 1233 466 1386 521; x_wconf 86' lang='lat' dir='ltr'><strong>nobis</strong></span> <span class='ocrx_word' id='word_1_30' title='bbox 1404 471 1486 520; x_wconf 89' lang='lat' dir='ltr'><strong>est</strong></span> <span class='ocrx_word' id='word_1_31' title='bbox 1505 477 1603 517; x_wconf 92' lang='lat' dir='ltr'><strong>cur</strong></span> <span class='ocrx_word' id='word_1_32' title='bbox 1620 465 1738 518; x_wconf 70' lang='lat' dir='ltr'><strong>haec</strong></span> <span class='ocrx_word' id='word_1_33' title='bbox 1760 462 1874 531; x_wconf 89' lang='lat' dir='ltr'><strong>ipsa</strong></span> <span class='ocrx_word' id='word_1_34' title='bbox 1900 458 2222 514; x_wconf 76' lang='lat' dir='ltr'><strong>abstinentia</strong></span> <span class='ocrx_word' id='word_1_35' title='bbox 2317 454 2414 509; x_wconf 77' lang='lat' dir='ltr'><strong>uis</strong></span> <span class='ocrx_word' id='word_1_36' title='bbox 2441 455 2570 508; x_wconf 74' lang='lat' dir='ltr'><strong>mihi</strong></span> <span class='ocrx_word' id='word_1_37' title='bbox 2592 455 2616 508; x_wconf 70' lang='grc'><em>2</em></span> <span class='ocrx_word' id='word_1_38' title='bbox 2642 453 2710 508; x_wconf 80' lang='lat' dir='ltr'><strong>Et</strong></span> <span class='ocrx_word' id='word_1_39' title='bbox 2733 471 2852 508; x_wconf 78' lang='lat' dir='ltr'><strong>cum</strong></span> <span class='ocrx_word' id='word_1_40' title='bbox 2873 455 3164 510; x_wconf 73' lang='lat' dir='ltr'><strong>contulistis</strong></span> <span class='ocrx_word' id='word_1_41' title='bbox 3185 466 3233 510; x_wconf 83' lang='lat' dir='ltr'><strong>et</strong></span> <span class='ocrx_word' id='word_1_42' title='bbox 3259 455 3456 512; x_wconf 74' lang='lat' dir='ltr'><strong>bibistis</strong></span> <span class='ocrx_word' id='word_1_43' title='bbox 3470 500 3486 523; x_wconf 92' lang='lat'><strong>,</strong></span> <span class='ocrx_word' id='word_1_44' title='bbox 3517 461 3750 529; x_wconf 75' lang='lat' dir='ltr'><strong>nunquid</strong></span> <span class='ocrx_word' id='word_1_45' title='bbox 3770 479 3875 517; x_wconf 73' lang='lat' dir='ltr'><strong>non</strong></span> 
     </span>
    </p>
   </div>
   <div class='ocr_carea' id='block_1_4' title="bbox 653 542 3875 632">
    <p class='ocr_par' dir='ltr' id='par_1_4' title="bbox 653 542 3875 632">
     <span class='ocr_line' id='line_1_4' title="bbox 653 542 3875 632; baseline -0.004 -17"><span class='ocrx_word' id='word_1_46' title='bbox 653 579 752 632; x_wconf 87' lang='lat' dir='ltr'><strong>per</strong></span> <span class='ocrx_word' id='word_1_47' title='bbox 781 561 1132 632; x_wconf 73' lang='lat' dir='ltr'><strong>quadraginta</strong></span> <span class='ocrx_word' id='word_1_48' title='bbox 1159 558 1366 612; x_wconf 89' lang='lat' dir='ltr'><strong>dierum</strong></span> <span class='ocrx_word' id='word_1_49' title='bbox 1398 569 1682 609; x_wconf 83' lang='lat' dir='ltr'><strong>numerum</strong></span> <span class='ocrx_word' id='word_1_50' title='bbox 1722 552 2042 607; x_wconf 73' lang='lat' dir='ltr'><strong>custoditur.</strong></span> <span class='ocrx_word' id='word_1_51' title='bbox 2084 547 2225 619; x_wconf 75' lang='lat' dir='ltr'><strong>Moy-</strong></span> <span class='ocrx_word' id='word_1_52' title='bbox 2277 542 2813 632; x_wconf 47' lang='lat' dir='ltr'><strong>&quot;nobiteonfedictit,</strong></span> <span class='ocrx_word' id='word_1_53' title='bbox 2846 551 2895 598; x_wconf 84' lang='lat' dir='ltr'><strong>et</strong></span> <span class='ocrx_word' id='word_1_54' title='bbox 2926 543 3296 632; x_wconf 64' lang='lat' dir='ltr'><strong>nobismetipsis</strong></span> <span class='ocrx_word' id='word_1_55' title='bbox 3323 545 3522 599; x_wconf 69' lang='lat' dir='ltr'><strong>bibistis</strong></span> <span class='ocrx_word' id='word_1_56' title='bbox 3549 546 3738 618; x_wconf 68' lang='lat' dir='ltr'><strong>(luela.</strong></span> <span class='ocrx_word' id='word_1_57' title='bbox 3764 565 3875 616; x_wconf 81' lang='lat' dir='ltr'><strong>vn,</strong></span> 
     </span>
    </p>
   </div>
   <div class='ocr_carea' id='block_1_5' title="bbox 657 636 2223 720">
    <p class='ocr_par' dir='ltr' id='par_1_5' title="bbox 657 636 2223 720">
     <span class='ocr_line' id='line_1_5' title="bbox 657 636 2223 720; baseline -0.011 -13"><span class='ocrx_word' id='word_1_58' title='bbox 657 668 745 707; x_wconf 86' lang='lat' dir='ltr'><strong>ses</strong></span> <span class='ocrx_word' id='word_1_59' title='bbox 772 661 826 704; x_wconf 88' lang='lat' dir='ltr'><strong>ut</strong></span> <span class='ocrx_word' id='word_1_60' title='bbox 853 651 1025 720; x_wconf 87' lang='lat' dir='ltr'><strong>legem</strong></span> <span class='ocrx_word' id='word_1_61' title='bbox 1058 647 1359 716; x_wconf 85' lang='lat' dir='ltr'><strong>acciperet,</strong></span> <span class='ocrx_word' id='word_1_62' title='bbox 1389 642 1629 698; x_wconf 88' lang='lat' dir='ltr'><strong>secundo</strong></span> <span class='ocrx_word' id='word_1_63' title='bbox 1654 641 1844 696; x_wconf 87' lang='lat' dir='ltr'><strong>diebus</strong></span> <span class='ocrx_word' id='word_1_64' title='bbox 1867 636 2223 707; x_wconf 71' lang='lat' dir='ltr'><strong>quadraginta</strong></span> 
     </span>
    </p>
   </div>
   <div class='ocr_carea' id='block_1_6' title="bbox 654 723 2244 810">
    <p class='ocr_par' dir='ltr' id='par_1_6' title="bbox 654 723 2244 810">
     <span class='ocr_line' id='line_1_6' title="bbox 654 723 2244 810; baseline -0.01 -17"><span class='ocrx_word' id='word_1_65' title='bbox 654 739 939 810; x_wconf 84' lang='lat' dir='ltr'><strong>jejunavit.</strong></span> <span class='ocrx_word' id='word_1_66' title='bbox 968 735 1114 790; x_wconf 84' lang='lat' dir='ltr'><strong>Elias</strong></span> <span class='ocrx_word' id='word_1_67' title='bbox 1142 735 1196 787; x_wconf 88' lang='lat' dir='ltr'><strong>in</strong></span> <span class='ocrx_word' id='word_1_68' title='bbox 1228 734 1444 787; x_wconf 88' lang='lat' dir='ltr'><strong>deserto</strong></span> <span class='ocrx_word' id='word_1_69' title='bbox 1473 730 1822 799; x_wconf 79' lang='lat' dir='ltr'><strong>quadraginta</strong></span> <span class='ocrx_word' id='word_1_70' title='bbox 1849 728 2036 782; x_wconf 87' lang='lat' dir='ltr'><strong>diebus</strong></span> <span class='ocrx_word' id='word_1_71' title='bbox 2060 723 2244 780; x_wconf 81' lang='lat' dir='ltr'><strong>absti-&#39;</strong></span> 
     </span>
    </p>
   </div>
   <div class='ocr_carea' id='block_1_7' title="bbox 659 815 2228 897">
    <p class='ocr_par' dir='ltr' id='par_1_7' title="bbox 659 815 2228 897">
     <span class='ocr_line' id='line_1_7' title="bbox 659 815 2228 897; baseline -0.011 -14"><span class='ocrx_word' id='word_1_72' title='bbox 659 829 794 883; x_wconf 90' lang='lat' dir='ltr'><strong>nuit.</strong></span> <span class='ocrx_word' id='word_1_73' title='bbox 835 827 953 897; x_wconf 85' lang='lat' dir='ltr'><strong>Ipse</strong></span> <span class='ocrx_word' id='word_1_74' title='bbox 991 832 1169 878; x_wconf 89' lang='lat' dir='ltr'><strong>autem</strong></span> <span class='ocrx_word' id='word_1_75' title='bbox 1211 829 1399 875; x_wconf 87' lang='lat' dir='ltr'><strong>auctor</strong></span> <span class='ocrx_word' id='word_1_76' title='bbox 1439 819 1714 874; x_wconf 87' lang='lat' dir='ltr'><strong>hominum</strong></span> <span class='ocrx_word' id='word_1_77' title='bbox 1756 817 1824 870; x_wconf 92' lang='lat' dir='ltr'><strong>ad</strong></span> <span class='ocrx_word' id='word_1_78' title='bbox 1860 815 2104 869; x_wconf 84' lang='lat' dir='ltr'><strong>homines</strong></span> <span class='ocrx_word' id='word_1_79' title='bbox 2133 826 2228 865; x_wconf 86' lang='lat' dir='ltr'><strong>ve-</strong></span> 
     </span>
    </p>
   </div>
   <div class='ocr_carea' id='block_1_8' title="bbox 656 901 2228 982">
    <p class='ocr_par' dir='ltr' id='par_1_8' title="bbox 656 901 2228 982">
     <span class='ocr_line' id='line_1_8' title="bbox 656 901 2228 982; baseline -0.01 -12"><span class='ocrx_word' id='word_1_80' title='bbox 656 915 848 979; x_wconf 89' lang='lat' dir='ltr'><strong>niens,</strong></span> <span class='ocrx_word' id='word_1_81' title='bbox 904 914 960 967; x_wconf 88' lang='lat' dir='ltr'><strong>iu</strong></span> <span class='ocrx_word' id='word_1_82' title='bbox 1013 910 1374 982; x_wconf 84' lang='lat' dir='ltr'><strong>quadraginta_</strong></span> <span class='ocrx_word' id='word_1_83' title='bbox 1421 907 1608 961; x_wconf 90' lang='lat' dir='ltr'><strong>diebus</strong></span> <span class='ocrx_word' id='word_1_84' title='bbox 1658 905 1862 960; x_wconf 89' lang='lat' dir='ltr'><strong>nullum</strong></span> <span class='ocrx_word' id='word_1_85' title='bbox 1917 901 2228 957; x_wconf 87' lang='lat' dir='ltr'><strong>omnimodo</strong></span> 
     </span>
    </p>
   </div>
   <div class='ocr_carea' id='block_1_9' title="bbox 660 996 2221 1070">
    <p class='ocr_par' dir='ltr' id='par_1_9' title="bbox 660 996 2221 1070">
     <span class='ocr_line' id='line_1_9' title="bbox 660 996 2221 1070; baseline -0.013 -9"><span class='ocrx_word' id='word_1_86' title='bbox 660 1005 837 1061; x_wconf 88' lang='lat' dir='ltr'><strong>cibum</strong></span> <span class='ocrx_word' id='word_1_87' title='bbox 869 1003 1114 1070; x_wconf 88' lang='lat' dir='ltr'><strong>sumpsit.</strong></span> <span class='ocrx_word' id='word_1_88' title='bbox 1139 999 1247 1054; x_wconf 80' lang='lat' dir='ltr'><strong>Nos</strong></span> <span class='ocrx_word' id='word_1_89' title='bbox 1274 1012 1487 1067; x_wconf 90' lang='lat' dir='ltr'><strong>quoque</strong></span> <span class='ocrx_word' id='word_1_90' title='bbox 1504 1037 1517 1059; x_wconf 94' lang='lat'><strong>,</strong></span> <span class='ocrx_word' id='word_1_91' title='bbox 1553 996 1606 1049; x_wconf 90' lang='lat' dir='ltr'><strong>in</strong></span> <span class='ocrx_word' id='word_1_92' title='bbox 1637 1000 1894 1063; x_wconf 87' lang='lat' dir='ltr'><strong>quantum</strong></span> <span class='ocrx_word' id='word_1_93' title='bbox 1920 1005 2221 1060; x_wconf 83' lang='lat' dir='ltr'><strong>possumus,</strong></span> 
     </span>
    </p>
   </div>
   <div class='ocr_carea' id='block_1_10' title="bbox 660 1087 2228 1159">
    <p class='ocr_par' dir='ltr' id='par_1_10' title="bbox 660 1087 2228 1159">
     <span class='ocr_line' id='line_1_10' title="bbox 660 1087 2228 1159; baseline -0.013 -9"><span class='ocrx_word' id='word_1_94' title='bbox 660 1109 840 1150; x_wconf 87' lang='lat' dir='ltr'><strong>annuo</strong></span> <span class='ocrx_word' id='word_1_95' title='bbox 875 1088 1306 1159; x_wconf 70' lang='lat' dir='ltr'><strong>Quadragesimaa</strong></span> <span class='ocrx_word' id='word_1_96' title='bbox 1342 1093 1581 1154; x_wconf 77' lang='lat' dir='ltr'><strong>tempore</strong></span> <span class='ocrx_word' id='word_1_97' title='bbox 1613 1095 1830 1136; x_wconf 88' lang='lat' dir='ltr'><strong>carnem</strong></span> <span class='ocrx_word' id='word_1_98' title='bbox 1861 1087 2099 1133; x_wconf 88' lang='lat' dir='ltr'><strong>nostram</strong></span> <span class='ocrx_word' id='word_1_99' title='bbox 2130 1091 2228 1145; x_wconf 85' lang='lat' dir='ltr'><strong>per</strong></span> 
     </span>
    </p>
   </div>
   <div class='ocr_carea' id='block_1_11' title="bbox 661 1163 2229 1245">
    <p class='ocr_par' dir='ltr' id='par_1_11' title="bbox 661 1163 2229 1245">
     <span class='ocr_line' id='line_1_11' title="bbox 661 1163 2229 1245; baseline -0.013 -9"><span class='ocrx_word' id='word_1_100' title='bbox 661 1179 1042 1236; x_wconf 82' lang='lat' dir='ltr'><strong>abstinentiam</strong></span> <span class='ocrx_word' id='word_1_101' title='bbox 1075 1175 1309 1245; x_wconf 76' lang='lat' dir='ltr'><strong>afﬂigere</strong></span> <span class='ocrx_word' id='word_1_102' title='bbox 1341 1184 1617 1226; x_wconf 72' lang='lat' dir='ltr'><strong>conemur.</strong></span> <span class='ocrx_word' id='word_1_103' title='bbox 1654 1167 1787 1222; x_wconf 90' lang='lat' dir='ltr'><strong>Cum</strong></span> <span class='ocrx_word' id='word_1_104' title='bbox 1821 1182 1949 1236; x_wconf 87' lang='lat' dir='ltr'><strong>ergo</strong></span> <span class='ocrx_word' id='word_1_105' title='bbox 1977 1166 2032 1219; x_wconf 89' lang='lat' dir='ltr'><strong>in</strong></span> <span class='ocrx_word' id='word_1_106' title='bbox 2066 1163 2229 1218; x_wconf 87' lang='lat' dir='ltr'><strong>absti-</strong></span> 
     </span>
    </p>
   </div>
   <div class='ocr_carea' id='block_1_12' title="bbox 660 1252 2230 1335">
    <p class='ocr_par' dir='ltr' id='par_1_12' title="bbox 660 1252 2230 1335">
     <span class='ocr_line' id='line_1_12' title="bbox 660 1252 2230 1335; baseline -0.011 -12"><span class='ocrx_word' id='word_1_107' title='bbox 660 1269 845 1324; x_wconf 87' lang='lat' dir='ltr'><strong>nentia</strong></span> <span class='ocrx_word' id='word_1_108' title='bbox 869 1262 1329 1335; x_wconf 80' lang='lat' dir='ltr'><strong>quadragenarius</strong></span> <span class='ocrx_word' id='word_1_109' title='bbox 1351 1272 1607 1318; x_wconf 85' lang='lat' dir='ltr'><strong>numerus</strong></span> <span class='ocrx_word' id='word_1_110' title='bbox 1632 1255 1949 1318; x_wconf 82' lang='lat' dir='ltr'><strong>custoditur,</strong></span> <span class='ocrx_word' id='word_1_111' title='bbox 1977 1253 2105 1321; x_wconf 91' lang='lat' dir='ltr'><strong>quid</strong></span> <span class='ocrx_word' id='word_1_112' title='bbox 2125 1252 2230 1305; x_wconf 91' lang='lat' dir='ltr'><strong>nisi</strong></span> 
     </span>
    </p>
   </div>
   <div class='ocr_carea' id='block_1_13' title="bbox 662 1340 2230 1425">
    <p class='ocr_par' dir='ltr' id='par_1_13' title="bbox 662 1340 2230 1425">
     <span class='ocr_line' id='line_1_13' title="bbox 662 1340 2230 1425; baseline -0.011 -16"><span class='ocrx_word' id='word_1_113' title='bbox 662 1357 790 1425; x_wconf 87' lang='lat' dir='ltr'><strong>quia</strong></span> <span class='ocrx_word' id='word_1_114' title='bbox 825 1355 997 1407; x_wconf 90' lang='lat' dir='ltr'><strong>virtus</strong></span> <span class='ocrx_word' id='word_1_115' title='bbox 1021 1349 1272 1419; x_wconf 86' lang='lat' dir='ltr'><strong>Decalogi</strong></span> <span class='ocrx_word' id='word_1_116' title='bbox 1297 1362 1396 1417; x_wconf 89' lang='lat' dir='ltr'><strong>per</strong></span> <span class='ocrx_word' id='word_1_117' title='bbox 1420 1347 1586 1401; x_wconf 87' lang='lat' dir='ltr'><strong>libros</strong></span> <span class='ocrx_word' id='word_1_118' title='bbox 1615 1353 1844 1413; x_wconf 88' lang='lat' dir='ltr'><strong>quatuor</strong></span> <span class='ocrx_word' id='word_1_119' title='bbox 1864 1343 2032 1396; x_wconf 86' lang='lat' dir='ltr'><strong>sancti</strong></span> <span class='ocrx_word' id='word_1_120' title='bbox 2056 1340 2230 1394; x_wconf 83' lang='lat' dir='ltr'><strong>Evan-</strong></span> 
     </span>
    </p>
   </div>
   <div class='ocr_carea' id='block_1_14' title="bbox 660 1429 2228 1515">
    <p class='ocr_par' dir='ltr' id='par_1_14' title="bbox 660 1429 2228 1515">
     <span class='ocr_line' id='line_1_14' title="bbox 660 1429 2228 1515; baseline -0.01 -18"><span class='ocrx_word' id='word_1_121' title='bbox 660 1443 790 1515; x_wconf 81' lang='lat' dir='ltr'><strong>gelii</strong></span> <span class='ocrx_word' id='word_1_122' title='bbox 821 1439 1113 1511; x_wconf 87' lang='lat' dir='ltr'><strong>impletur?</strong></span> <span class='ocrx_word' id='word_1_123' title='bbox 1143 1437 1404 1492; x_wconf 88' lang='lat' dir='ltr'><strong>Denarius</strong></span> <span class='ocrx_word' id='word_1_124' title='bbox 1446 1435 1647 1489; x_wconf 79' lang='lat' dir='ltr'><strong>etenim</strong></span> <span class='ocrx_word' id='word_1_125' title='bbox 1685 1440 1876 1501; x_wconf 88' lang='lat' dir='ltr'><strong>quater</strong></span> <span class='ocrx_word' id='word_1_126' title='bbox 1906 1431 2131 1491; x_wconf 88' lang='lat' dir='ltr'><strong>ductus,</strong></span> <span class='ocrx_word' id='word_1_127' title='bbox 2174 1429 2228 1482; x_wconf 89' lang='lat' dir='ltr'><strong>in</strong></span> 
     </span>
    </p>
   </div>
   <div class='ocr_carea' id='block_1_15' title="bbox 663 1521 2228 1601">
    <p class='ocr_par' dir='ltr' id='par_1_15' title="bbox 663 1521 2228 1601">
     <span class='ocr_line' id='line_1_15' title="bbox 663 1521 2228 1601; baseline -0.008 -15"><span class='ocrx_word' id='word_1_128' title='bbox 663 1529 1142 1601; x_wconf 82' lang='lat' dir='ltr'><strong>quadragenarium</strong></span> <span class='ocrx_word' id='word_1_129' title='bbox 1169 1529 1377 1598; x_wconf 87' lang='lat' dir='ltr'><strong>surgit:</strong></span> <span class='ocrx_word' id='word_1_130' title='bbox 1403 1527 1528 1595; x_wconf 87' lang='lat' dir='ltr'><strong>quia</strong></span> <span class='ocrx_word' id='word_1_131' title='bbox 1552 1533 1678 1578; x_wconf 89' lang='lat' dir='ltr'><strong>tunc</strong></span> <span class='ocrx_word' id='word_1_132' title='bbox 1705 1521 1950 1592; x_wconf 87' lang='lat' dir='ltr'><strong>Decalogi</strong></span> <span class='ocrx_word' id='word_1_133' title='bbox 1976 1522 2228 1576; x_wconf 83' lang='lat' dir='ltr'><strong>mandata</strong></span> 
     </span>
    </p>
   </div>
   <div class='ocr_carea' id='block_1_16' title="bbox 662 1608 2232 1692">
    <p class='ocr_par' dir='ltr' id='par_1_16' title="bbox 662 1608 2232 1692">
     <span class='ocr_line' id='line_1_16' title="bbox 662 1608 2232 1692; baseline -0.01 -16"><span class='ocrx_word' id='word_1_134' title='bbox 662 1620 997 1692; x_wconf 85' lang='lat' dir='ltr'><strong>perﬁcimus,</strong></span> <span class='ocrx_word' id='word_1_135' title='bbox 1025 1632 1147 1672; x_wconf 91' lang='lat' dir='ltr'><strong>cum</strong></span> <span class='ocrx_word' id='word_1_136' title='bbox 1168 1613 1407 1686; x_wconf 83' lang='lat' dir='ltr'><strong>profecto</strong></span> <span class='ocrx_word' id='word_1_137' title='bbox 1428 1620 1658 1682; x_wconf 87' lang='lat' dir='ltr'><strong>quatuor</strong></span> <span class='ocrx_word' id='word_1_138' title='bbox 1683 1611 1849 1665; x_wconf 88' lang='lat' dir='ltr'><strong>libros</strong></span> <span class='ocrx_word' id='word_1_139' title='bbox 1873 1609 2042 1664; x_wconf 82' lang='lat' dir='ltr'><strong>sancti</strong></span> <span class='ocrx_word' id='word_1_140' title='bbox 2063 1608 2232 1692; x_wconf 81' lang='lat' dir='ltr'><strong>Evan-</strong></span> 
     </span>
    </p>
   </div>
   <div class='ocr_carea' id='block_1_17' title="bbox 2318 628 3878 704">
    <p class='ocr_par' dir='ltr' id='par_1_17' title="bbox 2318 628 3878 704">
     <span class='ocr_line' id='line_1_17' title="bbox 2318 628 3878 704; baseline 0.006 -20"><span class='ocrx_word' id='word_1_141' title='bbox 2318 629 2385 695; x_wconf 86' lang='lat'><strong>5,</strong></span> <span class='ocrx_word' id='word_1_142' title='bbox 2411 629 2529 700; x_wconf 81' lang='lat'><strong>6)?</strong></span> <span class='ocrx_word' id='word_1_143' title='bbox 2567 628 2682 684; x_wconf 87' lang='lat' dir='ltr'><strong>Sibi</strong></span> <span class='ocrx_word' id='word_1_144' title='bbox 2724 629 2869 684; x_wconf 88' lang='lat' dir='ltr'><strong>enim</strong></span> <span class='ocrx_word' id='word_1_145' title='bbox 2909 630 3142 685; x_wconf 81' lang='lat' dir='ltr'><strong>comedit</strong></span> <span class='ocrx_word' id='word_1_146' title='bbox 3188 639 3244 684; x_wconf 90' lang='lat' dir='ltr'><strong>et</strong></span> <span class='ocrx_word' id='word_1_147' title='bbox 3284 632 3445 697; x_wconf 87' lang='lat' dir='ltr'><strong>bibit,</strong></span> <span class='ocrx_word' id='word_1_148' title='bbox 3491 635 3585 704; x_wconf 91' lang='lat' dir='ltr'><strong>qui</strong></span> <span class='ocrx_word' id='word_1_149' title='bbox 3624 636 3878 694; x_wconf 74' lang='lat' dir='ltr'><strong>alimenta</strong></span> 
     </span>
    </p>
   </div>
   <div class='ocr_carea' id='block_1_18' title="bbox 2321 723 3876 798">
    <p class='ocr_par' dir='ltr' id='par_1_18' title="bbox 2321 723 3876 798">
     <span class='ocr_line' id='line_1_18' title="bbox 2321 723 3876 798; baseline 0.007 -22"><span class='ocrx_word' id='word_1_150' title='bbox 2321 723 2594 792; x_wconf 91' lang='lat' dir='ltr'><strong>corporis,</strong></span> <span class='ocrx_word' id='word_1_151' title='bbox 2642 737 2764 792; x_wconf 73' lang='lat' dir='ltr'><strong>qua:</strong></span> <span class='ocrx_word' id='word_1_152' title='bbox 2807 731 2932 778; x_wconf 88' lang='lat' dir='ltr'><strong>sunt</strong></span> <span class='ocrx_word' id='word_1_153' title='bbox 2985 726 3291 780; x_wconf 85' lang='lat' dir='ltr'><strong>communia</strong></span> <span class='ocrx_word' id='word_1_154' title='bbox 3338 727 3480 782; x_wconf 91' lang='lat' dir='ltr'><strong>dona</strong></span> <span class='ocrx_word' id='word_1_155' title='bbox 3531 728 3876 798; x_wconf 81' lang='lat' dir='ltr'><strong>Conditoris,</strong></span> 
     </span>
    </p>
   </div>
   <div class='ocr_carea' id='block_1_19' title="bbox 2322 811 3876 888">
    <p class='ocr_par' dir='ltr' id='par_1_19' title="bbox 2322 811 3876 888">
     <span class='ocr_line' id='line_1_19' title="bbox 2322 811 3876 888; baseline 0.006 -23"><span class='ocrx_word' id='word_1_156' title='bbox 2322 812 2440 866; x_wconf 85' lang='lat' dir='ltr'><strong>sine</strong></span> <span class='ocrx_word' id='word_1_157' title='bbox 2474 811 2832 881; x_wconf 86' lang='lat' dir='ltr'><strong>indigentibus</strong></span> <span class='ocrx_word' id='word_1_158' title='bbox 2864 813 3112 883; x_wconf 82' lang='lat' dir='ltr'><strong>percipit.</strong></span> <span class='ocrx_word' id='word_1_159' title='bbox 3151 814 3217 868; x_wconf 88' lang='lat' dir='ltr'><strong>Et</strong></span> <span class='ocrx_word' id='word_1_160' title='bbox 3249 815 3348 870; x_wconf 83' lang='lat' dir='ltr'><strong>sibi</strong></span> <span class='ocrx_word' id='word_1_161' title='bbox 3381 817 3609 887; x_wconf 83' lang='lat' dir='ltr'><strong>quisque</strong></span> <span class='ocrx_word' id='word_1_162' title='bbox 3635 818 3876 888; x_wconf 87' lang='lat' dir='ltr'><strong>jejunat,</strong></span> 
     </span>
    </p>
   </div>
   <div class='ocr_carea' id='block_1_20' title="bbox 2325 900 3881 977">
    <p class='ocr_par' dir='ltr' id='par_1_20' title="bbox 2325 900 3881 977">
     <span class='ocr_line' id='line_1_20' title="bbox 2325 900 3881 977; baseline 0.005 -23"><span class='ocrx_word' id='word_1_163' title='bbox 2325 901 2369 954; x_wconf 88' lang='lat' dir='ltr'><strong>si</strong></span> <span class='ocrx_word' id='word_1_164' title='bbox 2395 914 2456 955; x_wconf 87' lang='lat' dir='ltr'><strong>ea</strong></span> <span class='ocrx_word' id='word_1_165' title='bbox 2485 915 2603 968; x_wconf 70' lang='lat' dir='ltr'><strong>qua:</strong></span> <span class='ocrx_word' id='word_1_166' title='bbox 2629 900 2730 955; x_wconf 87' lang='lat' dir='ltr'><strong>sibi</strong></span> <span class='ocrx_word' id='word_1_167' title='bbox 2759 901 2826 955; x_wconf 91' lang='lat' dir='ltr'><strong>ad</strong></span> <span class='ocrx_word' id='word_1_168' title='bbox 2855 909 3064 970; x_wconf 85' lang='lat' dir='ltr'><strong>tempus</strong></span> <span class='ocrx_word' id='word_1_169' title='bbox 3090 903 3388 970; x_wconf 84' lang='lat' dir='ltr'><strong>subtrahit,</strong></span> <span class='ocrx_word' id='word_1_170' title='bbox 3423 920 3528 958; x_wconf 92' lang='lat' dir='ltr'><strong>non</strong></span> <span class='ocrx_word' id='word_1_171' title='bbox 3557 905 3717 977; x_wconf 62' lang='grc'><strong>47],</strong></span> <span class='ocrx_word' id='word_1_172' title='bbox 3747 922 3881 976; x_wconf 88' lang='lat' dir='ltr'><strong>pau-</strong></span> 
     </span>
    </p>
   </div>
   <div class='ocr_carea' id='block_1_21' title="bbox 2321 989 3882 1060">
    <p class='ocr_par' dir='ltr' id='par_1_21' title="bbox 2321 989 3882 1060">
     <span class='ocr_line' id='line_1_21' title="bbox 2321 989 3882 1060; baseline 0.004 -18"><span class='ocrx_word' id='word_1_173' title='bbox 2321 990 2540 1060; x_wconf 85' lang='lat' dir='ltr'><strong>peribus</strong></span> <span class='ocrx_word' id='word_1_174' title='bbox 2565 990 2780 1054; x_wconf 87' lang='lat' dir='ltr'><strong>tribuit,</strong></span> <span class='ocrx_word' id='word_1_175' title='bbox 2808 989 2902 1044; x_wconf 86' lang='lat' dir='ltr'><strong>sed</strong></span> <span class='ocrx_word' id='word_1_176' title='bbox 2929 992 3103 1044; x_wconf 80' lang='lat' dir='ltr'><strong>ventri</strong></span> <span class='ocrx_word' id='word_1_177' title='bbox 3128 992 3466 1060; x_wconf 86' lang='lat' dir='ltr'><strong>postmodum</strong></span> <span class='ocrx_word' id='word_1_178' title='bbox 3490 992 3760 1049; x_wconf 74' lang='lat' dir='ltr'><strong>oﬂ‘erenda</strong></span> <span class='ocrx_word' id='word_1_179' title='bbox 3786 1011 3882 1050; x_wconf 81' lang='lat' dir='ltr'><strong>cn-</strong></span> 
     </span>
    </p>
   </div>
   <div class='ocr_carea' id='block_1_22' title="bbox 2325 1078 3881 1155">
    <p class='ocr_par' dir='ltr' id='par_1_22' title="bbox 2325 1078 3881 1155">
     <span class='ocr_line' id='line_1_22' title="bbox 2325 1078 3881 1155; baseline 0.004 -23"><span class='ocrx_word' id='word_1_180' title='bbox 2325 1078 2509 1133; x_wconf 89' lang='lat' dir='ltr'><strong>stodit.</strong></span> <span class='ocrx_word' id='word_1_181' title='bbox 2532 1078 2666 1133; x_wconf 82' lang='lat' dir='ltr'><strong>Hinc</strong></span> <span class='ocrx_word' id='word_1_182' title='bbox 2682 1094 2780 1148; x_wconf 88' lang='lat' dir='ltr'><strong>per</strong></span> <span class='ocrx_word' id='word_1_183' title='bbox 2797 1079 2996 1135; x_wconf 82' lang='lat' dir='ltr'><strong>Joelem</strong></span> <span class='ocrx_word' id='word_1_184' title='bbox 3018 1082 3240 1137; x_wconf 88' lang='lat' dir='ltr'><strong>dicitur:</strong></span> <span class='ocrx_word' id='word_1_185' title='bbox 3268 1083 3604 1152; x_wconf 74' lang='lat' dir='ltr'><strong>Sancti/laute</strong></span> <span class='ocrx_word' id='word_1_186' title='bbox 3616 1085 3881 1155; x_wconf 79' lang='lat' dir='ltr'><strong>jejunium</strong></span> 
     </span>
    </p>
   </div>
   <div class='ocr_carea' id='block_1_23' title="bbox 2328 1168 3883 1242">
    <p class='ocr_par' dir='ltr' id='par_1_23' title="bbox 2328 1168 3883 1242">
     <span class='ocr_line' id='line_1_23' title="bbox 2328 1168 3883 1242; baseline 0.005 -21"><span class='ocrx_word' id='word_1_187' title='bbox 2328 1168 2486 1240; x_wconf 81' lang='lat' dir='ltr'><strong>(Joel</strong></span> <span class='ocrx_word' id='word_1_188' title='bbox 2567 1185 2616 1234; x_wconf 86' lang='grc' dir='ltr'><strong>ι,</strong></span> <span class='ocrx_word' id='word_1_189' title='bbox 2646 1169 2741 1241; x_wconf 69' lang='grc'><strong>4).</strong></span> <span class='ocrx_word' id='word_1_190' title='bbox 2775 1169 3041 1238; x_wconf 88' lang='lat' dir='ltr'><strong>Jejunium</strong></span> <span class='ocrx_word' id='word_1_191' title='bbox 3075 1174 3267 1242; x_wconf 86' lang='lat' dir='ltr'><strong>quippe</strong></span> <span class='ocrx_word' id='word_1_192' title='bbox 3301 1174 3638 1229; x_wconf 82' lang='lat' dir='ltr'><strong>sanctiﬁcare</strong></span> <span class='ocrx_word' id='word_1_193' title='bbox 3678 1184 3761 1230; x_wconf 85' lang='lat' dir='ltr'><strong>est</strong></span> <span class='ocrx_word' id='word_1_194' title='bbox 3789 1175 3883 1235; x_wconf 75' lang='lat' dir='ltr'><strong>ad-</strong></span> 
     </span>
    </p>
   </div>
   <div class='ocr_carea' id='block_1_24' title="bbox 2321 1258 3882 1334">
    <p class='ocr_par' dir='ltr' id='par_1_24' title="bbox 2321 1258 3882 1334">
     <span class='ocr_line' id='line_1_24' title="bbox 2321 1258 3882 1334; baseline 0.004 -22"><span class='ocrx_word' id='word_1_195' title='bbox 2321 1258 2522 1328; x_wconf 87' lang='lat' dir='ltr'><strong>junctis</strong></span> <span class='ocrx_word' id='word_1_196' title='bbox 2553 1259 2707 1314; x_wconf 89' lang='lat' dir='ltr'><strong>bonis</strong></span> <span class='ocrx_word' id='word_1_197' title='bbox 2741 1259 2862 1315; x_wconf 87' lang='lat' dir='ltr'><strong>aliis</strong></span> <span class='ocrx_word' id='word_1_198' title='bbox 2895 1261 3106 1334; x_wconf 84' lang='lat' dir='ltr'><strong>dignam</strong></span> <span class='ocrx_word' id='word_1_199' title='bbox 3142 1262 3253 1317; x_wconf 92' lang='lat' dir='ltr'><strong>Deo</strong></span> <span class='ocrx_word' id='word_1_200' title='bbox 3287 1263 3666 1319; x_wconf 87' lang='lat' dir='ltr'><strong>abstinentiam</strong></span> <span class='ocrx_word' id='word_1_201' title='bbox 3703 1266 3882 1319; x_wconf 88' lang='lat' dir='ltr'><strong>carnis</strong></span> 
     </span>
    </p>
   </div>
   <div class='ocr_carea' id='block_1_25' title="bbox 2326 1349 3879 1425">
    <p class='ocr_par' dir='ltr' id='par_1_25' title="bbox 2326 1349 3879 1425">
     <span class='ocr_line' id='line_1_25' title="bbox 2326 1349 3879 1425; baseline 0.002 -21"><span class='ocrx_word' id='word_1_202' title='bbox 2326 1351 2628 1405; x_wconf 84' lang='lat' dir='ltr'><strong>ostendere.</strong></span> <span class='ocrx_word' id='word_1_203' title='bbox 2661 1349 2849 1405; x_wconf 83' lang='lat' dir='ltr'><strong>Cesset</strong></span> <span class='ocrx_word' id='word_1_204' title='bbox 2891 1350 3005 1417; x_wconf 87' lang='lat' dir='ltr'><strong>ira,</strong></span> <span class='ocrx_word' id='word_1_205' title='bbox 3049 1353 3328 1422; x_wconf 78' lang='lat' dir='ltr'><strong>sopiantur</strong></span> <span class='ocrx_word' id='word_1_206' title='bbox 3366 1353 3563 1425; x_wconf 90' lang='lat' dir='ltr'><strong>jurgia.</strong></span> <span class='ocrx_word' id='word_1_207' title='bbox 3610 1354 3879 1410; x_wconf 84' lang='lat' dir='ltr'><strong>Incassum</strong></span> 
     </span>
    </p>
   </div>
   <div class='ocr_carea' id='block_1_26' title="bbox 2327 1441 3881 1517">
    <p class='ocr_par' dir='ltr' id='par_1_26' title="bbox 2327 1441 3881 1517">
     <span class='ocr_line' id='line_1_26' title="bbox 2327 1441 3881 1517; baseline 0.003 -20"><span class='ocrx_word' id='word_1_208' title='bbox 2327 1441 2472 1497; x_wconf 89' lang='lat' dir='ltr'><strong>enim</strong></span> <span class='ocrx_word' id='word_1_209' title='bbox 2515 1456 2642 1496; x_wconf 86' lang='lat' dir='ltr'><strong>caro</strong></span> <span class='ocrx_word' id='word_1_210' title='bbox 2683 1442 2946 1505; x_wconf 88' lang='lat' dir='ltr'><strong>atteritur,</strong></span> <span class='ocrx_word' id='word_1_211' title='bbox 2990 1443 3035 1497; x_wconf 91' lang='lat' dir='ltr'><strong>si</strong></span> <span class='ocrx_word' id='word_1_212' title='bbox 3079 1459 3109 1497; x_wconf 90' lang='lat' dir='ltr'><strong>a</strong></span> <span class='ocrx_word' id='word_1_213' title='bbox 3152 1445 3335 1514; x_wconf 85' lang='lat' dir='ltr'><strong>pravis</strong></span> <span class='ocrx_word' id='word_1_214' title='bbox 3375 1445 3490 1500; x_wconf 87' lang='lat' dir='ltr'><strong>suis</strong></span> <span class='ocrx_word' id='word_1_215' title='bbox 3523 1446 3881 1517; x_wconf 81' lang='lat' dir='ltr'><strong>voluptatibus</strong></span> 
     </span>
    </p>
   </div>
   <div class='ocr_carea' id='block_1_27' title="bbox 2329 1530 3882 1608">
    <p class='ocr_par' dir='ltr' id='par_1_27' title="bbox 2329 1530 3882 1608">
     <span class='ocr_line' id='line_1_27' title="bbox 2329 1530 3882 1608; baseline 0.003 -22"><span class='ocrx_word' id='word_1_216' title='bbox 2329 1533 2540 1608; x_wconf 76' lang='lat' dir='ltr'><strong>animus</strong></span> <span class='ocrx_word' id='word_1_217' title='bbox 2574 1547 2680 1586; x_wconf 91' lang='lat' dir='ltr'><strong>non</strong></span> <span class='ocrx_word' id='word_1_218' title='bbox 2713 1530 3037 1606; x_wconf 78' lang='lat' dir='ltr'><strong>refrenatur,</strong></span> <span class='ocrx_word' id='word_1_219' title='bbox 3068 1548 3190 1587; x_wconf 89' lang='lat' dir='ltr'><strong>cum</strong></span> <span class='ocrx_word' id='word_1_220' title='bbox 3223 1548 3322 1603; x_wconf 87' lang='lat' dir='ltr'><strong>per</strong></span> <span class='ocrx_word' id='word_1_221' title='bbox 3352 1534 3669 1604; x_wconf 86' lang='lat' dir='ltr'><strong>prophetam</strong></span> <span class='ocrx_word' id='word_1_222' title='bbox 3704 1535 3882 1590; x_wconf 88' lang='lat' dir='ltr'><strong>Domi-</strong></span> 
     </span>
    </p>
   </div>
   <div class='ocr_carea' id='block_1_28' title="bbox 2330 1618 3885 1691">
    <p class='ocr_par' dir='ltr' id='par_1_28' title="bbox 2330 1618 3885 1691">
     <span class='ocr_line' id='line_1_28' title="bbox 2330 1618 3885 1691; baseline 0.004 -18"><span class='ocrx_word' id='word_1_223' title='bbox 2330 1634 2436 1674; x_wconf 87' lang='lat' dir='ltr'><strong>nus</strong></span> <span class='ocrx_word' id='word_1_224' title='bbox 2463 1619 2606 1675; x_wconf 85' lang='lat' dir='ltr'><strong>dicat</strong></span> <span class='ocrx_word' id='word_1_225' title='bbox 2629 1637 2643 1673; x_wconf 89' lang='lat'><strong>:</strong></span> <span class='ocrx_word' id='word_1_226' title='bbox 2675 1618 2810 1674; x_wconf 78' lang='lat' dir='ltr'><strong>Ecce</strong></span> <span class='ocrx_word' id='word_1_227' title='bbox 2839 1622 2896 1674; x_wconf 79' lang='lat' dir='ltr'><strong>in</strong></span> <span class='ocrx_word' id='word_1_228' title='bbox 2928 1621 3013 1675; x_wconf 82' lang='lat' dir='ltr'><strong>die</strong></span> <span class='ocrx_word' id='word_1_229' title='bbox 3030 1621 3224 1691; x_wconf 81' lang='lat' dir='ltr'><strong>jejunii</strong></span> <span class='ocrx_word' id='word_1_230' title='bbox 3247 1625 3401 1677; x_wconf 82' lang='lat' dir='ltr'><strong>vestri</strong></span> <span class='ocrx_word' id='word_1_231' title='bbox 3426 1625 3687 1679; x_wconf 74' lang='lat' dir='ltr'><strong>invenitur</strong></span> <span class='ocrx_word' id='word_1_232' title='bbox 3711 1626 3885 1679; x_wconf 73' lang='lat' dir='ltr'><strong>uolun-</strong></span> 
     </span>
    </p>
   </div>
   <div class='ocr_carea' id='block_1_29' title="bbox 668 1687 3882 1785">
    <p class='ocr_par' dir='ltr' id='par_1_29' title="bbox 668 1687 3882 1785">
     <span class='ocr_line' id='line_1_29' title="bbox 668 1687 3882 1785; baseline 0.001 -18"><span class='ocrx_word' id='word_1_233' title='bbox 668 1687 796 1781; x_wconf 72' lang='lat' dir='ltr'><strong>gelii</strong></span> <span class='ocrx_word' id='word_1_234' title='bbox 831 1708 1180 1766; x_wconf 86' lang='lat' dir='ltr'><strong>custodimus.</strong></span> <span class='ocrx_word' id='word_1_235' title='bbox 1219 1705 1299 1759; x_wconf 86' lang='lat' dir='ltr'><strong>Ex</strong></span> <span class='ocrx_word' id='word_1_236' title='bbox 1332 1719 1438 1774; x_wconf 87' lang='lat' dir='ltr'><strong>qua</strong></span> <span class='ocrx_word' id='word_1_237' title='bbox 1464 1718 1526 1757; x_wconf 88' lang='lat' dir='ltr'><strong>re</strong></span> <span class='ocrx_word' id='word_1_238' title='bbox 1555 1701 1749 1756; x_wconf 79' lang='lat' dir='ltr'><strong>sentiri</strong></span> <span class='ocrx_word' id='word_1_239' title='bbox 1776 1707 1832 1753; x_wconf 91' lang='lat' dir='ltr'><strong>et</strong></span> <span class='ocrx_word' id='word_1_240' title='bbox 1855 1699 1998 1754; x_wconf 84' lang='lat' dir='ltr'><strong>aliud</strong></span> <span class='ocrx_word' id='word_1_241' title='bbox 2030 1687 2225 1768; x_wconf 81' lang='lat' dir='ltr'><strong>potest.</strong></span> <span class='ocrx_word' id='word_1_242' title='bbox 2259 1700 2306 1760; x_wconf 81' lang='grc' dir='ltr'><strong>Β</strong></span> <span class='ocrx_word' id='word_1_243' title='bbox 2330 1721 2411 1766; x_wconf 65' lang='grc' dir='ltr'><strong>ια,</strong></span> <span class='ocrx_word' id='word_1_244' title='bbox 2442 1720 2609 1766; x_wconf 56' lang='lat' dir='ltr'><strong>mura</strong></span> <span class='ocrx_word' id='word_1_245' title='bbox 2637 1724 2655 1762; x_wconf 71' lang='grc' dir='ltr'><em>ε</em></span> <span class='ocrx_word' id='word_1_246' title='bbox 2688 1710 2824 1765; x_wconf 56' lang='lat' dir='ltr'><strong>Ec“</strong></span> <span class='ocrx_word' id='word_1_247' title='bbox 2852 1712 2920 1765; x_wconf 67' lang='lat' dir='ltr'><strong>ad</strong></span> <span class='ocrx_word' id='word_1_248' title='bbox 2947 1687 3062 1766; x_wconf 55' lang='lat' dir='ltr'><strong>(ac;</strong></span> <span class='ocrx_word' id='word_1_249' title='bbox 3082 1687 3138 1765; x_wconf 32' lang='lat' dir='ltr'><strong>vet</strong></span> <span class='ocrx_word' id='word_1_250' title='bbox 3165 1715 3516 1769; x_wconf 64' lang='lat' dir='ltr'><strong>conluuione:</strong></span> <span class='ocrx_word' id='word_1_251' title='bbox 3533 1716 3807 1785; x_wconf 75' lang='lat' dir='ltr'><strong>jejunatis.</strong></span> <span class='ocrx_word' id='word_1_252' title='bbox 3836 1704 3882 1770; x_wconf 80' lang='lat' dir='ltr'><strong>et</strong></span> 
     </span>
    </p>
   </div>
   <div class='ocr_carea' id='block_1_30' title="bbox 667 1786 2230 1860">
    <p class='ocr_par' dir='ltr' id='par_1_30' title="bbox 667 1786 2230 1860">
     <span class='ocr_line' id='line_1_30' title="bbox 667 1786 2230 1860; baseline -0.009 -7"><span class='ocrx_word' id='word_1_253' title='bbox 667 1795 730 1853; x_wconf 86' lang='lat' dir='ltr'><strong>1n</strong></span> <span class='ocrx_word' id='word_1_254' title='bbox 764 1799 869 1852; x_wconf 87' lang='lat' dir='ltr'><strong>hoc</strong></span> <span class='ocrx_word' id='word_1_255' title='bbox 902 1796 1045 1849; x_wconf 80' lang='lat' dir='ltr'><strong>enim</strong></span> <span class='ocrx_word' id='word_1_256' title='bbox 1080 1792 1294 1849; x_wconf 91' lang='lat' dir='ltr'><strong>mortali</strong></span> <span class='ocrx_word' id='word_1_257' title='bbox 1328 1805 1554 1860; x_wconf 82' lang='lat' dir='ltr'><strong>corpore</strong></span> <span class='ocrx_word' id='word_1_258' title='bbox 1582 1805 1652 1844; x_wconf 82' lang='lat' dir='ltr'><strong>ex</strong></span> <span class='ocrx_word' id='word_1_259' title='bbox 1686 1797 1914 1858; x_wconf 86' lang='lat' dir='ltr'><strong>quatuor</strong></span> <span class='ocrx_word' id='word_1_260' title='bbox 1951 1786 2230 1842; x_wconf 90' lang='lat' dir='ltr'><strong>elementis</strong></span> 
     </span>
    </p>
   </div>
   <div class='ocr_carea' id='block_1_31' title="bbox 670 1877 2234 1953">
    <p class='ocr_par' dir='ltr' id='par_1_31' title="bbox 670 1877 2234 1953">
     <span class='ocr_line' id='line_1_31' title="bbox 670 1877 2234 1953; baseline -0.008 -11"><span class='ocrx_word' id='word_1_261' title='bbox 670 1886 1035 1950; x_wconf 90' lang='lat' dir='ltr'><strong>subsistimus,</strong></span> <span class='ocrx_word' id='word_1_262' title='bbox 1058 1891 1112 1938; x_wconf 92' lang='lat' dir='ltr'><strong>et</strong></span> <span class='ocrx_word' id='word_1_263' title='bbox 1133 1897 1231 1953; x_wconf 89' lang='lat' dir='ltr'><strong>per</strong></span> <span class='ocrx_word' id='word_1_264' title='bbox 1256 1880 1558 1951; x_wconf 81' lang='lat' dir='ltr'><strong>voluptates</strong></span> <span class='ocrx_word' id='word_1_265' title='bbox 1580 1878 1819 1950; x_wconf 88' lang='lat' dir='ltr'><strong>ejusdem</strong></span> <span class='ocrx_word' id='word_1_266' title='bbox 1843 1877 2084 1946; x_wconf 90' lang='lat' dir='ltr'><strong>corporis</strong></span> <span class='ocrx_word' id='word_1_267' title='bbox 2104 1891 2234 1945; x_wconf 68' lang='lat' dir='ltr'><strong>pra:-</strong></span> 
     </span>
    </p>
   </div>
   <div class='ocr_carea' id='block_1_32' title="bbox 673 1967 2234 2046">
    <p class='ocr_par' dir='ltr' id='par_1_32' title="bbox 673 1967 2234 2046">
     <span class='ocr_line' id='line_1_32' title="bbox 673 1967 2234 2046; baseline -0.006 -15"><span class='ocrx_word' id='word_1_268' title='bbox 673 1978 842 2046; x_wconf 87' lang='lat' dir='ltr'><strong>ceptis</strong></span> <span class='ocrx_word' id='word_1_269' title='bbox 876 1973 1168 2029; x_wconf 89' lang='lat' dir='ltr'><strong>Dominicis</strong></span> <span class='ocrx_word' id='word_1_270' title='bbox 1202 1971 1530 2027; x_wconf 89' lang='lat' dir='ltr'><strong>contraimus</strong></span> <span class='ocrx_word' id='word_1_271' title='bbox 1560 1987 1574 2022; x_wconf 86' lang='lat'><strong>:</strong></span> <span class='ocrx_word' id='word_1_272' title='bbox 1610 1975 1876 2039; x_wconf 59' lang='lat' dir='ltr'><strong>praecepta</strong></span> <span class='ocrx_word' id='word_1_273' title='bbox 1913 1975 2092 2021; x_wconf 88' lang='lat' dir='ltr'><strong>autem</strong></span> <span class='ocrx_word' id='word_1_274' title='bbox 2131 1967 2234 2021; x_wconf 81' lang='lat' dir='ltr'><strong>Do-</strong></span> 
     </span>
    </p>
   </div>
   <div class='ocr_carea' id='block_1_33' title="bbox 680 2056 2235 2133">
    <p class='ocr_par' dir='ltr' id='par_1_33' title="bbox 680 2056 2235 2133">
     <span class='ocr_line' id='line_1_33' title="bbox 680 2056 2235 2133; baseline -0.005 -15"><span class='ocrx_word' id='word_1_275' title='bbox 680 2065 878 2118; x_wconf 87' lang='lat' dir='ltr'><strong>minica</strong></span> <span class='ocrx_word' id='word_1_276' title='bbox 920 2077 1020 2133; x_wconf 89' lang='lat' dir='ltr'><strong>per</strong></span> <span class='ocrx_word' id='word_1_277' title='bbox 1062 2059 1381 2129; x_wconf 88' lang='lat' dir='ltr'><strong>Decalogum</strong></span> <span class='ocrx_word' id='word_1_278' title='bbox 1420 2067 1546 2113; x_wconf 91' lang='lat' dir='ltr'><strong>sunt</strong></span> <span class='ocrx_word' id='word_1_279' title='bbox 1581 2065 1817 2126; x_wconf 89' lang='lat' dir='ltr'><strong>accepta.</strong></span> <span class='ocrx_word' id='word_1_280' title='bbox 1845 2056 1946 2123; x_wconf 91' lang='lat' dir='ltr'><strong>Qui</strong></span> <span class='ocrx_word' id='word_1_281' title='bbox 1973 2070 2100 2127; x_wconf 89' lang='lat' dir='ltr'><strong>ergo</strong></span> <span class='ocrx_word' id='word_1_282' title='bbox 2138 2071 2235 2126; x_wconf 93' lang='lat' dir='ltr'><strong>per</strong></span> 
     </span>
    </p>
   </div>
   <div class='ocr_carea' id='block_1_34' title="bbox 674 2145 2232 2216">
    <p class='ocr_par' dir='ltr' id='par_1_34' title="bbox 674 2145 2232 2216">
     <span class='ocr_line' id='line_1_34' title="bbox 674 2145 2232 2216; baseline -0.006 -11"><span class='ocrx_word' id='word_1_283' title='bbox 674 2151 865 2206; x_wconf 88' lang='lat' dir='ltr'><strong>carnis</strong></span> <span class='ocrx_word' id='word_1_284' title='bbox 913 2148 1176 2203; x_wconf 89' lang='lat' dir='ltr'><strong>desideria</strong></span> <span class='ocrx_word' id='word_1_285' title='bbox 1220 2146 1465 2216; x_wconf 86' lang='lat' dir='ltr'><strong>Decalogi</strong></span> <span class='ocrx_word' id='word_1_286' title='bbox 1499 2145 1750 2198; x_wconf 85' lang='lat' dir='ltr'><strong>mandata</strong></span> <span class='ocrx_word' id='word_1_287' title='bbox 1780 2145 2199 2213; x_wconf 86' lang='lat' dir='ltr'><strong>contempsimus</strong></span> <span class='ocrx_word' id='word_1_288' title='bbox 2219 2183 2232 2206; x_wconf 90' lang='lat'><strong>,</strong></span> 
     </span>
    </p>
   </div>
   <div class='ocr_carea' id='block_1_35' title="bbox 678 2231 2235 2310">
    <p class='ocr_par' dir='ltr' id='par_1_35' title="bbox 678 2231 2235 2310">
     <span class='ocr_line' id='line_1_35' title="bbox 678 2231 2235 2310; baseline -0.008 -14"><span class='ocrx_word' id='word_1_289' title='bbox 678 2243 897 2310; x_wconf 85' lang='lat' dir='ltr'><strong>dignum</strong></span> <span class='ocrx_word' id='word_1_290' title='bbox 926 2247 1008 2294; x_wconf 90' lang='lat' dir='ltr'><strong>est</strong></span> <span class='ocrx_word' id='word_1_291' title='bbox 1032 2246 1093 2293; x_wconf 92' lang='lat' dir='ltr'><strong>ut</strong></span> <span class='ocrx_word' id='word_1_292' title='bbox 1115 2237 1358 2293; x_wconf 86' lang='lat' dir='ltr'><strong>eamdem</strong></span> <span class='ocrx_word' id='word_1_293' title='bbox 1386 2251 1604 2290; x_wconf 88' lang='lat' dir='ltr'><strong>carnem</strong></span> <span class='ocrx_word' id='word_1_294' title='bbox 1631 2234 2005 2304; x_wconf 80' lang='lat' dir='ltr'><strong>quaterdecies</strong></span> <span class='ocrx_word' id='word_1_295' title='bbox 2033 2231 2235 2301; x_wconf 72' lang='lat' dir='ltr'><strong>afﬂiga-</strong></span> 
     </span>
    </p>
   </div>
   <div class='ocr_carea' id='block_1_36' title="bbox 674 2322 2239 2394">
    <p class='ocr_par' dir='ltr' id='par_1_36' title="bbox 674 2322 2239 2394">
     <span class='ocr_line' id='line_1_36' title="bbox 674 2322 2239 2394; baseline -0.008 -10"><span class='ocrx_word' id='word_1_296' title='bbox 674 2345 815 2386; x_wconf 84' lang='lat' dir='ltr'><strong>mus.</strong></span> <span class='ocrx_word' id='word_1_297' title='bbox 865 2327 1119 2394; x_wconf 78' lang='lat' dir='ltr'><strong>Quamvis</strong></span> <span class='ocrx_word' id='word_1_298' title='bbox 1156 2327 1221 2380; x_wconf 92' lang='lat' dir='ltr'><strong>de</strong></span> <span class='ocrx_word' id='word_1_299' title='bbox 1258 2326 1363 2378; x_wconf 92' lang='lat' dir='ltr'><strong>hoc</strong></span> <span class='ocrx_word' id='word_1_300' title='bbox 1408 2322 1837 2392; x_wconf 66' lang='lat' dir='ltr'><strong>Quadragesima:</strong></span> <span class='ocrx_word' id='word_1_301' title='bbox 1879 2328 2121 2388; x_wconf 89' lang='lat' dir='ltr'><strong>tempore</strong></span> <span class='ocrx_word' id='word_1_302' title='bbox 2155 2325 2239 2372; x_wconf 90' lang='lat' dir='ltr'><strong>est</strong></span> 
     </span>
    </p>
   </div>
   <div class='ocr_carea' id='block_1_37' title="bbox 679 2408 2237 2484">
    <p class='ocr_par' dir='ltr' id='par_1_37' title="bbox 679 2408 2237 2484">
     <span class='ocr_line' id='line_1_37' title="bbox 679 2408 2237 2484; baseline -0.01 -9"><span class='ocrx_word' id='word_1_303' title='bbox 679 2420 856 2475; x_wconf 83' lang='lat' dir='ltr'><strong>adhuc</strong></span> <span class='ocrx_word' id='word_1_304' title='bbox 881 2417 1022 2471; x_wconf 85' lang='lat' dir='ltr'><strong>aliud</strong></span> <span class='ocrx_word' id='word_1_305' title='bbox 1047 2415 1188 2484; x_wconf 91' lang='lat' dir='ltr'><strong>quod</strong></span> <span class='ocrx_word' id='word_1_306' title='bbox 1215 2413 1383 2483; x_wconf 89' lang='lat' dir='ltr'><strong>possit</strong></span> <span class='ocrx_word' id='word_1_307' title='bbox 1411 2411 1651 2480; x_wconf 89' lang='lat' dir='ltr'><strong>intelligi.</strong></span> <span class='ocrx_word' id='word_1_308' title='bbox 1687 2409 1734 2463; x_wconf 82' lang='grc' dir='ltr'><strong>Α</strong></span> <span class='ocrx_word' id='word_1_309' title='bbox 1766 2409 2013 2478; x_wconf 63' lang='lat' dir='ltr'><strong>praesenti</strong></span> <span class='ocrx_word' id='word_1_310' title='bbox 2042 2408 2237 2462; x_wconf 89' lang='lat' dir='ltr'><strong>etenim</strong></span> 
     </span>
    </p>
   </div>
   <div class='ocr_carea' id='block_1_38' title="bbox 678 2495 2240 2578">
    <p class='ocr_par' dir='ltr' id='par_1_38' title="bbox 678 2495 2240 2578">
     <span class='ocr_line' id='line_1_38' title="bbox 678 2495 2240 2578; baseline -0.01 -13"><span class='ocrx_word' id='word_1_311' title='bbox 678 2511 767 2567; x_wconf 91' lang='lat' dir='ltr'><strong>die</strong></span> <span class='ocrx_word' id='word_1_312' title='bbox 797 2522 965 2578; x_wconf 91' lang='lat' dir='ltr'><strong>usque</strong></span> <span class='ocrx_word' id='word_1_313' title='bbox 991 2507 1058 2561; x_wconf 91' lang='lat' dir='ltr'><strong>ad</strong></span> <span class='ocrx_word' id='word_1_314' title='bbox 1088 2503 1359 2559; x_wconf 87' lang='lat' dir='ltr'><strong>Paschalis</strong></span> <span class='ocrx_word' id='word_1_315' title='bbox 1394 2495 1744 2557; x_wconf 85' lang='lat' dir='ltr'><strong>solemnitatis</strong></span> <span class='ocrx_word' id='word_1_316' title='bbox 1771 2498 1962 2568; x_wconf 88' lang='lat' dir='ltr'><strong>gaudia</strong></span> <span class='ocrx_word' id='word_1_317' title='bbox 1990 2511 2083 2552; x_wconf 88' lang='lat' dir='ltr'><strong>sex</strong></span> <span class='ocrx_word' id='word_1_318' title='bbox 2111 2496 2240 2551; x_wconf 88' lang='lat' dir='ltr'><strong>heb-</strong></span> 
     </span>
    </p>
   </div>
   <div class='ocr_carea' id='block_1_39' title="bbox 680 2588 2240 2664">
    <p class='ocr_par' dir='ltr' id='par_1_39' title="bbox 680 2588 2240 2664">
     <span class='ocr_line' id='line_1_39' title="bbox 680 2588 2240 2664; baseline -0.012 -7"><span class='ocrx_word' id='word_1_319' title='bbox 680 2600 920 2657; x_wconf 66' lang='lat' dir='ltr'><strong>domadas</strong></span> <span class='ocrx_word' id='word_1_320' title='bbox 946 2598 1194 2661; x_wconf 86' lang='lat' dir='ltr'><strong>veniunt,</strong></span> <span class='ocrx_word' id='word_1_321' title='bbox 1221 2609 1448 2664; x_wconf 88' lang='lat' dir='ltr'><strong>quarum</strong></span> <span class='ocrx_word' id='word_1_322' title='bbox 1469 2592 1715 2647; x_wconf 86' lang='lat' dir='ltr'><strong>videlicet</strong></span> <span class='ocrx_word' id='word_1_323' title='bbox 1751 2591 1867 2644; x_wconf 90' lang='lat' dir='ltr'><strong>dies</strong></span> <span class='ocrx_word' id='word_1_324' title='bbox 1888 2588 2240 2658; x_wconf 84' lang='lat' dir='ltr'><strong>quadraginta</strong></span> 
     </span>
    </p>
   </div>
   <div class='ocr_carea' id='block_1_40' title="bbox 679 2674 2241 2754">
    <p class='ocr_par' dir='ltr' id='par_1_40' title="bbox 679 2674 2241 2754">
     <span class='ocr_line' id='line_1_40' title="bbox 679 2674 2241 2754; baseline -0.012 -8"><span class='ocrx_word' id='word_1_325' title='bbox 679 2699 740 2748; x_wconf 87' lang='lat' dir='ltr'><strong>et</strong></span> <span class='ocrx_word' id='word_1_326' title='bbox 774 2692 879 2745; x_wconf 93' lang='lat' dir='ltr'><strong>duo</strong></span> <span class='ocrx_word' id='word_1_327' title='bbox 913 2698 1076 2743; x_wconf 88' lang='lat' dir='ltr'><strong>sunt:</strong></span> <span class='ocrx_word' id='word_1_328' title='bbox 1115 2701 1182 2740; x_wconf 88' lang='lat' dir='ltr'><strong>ex</strong></span> <span class='ocrx_word' id='word_1_329' title='bbox 1211 2685 1405 2754; x_wconf 89' lang='lat' dir='ltr'><strong>quibus</strong></span> <span class='ocrx_word' id='word_1_330' title='bbox 1439 2683 1564 2736; x_wconf 91' lang='lat' dir='ltr'><strong>dum</strong></span> <span class='ocrx_word' id='word_1_331' title='bbox 1599 2697 1689 2736; x_wconf 83' lang='lat' dir='ltr'><strong>sex</strong></span> <span class='ocrx_word' id='word_1_332' title='bbox 1727 2680 1844 2734; x_wconf 87' lang='lat' dir='ltr'><strong>dies</strong></span> <span class='ocrx_word' id='word_1_333' title='bbox 1874 2676 2138 2732; x_wconf 89' lang='lat' dir='ltr'><strong>Dominici</strong></span> <span class='ocrx_word' id='word_1_334' title='bbox 2173 2674 2241 2727; x_wconf 88' lang='lat' dir='ltr'><strong>ab</strong></span> 
     </span>
    </p>
   </div>
   <div class='ocr_carea' id='block_1_41' title="bbox 678 2760 2241 2836">
    <p class='ocr_par' dir='ltr' id='par_1_41' title="bbox 678 2760 2241 2836">
     <span class='ocr_line' id='line_1_41' title="bbox 678 2760 2241 2836; baseline -0.014 -2"><span class='ocrx_word' id='word_1_335' title='bbox 678 2778 1005 2835; x_wconf 86' lang='lat' dir='ltr'><strong>abstinentia</strong></span> <span class='ocrx_word' id='word_1_336' title='bbox 1038 2775 1445 2836; x_wconf 86' lang='lat' dir='ltr'><strong>subtrahuntur,</strong></span> <span class='ocrx_word' id='word_1_337' title='bbox 1482 2785 1588 2824; x_wconf 90' lang='lat' dir='ltr'><strong>non</strong></span> <span class='ocrx_word' id='word_1_338' title='bbox 1639 2767 1761 2836; x_wconf 87' lang='lat' dir='ltr'><strong>plus</strong></span> <span class='ocrx_word' id='word_1_339' title='bbox 1812 2765 1865 2818; x_wconf 91' lang='lat' dir='ltr'><strong>in</strong></span> <span class='ocrx_word' id='word_1_340' title='bbox 1921 2760 2241 2818; x_wconf 83' lang='lat' dir='ltr'><strong>abstinentia</strong></span> 
     </span>
    </p>
   </div>
   <div class='ocr_carea' id='block_1_42' title="bbox 680 2853 2242 2936">
    <p class='ocr_par' dir='ltr' id='par_1_42' title="bbox 680 2853 2242 2936">
     <span class='ocr_line' id='line_1_42' title="bbox 680 2853 2242 2936; baseline -0.012 -16"><span class='ocrx_word' id='word_1_341' title='bbox 680 2882 846 2936; x_wconf 85' lang='lat' dir='ltr'><strong>quam</strong></span> <span class='ocrx_word' id='word_1_342' title='bbox 884 2866 1102 2935; x_wconf 87' lang='lat' dir='ltr'><strong>triginta</strong></span> <span class='ocrx_word' id='word_1_343' title='bbox 1135 2871 1192 2917; x_wconf 85' lang='lat' dir='ltr'><strong>et</strong></span> <span class='ocrx_word' id='word_1_344' title='bbox 1225 2878 1319 2916; x_wconf 89' lang='lat' dir='ltr'><strong>sex</strong></span> <span class='ocrx_word' id='word_1_345' title='bbox 1355 2861 1464 2913; x_wconf 81' lang='lat' dir='ltr'><strong>dies</strong></span> <span class='ocrx_word' id='word_1_346' title='bbox 1497 2863 1796 2911; x_wconf 87' lang='lat' dir='ltr'><strong>remanent.</strong></span> <span class='ocrx_word' id='word_1_347' title='bbox 1826 2853 1965 2907; x_wconf 91' lang='lat' dir='ltr'><strong>Dum</strong></span> <span class='ocrx_word' id='word_1_348' title='bbox 1994 2865 2120 2906; x_wconf 88' lang='lat' dir='ltr'><strong>vero</strong></span> <span class='ocrx_word' id='word_1_349' title='bbox 2146 2863 2242 2920; x_wconf 85' lang='lat' dir='ltr'><strong>per</strong></span> 
     </span>
    </p>
   </div>
   <div class='ocr_carea' id='block_1_43' title="bbox 684 2941 2240 3022">
    <p class='ocr_par' dir='ltr' id='par_1_43' title="bbox 684 2941 2240 3022">
     <span class='ocr_line' id='line_1_43' title="bbox 684 2941 2240 3022; baseline -0.012 -11"><span class='ocrx_word' id='word_1_350' title='bbox 684 2964 957 3011; x_wconf 87' lang='lat' dir='ltr'><strong>trecentos</strong></span> <span class='ocrx_word' id='word_1_351' title='bbox 982 2962 1034 3006; x_wconf 91' lang='lat' dir='ltr'><strong>et</strong></span> <span class='ocrx_word' id='word_1_352' title='bbox 1062 2952 1339 3022; x_wconf 78' lang='lat' dir='ltr'><strong>sexaginta</strong></span> <span class='ocrx_word' id='word_1_353' title='bbox 1368 2946 1644 3020; x_wconf 82' lang='lat' dir='ltr'><strong>[quinque]</strong></span> <span class='ocrx_word' id='word_1_354' title='bbox 1672 2946 1787 3001; x_wconf 88' lang='lat' dir='ltr'><strong>dies</strong></span> <span class='ocrx_word' id='word_1_355' title='bbox 1811 2958 1983 3000; x_wconf 87' lang='lat' dir='ltr'><strong>annus</strong></span> <span class='ocrx_word' id='word_1_356' title='bbox 2007 2941 2240 3003; x_wconf 79' lang='lat' dir='ltr'><strong>ducitur,</strong></span> 
     </span>
    </p>
   </div>
   <div class='ocr_carea' id='block_1_44' title="bbox 2330 1799 3887 1878">
    <p class='ocr_par' dir='ltr' id='par_1_44' title="bbox 2330 1799 3887 1878">
     <span class='ocr_line' id='line_1_44' title="bbox 2330 1799 3887 1878; baseline 0.003 -25"><span class='ocrx_word' id='word_1_357' title='bbox 2330 1800 2596 1878; x_wconf 77' lang='lat' dir='ltr'><strong>percutitis</strong></span> <span class='ocrx_word' id='word_1_358' title='bbox 2623 1815 2795 1868; x_wconf 73' lang='lat' dir='ltr'><strong>pugno</strong></span> <span class='ocrx_word' id='word_1_359' title='bbox 2821 1799 2976 1870; x_wconf 67' lang='lat' dir='ltr'><strong>impie</strong></span> <span class='ocrx_word' id='word_1_360' title='bbox 2993 1839 3008 1865; x_wconf 93' lang='lat'><strong>,</strong></span> <span class='ocrx_word' id='word_1_361' title='bbox 3025 1809 3084 1853; x_wconf 70' lang='lat' dir='ltr'><strong>et</strong></span> <span class='ocrx_word' id='word_1_362' title='bbox 3111 1816 3286 1855; x_wconf 68' lang='lat' dir='ltr'><strong>omnes</strong></span> <span class='ocrx_word' id='word_1_363' title='bbox 3315 1801 3572 1858; x_wconf 75' lang='lat' dir='ltr'><strong>debitores</strong></span> <span class='ocrx_word' id='word_1_364' title='bbox 3598 1813 3787 1857; x_wconf 77' lang='lat' dir='ltr'><strong>vestros</strong></span> <span class='ocrx_word' id='word_1_365' title='bbox 3815 1822 3887 1858; x_wconf 81' lang='lat' dir='ltr'><strong>re-</strong></span> 
     </span>
    </p>
   </div>
   <div class='ocr_carea' id='block_1_45' title="bbox 2331 1886 3886 1960">
    <p class='ocr_par' dir='ltr' id='par_1_45' title="bbox 2331 1886 3886 1960">
     <span class='ocr_line' id='line_1_45' title="bbox 2331 1886 3886 1960; baseline 0.004 -19"><span class='ocrx_word' id='word_1_366' title='bbox 2331 1889 2502 1959; x_wconf 78' lang='lat' dir='ltr'><strong>petitis</strong></span> <span class='ocrx_word' id='word_1_367' title='bbox 2526 1886 2674 1959; x_wconf 77' lang='grc' dir='ltr'><strong>(ιω.</strong></span> <span class='ocrx_word' id='word_1_368' title='bbox 2703 1903 2831 1943; x_wconf 81' lang='lat' dir='ltr'><strong>mu</strong></span> <span class='ocrx_word' id='word_1_369' title='bbox 2851 1927 2866 1952; x_wconf 90' lang='lat'><strong>,</strong></span> <span class='ocrx_word' id='word_1_370' title='bbox 2889 1889 2923 1943; x_wconf 78' lang='grc'>5</span> <span class='ocrx_word' id='word_1_371' title='bbox 2940 1927 2955 1952; x_wconf 88' lang='grc'><em>,</em></span> <span class='ocrx_word' id='word_1_372' title='bbox 2981 1887 3015 1942; x_wconf 69' lang='grc'>4</span> <span class='ocrx_word' id='word_1_373' title='bbox 3038 1887 3077 1958; x_wconf 93' lang='grc'><strong>).</strong></span> <span class='ocrx_word' id='word_1_374' title='bbox 3107 1888 3292 1960; x_wconf 87' lang='lat' dir='ltr'><strong>Neque</strong></span> <span class='ocrx_word' id='word_1_375' title='bbox 3310 1892 3453 1945; x_wconf 89' lang='lat' dir='ltr'><strong>enim</strong></span> <span class='ocrx_word' id='word_1_376' title='bbox 3479 1892 3571 1960; x_wconf 89' lang='lat' dir='ltr'><strong>qui</strong></span> <span class='ocrx_word' id='word_1_377' title='bbox 3599 1908 3629 1946; x_wconf 88' lang='lat' dir='ltr'><strong>a</strong></span> <span class='ocrx_word' id='word_1_378' title='bbox 3651 1892 3886 1948; x_wconf 82' lang='lat' dir='ltr'><strong>debitore</strong></span> 
     </span>
    </p>
   </div>
   <div class='ocr_carea' id='block_1_46' title="bbox 2333 1967 3882 2049">
    <p class='ocr_par' dir='ltr' id='par_1_46' title="bbox 2333 1967 3882 2049">
     <span class='ocr_line' id='line_1_46' title="bbox 2333 1967 3882 2049; baseline 0.003 -18"><span class='ocrx_word' id='word_1_379' title='bbox 2333 1992 2430 2031; x_wconf 91' lang='lat' dir='ltr'><strong>suo</strong></span> <span class='ocrx_word' id='word_1_380' title='bbox 2454 1967 2556 2032; x_wconf 85' lang='lat' dir='ltr'><strong>hoc</strong></span> <span class='ocrx_word' id='word_1_381' title='bbox 2582 1977 2725 2048; x_wconf 88' lang='lat' dir='ltr'><strong>quod</strong></span> <span class='ocrx_word' id='word_1_382' title='bbox 2754 1977 2900 2038; x_wconf 60' lang='lat' dir='ltr'><strong>(hdit</strong></span> <span class='ocrx_word' id='word_1_383' title='bbox 2932 1979 3157 2046; x_wconf 87' lang='lat' dir='ltr'><strong>repetit,</strong></span> <span class='ocrx_word' id='word_1_384' title='bbox 3192 1979 3396 2049; x_wconf 89' lang='lat' dir='ltr'><strong>aliquid</strong></span> <span class='ocrx_word' id='word_1_385' title='bbox 3429 1980 3684 2048; x_wconf 77' lang='lat' dir='ltr'><strong>iniustum</strong></span> <span class='ocrx_word' id='word_1_386' title='bbox 3712 1982 3882 2038; x_wconf 87' lang='lat' dir='ltr'><strong>facit:</strong></span> 
     </span>
    </p>
   </div>
   <div class='ocr_carea' id='block_1_47' title="bbox 2334 2065 3889 2139">
    <p class='ocr_par' dir='ltr' id='par_1_47' title="bbox 2334 2065 3889 2139">
     <span class='ocr_line' id='line_1_47' title="bbox 2334 2065 3889 2139; baseline 0.006 -20"><span class='ocrx_word' id='word_1_387' title='bbox 2334 2065 2429 2119; x_wconf 87' lang='lat' dir='ltr'><strong>sed</strong></span> <span class='ocrx_word' id='word_1_388' title='bbox 2462 2066 2680 2134; x_wconf 86' lang='lat' dir='ltr'><strong>dignum</strong></span> <span class='ocrx_word' id='word_1_389' title='bbox 2712 2073 2795 2120; x_wconf 88' lang='lat' dir='ltr'><strong>est</strong></span> <span class='ocrx_word' id='word_1_390' title='bbox 2830 2073 2890 2119; x_wconf 89' lang='lat' dir='ltr'><strong>ut</strong></span> <span class='ocrx_word' id='word_1_391' title='bbox 2922 2067 3163 2137; x_wconf 89' lang='lat' dir='ltr'><strong>quisquis</strong></span> <span class='ocrx_word' id='word_1_392' title='bbox 3197 2082 3255 2123; x_wconf 90' lang='lat' dir='ltr'><strong>se</strong></span> <span class='ocrx_word' id='word_1_393' title='bbox 3289 2072 3342 2124; x_wconf 89' lang='lat' dir='ltr'><strong>in</strong></span> <span class='ocrx_word' id='word_1_394' title='bbox 3366 2071 3682 2139; x_wconf 65' lang='lat' dir='ltr'><strong>paenitentia</strong></span> <span class='ocrx_word' id='word_1_395' title='bbox 3717 2088 3889 2128; x_wconf 85' lang='lat' dir='ltr'><strong>mace-</strong></span> 
     </span>
    </p>
   </div>
   <div class='ocr_carea' id='block_1_48' title="bbox 2333 2157 3885 2230">
    <p class='ocr_par' dir='ltr' id='par_1_48' title="bbox 2333 2157 3885 2230">
     <span class='ocr_line' id='line_1_48' title="bbox 2333 2157 3885 2230; baseline 0.006 -21"><span class='ocrx_word' id='word_1_396' title='bbox 2333 2165 2452 2220; x_wconf 88' lang='lat' dir='ltr'><strong>ret,</strong></span> <span class='ocrx_word' id='word_1_397' title='bbox 2502 2164 2559 2210; x_wconf 90' lang='lat' dir='ltr'><strong>et</strong></span> <span class='ocrx_word' id='word_1_398' title='bbox 2602 2158 2707 2211; x_wconf 88' lang='lat' dir='ltr'><strong>hoc</strong></span> <span class='ocrx_word' id='word_1_399' title='bbox 2755 2157 2858 2212; x_wconf 88' lang='lat' dir='ltr'><strong>sibi</strong></span> <span class='ocrx_word' id='word_1_400' title='bbox 2897 2158 3036 2227; x_wconf 91' lang='lat' dir='ltr'><strong>quod</strong></span> <span class='ocrx_word' id='word_1_401' title='bbox 3077 2158 3225 2227; x_wconf 84' lang='lat' dir='ltr'><strong>juste</strong></span> <span class='ocrx_word' id='word_1_402' title='bbox 3254 2163 3540 2230; x_wconf 84' lang='lat' dir='ltr'><strong>competit,</strong></span> <span class='ocrx_word' id='word_1_403' title='bbox 3584 2164 3885 2218; x_wconf 84' lang='lat' dir='ltr'><strong>interdicat.</strong></span> 
     </span>
    </p>
   </div>
   <div class='ocr_carea' id='block_1_49' title="bbox 2337 2246 3892 2318">
    <p class='ocr_par' dir='ltr' id='par_1_49' title="bbox 2337 2246 3892 2318">
     <span class='ocr_line' id='line_1_49' title="bbox 2337 2246 3892 2318; baseline 0.005 -17"><span class='ocrx_word' id='word_1_404' title='bbox 2337 2246 2428 2302; x_wconf 89' lang='lat' dir='ltr'><strong>Sic</strong></span> <span class='ocrx_word' id='word_1_405' title='bbox 2445 2287 2460 2312; x_wconf 95' lang='lat'><strong>,</strong></span> <span class='ocrx_word' id='word_1_406' title='bbox 2489 2247 2566 2302; x_wconf 88' lang='lat' dir='ltr'><strong>sic</strong></span> <span class='ocrx_word' id='word_1_407' title='bbox 2591 2249 2745 2313; x_wconf 85' lang='lat' dir='ltr'><strong>nobis</strong></span> <span class='ocrx_word' id='word_1_408' title='bbox 2771 2250 3154 2318; x_wconf 64' lang='lat' dir='ltr'><strong>paenitentibus</strong></span> <span class='ocrx_word' id='word_1_409' title='bbox 3177 2258 3233 2305; x_wconf 89' lang='lat' dir='ltr'><strong>et</strong></span> <span class='ocrx_word' id='word_1_410' title='bbox 3254 2248 3474 2308; x_wconf 77' lang='lat' dir='ltr'><strong>‘aﬂlietis</strong></span> <span class='ocrx_word' id='word_1_411' title='bbox 3511 2267 3541 2308; x_wconf 87' lang='lat' dir='ltr'><strong>a</strong></span> <span class='ocrx_word' id='word_1_412' title='bbox 3581 2253 3694 2309; x_wconf 89' lang='lat' dir='ltr'><strong>Deo</strong></span> <span class='ocrx_word' id='word_1_413' title='bbox 3718 2255 3892 2309; x_wconf 83' lang='lat' dir='ltr'><strong>dimit-</strong></span> 
     </span>
    </p>
   </div>
   <div class='ocr_carea' id='block_1_50' title="bbox 2337 2336 3892 2410">
    <p class='ocr_par' dir='ltr' id='par_1_50' title="bbox 2337 2336 3892 2410">
     <span class='ocr_line' id='line_1_50' title="bbox 2337 2336 3892 2410; baseline 0.007 -21"><span class='ocrx_word' id='word_1_414' title='bbox 2337 2336 2469 2390; x_wconf 89' lang='lat' dir='ltr'><strong>titur</strong></span> <span class='ocrx_word' id='word_1_415' title='bbox 2491 2338 2632 2406; x_wconf 90' lang='lat' dir='ltr'><strong>quod</strong></span> <span class='ocrx_word' id='word_1_416' title='bbox 2658 2336 2854 2404; x_wconf 82' lang='lat' dir='ltr'><strong>injuste</strong></span> <span class='ocrx_word' id='word_1_417' title='bbox 2876 2339 3083 2408; x_wconf 87' lang='lat' dir='ltr'><strong>egimus</strong></span> <span class='ocrx_word' id='word_1_418' title='bbox 3102 2375 3117 2405; x_wconf 85' lang='lat'><strong>,</strong></span> <span class='ocrx_word' id='word_1_419' title='bbox 3147 2341 3193 2394; x_wconf 89' lang='lat' dir='ltr'><strong>si</strong></span> <span class='ocrx_word' id='word_1_420' title='bbox 3218 2356 3318 2410; x_wconf 90' lang='lat' dir='ltr'><strong>pro</strong></span> <span class='ocrx_word' id='word_1_421' title='bbox 3339 2357 3523 2398; x_wconf 86' lang='lat' dir='ltr'><strong>amore</strong></span> <span class='ocrx_word' id='word_1_422' title='bbox 3550 2342 3691 2399; x_wconf 88' lang='lat' dir='ltr'><strong>illius</strong></span> <span class='ocrx_word' id='word_1_423' title='bbox 3713 2354 3770 2399; x_wconf 90' lang='lat' dir='ltr'><strong>et</strong></span> <span class='ocrx_word' id='word_1_424' title='bbox 3792 2345 3892 2400; x_wconf 86' lang='lat' dir='ltr'><strong>hoc</strong></span> 
     </span>
    </p>
   </div>
   <div class='ocr_carea' id='block_1_51' title="bbox 2337 2426 3537 2498">
    <p class='ocr_par' dir='ltr' id='par_1_51' title="bbox 2337 2426 3537 2498">
     <span class='ocr_line' id='line_1_51' title="bbox 2337 2426 3537 2498; baseline 0.006 -20"><span class='ocrx_word' id='word_1_425' title='bbox 2337 2426 2479 2494; x_wconf 87' lang='lat' dir='ltr'><strong>quod</strong></span> <span class='ocrx_word' id='word_1_426' title='bbox 2503 2427 2656 2480; x_wconf 90' lang='lat' dir='ltr'><strong>nobis</strong></span> <span class='ocrx_word' id='word_1_427' title='bbox 2675 2426 2818 2497; x_wconf 87' lang='lat' dir='ltr'><strong>juste</strong></span> <span class='ocrx_word' id='word_1_428' title='bbox 2843 2430 3128 2498; x_wconf 86' lang='lat' dir='ltr'><strong>competit,</strong></span> <span class='ocrx_word' id='word_1_429' title='bbox 3161 2431 3486 2487; x_wconf 83' lang='lat' dir='ltr'><strong>relaxamus.</strong></span> <span class='ocrx_word' id='word_1_430' title='bbox 3519 2452 3537 2485; x_wconf 72' lang='grc' dir='ltr'><strong><em>ι</em></strong></span> 
     </span>
    </p>
   </div>
   <div class='ocr_carea' id='block_1_52' title="bbox 2915 2519 3310 2575">
    <p class='ocr_par' dir='ltr' id='par_1_52' title="bbox 2915 2519 3310 2575">
     <span class='ocr_line' id='line_1_52' title="bbox 2915 2519 3310 2575; baseline 0.008 -3"><span class='ocrx_word' id='word_1_431' title='bbox 2915 2519 3141 2574; x_wconf 81' lang='lat' dir='ltr'><strong>CAPUT</strong></span> <span class='ocrx_word' id='word_1_432' title='bbox 3177 2520 3310 2575; x_wconf 76' lang='lat' dir='ltr'><strong>XIII.</strong></span> 
     </span>
    </p>
   </div>
   <div class='ocr_carea' id='block_1_53' title="bbox 2536 2621 3890 2675">
    <p class='ocr_par' dir='ltr' id='par_1_53' title="bbox 2536 2621 3890 2675">
     <span class='ocr_line' id='line_1_53' title="bbox 2536 2621 3890 2675; baseline 0.006 -15"><span class='ocrx_word' id='word_1_433' title='bbox 2536 2622 2604 2661; x_wconf 81' lang='grc' dir='ltr'><strong>ΔΙ)</strong></span> <span class='ocrx_word' id='word_1_434' title='bbox 2658 2621 3040 2661; x_wconf 66' lang='grc' dir='ltr'><strong>ΗΕΝΠῈΝΤΙΔΙ</strong></span> <span class='ocrx_word' id='word_1_435' title='bbox 3100 2623 3310 2662; x_wconf 72' lang='grc' dir='ltr'><strong>ΒΑΝΒΑΙΙ</strong></span> <span class='ocrx_word' id='word_1_436' title='bbox 3367 2625 3487 2665; x_wconf 71' lang='lat' dir='ltr'><strong>FEB.</strong></span> <span class='ocrx_word' id='word_1_437' title='bbox 3539 2627 3594 2666; x_wconf 78' lang='lat' dir='ltr'><strong>IV</strong></span> <span class='ocrx_word' id='word_1_438' title='bbox 3626 2626 3760 2675; x_wconf 78' lang='lat' dir='ltr'><strong>QUOD</strong></span> <span class='ocrx_word' id='word_1_439' title='bbox 3798 2629 3890 2668; x_wconf 80' lang='lat' dir='ltr'><strong>EST</strong></span> 
     </span>
    </p>
   </div>
   <div class='ocr_carea' id='block_1_54' title="bbox 2898 2691 3332 2733">
    <p class='ocr_par' dir='ltr' id='par_1_54' title="bbox 2898 2691 3332 2733">
     <span class='ocr_line' id='line_1_54' title="bbox 2898 2691 3332 2733; baseline 0.002 -2"><span class='ocrx_word' id='word_1_440' title='bbox 2898 2691 3067 2732; x_wconf 74' lang='lat' dir='ltr'><strong>CAPUT</strong></span> <span class='ocrx_word' id='word_1_441' title='bbox 3121 2694 3332 2733; x_wconf 69' lang='lat' dir='ltr'><strong>JEJUNII.</strong></span> 
     </span>
    </p>
   </div>
   <div class='ocr_carea' id='block_1_55' title="bbox 2410 2767 3895 2854">
    <p class='ocr_par' dir='ltr' id='par_1_55' title="bbox 2410 2767 3895 2854">
     <span class='ocr_line' id='line_1_55' title="bbox 2410 2767 3895 2854; baseline 0.005 -33"><span class='ocrx_word' id='word_1_442' title='bbox 2410 2767 2678 2838; x_wconf 84' lang='lat' dir='ltr'><strong>Imprimis</strong></span> <span class='ocrx_word' id='word_1_443' title='bbox 2706 2783 3039 2838; x_wconf 73' lang='lat' dir='ltr'><strong>prmmonere</strong></span> <span class='ocrx_word' id='word_1_444' title='bbox 3077 2769 3239 2824; x_wconf 89' lang='lat' dir='ltr'><strong>debet</strong></span> <span class='ocrx_word' id='word_1_445' title='bbox 3263 2772 3514 2854; x_wconf 80' lang='lat' dir='ltr'><strong>sacerdos</strong></span> <span class='ocrx_word' id='word_1_446' title='bbox 3541 2787 3730 2828; x_wconf 85' lang='lat' dir='ltr'><strong>omnes</strong></span> <span class='ocrx_word' id='word_1_447' title='bbox 3747 2773 3895 2828; x_wconf 83' lang='lat' dir='ltr'><strong>Chri-</strong></span> 
     </span>
    </p>
   </div>
   <div class='ocr_carea' id='block_1_56' title="bbox 2339 2858 3896 2933">
    <p class='ocr_par' dir='ltr' id='par_1_56' title="bbox 2339 2858 3896 2933">
     <span class='ocr_line' id='line_1_56' title="bbox 2339 2858 3896 2933; baseline 0.003 -19"><span class='ocrx_word' id='word_1_448' title='bbox 2339 2858 2546 2914; x_wconf 86' lang='lat' dir='ltr'><strong>stianos</strong></span> <span class='ocrx_word' id='word_1_449' title='bbox 2562 2873 2626 2913; x_wconf 88' lang='lat' dir='ltr'><strong>ex</strong></span> <span class='ocrx_word' id='word_1_450' title='bbox 2650 2859 2823 2913; x_wconf 88' lang='lat' dir='ltr'><strong>sacris</strong></span> <span class='ocrx_word' id='word_1_451' title='bbox 2845 2858 3242 2928; x_wconf 87' lang='lat' dir='ltr'><strong>Scripturarum</strong></span> <span class='ocrx_word' id='word_1_452' title='bbox 3274 2861 3612 2927; x_wconf 88' lang='lat' dir='ltr'><strong>testimoniis,</strong></span> <span class='ocrx_word' id='word_1_453' title='bbox 3641 2874 3896 2933; x_wconf 76' lang='lat' dir='ltr'><strong>quatenus</strong></span> 
     </span>
    </p>
   </div>
   <div class='ocr_carea' id='block_1_57' title="bbox 2343 2947 3895 3018">
    <p class='ocr_par' dir='ltr' id='par_1_57' title="bbox 2343 2947 3895 3018">
     <span class='ocr_line' id='line_1_57' title="bbox 2343 2947 3895 3018; baseline 0.004 -15"><span class='ocrx_word' id='word_1_454' title='bbox 2343 2949 2400 3003; x_wconf 89' lang='lat' dir='ltr'><strong>in</strong></span> <span class='ocrx_word' id='word_1_455' title='bbox 2427 2949 2600 3018; x_wconf 81' lang='lat' dir='ltr'><strong>capite</strong></span> <span class='ocrx_word' id='word_1_456' title='bbox 2617 2947 2829 3015; x_wconf 83' lang='lat' dir='ltr'><strong>jejunii,</strong></span> <span class='ocrx_word' id='word_1_457' title='bbox 2860 2949 2963 3002; x_wconf 91' lang='lat' dir='ltr'><strong>hoc</strong></span> <span class='ocrx_word' id='word_1_458' title='bbox 2987 2957 3088 3015; x_wconf 88' lang='lat' dir='ltr'><strong>est,</strong></span> <span class='ocrx_word' id='word_1_459' title='bbox 3114 2950 3274 3005; x_wconf 85' lang='lat' dir='ltr'><strong>hodie</strong></span> <span class='ocrx_word' id='word_1_460' title='bbox 3289 2951 3359 3005; x_wconf 88' lang='lat' dir='ltr'><strong>ad</strong></span> <span class='ocrx_word' id='word_1_461' title='bbox 3383 2965 3564 3006; x_wconf 87' lang='lat' dir='ltr'><strong>veram</strong></span> <span class='ocrx_word' id='word_1_462' title='bbox 3606 2953 3895 3009; x_wconf 80' lang='lat' dir='ltr'><strong>confessio-</strong></span> 
     </span>
    </p>
   </div>
   <div class='ocr_carea' id='block_1_58' title="bbox 2339 2622 2478 2663">
    <p class='ocr_par' dir='ltr' id='par_1_58' title="bbox 2339 2622 2478 2663">
     <span class='ocr_line' id='line_1_58' title="bbox 2339 2622 2478 2663; baseline 0.007 -2"><span class='ocrx_word' id='word_1_463' title='bbox 2339 2622 2478 2663; x_wconf 77' lang='grc' dir='ltr'><strong>οιωο</strong></span> 
     </span>
    </p>
   </div>
   <div class='ocr_carea' id='block_1_59' title="bbox 683 3021 3895 3112">
    <p class='ocr_par' dir='ltr' id='par_1_59' title="bbox 683 3021 3895 3112">
     <span class='ocr_line' id='line_1_59' title="bbox 683 3021 3895 3112; baseline -0.006 -11"><span class='ocrx_word' id='word_1_464' title='bbox 683 3061 786 3102; x_wconf 89' lang='lat' dir='ltr'><strong>nos</strong></span> <span class='ocrx_word' id='word_1_465' title='bbox 818 3054 995 3099; x_wconf 88' lang='lat' dir='ltr'><strong>autem</strong></span> <span class='ocrx_word' id='word_1_466' title='bbox 1028 3057 1124 3112; x_wconf 89' lang='lat' dir='ltr'><strong>per</strong></span> <span class='ocrx_word' id='word_1_467' title='bbox 1160 3021 1375 3110; x_wconf 78' lang='lat' dir='ltr'><strong>triginta</strong></span> <span class='ocrx_word' id='word_1_468' title='bbox 1402 3046 1458 3092; x_wconf 90' lang='lat' dir='ltr'><strong>et</strong></span> <span class='ocrx_word' id='word_1_469' title='bbox 1483 3052 1577 3090; x_wconf 90' lang='lat' dir='ltr'><strong>sex</strong></span> <span class='ocrx_word' id='word_1_470' title='bbox 1610 3034 1726 3089; x_wconf 90' lang='lat' dir='ltr'><strong>dies</strong></span> <span class='ocrx_word' id='word_1_471' title='bbox 1758 3032 2062 3103; x_wconf 73' lang='lat' dir='ltr'><strong>afﬂigimur,</strong></span> <span class='ocrx_word' id='word_1_472' title='bbox 2089 3029 2246 3099; x_wconf 87' lang='lat' dir='ltr'><strong>quasi</strong></span> <span class='ocrx_word' id='word_1_473' title='bbox 2273 3021 2318 3083; x_wconf 88' lang='lat' dir='ltr'><strong><em>C</em></strong></span> <span class='ocrx_word' id='word_1_474' title='bbox 2347 3054 2470 3094; x_wconf 79' lang='lat' dir='ltr'><strong>nem</strong></span> <span class='ocrx_word' id='word_1_475' title='bbox 2497 3053 2786 3108; x_wconf 73' lang='lat' dir='ltr'><strong>veramque</strong></span> <span class='ocrx_word' id='word_1_476' title='bbox 2839 3041 3210 3110; x_wconf 60' lang='grc' dir='ltr'><strong>ρωηὶιροιίιω</strong></span> <span class='ocrx_word' id='word_1_477' title='bbox 3256 3041 3600 3099; x_wconf 51' lang='lat' dir='ltr'><strong>festinantius</strong></span> <span class='ocrx_word' id='word_1_478' title='bbox 3627 3047 3895 3101; x_wconf 50' lang='lat' dir='ltr'><strong>accedam.</strong></span> 
     </span>
    </p>
   </div>
   <div class='ocr_carea' id='block_1_60' title="bbox 685 3121 3901 3201">
    <p class='ocr_par' dir='ltr' id='par_1_60' title="bbox 685 3121 3901 3201">
     <span class='ocr_line' id='line_1_60' title="bbox 685 3121 3901 3201; baseline -0.007 -9"><span class='ocrx_word' id='word_1_479' title='bbox 685 3137 813 3193; x_wconf 69' lang='lat' dir='ltr'><strong>amni</strong></span> <span class='ocrx_word' id='word_1_480' title='bbox 843 3134 1012 3189; x_wconf 86' lang='lat' dir='ltr'><strong>nostri</strong></span> <span class='ocrx_word' id='word_1_481' title='bbox 1037 3131 1275 3187; x_wconf 87' lang='lat' dir='ltr'><strong>decimas</strong></span> <span class='ocrx_word' id='word_1_482' title='bbox 1304 3127 1460 3201; x_wconf 79' lang='lat' dir='ltr'><strong>[Deo]</strong></span> <span class='ocrx_word' id='word_1_483' title='bbox 1487 3126 1676 3180; x_wconf 83' lang='lat' dir='ltr'><strong>damus</strong></span> <span class='ocrx_word' id='word_1_484' title='bbox 1700 3141 1715 3178; x_wconf 87' lang='lat'><strong>:</strong></span> <span class='ocrx_word' id='word_1_485' title='bbox 1747 3131 1807 3177; x_wconf 93' lang='lat' dir='ltr'><strong>ut</strong></span> <span class='ocrx_word' id='word_1_486' title='bbox 1831 3123 1924 3190; x_wconf 90' lang='lat' dir='ltr'><strong>qui</strong></span> <span class='ocrx_word' id='word_1_487' title='bbox 1955 3121 2247 3175; x_wconf 78' lang='lat' dir='ltr'><strong>nobismet-</strong></span> <span class='ocrx_word' id='word_1_488' title='bbox 2347 3127 2424 3182; x_wconf 78' lang='lat' dir='ltr'><strong>De</strong></span> <span class='ocrx_word' id='word_1_489' title='bbox 2449 3127 2552 3181; x_wconf 72' lang='lat' dir='ltr'><strong>hac</strong></span> <span class='ocrx_word' id='word_1_490' title='bbox 2578 3126 2934 3196; x_wconf 68' lang='lat' dir='ltr'><strong>Hieronymus</strong></span> <span class='ocrx_word' id='word_1_491' title='bbox 2961 3129 3174 3198; x_wconf 60' lang='lat' dir='ltr'><strong>inqua;</strong></span> <span class='ocrx_word' id='word_1_492' title='bbox 3205 3147 3226 3179; x_wconf 68' lang='grc' dir='ltr'>ς</span> <span class='ocrx_word' id='word_1_493' title='bbox 3260 3129 3476 3185; x_wconf 59' lang='lat' dir='ltr'><strong>minam</strong></span> <span class='ocrx_word' id='word_1_494' title='bbox 3503 3139 3613 3186; x_wconf 63' lang='grc' dir='ltr'><strong>ιιω</strong></span> <span class='ocrx_word' id='word_1_495' title='bbox 3643 3134 3750 3188; x_wconf 56' lang='grc' dir='ltr'><strong>πίω</strong></span> <span class='ocrx_word' id='word_1_496' title='bbox 3778 3149 3901 3188; x_wconf 69' lang='lat' dir='ltr'><strong>con.</strong></span> 
     </span>
    </p>
   </div>
   <div class='ocr_carea' id='block_1_61' title="bbox 684 3211 3902 3297">
    <p class='ocr_par' dir='ltr' id='par_1_61' title="bbox 684 3211 3902 3297">
     <span class='ocr_line' id='line_1_61' title="bbox 684 3211 3902 3297; baseline -0.002 -16"><span class='ocrx_word' id='word_1_497' title='bbox 684 3227 818 3297; x_wconf 83' lang='lat' dir='ltr'><strong>ipsis</strong></span> <span class='ocrx_word' id='word_1_498' title='bbox 847 3239 944 3294; x_wconf 89' lang='lat' dir='ltr'><strong>per</strong></span> <span class='ocrx_word' id='word_1_499' title='bbox 979 3228 1257 3291; x_wconf 87' lang='lat' dir='ltr'><strong>acceptum</strong></span> <span class='ocrx_word' id='word_1_500' title='bbox 1296 3231 1497 3271; x_wconf 88' lang='lat' dir='ltr'><strong>annum</strong></span> <span class='ocrx_word' id='word_1_501' title='bbox 1533 3215 1796 3277; x_wconf 84' lang='lat' dir='ltr'><strong>viximus,</strong></span> <span class='ocrx_word' id='word_1_502' title='bbox 1827 3211 2033 3266; x_wconf 87' lang='lat' dir='ltr'><strong>auctori</strong></span> <span class='ocrx_word' id='word_1_503' title='bbox 2059 3219 2247 3265; x_wconf 77' lang='lat' dir='ltr'><strong>nostno</strong></span> <span class='ocrx_word' id='word_1_504' title='bbox 2347 3223 2627 3271; x_wconf 86' lang='lat' dir='ltr'><strong>vertantur</strong></span> <span class='ocrx_word' id='word_1_505' title='bbox 2675 3224 2985 3285; x_wconf 87' lang='lat' dir='ltr'><strong>peccatores</strong></span> <span class='ocrx_word' id='word_1_506' title='bbox 3016 3218 3099 3288; x_wconf 39' lang='lat' dir='ltr'><strong>.ad</strong></span> <span class='ocrx_word' id='word_1_507' title='bbox 3144 3218 3541 3288; x_wconf 68' lang='lat' dir='ltr'><strong>paenitentiam,</strong></span> <span class='ocrx_word' id='word_1_508' title='bbox 3591 3235 3752 3290; x_wconf 89' lang='lat' dir='ltr'><strong>quam</strong></span> <span class='ocrx_word' id='word_1_509' title='bbox 3799 3222 3902 3275; x_wconf 89' lang='lat' dir='ltr'><strong>cito</strong></span> 
     </span>
    </p>
   </div>
   <div class='ocr_carea' id='block_1_62' title="bbox 688 3299 2249 3378">
    <p class='ocr_par' dir='ltr' id='par_1_62' title="bbox 688 3299 2249 3378">
     <span class='ocr_line' id='line_1_62' title="bbox 688 3299 2249 3378; baseline -0.009 -8"><span class='ocrx_word' id='word_1_510' title='bbox 688 3328 791 3370; x_wconf 87' lang='lat' dir='ltr'><strong>nos</strong></span> <span class='ocrx_word' id='word_1_511' title='bbox 821 3314 875 3366; x_wconf 90' lang='lat' dir='ltr'><strong>in</strong></span> <span class='ocrx_word' id='word_1_512' title='bbox 908 3310 1023 3378; x_wconf 89' lang='lat' dir='ltr'><strong>ejus</strong></span> <span class='ocrx_word' id='word_1_513' title='bbox 1058 3307 1279 3363; x_wconf 88' lang='lat' dir='ltr'><strong>decimis</strong></span> <span class='ocrx_word' id='word_1_514' title='bbox 1309 3318 1407 3373; x_wconf 89' lang='lat' dir='ltr'><strong>per</strong></span> <span class='ocrx_word' id='word_1_515' title='bbox 1436 3302 1817 3358; x_wconf 81' lang='lat' dir='ltr'><strong>abstinentiam</strong></span> <span class='ocrx_word' id='word_1_516' title='bbox 1845 3299 2249 3356; x_wconf 82' lang='lat' dir='ltr'><strong>mortificemus.</strong></span> 
     </span>
    </p>
   </div>
   <div class='ocr_carea' id='block_1_63' title="bbox 689 3388 2252 3467">
    <p class='ocr_par' dir='ltr' id='par_1_63' title="bbox 689 3388 2252 3467">
     <span class='ocr_line' id='line_1_63' title="bbox 689 3388 2252 3467; baseline -0.013 -8"><span class='ocrx_word' id='word_1_517' title='bbox 689 3403 924 3467; x_wconf 82' lang='lat' dir='ltr'><strong>Verum,</strong></span> <span class='ocrx_word' id='word_1_518' title='bbox 962 3398 1158 3453; x_wconf 76' lang='lat' dir='ltr'><strong>fratres</strong></span> <span class='ocrx_word' id='word_1_519' title='bbox 1191 3392 1520 3456; x_wconf 84' lang='lat' dir='ltr'><strong>charissimi,</strong></span> <span class='ocrx_word' id='word_1_520' title='bbox 1559 3391 1699 3445; x_wconf 89' lang='lat' dir='ltr'><strong>sicut</strong></span> <span class='ocrx_word' id='word_1_521' title='bbox 1725 3388 1918 3444; x_wconf 64' lang='lat' dir='ltr'><strong>offerre</strong></span> <span class='ocrx_word' id='word_1_522' title='bbox 1944 3391 1998 3442; x_wconf 90' lang='lat' dir='ltr'><strong>in</strong></span> <span class='ocrx_word' id='word_1_523' title='bbox 2026 3389 2142 3458; x_wconf 85' lang='lat' dir='ltr'><strong>lege</strong></span> <span class='ocrx_word' id='word_1_524' title='bbox 2163 3390 2252 3458; x_wconf 87' lang='lat' dir='ltr'><strong>ju-</strong></span> 
     </span>
    </p>
   </div>
   <div class='ocr_carea' id='block_1_64' title="bbox 687 3477 2254 3548">
    <p class='ocr_par' dir='ltr' id='par_1_64' title="bbox 687 3477 2254 3548">
     <span class='ocr_line' id='line_1_64' title="bbox 687 3477 2254 3548; baseline -0.011 0"><span class='ocrx_word' id='word_1_525' title='bbox 687 3491 890 3548; x_wconf 90' lang='lat' dir='ltr'><strong>bemini</strong></span> <span class='ocrx_word' id='word_1_526' title='bbox 927 3489 1163 3544; x_wconf 85' lang='lat' dir='ltr'><strong>decimas</strong></span> <span class='ocrx_word' id='word_1_527' title='bbox 1196 3499 1373 3540; x_wconf 85' lang='lat' dir='ltr'><strong>rerum</strong></span> <span class='ocrx_word' id='word_1_528' title='bbox 1396 3524 1410 3548; x_wconf 94' lang='lat'><strong>,</strong></span> <span class='ocrx_word' id='word_1_529' title='bbox 1448 3482 1520 3536; x_wconf 91' lang='lat' dir='ltr'><strong>ita</strong></span> <span class='ocrx_word' id='word_1_530' title='bbox 1551 3481 1658 3536; x_wconf 90' lang='lat' dir='ltr'><strong>Deo</strong></span> <span class='ocrx_word' id='word_1_531' title='bbox 1705 3477 1898 3535; x_wconf 74' lang='lat' dir='ltr'><strong>offerre</strong></span> <span class='ocrx_word' id='word_1_532' title='bbox 1944 3478 2254 3532; x_wconf 88' lang='lat' dir='ltr'><strong>contendite</strong></span> 
     </span>
    </p>
   </div>
   <div class='ocr_carea' id='block_1_65' title="bbox 691 3566 2254 3640">
    <p class='ocr_par' dir='ltr' id='par_1_65' title="bbox 691 3566 2254 3640">
     <span class='ocr_line' id='line_1_65' title="bbox 691 3566 2254 3640; baseline -0.012 -3"><span class='ocrx_word' id='word_1_533' title='bbox 691 3589 748 3637; x_wconf 89' lang='lat' dir='ltr'><strong>ct</strong></span> <span class='ocrx_word' id='word_1_534' title='bbox 792 3579 1026 3634; x_wconf 89' lang='lat' dir='ltr'><strong>decimas</strong></span> <span class='ocrx_word' id='word_1_535' title='bbox 1071 3576 1297 3630; x_wconf 88' lang='lat' dir='ltr'><strong>dierum.</strong></span> <span class='ocrx_word' id='word_1_536' title='bbox 1350 3571 1758 3640; x_wconf 86' lang='lat' dir='ltr'><strong>Unusquisque,</strong></span> <span class='ocrx_word' id='word_1_537' title='bbox 1793 3575 2050 3638; x_wconf 90' lang='lat' dir='ltr'><strong>quantum</strong></span> <span class='ocrx_word' id='word_1_538' title='bbox 2084 3566 2254 3619; x_wconf 89' lang='lat' dir='ltr'><strong>virtus</strong></span> 
     </span>
    </p>
   </div>
   <div class='ocr_carea' id='block_1_66' title="bbox 691 3654 2246 3742">
    <p class='ocr_par' dir='ltr' id='par_1_66' title="bbox 691 3654 2246 3742">
     <span class='ocr_line' id='line_1_66' title="bbox 691 3654 2246 3742; baseline -0.012 -16"><span class='ocrx_word' id='word_1_539' title='bbox 691 3670 966 3742; x_wconf 85' lang='lat' dir='ltr'><strong>suppetit,</strong></span> <span class='ocrx_word' id='word_1_540' title='bbox 1003 3680 1221 3722; x_wconf 89' lang='lat' dir='ltr'><strong>carnem</strong></span> <span class='ocrx_word' id='word_1_541' title='bbox 1257 3669 1531 3726; x_wconf 87' lang='lat' dir='ltr'><strong>maceret,</strong></span> <span class='ocrx_word' id='word_1_542' title='bbox 1567 3661 1787 3730; x_wconf 82' lang='lat' dir='ltr'><strong>ejusque</strong></span> <span class='ocrx_word' id='word_1_543' title='bbox 1823 3658 2088 3712; x_wconf 87' lang='lat' dir='ltr'><strong>desideria</strong></span> <span class='ocrx_word' id='word_1_544' title='bbox 2121 3654 2246 3708; x_wconf 80' lang='lat' dir='ltr'><strong>allii-</strong></span> 
     </span>
    </p>
   </div>
   <div class='ocr_carea' id='block_1_67' title="bbox 697 3743 2255 3832">
    <p class='ocr_par' dir='ltr' id='par_1_67' title="bbox 697 3743 2255 3832">
     <span class='ocr_line' id='line_1_67' title="bbox 697 3743 2255 3832; baseline -0.01 -20"><span class='ocrx_word' id='word_1_545' title='bbox 697 3770 807 3832; x_wconf 86' lang='lat' dir='ltr'><strong>gat,</strong></span> <span class='ocrx_word' id='word_1_546' title='bbox 833 3755 1291 3826; x_wconf 87' lang='lat' dir='ltr'><strong>concupiscentias</strong></span> <span class='ocrx_word' id='word_1_547' title='bbox 1316 3761 1499 3820; x_wconf 89' lang='lat' dir='ltr'><strong>turpes</strong></span> <span class='ocrx_word' id='word_1_548' title='bbox 1526 3749 1829 3811; x_wconf 85' lang='lat' dir='ltr'><strong>interficiat,</strong></span> <span class='ocrx_word' id='word_1_549' title='bbox 1856 3755 1909 3801; x_wconf 91' lang='lat' dir='ltr'><strong>et</strong></span> <span class='ocrx_word' id='word_1_550' title='bbox 1927 3745 2078 3813; x_wconf 84' lang='lat' dir='ltr'><strong>juxta</strong></span> <span class='ocrx_word' id='word_1_551' title='bbox 2104 3743 2255 3798; x_wconf 86' lang='lat' dir='ltr'><strong>Pauli</strong></span> 
     </span>
    </p>
   </div>
   <div class='ocr_carea' id='block_1_68' title="bbox 695 3833 2254 3907">
    <p class='ocr_par' dir='ltr' id='par_1_68' title="bbox 695 3833 2254 3907">
     <span class='ocr_line' id='line_1_68' title="bbox 695 3833 2254 3907; baseline -0.006 -11"><span class='ocrx_word' id='word_1_552' title='bbox 695 3860 883 3901; x_wconf 79' lang='lat' dir='ltr'><strong>vocem</strong></span> <span class='ocrx_word' id='word_1_553' title='bbox 903 3883 916 3907; x_wconf 88' lang='lat'><strong>,</strong></span> <span class='ocrx_word' id='word_1_554' title='bbox 948 3843 1116 3896; x_wconf 76' lang='lat' dir='ltr'><strong>hostia</strong></span> <span class='ocrx_word' id='word_1_555' title='bbox 1144 3843 1253 3896; x_wconf 77' lang='lat' dir='ltr'><strong>viva</strong></span> <span class='ocrx_word' id='word_1_556' title='bbox 1285 3840 1396 3893; x_wconf 85' lang='lat' dir='ltr'><strong>ﬁat.</strong></span> <span class='ocrx_word' id='word_1_557' title='bbox 1428 3838 1609 3892; x_wconf 87' lang='lat' dir='ltr'><strong>Hostia</strong></span> <span class='ocrx_word' id='word_1_558' title='bbox 1633 3837 1826 3906; x_wconf 84' lang='lat' dir='ltr'><strong>quippe</strong></span> <span class='ocrx_word' id='word_1_559' title='bbox 1850 3843 1903 3889; x_wconf 89' lang='lat' dir='ltr'><strong>et</strong></span> <span class='ocrx_word' id='word_1_560' title='bbox 1928 3833 2254 3897; x_wconf 87' lang='lat' dir='ltr'><strong>immolatur,</strong></span> 
     </span>
    </p>
   </div>
   <div class='ocr_carea' id='block_1_69' title="bbox 695 3921 2254 4000">
    <p class='ocr_par' dir='ltr' id='par_1_69' title="bbox 695 3921 2254 4000">
     <span class='ocr_line' id='line_1_69' title="bbox 695 3921 2254 4000; baseline -0.01 -11"><span class='ocrx_word' id='word_1_561' title='bbox 695 3943 752 3988; x_wconf 81' lang='lat' dir='ltr'><strong>et</strong></span> <span class='ocrx_word' id='word_1_562' title='bbox 778 3935 898 3988; x_wconf 91' lang='lat' dir='ltr'><strong>viva</strong></span> <span class='ocrx_word' id='word_1_563' title='bbox 920 3940 1030 3995; x_wconf 89' lang='lat' dir='ltr'><strong>est,</strong></span> <span class='ocrx_word' id='word_1_564' title='bbox 1056 3930 1265 4000; x_wconf 89' lang='lat' dir='ltr'><strong>quando</strong></span> <span class='ocrx_word' id='word_1_565' title='bbox 1289 3937 1344 3982; x_wconf 90' lang='lat' dir='ltr'><strong>et</strong></span> <span class='ocrx_word' id='word_1_566' title='bbox 1371 3928 1440 3981; x_wconf 90' lang='lat' dir='ltr'><strong>ab</strong></span> <span class='ocrx_word' id='word_1_567' title='bbox 1466 3927 1567 3980; x_wconf 89' lang='lat' dir='ltr'><strong>hac</strong></span> <span class='ocrx_word' id='word_1_568' title='bbox 1592 3925 1699 3979; x_wconf 91' lang='lat' dir='ltr'><strong>vita</strong></span> <span class='ocrx_word' id='word_1_569' title='bbox 1726 3925 1886 3977; x_wconf 87' lang='lat' dir='ltr'><strong>homo</strong></span> <span class='ocrx_word' id='word_1_570' title='bbox 1915 3936 2018 3976; x_wconf 89' lang='lat' dir='ltr'><strong>non</strong></span> <span class='ocrx_word' id='word_1_571' title='bbox 2045 3921 2254 3984; x_wconf 80' lang='lat' dir='ltr'><strong>deficit,</strong></span> 
     </span>
    </p>
   </div>
   <div class='ocr_carea' id='block_1_70' title="bbox 699 4005 2258 4079">
    <p class='ocr_par' dir='ltr' id='par_1_70' title="bbox 699 4005 2258 4079">
     <span class='ocr_line' id='line_1_70' title="bbox 699 4005 2258 4079; baseline -0.008 0"><span class='ocrx_word' id='word_1_572' title='bbox 699 4032 756 4079; x_wconf 90' lang='lat' dir='ltr'><strong>et</strong></span> <span class='ocrx_word' id='word_1_573' title='bbox 780 4033 956 4078; x_wconf 89' lang='lat' dir='ltr'><strong>tamen</strong></span> <span class='ocrx_word' id='word_1_574' title='bbox 983 4036 1041 4076; x_wconf 87' lang='lat' dir='ltr'><strong>se</strong></span> <span class='ocrx_word' id='word_1_575' title='bbox 1070 4037 1097 4074; x_wconf 88' lang='lat' dir='ltr'><strong>a</strong></span> <span class='ocrx_word' id='word_1_576' title='bbox 1126 4005 1430 4075; x_wconf 74' lang='lat' dir='ltr'><strong>cai&#39;nalibus</strong></span> <span class='ocrx_word' id='word_1_577' title='bbox 1453 4015 1728 4071; x_wconf 84' lang='lat' dir='ltr'><strong>desideriis</strong></span> <span class='ocrx_word' id='word_1_578' title='bbox 1753 4012 1967 4067; x_wconf 86' lang='lat' dir='ltr'><strong>occidit.</strong></span> <span class='ocrx_word' id='word_1_579' title='bbox 1997 4012 2136 4066; x_wconf 88' lang='lat' dir='ltr'><strong>Caro</strong></span> <span class='ocrx_word' id='word_1_580' title='bbox 2161 4027 2258 4066; x_wconf 87' lang='lat' dir='ltr'><strong>nos</strong></span> 
     </span>
    </p>
   </div>
   <div class='ocr_carea' id='block_1_71' title="bbox 700 4101 2256 4177">
    <p class='ocr_par' dir='ltr' id='par_1_71' title="bbox 700 4101 2256 4177">
     <span class='ocr_line' id='line_1_71' title="bbox 700 4101 2256 4177; baseline -0.01 -10"><span class='ocrx_word' id='word_1_581' title='bbox 700 4115 823 4169; x_wconf 57' lang='lat' dir='ltr'><strong>laeta</strong></span> <span class='ocrx_word' id='word_1_582' title='bbox 860 4112 1023 4166; x_wconf 84' lang='lat' dir='ltr'><strong>traxit</strong></span> <span class='ocrx_word' id='word_1_583' title='bbox 1057 4109 1124 4163; x_wconf 88' lang='lat' dir='ltr'><strong>ad</strong></span> <span class='ocrx_word' id='word_1_584' title='bbox 1159 4109 1366 4177; x_wconf 84' lang='lat' dir='ltr'><strong>culpam</strong></span> <span class='ocrx_word' id='word_1_585' title='bbox 1395 4147 1410 4171; x_wconf 95' lang='lat'><strong>,</strong></span> <span class='ocrx_word' id='word_1_586' title='bbox 1446 4103 1640 4160; x_wconf 77' lang='lat' dir='ltr'><strong>amicta</strong></span> <span class='ocrx_word' id='word_1_587' title='bbox 1674 4103 1894 4158; x_wconf 88' lang='lat' dir='ltr'><strong>reducat</strong></span> <span class='ocrx_word' id='word_1_588' title='bbox 1928 4101 1994 4155; x_wconf 88' lang='lat' dir='ltr'><strong>ad</strong></span> <span class='ocrx_word' id='word_1_589' title='bbox 2027 4101 2256 4154; x_wconf 88' lang='lat' dir='ltr'><strong>veniam.</strong></span> 
     </span>
    </p>
   </div>
   <div class='ocr_carea' id='block_1_72' title="bbox 699 4191 2259 4265">
    <p class='ocr_par' dir='ltr' id='par_1_72' title="bbox 699 4191 2259 4265">
     <span class='ocr_line' id='line_1_72' title="bbox 699 4191 2259 4265; baseline -0.01 -6"><span class='ocrx_word' id='word_1_590' title='bbox 699 4205 903 4261; x_wconf 80' lang='lat' dir='ltr'><strong>Auctor</strong></span> <span class='ocrx_word' id='word_1_591' title='bbox 927 4202 1122 4256; x_wconf 89' lang='lat' dir='ltr'><strong>etenim</strong></span> <span class='ocrx_word' id='word_1_592' title='bbox 1149 4200 1339 4254; x_wconf 89' lang='lat' dir='ltr'><strong>mortis</strong></span> <span class='ocrx_word' id='word_1_593' title='bbox 1363 4205 1559 4252; x_wconf 65' lang='lat' dir='ltr'><strong>nostrae</strong></span> <span class='ocrx_word' id='word_1_594' title='bbox 1585 4209 1682 4265; x_wconf 86' lang='lat' dir='ltr'><strong>per</strong></span> <span class='ocrx_word' id='word_1_595' title='bbox 1705 4193 1936 4248; x_wconf 88' lang='lat' dir='ltr'><strong>fructum</strong></span> <span class='ocrx_word' id='word_1_596' title='bbox 1960 4192 2088 4261; x_wconf 85' lang='lat' dir='ltr'><strong>ligni</strong></span> <span class='ocrx_word' id='word_1_597' title='bbox 2112 4191 2259 4246; x_wconf 85' lang='lat' dir='ltr'><strong>vetiti</strong></span> 
     </span>
    </p>
   </div>
   <div class='ocr_carea' id='block_1_73' title="bbox 703 4279 2266 4362">
    <p class='ocr_par' dir='ltr' id='par_1_73' title="bbox 703 4279 2266 4362">
     <span class='ocr_line' id='line_1_73' title="bbox 703 4279 2266 4362; baseline -0.009 -14"><span class='ocrx_word' id='word_1_598' title='bbox 703 4293 828 4348; x_wconf 65' lang='lat' dir='ltr'><strong>vitae</strong></span> <span class='ocrx_word' id='word_1_599' title='bbox 854 4301 1118 4362; x_wconf 59' lang='lat' dir='ltr'><strong>praecepta</strong></span> <span class='ocrx_word' id='word_1_600' title='bbox 1153 4297 1518 4356; x_wconf 84' lang='lat' dir='ltr'><strong>transgressus</strong></span> <span class='ocrx_word' id='word_1_601' title='bbox 1547 4294 1647 4339; x_wconf 86' lang='lat' dir='ltr'><strong>est.</strong></span> <span class='ocrx_word' id='word_1_602' title='bbox 1681 4283 1782 4349; x_wconf 87' lang='lat' dir='ltr'><strong>Qui</strong></span> <span class='ocrx_word' id='word_1_603' title='bbox 1812 4297 1938 4352; x_wconf 91' lang='lat' dir='ltr'><strong>ergo</strong></span> <span class='ocrx_word' id='word_1_604' title='bbox 1967 4297 1998 4334; x_wconf 87' lang='lat' dir='ltr'><strong>a</strong></span> <span class='ocrx_word' id='word_1_605' title='bbox 2028 4279 2266 4350; x_wconf 79' lang='lat' dir='ltr'><strong>paradisi</strong></span> 
     </span>
    </p>
   </div>
   <div class='ocr_carea' id='block_1_74' title="bbox 703 4364 2338 4452">
    <p class='ocr_par' dir='ltr' id='par_1_74' title="bbox 703 4364 2338 4452">
     <span class='ocr_line' id='line_1_74' title="bbox 703 4364 2338 4452; baseline -0.007 -18"><span class='ocrx_word' id='word_1_606' title='bbox 703 4379 914 4452; x_wconf 85' lang='lat' dir='ltr'><strong>gaudiis</strong></span> <span class='ocrx_word' id='word_1_607' title='bbox 934 4392 1029 4446; x_wconf 86' lang='lat' dir='ltr'><strong>per</strong></span> <span class='ocrx_word' id='word_1_608' title='bbox 1063 4377 1237 4430; x_wconf 91' lang='lat' dir='ltr'><strong>cibum</strong></span> <span class='ocrx_word' id='word_1_609' title='bbox 1265 4374 1582 4434; x_wconf 85' lang='lat' dir='ltr'><strong>cecidimus,</strong></span> <span class='ocrx_word' id='word_1_610' title='bbox 1622 4371 1688 4425; x_wconf 89' lang='lat' dir='ltr'><strong>ad</strong></span> <span class='ocrx_word' id='word_1_611' title='bbox 1719 4372 1863 4434; x_wconf 64' lang='lat' dir='ltr'><strong>haec,</strong></span> <span class='ocrx_word' id='word_1_612' title='bbox 1903 4370 1955 4423; x_wconf 91' lang='lat' dir='ltr'><strong>in</strong></span> <span class='ocrx_word' id='word_1_613' title='bbox 1997 4376 2258 4437; x_wconf 88' lang='lat' dir='ltr'><strong>quantum</strong></span> <span class='ocrx_word' id='word_1_614' title='bbox 2290 4364 2338 4423; x_wconf 91' lang='lat' dir='ltr'><strong>D</strong></span> 
     </span>
    </p>
   </div>
   <div class='ocr_carea' id='block_1_75' title="bbox 702 4457 2260 4539">
    <p class='ocr_par' dir='ltr' id='par_1_75' title="bbox 702 4457 2260 4539">
     <span class='ocr_line' id='line_1_75' title="bbox 702 4457 2260 4539; baseline -0.007 -17"><span class='ocrx_word' id='word_1_615' title='bbox 702 4481 1007 4539; x_wconf 88' lang='lat' dir='ltr'><strong>possumus,</strong></span> <span class='ocrx_word' id='word_1_616' title='bbox 1043 4479 1138 4534; x_wconf 91' lang='lat' dir='ltr'><strong>per</strong></span> <span class='ocrx_word' id='word_1_617' title='bbox 1170 4462 1546 4517; x_wconf 88' lang='lat' dir='ltr'><strong>abstinentiam</strong></span> <span class='ocrx_word' id='word_1_618' title='bbox 1577 4474 1935 4530; x_wconf 90' lang='lat' dir='ltr'><strong>resurgamus.</strong></span> <span class='ocrx_word' id='word_1_619' title='bbox 1967 4457 2072 4512; x_wconf 91' lang='lat' dir='ltr'><strong>Sed</strong></span> <span class='ocrx_word' id='word_1_620' title='bbox 2104 4473 2260 4519; x_wconf 83' lang='lat' dir='ltr'><strong>nemo</strong></span> 
     </span>
    </p>
   </div>
   <div class='ocr_carea' id='block_1_76' title="bbox 706 4541 2262 4614">
    <p class='ocr_par' dir='ltr' id='par_1_76' title="bbox 706 4541 2262 4614">
     <span class='ocr_line' id='line_1_76' title="bbox 706 4541 2262 4614; baseline -0.006 -2"><span class='ocrx_word' id='word_1_621' title='bbox 706 4559 805 4614; x_wconf 87' lang='lat' dir='ltr'><strong>sibi</strong></span> <span class='ocrx_word' id='word_1_622' title='bbox 853 4556 1096 4610; x_wconf 88' lang='lat' dir='ltr'><strong>eamdem</strong></span> <span class='ocrx_word' id='word_1_623' title='bbox 1147 4553 1522 4608; x_wconf 88' lang='lat' dir='ltr'><strong>abstinentiam</strong></span> <span class='ocrx_word' id='word_1_624' title='bbox 1574 4541 1761 4606; x_wconf 23' lang='lat' dir='ltr'><strong>solam.</strong></span> <span class='ocrx_word' id='word_1_625' title='bbox 1790 4550 1973 4605; x_wconf 84' lang='lat' dir='ltr'><strong>credat</strong></span> <span class='ocrx_word' id='word_1_626' title='bbox 2022 4549 2262 4604; x_wconf 78' lang='lat' dir='ltr'><strong>sufficere</strong></span> 
     </span>
    </p>
   </div>
   <div class='ocr_carea' id='block_1_77' title="bbox 707 4635 2264 4716">
    <p class='ocr_par' dir='ltr' id='par_1_77' title="bbox 707 4635 2264 4716">
     <span class='ocr_line' id='line_1_77' title="bbox 707 4635 2264 4716; baseline -0.008 -15"><span class='ocrx_word' id='word_1_627' title='bbox 707 4661 896 4716; x_wconf 85' lang='lat' dir='ltr'><strong>posse,</strong></span> <span class='ocrx_word' id='word_1_628' title='bbox 929 4659 1048 4698; x_wconf 88' lang='lat' dir='ltr'><strong>cum</strong></span> <span class='ocrx_word' id='word_1_629' title='bbox 1084 4657 1182 4711; x_wconf 89' lang='lat' dir='ltr'><strong>per</strong></span> <span class='ocrx_word' id='word_1_630' title='bbox 1209 4641 1522 4710; x_wconf 88' lang='lat' dir='ltr'><strong>prophetam</strong></span> <span class='ocrx_word' id='word_1_631' title='bbox 1557 4640 1812 4692; x_wconf 84' lang='lat' dir='ltr'><strong>Dominus</strong></span> <span class='ocrx_word' id='word_1_632' title='bbox 1849 4638 1991 4691; x_wconf 89' lang='lat' dir='ltr'><strong>dicat</strong></span> <span class='ocrx_word' id='word_1_633' title='bbox 2020 4654 2033 4690; x_wconf 90' lang='lat'><strong>:</strong></span> <span class='ocrx_word' id='word_1_634' title='bbox 2075 4635 2264 4690; x_wconf 78' lang='lat' dir='ltr'><strong>Nonne</strong></span> 
     </span>
    </p>
   </div>
   <div class='ocr_carea' id='block_1_78' title="bbox 710 4723 2273 4799">
    <p class='ocr_par' dir='ltr' id='par_1_78' title="bbox 710 4723 2273 4799">
     <span class='ocr_line' id='line_1_78' title="bbox 710 4723 2273 4799; baseline -0.006 -11"><span class='ocrx_word' id='word_1_635' title='bbox 710 4736 804 4787; x_wconf 78' lang='lat' dir='ltr'><strong>hoc</strong></span> <span class='ocrx_word' id='word_1_636' title='bbox 837 4743 913 4787; x_wconf 78' lang='lat' dir='ltr'><strong>est</strong></span> <span class='ocrx_word' id='word_1_637' title='bbox 956 4731 1128 4799; x_wconf 85' lang='lat' dir='ltr'><strong>magis</strong></span> <span class='ocrx_word' id='word_1_638' title='bbox 1161 4729 1422 4799; x_wconf 73' lang='lat' dir='ltr'><strong>jejunium</strong></span> <span class='ocrx_word' id='word_1_639' title='bbox 1456 4726 1610 4796; x_wconf 74' lang='grc' dir='ltr'><strong>φιοάο</strong></span> <span class='ocrx_word' id='word_1_640' title='bbox 1625 4725 1751 4795; x_wconf 85' lang='lat' dir='ltr'><strong>elegi</strong></span> <span class='ocrx_word' id='word_1_641' title='bbox 1787 4724 1937 4794; x_wconf 81' lang='lat' dir='ltr'><strong>(Isa.</strong></span> <span class='ocrx_word' id='word_1_642' title='bbox 1973 4739 2140 4788; x_wconf 80' lang='lat' dir='ltr'><strong>LVIII,</strong></span> <span class='ocrx_word' id='word_1_643' title='bbox 2168 4723 2273 4793; x_wconf 60' lang='grc' dir='ltr'><strong>θη</strong></span> 
     </span>
    </p>
   </div>
   <div class='ocr_carea' id='block_1_79' title="bbox 711 4815 2265 4892">
    <p class='ocr_par' dir='ltr' id='par_1_79' title="bbox 711 4815 2265 4892">
     <span class='ocr_line' id='line_1_79' title="bbox 711 4815 2265 4892; baseline -0.01 -12"><span class='ocrx_word' id='word_1_644' title='bbox 711 4823 1008 4892; x_wconf 82' lang='lat' dir='ltr'><strong>Subjiciens</strong></span> <span class='ocrx_word' id='word_1_645' title='bbox 1033 4841 1044 4874; x_wconf 90' lang='lat'>:</span> <span class='ocrx_word' id='word_1_646' title='bbox 1085 4819 1292 4888; x_wconf 84' lang='lat' dir='ltr'><strong>Frange</strong></span> <span class='ocrx_word' id='word_1_647' title='bbox 1319 4815 1559 4887; x_wconf 76' lang='lat' dir='ltr'><strong>esurienti</strong></span> <span class='ocrx_word' id='word_1_648' title='bbox 1585 4831 1768 4885; x_wconf 69' lang='lat' dir='ltr'><strong>partem</strong></span> <span class='ocrx_word' id='word_1_649' title='bbox 1798 4823 1972 4875; x_wconf 84' lang='lat' dir='ltr'><strong>tuum,</strong></span> <span class='ocrx_word' id='word_1_650' title='bbox 2006 4822 2051 4866; x_wconf 82' lang='lat' dir='ltr'><strong>et</strong></span> <span class='ocrx_word' id='word_1_651' title='bbox 2085 4829 2265 4882; x_wconf 84' lang='lat' dir='ltr'><strong>egenos</strong></span> 
     </span>
    </p>
   </div>
   <div class='ocr_carea' id='block_1_80' title="bbox 712 4903 2266 4989">
    <p class='ocr_par' dir='ltr' id='par_1_80' title="bbox 712 4903 2266 4989">
     <span class='ocr_line' id='line_1_80' title="bbox 712 4903 2266 4989; baseline -0.014 -15"><span class='ocrx_word' id='word_1_652' title='bbox 712 4933 967 4989; x_wconf 77' lang='lat' dir='ltr'><strong>vagosque</strong></span> <span class='ocrx_word' id='word_1_653' title='bbox 992 4916 1145 4968; x_wconf 85' lang='lat' dir='ltr'><strong>induc</strong></span> <span class='ocrx_word' id='word_1_654' title='bbox 1174 4916 1228 4967; x_wconf 84' lang='lat' dir='ltr'><strong>in</strong></span> <span class='ocrx_word' id='word_1_655' title='bbox 1250 4915 1460 4966; x_wconf 73' lang='lat' dir='ltr'><strong>domum</strong></span> <span class='ocrx_word' id='word_1_656' title='bbox 1486 4918 1661 4961; x_wconf 84' lang='lat' dir='ltr'><strong>tuam:</strong></span> <span class='ocrx_word' id='word_1_657' title='bbox 1686 4922 1802 4959; x_wconf 83' lang='lat' dir='ltr'><strong>cum</strong></span> <span class='ocrx_word' id='word_1_658' title='bbox 1827 4903 2013 4957; x_wconf 81' lang='lat' dir='ltr'><strong>videris</strong></span> <span class='ocrx_word' id='word_1_659' title='bbox 2042 4903 2235 4956; x_wconf 84' lang='lat' dir='ltr'><strong>nudum</strong></span> <span class='ocrx_word' id='word_1_660' title='bbox 2252 4943 2266 4968; x_wconf 88' lang='lat'><strong>,</strong></span> 
     </span>
    </p>
   </div>
   <div class='ocr_carea' id='block_1_81' title="bbox 717 4991 2264 5077">
    <p class='ocr_par' dir='ltr' id='par_1_81' title="bbox 717 4991 2264 5077">
     <span class='ocr_line' id='line_1_81' title="bbox 717 4991 2264 5077; baseline -0.012 -16"><span class='ocrx_word' id='word_1_661' title='bbox 717 5007 858 5077; x_wconf 81' lang='lat' dir='ltr'><strong>operi</strong></span> <span class='ocrx_word' id='word_1_662' title='bbox 879 5019 1025 5066; x_wconf 73' lang='lat' dir='ltr'><strong>eum,</strong></span> <span class='ocrx_word' id='word_1_663' title='bbox 1052 5011 1100 5054; x_wconf 87' lang='lat' dir='ltr'><strong>et</strong></span> <span class='ocrx_word' id='word_1_664' title='bbox 1129 5016 1332 5054; x_wconf 80' lang='lat' dir='ltr'><strong>carnem</strong></span> <span class='ocrx_word' id='word_1_665' title='bbox 1360 5010 1503 5051; x_wconf 83' lang='lat' dir='ltr'><strong>tuam</strong></span> <span class='ocrx_word' id='word_1_666' title='bbox 1531 5014 1590 5049; x_wconf 85' lang='lat' dir='ltr'><strong>ne</strong></span> <span class='ocrx_word' id='word_1_667' title='bbox 1617 4993 1904 5064; x_wconf 75' lang='lat' dir='ltr'><strong>despexeris</strong></span> <span class='ocrx_word' id='word_1_668' title='bbox 1933 4991 2093 5063; x_wconf 79' lang='lat' dir='ltr'><strong>(Ibid.</strong></span> <span class='ocrx_word' id='word_1_669' title='bbox 2119 5009 2164 5044; x_wconf 84' lang='grc' dir='ltr'><strong>υ.</strong></span> <span class='ocrx_word' id='word_1_670' title='bbox 2189 4991 2264 5062; x_wconf 87' lang='lat'><strong>7).</strong></span> 
     </span>
    </p>
   </div>
   <div class='ocr_carea' id='block_1_82' title="bbox 720 5079 2272 5159">
    <p class='ocr_par' dir='ltr' id='par_1_82' title="bbox 720 5079 2272 5159">
     <span class='ocr_line' id='line_1_82' title="bbox 720 5079 2272 5159; baseline -0.009 -11"><span class='ocrx_word' id='word_1_671' title='bbox 720 5093 852 5148; x_wconf 88' lang='lat' dir='ltr'><strong>Illud</strong></span> <span class='ocrx_word' id='word_1_672' title='bbox 877 5105 1004 5158; x_wconf 88' lang='lat' dir='ltr'><strong>ergo</strong></span> <span class='ocrx_word' id='word_1_673' title='bbox 1023 5088 1279 5159; x_wconf 85' lang='lat' dir='ltr'><strong>jejunium</strong></span> <span class='ocrx_word' id='word_1_674' title='bbox 1308 5085 1566 5152; x_wconf 86' lang='lat' dir='ltr'><strong>approbat</strong></span> <span class='ocrx_word' id='word_1_675' title='bbox 1591 5082 1860 5144; x_wconf 88' lang='lat' dir='ltr'><strong>Dominus,</strong></span> <span class='ocrx_word' id='word_1_676' title='bbox 1895 5079 2033 5148; x_wconf 91' lang='lat' dir='ltr'><strong>quod</strong></span> <span class='ocrx_word' id='word_1_677' title='bbox 2065 5079 2131 5133; x_wconf 91' lang='lat' dir='ltr'><strong>ad</strong></span> <span class='ocrx_word' id='word_1_678' title='bbox 2158 5080 2272 5148; x_wconf 88' lang='lat' dir='ltr'><strong>ejus</strong></span> 
     </span>
    </p>
   </div>
   <div class='ocr_carea' id='block_1_83' title="bbox 716 5171 2270 5241">
    <p class='ocr_par' dir='ltr' id='par_1_83' title="bbox 716 5171 2270 5241">
     <span class='ocr_line' id='line_1_83' title="bbox 716 5171 2270 5241; baseline -0.008 -6"><span class='ocrx_word' id='word_1_679' title='bbox 716 5182 900 5237; x_wconf 84' lang='lat' dir='ltr'><strong>oculos</strong></span> <span class='ocrx_word' id='word_1_680' title='bbox 935 5183 1121 5232; x_wconf 82' lang='lat' dir='ltr'><strong>manus</strong></span> <span class='ocrx_word' id='word_1_681' title='bbox 1154 5177 1604 5241; x_wconf 80' lang='lat' dir='ltr'><strong>eleemosynarum</strong></span> <span class='ocrx_word' id='word_1_682' title='bbox 1631 5172 1790 5235; x_wconf 85' lang='lat' dir='ltr'><strong>levat,</strong></span> <span class='ocrx_word' id='word_1_683' title='bbox 1821 5171 1963 5239; x_wconf 90' lang='lat' dir='ltr'><strong>quod</strong></span> <span class='ocrx_word' id='word_1_684' title='bbox 1992 5186 2112 5224; x_wconf 90' lang='lat' dir='ltr'><strong>cum</strong></span> <span class='ocrx_word' id='word_1_685' title='bbox 2146 5185 2270 5239; x_wconf 86' lang='lat' dir='ltr'><strong>pro-</strong></span> 
     </span>
    </p>
   </div>
   <div class='ocr_carea' id='block_1_84' title="bbox 720 5261 2268 5332">
    <p class='ocr_par' dir='ltr' id='par_1_84' title="bbox 720 5261 2268 5332">
     <span class='ocr_line' id='line_1_84' title="bbox 720 5261 2268 5332; baseline -0.01 -7"><span class='ocrx_word' id='word_1_686' title='bbox 720 5270 850 5324; x_wconf 88' lang='lat' dir='ltr'><strong>ximi</strong></span> <span class='ocrx_word' id='word_1_687' title='bbox 898 5267 1179 5320; x_wconf 84' lang='lat' dir='ltr'><strong>dilectione</strong></span> <span class='ocrx_word' id='word_1_688' title='bbox 1221 5265 1414 5332; x_wconf 85' lang='lat' dir='ltr'><strong>agitur,</strong></span> <span class='ocrx_word' id='word_1_689' title='bbox 1463 5263 1605 5329; x_wconf 89' lang='lat' dir='ltr'><strong>quod</strong></span> <span class='ocrx_word' id='word_1_690' title='bbox 1647 5276 1715 5314; x_wconf 85' lang='lat' dir='ltr'><strong>ex</strong></span> <span class='ocrx_word' id='word_1_691' title='bbox 1759 5262 1956 5329; x_wconf 87' lang='lat' dir='ltr'><strong>pietate</strong></span> <span class='ocrx_word' id='word_1_692' title='bbox 2000 5261 2268 5315; x_wconf 89' lang='lat' dir='ltr'><strong>conditur.</strong></span> 
     </span>
    </p>
   </div>
   <div class='ocr_carea' id='block_1_85' title="bbox 723 5346 2274 5424">
    <p class='ocr_par' dir='ltr' id='par_1_85' title="bbox 723 5346 2274 5424">
     <span class='ocr_line' id='line_1_85' title="bbox 723 5346 2274 5424; baseline -0.005 -16"><span class='ocrx_word' id='word_1_693' title='bbox 723 5355 834 5410; x_wconf 77' lang='lat' dir='ltr'><strong>Hoc</strong></span> <span class='ocrx_word' id='word_1_694' title='bbox 859 5369 983 5424; x_wconf 89' lang='lat' dir='ltr'><strong>ergo</strong></span> <span class='ocrx_word' id='word_1_695' title='bbox 1009 5352 1148 5422; x_wconf 91' lang='lat' dir='ltr'><strong>quod</strong></span> <span class='ocrx_word' id='word_1_696' title='bbox 1174 5352 1267 5404; x_wconf 88' lang='lat' dir='ltr'><strong>tibi</strong></span> <span class='ocrx_word' id='word_1_697' title='bbox 1291 5348 1561 5404; x_wconf 80' lang='lat' dir='ltr'><strong>subtrahis</strong></span> <span class='ocrx_word' id='word_1_698' title='bbox 1578 5388 1591 5411; x_wconf 91' lang='lat'><strong>,</strong></span> <span class='ocrx_word' id='word_1_699' title='bbox 1623 5348 1770 5402; x_wconf 87' lang='lat' dir='ltr'><strong>alteri</strong></span> <span class='ocrx_word' id='word_1_700' title='bbox 1803 5349 1995 5419; x_wconf 83' lang='lat' dir='ltr'><strong>largire</strong></span> <span class='ocrx_word' id='word_1_701' title='bbox 2020 5365 2032 5410; x_wconf 84' lang='lat'><strong>;</strong></span> <span class='ocrx_word' id='word_1_702' title='bbox 2059 5357 2112 5402; x_wconf 90' lang='lat' dir='ltr'><strong>et</strong></span> <span class='ocrx_word' id='word_1_703' title='bbox 2133 5346 2274 5402; x_wconf 89' lang='lat' dir='ltr'><strong>unde</strong></span> 
     </span>
    </p>
   </div>
   <div class='ocr_carea' id='block_1_86' title="bbox 725 5426 2269 5513">
    <p class='ocr_par' dir='ltr' id='par_1_86' title="bbox 725 5426 2269 5513">
     <span class='ocr_line' id='line_1_86' title="bbox 725 5426 2269 5513; baseline -0.003 -17"><span class='ocrx_word' id='word_1_704' title='bbox 725 5453 814 5497; x_wconf 90' lang='lat' dir='ltr'><strong>tua</strong></span> <span class='ocrx_word' id='word_1_705' title='bbox 840 5459 963 5498; x_wconf 90' lang='lat' dir='ltr'><strong>caro</strong></span> <span class='ocrx_word' id='word_1_706' title='bbox 989 5443 1256 5513; x_wconf 74' lang='lat' dir='ltr'><strong>afﬂigitur,</strong></span> <span class='ocrx_word' id='word_1_707' title='bbox 1284 5441 1404 5494; x_wconf 86' lang='lat' dir='ltr'><strong>inde</strong></span> <span class='ocrx_word' id='word_1_708' title='bbox 1432 5426 1884 5509; x_wconf 35' lang='lat' dir='ltr'><strong>egentis&#39;proximi</strong></span> <span class='ocrx_word' id='word_1_709' title='bbox 1905 5453 2032 5492; x_wconf 82' lang='lat' dir='ltr'><strong>cam</strong></span> <span class='ocrx_word' id='word_1_710' title='bbox 2054 5453 2269 5506; x_wconf 68' lang='lat' dir='ltr'><strong>mpare—</strong></span> 
     </span>
    </p>
   </div>
   <div class='ocr_carea' id='block_1_87' title="bbox 729 5526 2269 5600">
    <p class='ocr_par' dir='ltr' id='par_1_87' title="bbox 729 5526 2269 5600">
     <span class='ocr_line' id='line_1_87' title="bbox 729 5526 2269 5600; baseline -0.005 -14"><span class='ocrx_word' id='word_1_711' title='bbox 729 5544 832 5587; x_wconf 86' lang='lat' dir='ltr'><strong>tur.</strong></span> <span class='ocrx_word' id='word_1_712' title='bbox 865 5531 997 5586; x_wconf 81' lang='lat' dir='ltr'><strong>Hinc</strong></span> <span class='ocrx_word' id='word_1_713' title='bbox 1024 5534 1163 5587; x_wconf 90' lang='lat' dir='ltr'><strong>enim</strong></span> <span class='ocrx_word' id='word_1_714' title='bbox 1196 5547 1289 5600; x_wconf 88' lang='lat' dir='ltr'><strong>per</strong></span> <span class='ocrx_word' id='word_1_715' title='bbox 1318 5530 1626 5600; x_wconf 88' lang='lat' dir='ltr'><strong>prophetam</strong></span> <span class='ocrx_word' id='word_1_716' title='bbox 1658 5528 1913 5583; x_wconf 88' lang='lat' dir='ltr'><strong>Dominus</strong></span> <span class='ocrx_word' id='word_1_717' title='bbox 1943 5527 2106 5580; x_wconf 88' lang='lat' dir='ltr'><strong>dicit:</strong></span> <span class='ocrx_word' id='word_1_718' title='bbox 2142 5526 2269 5580; x_wconf 90' lang='lat' dir='ltr'><strong>Cum</strong></span> 
     </span>
    </p>
   </div>
   <div class='ocr_carea' id='block_1_88' title="bbox 2348 3307 3902 3382">
    <p class='ocr_par' dir='ltr' id='par_1_88' title="bbox 2348 3307 3902 3382">
     <span class='ocr_line' id='line_1_88' title="bbox 2348 3307 3902 3382; baseline 0.003 -20"><span class='ocrx_word' id='word_1_719' title='bbox 2348 3307 2607 3378; x_wconf 86' lang='lat' dir='ltr'><strong>Dominus</strong></span> <span class='ocrx_word' id='word_1_720' title='bbox 2656 3315 2986 3376; x_wconf 68' lang='lat' dir='ltr'><strong>praeparatus</strong></span> <span class='ocrx_word' id='word_1_721' title='bbox 3021 3315 3105 3363; x_wconf 87' lang='lat' dir='ltr'><strong>est</strong></span> <span class='ocrx_word' id='word_1_722' title='bbox 3128 3309 3292 3366; x_wconf 88' lang='lat' dir='ltr'><strong>etiam</strong></span> <span class='ocrx_word' id='word_1_723' title='bbox 3332 3319 3544 3366; x_wconf 84' lang='lat' dir='ltr'><strong>mutare</strong></span> <span class='ocrx_word' id='word_1_724' title='bbox 3589 3309 3902 3382; x_wconf 75' lang='lat' dir='ltr'><strong>prmfinitam</strong></span> 
     </span>
    </p>
   </div>
   <div class='ocr_carea' id='block_1_89' title="bbox 2349 3395 3904 3470">
    <p class='ocr_par' dir='ltr' id='par_1_89' title="bbox 2349 3395 3904 3470">
     <span class='ocr_line' id='line_1_89' title="bbox 2349 3395 3904 3470; baseline 0.003 -20"><span class='ocrx_word' id='word_1_725' title='bbox 2349 3395 2693 3450; x_wconf 84' lang='lat' dir='ltr'><strong>sententiam.</strong></span> <span class='ocrx_word' id='word_1_726' title='bbox 2724 3395 2838 3448; x_wconf 85' lang='lat' dir='ltr'><strong>Non</strong></span> <span class='ocrx_word' id='word_1_727' title='bbox 2866 3396 3010 3452; x_wconf 85' lang='lat' dir='ltr'><strong>enim</strong></span> <span class='ocrx_word' id='word_1_728' title='bbox 3039 3399 3296 3466; x_wconf 87' lang='lat' dir='ltr'><strong>temporis</strong></span> <span class='ocrx_word' id='word_1_729' title='bbox 3324 3398 3708 3468; x_wconf 82' lang='lat' dir='ltr'><strong>longitudinem</strong></span> <span class='ocrx_word' id='word_1_730' title='bbox 3733 3400 3904 3470; x_wconf 84' lang='lat' dir='ltr'><strong>requi-</strong></span> 
     </span>
    </p>
   </div>
   <div class='ocr_carea' id='block_1_90' title="bbox 2351 3483 3904 3558">
    <p class='ocr_par' dir='ltr' id='par_1_90' title="bbox 2351 3483 3904 3558">
     <span class='ocr_line' id='line_1_90' title="bbox 2351 3483 3904 3558; baseline 0.004 -20"><span class='ocrx_word' id='word_1_731' title='bbox 2351 3485 2422 3538; x_wconf 92' lang='lat' dir='ltr'><strong>rit</strong></span> <span class='ocrx_word' id='word_1_732' title='bbox 2467 3484 2629 3548; x_wconf 90' lang='lat' dir='ltr'><strong>Deus,</strong></span> <span class='ocrx_word' id='word_1_733' title='bbox 2672 3484 2768 3538; x_wconf 89' lang='lat' dir='ltr'><strong>sed</strong></span> <span class='ocrx_word' id='word_1_734' title='bbox 2807 3483 3000 3539; x_wconf 81' lang='lat' dir='ltr'><strong>aﬂ&#39;ectu</strong></span> <span class='ocrx_word' id='word_1_735' title='bbox 3041 3486 3368 3541; x_wconf 86' lang='lat' dir='ltr'><strong>sinceritatis</strong></span> <span class='ocrx_word' id='word_1_736' title='bbox 3407 3488 3681 3557; x_wconf 89' lang='lat' dir='ltr'><strong>plenitudo</strong></span> <span class='ocrx_word' id='word_1_737' title='bbox 3718 3504 3904 3558; x_wconf 84' lang='lat' dir='ltr'><strong>pensa-</strong></span> 
     </span>
    </p>
   </div>
   <div class='ocr_carea' id='block_1_91' title="bbox 2351 3573 3902 3650">
    <p class='ocr_par' dir='ltr' id='par_1_91' title="bbox 2351 3573 3902 3650">
     <span class='ocr_line' id='line_1_91' title="bbox 2351 3573 3902 3650; baseline 0.003 -23"><span class='ocrx_word' id='word_1_738' title='bbox 2351 3581 2459 3628; x_wconf 90' lang='lat' dir='ltr'><strong>tur.</strong></span> <span class='ocrx_word' id='word_1_739' title='bbox 2497 3593 2515 3624; x_wconf 84' lang='grc'><strong>›</strong></span> <span class='ocrx_word' id='word_1_740' title='bbox 2547 3573 2836 3645; x_wconf 87' lang='lat' dir='ltr'><strong>Gregorius</strong></span> <span class='ocrx_word' id='word_1_741' title='bbox 2866 3593 2880 3628; x_wconf 91' lang='lat'><strong>:</strong></span> <span class='ocrx_word' id='word_1_742' title='bbox 2918 3593 2936 3626; x_wconf 75' lang='grc' dir='ltr'>ι</span> <span class='ocrx_word' id='word_1_743' title='bbox 2973 3575 3115 3632; x_wconf 83' lang='lat' dir='ltr'><strong>Satis</strong></span> <span class='ocrx_word' id='word_1_744' title='bbox 3158 3577 3366 3633; x_wconf 88' lang='lat' dir='ltr'><strong>alienus</strong></span> <span class='ocrx_word' id='word_1_745' title='bbox 3395 3593 3426 3633; x_wconf 90' lang='lat' dir='ltr'><strong>a</strong></span> <span class='ocrx_word' id='word_1_746' title='bbox 3455 3577 3558 3634; x_wconf 82' lang='lat' dir='ltr'><strong>fide</strong></span> <span class='ocrx_word' id='word_1_747' title='bbox 3585 3587 3692 3644; x_wconf 88' lang='lat' dir='ltr'><strong>est,</strong></span> <span class='ocrx_word' id='word_1_748' title='bbox 3722 3580 3813 3650; x_wconf 92' lang='lat' dir='ltr'><strong>qui</strong></span> <span class='ocrx_word' id='word_1_749' title='bbox 3839 3579 3902 3633; x_wconf 86' lang='lat' dir='ltr'><strong>ad</strong></span> 
     </span>
    </p>
   </div>
   <div class='ocr_carea' id='block_1_92' title="bbox 2353 3664 3902 3738">
    <p class='ocr_par' dir='ltr' id='par_1_92' title="bbox 2353 3664 3902 3738">
     <span class='ocr_line' id='line_1_92' title="bbox 2353 3664 3902 3738; baseline 0.004 -22"><span class='ocrx_word' id='word_1_750' title='bbox 2353 3664 2612 3732; x_wconf 85' lang='lat' dir='ltr'><strong>agendam</strong></span> <span class='ocrx_word' id='word_1_751' title='bbox 2635 3664 3003 3733; x_wconf 55' lang='lat' dir='ltr'><strong>paenitentiam</strong></span> <span class='ocrx_word' id='word_1_752' title='bbox 3035 3675 3272 3735; x_wconf 87' lang='lat' dir='ltr'><strong>tempora</strong></span> <span class='ocrx_word' id='word_1_753' title='bbox 3300 3668 3588 3722; x_wconf 90' lang='lat' dir='ltr'><strong>senectutis</strong></span> <span class='ocrx_word' id='word_1_754' title='bbox 3615 3677 3902 3738; x_wconf 73' lang='lat' dir='ltr'><strong>exspecm.</strong></span> 
     </span>
    </p>
   </div>
   <div class='ocr_carea' id='block_1_93' title="bbox 2356 3753 3903 3827">
    <p class='ocr_par' dir='ltr' id='par_1_93' title="bbox 2356 3753 3903 3827">
     <span class='ocr_line' id='line_1_93' title="bbox 2356 3753 3903 3827; baseline 0.004 -20"><span class='ocrx_word' id='word_1_755' title='bbox 2356 3753 2697 3808; x_wconf 77' lang='lat' dir='ltr'><strong>Metuendum</strong></span> <span class='ocrx_word' id='word_1_756' title='bbox 2718 3761 2800 3807; x_wconf 85' lang='lat' dir='ltr'><strong>est</strong></span> <span class='ocrx_word' id='word_1_757' title='bbox 2820 3754 2983 3819; x_wconf 90' lang='lat' dir='ltr'><strong>enim,</strong></span> <span class='ocrx_word' id='word_1_758' title='bbox 3011 3770 3100 3821; x_wconf 91' lang='lat' dir='ltr'><strong>ne,</strong></span> <span class='ocrx_word' id='word_1_759' title='bbox 3121 3756 3245 3810; x_wconf 90' lang='lat' dir='ltr'><strong>dum</strong></span> <span class='ocrx_word' id='word_1_760' title='bbox 3269 3766 3448 3827; x_wconf 89' lang='lat' dir='ltr'><strong>sperat</strong></span> <span class='ocrx_word' id='word_1_761' title='bbox 3467 3757 3903 3824; x_wconf 87' lang='lat' dir='ltr'><strong>misericordiam,</strong></span> 
     </span>
    </p>
   </div>
   <div class='ocr_carea' id='block_1_94' title="bbox 2356 3829 3904 3918">
    <p class='ocr_par' dir='ltr' id='par_1_94' title="bbox 2356 3829 3904 3918">
     <span class='ocr_line' id='line_1_94' title="bbox 2356 3829 3904 3918; baseline 0.003 -20"><span class='ocrx_word' id='word_1_762' title='bbox 2356 3829 3186 3916; x_wconf 68' lang='lat' dir='ltr'><strong>incidatinjudicium.iltemque</strong></span> <span class='ocrx_word' id='word_1_763' title='bbox 3217 3866 3230 3900; x_wconf 90' lang='lat'><strong>:</strong></span> <span class='ocrx_word' id='word_1_764' title='bbox 3266 3866 3284 3898; x_wconf 79' lang='grc' dir='ltr'><strong><em>ι</em></strong></span> <span class='ocrx_word' id='word_1_765' title='bbox 3313 3845 3370 3900; x_wconf 88' lang='lat' dir='ltr'><strong>Si</strong></span> <span class='ocrx_word' id='word_1_766' title='bbox 3408 3849 3528 3916; x_wconf 87' lang='lat' dir='ltr'><strong>quis</strong></span> <span class='ocrx_word' id='word_1_767' title='bbox 3577 3857 3628 3902; x_wconf 92' lang='lat' dir='ltr'><strong>te</strong></span> <span class='ocrx_word' id='word_1_768' title='bbox 3669 3849 3735 3903; x_wconf 91' lang='lat' dir='ltr'><strong>de</strong></span> <span class='ocrx_word' id='word_1_769' title='bbox 3783 3863 3904 3918; x_wconf 84' lang='lat' dir='ltr'><strong>pec—</strong></span> 
     </span>
    </p>
   </div>
   <div class='ocr_carea' id='block_1_95' title="bbox 2358 3925 3907 4009">
    <p class='ocr_par' dir='ltr' id='par_1_95' title="bbox 2358 3925 3907 4009">
     <span class='ocr_line' id='line_1_95' title="bbox 2358 3925 3907 4009; baseline 0.003 -20"><span class='ocrx_word' id='word_1_770' title='bbox 2358 3925 2478 3989; x_wconf 78' lang='lat' dir='ltr'><strong>cato</strong></span> <span class='ocrx_word' id='word_1_771' title='bbox 2505 3933 2773 3989; x_wconf 89' lang='lat' dir='ltr'><strong>forinseco</strong></span> <span class='ocrx_word' id='word_1_772' title='bbox 2793 3937 3046 4000; x_wconf 90' lang='lat' dir='ltr'><strong>correxit,</strong></span> <span class='ocrx_word' id='word_1_773' title='bbox 3076 3944 3202 3992; x_wconf 91' lang='lat' dir='ltr'><strong>tunc</strong></span> <span class='ocrx_word' id='word_1_774' title='bbox 3222 3937 3475 3992; x_wconf 79' lang='lat' dir='ltr'><strong>confitere</strong></span> <span class='ocrx_word' id='word_1_775' title='bbox 3494 3939 3774 4005; x_wconf 83' lang='lat' dir='ltr'><strong>interiora,</strong></span> <span class='ocrx_word' id='word_1_776' title='bbox 3796 3955 3907 4009; x_wconf 66' lang='lat' dir='ltr'><strong>quae</strong></span> 
     </span>
    </p>
   </div>
   <div class='ocr_carea' id='block_1_96' title="bbox 2360 4026 3906 4095">
    <p class='ocr_par' dir='ltr' id='par_1_96' title="bbox 2360 4026 3906 4095">
     <span class='ocr_line' id='line_1_96' title="bbox 2360 4026 3906 4095; baseline 0.001 -13"><span class='ocrx_word' id='word_1_777' title='bbox 2360 4027 2450 4085; x_wconf 86' lang='lat' dir='ltr'><strong>ille</strong></span> <span class='ocrx_word' id='word_1_778' title='bbox 2477 4027 2668 4080; x_wconf 84' lang='lat' dir='ltr'><strong>nescit.</strong></span> <span class='ocrx_word' id='word_1_779' title='bbox 2709 4046 2728 4078; x_wconf 73' lang='grc' dir='ltr'><strong><em>ι</em></strong></span> <span class='ocrx_word' id='word_1_780' title='bbox 2759 4026 2996 4095; x_wconf 87' lang='lat' dir='ltr'><strong>Denique</strong></span> <span class='ocrx_word' id='word_1_781' title='bbox 3017 4029 3334 4082; x_wconf 88' lang='lat' dir='ltr'><strong>admonendi</strong></span> <span class='ocrx_word' id='word_1_782' title='bbox 3365 4037 3511 4092; x_wconf 87' lang='lat' dir='ltr'><strong>sunt,</strong></span> <span class='ocrx_word' id='word_1_783' title='bbox 3557 4039 3615 4082; x_wconf 90' lang='lat' dir='ltr'><strong>ut</strong></span> <span class='ocrx_word' id='word_1_784' title='bbox 3661 4030 3715 4083; x_wconf 83' lang='lat' dir='ltr'><strong>iu</strong></span> <span class='ocrx_word' id='word_1_785' title='bbox 3749 4030 3906 4084; x_wconf 71' lang='lat' dir='ltr'><strong>Omna</strong></span> 
     </span>
    </p>
   </div>
   <div class='ocr_carea' id='block_1_97' title="bbox 2361 4106 3905 4188">
    <p class='ocr_par' dir='ltr' id='par_1_97' title="bbox 2361 4106 3905 4188">
     <span class='ocr_line' id='line_1_97' title="bbox 2361 4106 3905 4188; baseline 0.005 -16"><span class='ocrx_word' id='word_1_786' title='bbox 2361 4118 2578 4173; x_wconf 21' lang='lat' dir='ltr'><strong>Domini,</strong></span> <span class='ocrx_word' id='word_1_787' title='bbox 2591 4120 2810 4174; x_wconf 87' lang='lat' dir='ltr'><strong>redeant</strong></span> <span class='ocrx_word' id='word_1_788' title='bbox 2839 4121 2904 4174; x_wconf 88' lang='lat' dir='ltr'><strong>ad</strong></span> <span class='ocrx_word' id='word_1_789' title='bbox 2934 4110 3440 4188; x_wconf 83' lang='lat' dir='ltr'><strong>reconciliationem,</strong></span> <span class='ocrx_word' id='word_1_790' title='bbox 3470 4124 3609 4178; x_wconf 89' lang='lat' dir='ltr'><strong>sicut</strong></span> <span class='ocrx_word' id='word_1_791' title='bbox 3642 4106 3905 4180; x_wconf 82' lang='lat' dir='ltr'><strong>inconse-</strong></span> 
     </span>
    </p>
   </div>
   <div class='ocr_carea' id='block_1_98' title="bbox 2363 4213 3908 4296">
    <p class='ocr_par' dir='ltr' id='par_1_98' title="bbox 2363 4213 3908 4296">
     <span class='ocr_line' id='line_1_98' title="bbox 2363 4213 3908 4296; baseline 0.006 -31"><span class='ocrx_word' id='word_1_792' title='bbox 2363 4213 2648 4280; x_wconf 87' lang='lat' dir='ltr'><strong>quentibus</strong></span> <span class='ocrx_word' id='word_1_793' title='bbox 2676 4214 2900 4288; x_wconf 88' lang='lat' dir='ltr'><strong>dicetur.</strong></span> <span class='ocrx_word' id='word_1_794' title='bbox 2946 4215 3003 4269; x_wconf 84' lang='lat' dir='ltr'><strong>Si</strong></span> <span class='ocrx_word' id='word_1_795' title='bbox 3031 4231 3158 4270; x_wconf 90' lang='lat' dir='ltr'><strong>vero</strong></span> <span class='ocrx_word' id='word_1_796' title='bbox 3188 4216 3422 4296; x_wconf 88' lang='lat' dir='ltr'><strong>iuterest_</strong></span> <span class='ocrx_word' id='word_1_797' title='bbox 3451 4234 3612 4275; x_wconf 85' lang='lat' dir='ltr'><strong>causa</strong></span> <span class='ocrx_word' id='word_1_798' title='bbox 3640 4229 3732 4274; x_wconf 87' lang='lat' dir='ltr'><strong>aut</strong></span> <span class='ocrx_word' id='word_1_799' title='bbox 3753 4222 3908 4275; x_wconf 87' lang='lat' dir='ltr'><strong>itine-</strong></span> 
     </span>
    </p>
   </div>
   <div class='ocr_carea' id='block_1_99' title="bbox 2364 4306 3910 4378">
    <p class='ocr_par' dir='ltr' id='par_1_99' title="bbox 2364 4306 3910 4378">
     <span class='ocr_line' id='line_1_99' title="bbox 2364 4306 3910 4378; baseline 0.005 -19"><span class='ocrx_word' id='word_1_800' title='bbox 2364 4306 2460 4371; x_wconf 91' lang='lat' dir='ltr'><strong>ris,</strong></span> <span class='ocrx_word' id='word_1_801' title='bbox 2485 4315 2578 4359; x_wconf 89' lang='lat' dir='ltr'><strong>aut</strong></span> <span class='ocrx_word' id='word_1_802' title='bbox 2598 4307 2880 4375; x_wconf 87' lang='lat' dir='ltr'><strong>cujuslibet</strong></span> <span class='ocrx_word' id='word_1_803' title='bbox 2919 4310 3306 4378; x_wconf 90' lang='lat' dir='ltr'><strong>occupationis,</strong></span> <span class='ocrx_word' id='word_1_804' title='bbox 3335 4313 3447 4374; x_wconf 86' lang='lat' dir='ltr'><strong>&#39;au_t</strong></span> <span class='ocrx_word' id='word_1_805' title='bbox 3474 4312 3552 4365; x_wconf 87' lang='lat' dir='ltr'><strong>ita</strong></span> <span class='ocrx_word' id='word_1_806' title='bbox 3587 4312 3726 4367; x_wconf 86' lang='lat' dir='ltr'><strong>forte</strong></span> <span class='ocrx_word' id='word_1_807' title='bbox 3753 4313 3910 4367; x_wconf 88' lang='lat' dir='ltr'><strong>hebes</strong></span> 
     </span>
    </p>
   </div>
   <div class='ocr_carea' id='block_1_100' title="bbox 2361 4398 3909 4473">
    <p class='ocr_par' dir='ltr' id='par_1_100' title="bbox 2361 4398 3909 4473">
     <span class='ocr_line' id='line_1_100' title="bbox 2361 4398 3909 4473; baseline 0.005 -24"><span class='ocrx_word' id='word_1_808' title='bbox 2361 4402 2462 4460; x_wconf 88' lang='lat' dir='ltr'><strong>est,</strong></span> <span class='ocrx_word' id='word_1_809' title='bbox 2495 4404 2555 4449; x_wconf 92' lang='lat' dir='ltr'><strong>ut</strong></span> <span class='ocrx_word' id='word_1_810' title='bbox 2579 4398 2628 4450; x_wconf 89' lang='lat' dir='ltr'><strong>ei</strong></span> <span class='ocrx_word' id='word_1_811' title='bbox 2651 4398 2753 4452; x_wconf 92' lang='lat' dir='ltr'><strong>hoc</strong></span> <span class='ocrx_word' id='word_1_812' title='bbox 2779 4399 3031 4451; x_wconf 83' lang='lat' dir='ltr'><strong>sacerdos</strong></span> <span class='ocrx_word' id='word_1_813' title='bbox 3075 4400 3300 4453; x_wconf 88' lang='lat' dir='ltr'><strong>suadere</strong></span> <span class='ocrx_word' id='word_1_814' title='bbox 3327 4407 3580 4468; x_wconf 88' lang='lat' dir='ltr'><strong>nequeat,</strong></span> <span class='ocrx_word' id='word_1_815' title='bbox 3604 4400 3844 4473; x_wconf 86' lang='lat' dir='ltr'><strong>injungat</strong></span> <span class='ocrx_word' id='word_1_816' title='bbox 3863 4403 3909 4456; x_wconf 89' lang='lat' dir='ltr'><strong>ei</strong></span> 
     </span>
    </p>
   </div>
   <div class='ocr_carea' id='block_1_101' title="bbox 2362 4478 3910 4560">
    <p class='ocr_par' dir='ltr' id='par_1_101' title="bbox 2362 4478 3910 4560">
     <span class='ocr_line' id='line_1_101' title="bbox 2362 4478 3910 4560; baseline 0.005 -22"><span class='ocrx_word' id='word_1_817' title='bbox 2362 4493 2470 4539; x_wconf 90' lang='lat' dir='ltr'><strong>tam</strong></span> <span class='ocrx_word' id='word_1_818' title='bbox 2490 4478 3024 4555; x_wconf 81' lang='lat' dir='ltr'><strong>quadragesimalem&#39;,</strong></span> <span class='ocrx_word' id='word_1_819' title='bbox 3042 4502 3200 4555; x_wconf 88' lang='lat' dir='ltr'><strong>quam</strong></span> <span class='ocrx_word' id='word_1_820' title='bbox 3220 4489 3498 4544; x_wconf 87' lang='lat' dir='ltr'><strong>annualem</strong></span> <span class='ocrx_word' id='word_1_821' title='bbox 3523 4492 3910 4560; x_wconf 73' lang='lat' dir='ltr'><strong>pmnitentiam,</strong></span> 
     </span>
    </p>
   </div>
   <div class='ocr_carea' id='block_1_102' title="bbox 2361 4576 3121 4631">
    <p class='ocr_par' dir='ltr' id='par_1_102' title="bbox 2361 4576 3121 4631">
     <span class='ocr_line' id='line_1_102' title="bbox 2361 4576 3121 4631; baseline 0 0"><span class='ocrx_word' id='word_1_822' title='bbox 2361 4586 2419 4631; x_wconf 89' lang='lat' dir='ltr'><strong>et</strong></span> <span class='ocrx_word' id='word_1_823' title='bbox 2443 4576 2751 4630; x_wconf 87' lang='lat' dir='ltr'><strong>reconciliet</strong></span> <span class='ocrx_word' id='word_1_824' title='bbox 2775 4591 2894 4629; x_wconf 91' lang='lat' dir='ltr'><strong>eum</strong></span> <span class='ocrx_word' id='word_1_825' title='bbox 2921 4578 3121 4631; x_wconf 83' lang='lat' dir='ltr'><strong>statim.</strong></span> 
     </span>
    </p>
   </div>
   <div class='ocr_carea' id='block_1_103' title="bbox 2436 4665 3912 4737">
    <p class='ocr_par' dir='ltr' id='par_1_103' title="bbox 2436 4665 3912 4737">
     <span class='ocr_line' id='line_1_103' title="bbox 2436 4665 3912 4737; baseline 0.003 -19"><span class='ocrx_word' id='word_1_826' title='bbox 2436 4665 2814 4721; x_wconf 87' lang='lat' dir='ltr'><strong>Sacerdotibus</strong></span> <span class='ocrx_word' id='word_1_827' title='bbox 2839 4683 2964 4720; x_wconf 75' lang='lat' dir='ltr'><strong>vero</strong></span> <span class='ocrx_word' id='word_1_828' title='bbox 3011 4683 3348 4737; x_wconf 87' lang='lat' dir='ltr'><strong>summopere</strong></span> <span class='ocrx_word' id='word_1_829' title='bbox 3377 4672 3722 4737; x_wconf 84' lang='lat' dir='ltr'><strong>satagendum</strong></span> <span class='ocrx_word' id='word_1_830' title='bbox 3751 4676 3833 4723; x_wconf 85' lang='lat' dir='ltr'><strong>est</strong></span> <span class='ocrx_word' id='word_1_831' title='bbox 3857 4678 3912 4724; x_wconf 89' lang='lat' dir='ltr'><strong>ut</strong></span> 
     </span>
    </p>
   </div>
   <div class='ocr_carea' id='block_1_104' title="bbox 2365 4755 3914 4828">
    <p class='ocr_par' dir='ltr' id='par_1_104' title="bbox 2365 4755 3914 4828">
     <span class='ocr_line' id='line_1_104' title="bbox 2365 4755 3914 4828; baseline 0.003 -20"><span class='ocrx_word' id='word_1_832' title='bbox 2365 4763 2487 4808; x_wconf 91' lang='lat' dir='ltr'><strong>octo</strong></span> <span class='ocrx_word' id='word_1_833' title='bbox 2537 4755 2667 4809; x_wconf 88' lang='lat' dir='ltr'><strong>vitia</strong></span> <span class='ocrx_word' id='word_1_834' title='bbox 2714 4755 3012 4810; x_wconf 85' lang='lat' dir='ltr'><strong>criminalia</strong></span> <span class='ocrx_word' id='word_1_835' title='bbox 3058 4772 3179 4811; x_wconf 89' lang='lat' dir='ltr'><strong>cum</strong></span> <span class='ocrx_word' id='word_1_836' title='bbox 3227 4772 3411 4810; x_wconf 87' lang='lat' dir='ltr'><strong>eorum</strong></span> <span class='ocrx_word' id='word_1_837' title='bbox 3439 4758 3733 4826; x_wconf 87' lang='lat' dir='ltr'><strong>sequentiis</strong></span> <span class='ocrx_word' id='word_1_838' title='bbox 3758 4767 3914 4828; x_wconf 77' lang='lat' dir='ltr'><strong>atque</strong></span> 
     </span>
    </p>
   </div>
   <div class='ocr_carea' id='block_1_105' title="bbox 2369 4847 3915 4918">
    <p class='ocr_par' dir='ltr' id='par_1_105' title="bbox 2369 4847 3915 4918">
     <span class='ocr_line' id='line_1_105' title="bbox 2369 4847 3915 4918; baseline 0.001 -18"><span class='ocrx_word' id='word_1_839' title='bbox 2369 4848 2688 4902; x_wconf 84' lang='lat' dir='ltr'><strong>testimoniis</strong></span> <span class='ocrx_word' id='word_1_840' title='bbox 2719 4847 3140 4918; x_wconf 89' lang='lat' dir='ltr'><strong>Scripturarum,</strong></span> <span class='ocrx_word' id='word_1_841' title='bbox 3168 4849 3360 4916; x_wconf 87' lang='lat' dir='ltr'><strong>quibus</strong></span> <span class='ocrx_word' id='word_1_842' title='bbox 3383 4848 3665 4916; x_wconf 82' lang='lat' dir='ltr'><strong>coercendi</strong></span> <span class='ocrx_word' id='word_1_843' title='bbox 3687 4858 3810 4902; x_wconf 87' lang='lat' dir='ltr'><strong>sunt</strong></span> <span class='ocrx_word' id='word_1_844' title='bbox 3826 4848 3915 4901; x_wconf 87' lang='lat' dir='ltr'><strong>ho-</strong></span> 
     </span>
    </p>
   </div>
   <div class='ocr_carea' id='block_1_106' title="bbox 2370 4940 3916 5010">
    <p class='ocr_par' dir='ltr' id='par_1_106' title="bbox 2370 4940 3916 5010">
     <span class='ocr_line' id='line_1_106' title="bbox 2370 4940 3916 5010; baseline -0.001 -16"><span class='ocrx_word' id='word_1_845' title='bbox 2370 4942 2540 4996; x_wconf 89' lang='lat' dir='ltr'><strong>mines</strong></span> <span class='ocrx_word' id='word_1_846' title='bbox 2584 4951 2743 5010; x_wconf 88' lang='lat' dir='ltr'><strong>atque</strong></span> <span class='ocrx_word' id='word_1_847' title='bbox 2794 4943 2862 4994; x_wconf 88' lang='lat' dir='ltr'><strong>ad</strong></span> <span class='ocrx_word' id='word_1_848' title='bbox 2903 4941 3125 4994; x_wconf 85' lang='lat' dir='ltr'><strong>meliora</strong></span> <span class='ocrx_word' id='word_1_849' title='bbox 3169 4940 3516 5010; x_wconf 86' lang='lat' dir='ltr'><strong>provehendi,</strong></span> <span class='ocrx_word' id='word_1_850' title='bbox 3561 4942 3705 4995; x_wconf 88' lang='lat' dir='ltr'><strong>omni</strong></span> <span class='ocrx_word' id='word_1_851' title='bbox 3747 4940 3916 4995; x_wconf 87' lang='lat' dir='ltr'><strong>studio</strong></span> 
     </span>
    </p>
   </div>
   <div class='ocr_carea' id='block_1_107' title="bbox 2371 5021 3917 5102">
    <p class='ocr_par' dir='ltr' id='par_1_107' title="bbox 2371 5021 3917 5102">
     <span class='ocr_line' id='line_1_107' title="bbox 2371 5021 3917 5102; baseline -0.002 -17"><span class='ocrx_word' id='word_1_852' title='bbox 2371 5032 2667 5101; x_wconf 83' lang='lat' dir='ltr'><strong>intelligant</strong></span> <span class='ocrx_word' id='word_1_853' title='bbox 2711 5040 2870 5098; x_wconf 89' lang='lat' dir='ltr'><strong>atque</strong></span> <span class='ocrx_word' id='word_1_854' title='bbox 2894 5031 3138 5094; x_wconf 87' lang='lat' dir='ltr'><strong>doceant,</strong></span> <span class='ocrx_word' id='word_1_855' title='bbox 3167 5021 3304 5085; x_wconf 81' lang='lat' dir='ltr'><strong>sicut</strong></span> <span class='ocrx_word' id='word_1_856' title='bbox 3334 5031 3421 5086; x_wconf 92' lang='lat' dir='ltr'><strong>hic</strong></span> <span class='ocrx_word' id='word_1_857' title='bbox 3451 5031 3503 5086; x_wconf 90' lang='lat' dir='ltr'><strong>in</strong></span> <span class='ocrx_word' id='word_1_858' title='bbox 3547 5031 3719 5102; x_wconf 86' lang='lat' dir='ltr'><strong>prima</strong></span> <span class='ocrx_word' id='word_1_859' title='bbox 3749 5029 3917 5084; x_wconf 87' lang='lat' dir='ltr'><strong>fronte</strong></span> 
     </span>
    </p>
   </div>
   <div class='ocr_carea' id='block_1_108' title="bbox 2373 5119 3919 5188">
    <p class='ocr_par' dir='ltr' id='par_1_108' title="bbox 2373 5119 3919 5188">
     <span class='ocr_line' id='line_1_108' title="bbox 2373 5119 3919 5188; baseline -0.002 -13"><span class='ocrx_word' id='word_1_860' title='bbox 2373 5137 2578 5176; x_wconf 82' lang='lat' dir='ltr'><strong>annexa</strong></span> <span class='ocrx_word' id='word_1_861' title='bbox 2606 5132 2746 5176; x_wconf 89' lang='lat' dir='ltr'><strong>sunt.</strong></span> <span class='ocrx_word' id='word_1_862' title='bbox 2777 5122 3011 5188; x_wconf 86' lang='lat' dir='ltr'><strong>Quorum</strong></span> <span class='ocrx_word' id='word_1_863' title='bbox 3036 5123 3285 5175; x_wconf 82' lang='lat' dir='ltr'><strong>vitiorum</strong></span> <span class='ocrx_word' id='word_1_864' title='bbox 3314 5131 3434 5176; x_wconf 88' lang='lat' dir='ltr'><strong>octo</strong></span> <span class='ocrx_word' id='word_1_865' title='bbox 3462 5123 3579 5176; x_wconf 59' lang='lat' dir='ltr'><strong>haec</strong></span> <span class='ocrx_word' id='word_1_866' title='bbox 3601 5127 3727 5174; x_wconf 86' lang='lat' dir='ltr'><strong>sunt</strong></span> <span class='ocrx_word' id='word_1_867' title='bbox 3756 5119 3919 5174; x_wconf 89' lang='lat' dir='ltr'><strong>nomi-</strong></span> 
     </span>
    </p>
   </div>
   <div class='ocr_carea' id='block_1_109' title="bbox 2374 5209 3917 5280">
    <p class='ocr_par' dir='ltr' id='par_1_109' title="bbox 2374 5209 3917 5280">
     <span class='ocr_line' id='line_1_109' title="bbox 2374 5209 3917 5280; baseline -0.001 -17"><span class='ocrx_word' id='word_1_868' title='bbox 2374 5227 2460 5271; x_wconf 90' lang='lat' dir='ltr'><strong>na,</strong></span> <span class='ocrx_word' id='word_1_869' title='bbox 2513 5212 2566 5264; x_wconf 90' lang='lat' dir='ltr'><strong>in</strong></span> <span class='ocrx_word' id='word_1_870' title='bbox 2616 5211 2803 5277; x_wconf 90' lang='lat' dir='ltr'><strong>primis</strong></span> <span class='ocrx_word' id='word_1_871' title='bbox 2855 5213 3121 5279; x_wconf 80' lang='lat' dir='ltr'><strong>superbia,</strong></span> <span class='ocrx_word' id='word_1_872' title='bbox 3151 5211 3317 5280; x_wconf 85' lang='lat' dir='ltr'><strong>gloria</strong></span> <span class='ocrx_word' id='word_1_873' title='bbox 3345 5211 3542 5274; x_wconf 87' lang='lat' dir='ltr'><strong>inanis,</strong></span> <span class='ocrx_word' id='word_1_874' title='bbox 3575 5209 3793 5272; x_wconf 85' lang='lat' dir='ltr'><strong>invidia,</strong></span> <span class='ocrx_word' id='word_1_875' title='bbox 3822 5210 3917 5272; x_wconf 88' lang='lat' dir='ltr'><strong>ira,</strong></span> 
     </span>
    </p>
   </div>
   <div class='ocr_carea' id='block_1_110' title="bbox 2374 5295 3838 5368">
    <p class='ocr_par' dir='ltr' id='par_1_110' title="bbox 2374 5295 3838 5368">
     <span class='ocr_line' id='line_1_110' title="bbox 2374 5295 3838 5368; baseline 0.001 -18"><span class='ocrx_word' id='word_1_876' title='bbox 2374 5299 2620 5360; x_wconf 82' lang='lat' dir='ltr'><strong>avaritia,</strong></span> <span class='ocrx_word' id='word_1_877' title='bbox 2641 5299 2880 5361; x_wconf 87' lang='lat' dir='ltr'><strong>tristitia,</strong></span> <span class='ocrx_word' id='word_1_878' title='bbox 2918 5295 3120 5351; x_wconf 81' lang='lat' dir='ltr'><strong>ventris</strong></span> <span class='ocrx_word' id='word_1_879' title='bbox 3150 5299 3408 5368; x_wconf 84' lang='lat' dir='ltr'><strong>ingluvies</strong></span> <span class='ocrx_word' id='word_1_880' title='bbox 3427 5305 3587 5367; x_wconf 86' lang='lat' dir='ltr'><strong>atque</strong></span> <span class='ocrx_word' id='word_1_881' title='bbox 3609 5297 3838 5352; x_wconf 84' lang='lat' dir='ltr'><strong>luxuria.</strong></span> 
     </span>
    </p>
   </div>
   <div class='ocr_carea' id='block_1_111' title="bbox 2443 5387 3919 5456">
    <p class='ocr_par' dir='ltr' id='par_1_111' title="bbox 2443 5387 3919 5456">
     <span class='ocr_line' id='line_1_111' title="bbox 2443 5387 3919 5456; baseline 0 -16"><span class='ocrx_word' id='word_1_882' title='bbox 2443 5389 2518 5442; x_wconf 93' lang='lat' dir='ltr'><strong>De</strong></span> <span class='ocrx_word' id='word_1_883' title='bbox 2547 5389 2813 5456; x_wconf 82' lang='lat' dir='ltr'><strong>superbia,</strong></span> <span class='ocrx_word' id='word_1_884' title='bbox 2849 5387 2987 5455; x_wconf 90' lang='lat' dir='ltr'><strong>quod</strong></span> <span class='ocrx_word' id='word_1_885' title='bbox 3037 5397 3119 5442; x_wconf 88' lang='lat' dir='ltr'><strong>est</strong></span> <span class='ocrx_word' id='word_1_886' title='bbox 3157 5396 3314 5455; x_wconf 80' lang='lat' dir='ltr'><strong>caput</strong></span> <span class='ocrx_word' id='word_1_887' title='bbox 3366 5389 3603 5442; x_wconf 91' lang='lat' dir='ltr'><strong>omnium</strong></span> <span class='ocrx_word' id='word_1_888' title='bbox 3649 5388 3919 5447; x_wconf 85' lang='lat' dir='ltr'><strong>vitiorum.</strong></span> 
     </span>
    </p>
   </div>
   <div class='ocr_carea' id='block_1_112' title="bbox 2374 5475 3921 5546">
    <p class='ocr_par' dir='ltr' id='par_1_112' title="bbox 2374 5475 3921 5546">
     <span class='ocr_line' id='line_1_112' title="bbox 2374 5475 3921 5546; baseline -0.002 -17"><span class='ocrx_word' id='word_1_889' title='bbox 2374 5479 2616 5529; x_wconf 88' lang='lat' dir='ltr'><strong>oriuntur</strong></span> <span class='ocrx_word' id='word_1_890' title='bbox 2638 5478 2999 5546; x_wconf 84' lang='lat' dir='ltr'><strong>suprascripta</strong></span> <span class='ocrx_word' id='word_1_891' title='bbox 3024 5485 3225 5544; x_wconf 87' lang='lat' dir='ltr'><strong>septem</strong></span> <span class='ocrx_word' id='word_1_892' title='bbox 3243 5477 3366 5530; x_wconf 80' lang='lat' dir='ltr'><strong>vitia</strong></span> <span class='ocrx_word' id='word_1_893' title='bbox 3389 5477 3701 5532; x_wconf 86' lang='lat' dir='ltr'><strong>criminalia.</strong></span> <span class='ocrx_word' id='word_1_894' title='bbox 3728 5475 3921 5544; x_wconf 74' lang='lat' dir='ltr'><strong>Super-</strong></span> 
     </span>
    </p>
   </div>
   <div class='ocr_carea' id='block_1_113' title="bbox 2376 5550 3924 5636">
    <p class='ocr_par' dir='ltr' id='par_1_113' title="bbox 2376 5550 3924 5636">
     <span class='ocr_line' id='line_1_113' title="bbox 2376 5550 3924 5636; baseline 0.002 -17"><span class='ocrx_word' id='word_1_895' title='bbox 2376 5567 2460 5619; x_wconf 88' lang='lat' dir='ltr'><strong>bia</strong></span> <span class='ocrx_word' id='word_1_896' title='bbox 2487 5568 2682 5621; x_wconf 86' lang='lat' dir='ltr'><strong>dicitur</strong></span> <span class='ocrx_word' id='word_1_897' title='bbox 2709 5568 2861 5636; x_wconf 79' lang='lat' dir='ltr'><strong>quasi</strong></span> <span class='ocrx_word' id='word_1_898' title='bbox 2909 5550 3314 5636; x_wconf 79' lang='lat' dir='ltr'><strong>supergrediens</strong></span> <span class='ocrx_word' id='word_1_899' title='bbox 3343 5577 3573 5623; x_wconf 87' lang='lat' dir='ltr'><strong>mentem</strong></span> <span class='ocrx_word' id='word_1_900' title='bbox 3600 5569 3665 5624; x_wconf 89' lang='lat' dir='ltr'><strong>de</strong></span> <span class='ocrx_word' id='word_1_901' title='bbox 3699 5581 3764 5622; x_wconf 85' lang='lat' dir='ltr'><strong>eo</strong></span> <span class='ocrx_word' id='word_1_902' title='bbox 3789 5567 3924 5634; x_wconf 80' lang='lat' dir='ltr'><strong>quod</strong></span> 
     </span>
    </p>
   </div>
  </div>
