4232 6234
355 379 490 437 N03

1149 338 1297 428 ore.
1340 366 1734 427 SUPPOSlTA.
1770 326 1841 407 έ-
1874 363 2001 418 LIB.
2042 358 2131 415 us
2167 354 2420 413 murus
2454 338 2754 411 ornans.

3427 344 3563 401 H96

353 509 461 550 non
482 498 587 547 est.
616 478 767 554 Unde
788 486 1046 556 superbus
1066 486 1223 554 quasi
1266 493 1419 541 extra
1442 484 1586 538 viam
1611 478 1905 544 ambulans,
1935 478 1989 540 Α
2010 452 2363 542 dignoscitur,
2385 466 2595 556 abiecto
2617 464 2788 556 vultu,
2826 460 3049 556 pallido-
3069 466 3311 556 aspectu,
3338 456 3567 556 turbidis

348 581 422 635 'de
446 590 551 648 qua
599 573 878 644 Scriptura
911 590 924 625 :
965 572 1184 627 Initium
1222 574 1388 626 omnis
1430 571 1628 642 peccati
1670 568 1912 640 superbia

347 667 551 740 (Eccli.
574 682 630 731 ι,
659 664 768 734 15).
799 662 875 730 Et
896 662 1016 717 ideo
1039 661 1247 717 initium
1267 661 1463 716 dicitur
1479 661 1657 716 omnis
1679 650 1910 730 peccati,

350 757 483 828 quia
507 756 620 825 ipsa
643 753 923 824 praecessit
941 752 997 807 in
1022 752 1341 824 diabolo,_et
1363 766 1471 807 non
1519 751 1693 806 solum
1723 763 1916 820 pecca—

358 855 473 901 tum
496 853 580 899 est
607 843 743 914 ipsa,
766 843 860 898 sed
877 841 1040 897 etiam
1057 838 1260 897 nullum
1281 848 1561 911 peccatum
1575 839 1694 895 ﬁeri
1720 838 1914 909 potuit,

353 941 556 1005 potest,
579 940 672 987 aut
695 931 893 1002 poterit
934 931 1051 987 sine
1069 918 1207 1000 ipsa:
1236 928 1406 987 Porro
1441 931 1710 1001 cupiditas
1757 937 1919 997 atque

358 1021 613 1091 superbia
658 1020 713 1073 in
755 1027 963 1082 tantum
1005 1034 1173 1075 unum
1214 1026 1303 1075 est
1345 1018 1569 1083 malum,
1594 1025 1658 1072 ut
1680 1030 1782 1071 nec
1804 1016 1920 1071 sine

360 1113 611 1181 superbia
636 1112 805 1181 possit
826 1109 1056 1164 inveniri
1083 1108 1361 1177 cupiditas.
1393 1106 1514 1161 Non
1540 1106 1684 1160 enim
1710 1105 1921 1174 primus

363 1201 531 1256 homo
558 1201 744 1255 ederet
762 1200 828 1254 de
846 1198 990 1268 ligno
1030 1196 1324 1266 prohibito,
1351 1195 1455 1250 nisi
1482 1195 1918 1262 concupisceret;

360 1306 471 1346 nec
498 1292 836 1346 desereretur
860 1303 891 1341 a
913 1287 1161 1350 Domino,
1183 1285 1286 1341 nisi
1310 1272 1462 1357 prius
1492 1286 1607 1355 ipse
1630 1288 1919 1338 desereret.

372 1378 448 1433 De
472 1376 719 1447 superbia
744 1376 873 1432 dicit
912 1373 1282 1445 Augustinus:
1314 1389 1334 1422 ι
1369 1371 1597 1427 Vitanda
1638 1371 1795 1426 nobis
1842 1379 1925 1425 est

362 1463 637 1533 superbia,
666 1476 785 1533 quae
807 1470 864 1517 et
889 1461 1106 1532 angelos
1132 1460 1283 1515 novit
1304 1458 1571 1528 decipere,
1602 1464 1657 1512 et
1681 1458 1925 1512 homines

368 1554 645 1623 dissipare.
682 1572 703 1604 ι
739 1539 1095 1622 Ηίειοιιῄιιιιιε
1125 1567 1140 1605 :
1167 1568 1187 1602 ι
1220 1549 1318 1605 Vir
1347 1550 1608 1619 superbus
1631 1564 1735 1604 non
1762 1548 1924 1604 deco-

359 1644 593 1709 ‘rahitur,
642 1657 742 1698 nec
779 1643 1110 1711 voluntatem
1160 1654 1311 1696 suam
1346 1639 1613 1711 perﬁciet.
1650 1659 1669 1692 ι
1700 1638 1927 1694 Ambro-

370 1730 485 1784 sius
510 1744 525 1783 :
561 1748 579 1780 ι
614 1728 876 1799 Superbia
898 1745 974 1785 ex
994 1728 1198 1799 angelis
1224 1728 1494 1784 daamoues
1534 1725 1683 1792 fecit,
1713 1725 1929 1781 humili-

2012 559 2201 623 ocuiis,
2225 558 2439 612 turbato
2464 554 2633 609 vultu.
2662 553 2737 607 Dc
2765 554 2869 607 hac
2912 550 3129 605 tristitia
3169 547 3300 603 dicit
3342 545 3566 616 Aposto-
3669 565 3681 577 ο

2012 648 2098 703 lus
2122 666 2134 701 :
2160 647 2292 712 Qua:
2336 647 2474 699 enim
2513 642 2796 698 secundum
2848 639 3011 693 Deum
3052 637 3263 692 tristitia
3287 644 3386 701 est,
3413 629 3573 706 peni-

2013 736 2229 799 tentiam
2252 736 2307 789 in
2354 732 2574 787 salutem
2600 729 2836 785 stabilem
2876 736 3160 794 operatur:
3188 724 3367 780 διτοκιὶ
3401 732 3574 777 autem

2014 825 2231 879 tristitia
2258 832 2473 876 mortem
2496 828 2741 889 operatur
2769 815 2854 888 (11
2881 814 3002 870 Car.
3030 829 3126 879 vn,
3158 811 3530 884 lti).‘Alibique
3556 828 3570 864 :

2019 912 2305 967 Tristitium
2332 926 2435 964 non
2457 910 2549 963 des
2574 908 2760 962 anima
2809 917 2932 960 tum.
2957 905 3192 960 lsidorus
3216 922 3228 957 :
3266 919 3285 953 ι
3320 902 3415 956 Vis
3438 916 3575 956 nun.

2017 1015 2178 1070 quam
2230 1014 2351 1054 esse
2390 996 2597 1052 tristis?
2628 996 2764 1050 bene
2805 996 2967 1048 vive:
3000 1000 3210 1049 secreta
3250 990 3576 1046 conscientia

2015 1087 2295 1142 tristitiam
2324 1085 2518 1140 leniter
2534 1085 2792 1145 sustinet.
2831 1101 2851 1134 ›

2088 1192 2251 1265 472
2280 1192 2352 1247 De
2379 1193 2601 1247 avaritia
2633 1191 2773 1263 (qua:
2800 1190 2985 1246 Graece
3013 1191 3209 1247 dicitur
3234 1192 3577 1262 phiiargyria,

2021 1284 2076 1339 id
2098 1292 2200 1348 est,
2232 1298 2384 1337 amor
2434 1282 2693 1353 pecunitc,
2723 1281 2791 1335 ab
2819 1281 3070 1335 aviditate
3095 1281 3259 1345 dicta,
3288 1280 3427 1336 unde
3456 1298 3582 1337 ava-

2020 1386 2138 1436 rus,
2160 1371 2313 1440 quasi
2340 1370 2524 1423 avidus
2549 1369 2689 1434 auri,
2711 1369 2803 1439 qui
2823 1384 3091 1437 nunquam
3111 1372 3301 1449 opibus
3316 1371 3586 1445 expletur)

2019 1461 2265 1515 nascitur
2291 1458 2544 1529 proditio,
2571 1458 2741 1523 fraus,
2767 1458 2997 1524 faliacna,
3034 1458 3346 1528 periurium,
3374 1461 3580 1529 inquie-

2025 1550 2172 1613 tudo,
2201 1547 2474 1611 violentia,
2502 1554 2559 1601 et
2598 1554 2784 1601 contra
2837 1546 3255 1602 misericordiam
3304 1549 3582 1616 obduratio

2027 1635 2223 1690 cordis.
2262 1635 2337 1689 De
2364 1636 2467 1689 hac
2492 1635 2621 1690 dicit
2646 1634 2934 1702 Apostolus
2966 1654 2978 1687 :
3026 1635 3205 1704 Neque
3234 1638 3399 1699 avum",
3424 1654 3583 1705 neque

2028 1741 2241 1794 rapaces
2271 1741 2482 1794 regnum
2526 1723 2624 1778 Dei
2666 1724 2994 1794 possidebunt
3026 1723 3079 1795 (I
3118 1725 3241 1778 Cor.
3264 1741 3339 1791 vl,
3371 1727 3477 1799 10).
3518 1728 3584 1780 Et

362 1827 452 1873 tas
478 1826 655 1872 autem
682 1818 927 1873 homines
946 1817 1148 1871 sanctis
1171 1816 1374 1888 angelis
1398 1815 1602 1870 similes
1627 1816 1821 1871 reddit.
1862 1835 1881 1868 ι
1957 1800 1998 1859 Β
2027 1814 2278 1871 Salomon
2308 1835 2321 1869 :
2350 1816 2549 1870 Avarus
2566 1832 2669 1870 non
2692 1815 2985 1886 implebitur
3002 1815 3231 1885 pecuniis
3252 1814 3487 1886 (Eccl.v,
3504 1818 3579 1888 9).

441 1908 520 1962 De
552 1908 698 1962 inani
726 1907 918 1977 gloria,
949 1907 1002 1961 id
1028 1916 1131 1971 est,
1175 1922 1331 1972 vana,
1372 1921 1496 1977 qua:
1518 1905 1705 1961 Graece
1731 1906 1926 1961 dicitur

362 1994 636 2061 κενοδοξία,
665 1995 902 2050 nascitur
920 1994 1296 2058 inobedieutia,
1342 1992 1665 2063 bypocnsis,
1707 2001 1928 2047 conten-

362 2085 580 2148 tiones,
632 2082 968 2152 pertinacite,
1016 2081 1298 2136 discordia:
1340 2090 1394 2135 et
1443 2081 1739 2136 novitatum
1772 2096 1930 2151 prae-

335 2229 339 2233 ,
368 2182 717 2243 sumptiones.
747 2173 816 2227 Et
841 2172 985 2227 enim
1014 2172 1223 2226 vanitas
1247 2171 1431 2227 inﬂata
1472 2172 1728 2241 appetitio
1755 2171 1929 2243 digni-

366 2271 561 2325 tatum,
585 2260 756 2316 dulcis
784 2258 1024 2325 miseris,
1051 2275 1236 2315 amara
1255 2260 1539 2331 perfectis,
1564 2250 1651 2318 cui
1690 2262 1931 2317 serviunt

373 2349 578 2413 tumidi,
608 2348 707 2404 sub
731 2363 835 2419 qua
850 2346 1043 2417 .jacent
1079 2347 1227 2413 elati,
1254 2356 1474 2418 tamque
1497 2364 1592 2405 eos
1636 2350 1802 2404 ardor
1827 2350 1931 2404 hu-

367 2455 546 2496 manm
565 2439 739 2494 laudis
762 2436 1073 2505 inﬂammat,
1100 2445 1158 2495 ut
1182 2438 1449 2495 laboriosa
1475 2443 1663 2510 opera,
1695 2455 1813 2511 qua:
1836 2456 1932 2511 po-

368 2528 544 2611 pulus
572 2528 886 2592 admiretur,
919 2537 975 2583 et
999 2527 1193 2598 quibus
1246 2527 1389 2585 fama
1431 2530 1768 2597 didunditur,
1816 2530 1933 2586 sine

370 2606 559 2670 labore
607 2615 919 2684 suscipiant,
949 2623 1005 2671 et
1043 2616 1271 2673 libenter
1300 2626 1589 2673 exerceant
1618 2636 1631 2673 :
1660 2620 1804 2675 unde
1847 2626 1935 2674 est

372 2706 519 2781 quod
554 2703 824 2773 ieiunare,
863 2706 1153 2772 abstinete,
1200 2706 1445 2778 vigilare,
1483 2708 1778 2763 Ecclesium
1820 2706 1933 2762 fre-

373 2802 655 2863 quentare,
683 2793 767 2848 vel
796 2794 1044 2863 psallere,
1074 2809 1196 2849 cum
1222 2796 1338 2850 hac
1372 2797 1553 2851 omnia
1590 2797 1714 2851 sine
1750 2795 1934 2851 labore

371 2897 487 2936 non
528 2880 752 2945 faciunt,
779 2883 940 2937 etiam
962 2896 1089 2937 eum
1138 2882 1490 2939 delectatione
1512 2883 1734 2949 faciunt,
1775 2890 1837 2937 ut
1865 2882 1935 2938 ab

378 2969 705 3035 hominibus,
728 2962 925 3040 quibus
942 2970 1173 3040 placere,
1192 2986 1305 3026 non
1348 2970 1477 3037 Deo,
1510 2960 1833 3038 desiderant,
1854 2970 1936 3028 vi-

378 3060 610 3113 deantur
636 3076 648 3111 :
676 3059 818 3114 unde
846 3058 1054 3114 Veritas
1081 3077 1094 3114 :
1125 3058 1287 3114 Amen
1314 3060 1431 3115 dico
1455 3061 1612 3127 vobis,
1636 3070 1934 3133 receperunt

376 3150 659 3205 mercedem
683 3167 834 3204 suam
856 3149 1067 3221 (Matth.
1091 3166 1166 3216 ιιι,
1196 3150 1273 3222 2).

378 3326 637 3382 felicitati
673 3327 890 3392 dicitur,
938 3327 1179 3383 nascitur
1229 3328 1430 3393 odium,
1480 3324 1797 3393 susum-auo,
1842 3329 1934 3384 de-

377 3414 592 3478 tractio,
622 3414 910 3469 exsultatio
938 3407 1275 3481 in'adversis
1309 3417 1562 3485 proximi,
1599 3416 1813 3472 aiilictio
1840 3432 1935 3471 θυ-

381 3511 493 3558 ιειιι
518 3502 572 3557 in
622 3502 911 3572 prosperis.
958 3501 1036 3558 De
1083 3490 1507 3575 bac/Apostolus
1558 3507 1932 3575 comminatur,

380 3593 571 3648 dicens
599 3610 612 3646 :
641 3591 744 3657 Qui
769 3592 875 3645 odit
902 3592 1114 3661 fratrem
1145 3610 1315 3657 suum,
1339 3595 1597 3649 homicida
1623 3605 1698 3650 est
1728 3610 1746 3648 :
1777 3607 1824 3651 et
1847 3599 1937 3668 qui

378 3683 595 3745 invidet,
623 3682 678 3734 in
700 3682 922 3734 tenebris
941 3690 1035 3744 est,
1064 3692 1111 3736 et
1131 3671 1185 3735 in
1210 3684 1429 3737 tenebris
1454 3685 1684 3738 ambulat
1696 3684 1754 3756 (Ι
1773 3685 1933 3739 Joan.

381 3787 464 3847 tu,
492 3771 591 3834 l5;
620 3785 682 3833 ιι,
712 3770 821 3838 11).
854 3769 1005 3824 Unde
1034 3770 1165 3823 nihil
1208 3768 1471 3825 infelicius
1512 3782 1686 3840 potest
1706 3788 1827 3829 esse
1851 3775 1936 3827 in-

381 3863 526 3925 vido,
555 3861 647 3930 qui
679 3859 873 3918 alienis
896 3867 1177 3937 torquetur
1200 3860 1354 3915 bonis
1384 3878 1401 3925 ε,
1424 3862 1619 3916 invidia
1644 3862 1787 3917 enim
1812 3878 1935 3917 sen-

385 3968 506 4008 sum
530 3952 757 4017 mordet,
779 3959 967 4022 pectus
985 3950 1111 4019 urit,
1138 3962 1372 4009 mentem
1392 3952 1583 4019 allicit;
1602 3963 1662 4011 et
1685 3954 1776 4024 qui
1804 3956 1942 4010 invi-

383 4043 497 4107 det,
524 4043 715 4097 similis
739 4049 825 4096 est
852 4040 1087 4107 diabolo,
1117 4036 1211 4111 qui
1253 4043 1371 4114 per”
1385 4043 1639 4099 invidiam
1667 4044 1938 4101 hominem

385 4133 453 4187 de
477 4131 727 4201 paradiso
752 4131 932 4200 cjecit.
980 4150 983 4155 ε
1054 4150 1057 4151 ν

455 4220 533 4275 De
556 4220 638 4274 ira
660 4218 841 4290 longa,
888 4234 1008 4289 quae
1034 4206 1492 4290 abindignationc
1532 4223 1747 4287 dicitur,
1779 4239 1809 4276 a
1833 4238 1938 4293 qua

328 4310 333 4311 “
385 4319 441 4367 et
468 4306 760 4373 iracundia,
794 4324 859 4366 eo
885 4310 1027 4382 quod
1052 4323 1280 4365 accenso
1318 4312 1589 4381 sanguine,
1620 4312 1674 4365 in
1704 4312 1939 4367 furorem

384 4398 743 4469 compellitur,
774 4406 1071 4454 nascuntur
1101 4398 1253 4463 rixm,
1285 4406 1461 4454 tumor
1500 4400 1716 4465 mentis,
1747 4407 1936 4454 contu-

2020 1905 2093 1960 Et
2114 1907 2255 1961 idem
2288 1924 2301 1959 ε
2331 1907 2502 1961 Avaro
2536 1916 2706 1959 autem
2735 1906 2875 1959 nihil
2897 1915 2972 1960 est
3015 1896 3314 1961 scelestius:
3357 1906 3585 1978 nihilque

2025 1993 2252 2063 iniquius
2278 2010 2435 2064 quam
2455 2009 2631 2048 amare
2664 2011 2936 2063 pecuntam
2969 1994 3156 2066 (Eccli.
3203 2012 3261 2060 ι,
3288 1996 3362 2067 9).
3392 1996 3459 2050 Et
3484 1997 3585 2051 itc-

2021 2095 2143 2143 rum
2177 2099 2189 2135 :
2221 2078 2353 2135 Cum
2377 2082 2513 2135 enim
2534 2087 2785 2135 morietur
2804 2083 2980 2147 homo,
3010 2084 3337 2147 harreditabit
3374 2101 3584 2155 semen-

2022 2179 2099 2222 tes
2120 2178 2167 2222 et
2198 2168 2386 2223 bestias
2410 2179 2458 2222 et
2482 2185 2669 2223 vermes
2692 2168 2879 2240 (Ibid.,
2903 2187 2948 2224 υ.
2979 2171 3085 2241 15).
3118 2170 3230 2227 Hoc
3251 2187 3378 2227 vero
3397 2172 3586 2227 vitium

2026 2256 2259 2311 vincitur
2278 2256 2338 2311 in
2358 2256 2639 2327 largitione
2658 2272 2975 2331 pauperum,
3018 2259 3073 2313 in
3099 2258 3400 2315 visitatione
3440 2262 3586 2316 infir-

2029 2360 2264 2411 morum,
2282 2345 2335 2400 in
2364 2354 2675 2416 tegumento
2690 2347 2973 2413 nudorum,
2997 2354 3053 2403 et
3082 2348 3137 2402 in
3165 2349 3432 2405 reddendo
3446 2353 3587 2421 quod

2024 2436 2228 2505 mjuste
2255 2434 2493 2491 ablatum
2520 2444 2620 2491 est.
2649 2443 2705 2490 et
2723 2438 2776 2491 in
2803 2435 2929 2491 ﬂetu
2958 2452 3024 2492 ac
3044 2422 3296 2509 lacrymis
3318 2454 3439 2495 cum
3463 2455 3592 2495 cou-

2031 2525 2251 2580 tritione
2278 2525 2480 2590 (mdis,
2509 2526 2647 2580 sicut
2669 2526 2925 2581 Dominus
2950 2527 3078 2582 dicit
3113 2544 3126 2581 :
3158 2524 3219 2583 Si
3240 2528 3311 2582 ris
3331 2529 3588 2600 perfectus

2023 2630 2162 2678 esse,
2193 2615 2321 2671 vade
2342 2623 2391 2668 et
2424 2614 2581 2669 vende
2627 2616 2802 2669 omnia
2830 2630 2946 2685 qua
2970 2615 3144 2683 habes,
3179 2626 3228 2671 et
3249 2616 3319 2670 sa
3347 2619 3589 2688 pauperi-

2027 2703 2127 2756 bus
2148 2702 2379 2772 (Hattlt.'
2397 2718 2508 2766 xu,
2537 2702 2649 2772 2i).

2105 2793 2182 2847 De
2208 2793 2412 2847 ventris
2432 2793 2682 2863 ingluvie,
2705 2808 2822 2862 qua:
2846 2793 3030 2849 Graece
3056 2795 3251 2850 dicitur
3273 2798 3586 2867 gastrimar—

2035 2881 2141 2952 gia,
2175 2881 2229 2935 id
2254 2888 2355 2944 est,
2384 2882 2599 2936 horrida
2621 2883 2887 2938 voracitas
2907 2892 3067 2954 atque
3104 2884 3377 2956 gulositas,
3418 2878 3535 2956 quae
3556 2904 3587 2943 a

2032 2969 2158 3042 gula
2187 2969 2400 3036 dicitur,
2427 2971 2668 3026 nascitur
2692 2971 2867 3041 inepta
2897 2972 3101 3039 laetitia,
3139 2976 3454 3041 scurrilitas,
3484 2977 3587 3031 im-

2038 3060 2323 3126 munditia,
2377 3061 2787 3130 stultiloquium,
2852 3056 3262 3133 multiloquium,
3327 3064 3590 3122 hebetudo

1955 3139 2002 3201 C
2035 3164 2224 3207 sensus
2249 3150 2396 3205 circa
2426 3141 2850 3218 intelligentiam,
2889 3159 2942 3206 et
2965 3161 3049 3207 est
3090 3153 3281 3208 vitium
3327 3155 3584 3224 spiritale.

449 3236 742 3291 Deinvidia
770 3236 881 3291 sive
924 3238 1121 3302 invido,
1166 3238 1258 3307 qui
1307 3238 1378 3293 ab
1404 3238 1933 3294 invidendoaiterius
1978 3254 1979 3257 ‘

2033 3238 2110 3292 De
2157 3239 2260 3293 hoc
2300 3238 2558 3306 scriptum
2586 3245 2670 3292 est
2698 3252 2713 3290 :
2744 3238 2845 3303 Qui
2888 3241 3110 3293 continet
3156 3252 3376 3295 uentrem
3414 3260 3585 3309 suum,

2033 3327 2217 3380 minuit
2249 3327 2377 3381 vitia
2396 3339 2415 3378 :
2453 3326 2772 3380 abundantia
2802 3336 2973 3380 autem
2992 3345 3241 3398 escarum,
3273 3334 3433 3384 nutrit
3454 3332 3591 3387 desi-

2033 3413 2179 3468 deria
2212 3414 2372 3468 mala.
2406 3412 2587 3469 Multa:
2615 3431 2744 3468 esca:
2774 3417 3006 3469 nutriunt
3040 3427 3260 3471 ventrem
3284 3419 3585 3488 fornicatio-

2032 3504 2133 3557 nis.
2161 3503 2227 3556 Et
2249 3503 2534 3573 Apostolus
2559 3519 2574 3556 :
2600 3502 2720 3557 Non
2744 3502 2796 3557 in
2825 3506 3278 3561 comessationibus
3308 3518 3355 3560 et
3375 3509 3588 3562 ebrieta-

2033 3592 2169 3649 tibus
2196 3592 2371 3663 (Rom.
2393 3608 2509 3657 xui,
2525 3592 2632 3661 15).
2659 3592 2725 3646 Et
2752 3594 2873 3660 quia
2892 3578 3107 3662 primus.
3118 3594 3279 3650 homo
3299 3596 3427 3652 vitio
3450 3598 3586 3668 gulae

2034 3680 2245 3743 cecidit,
2267 3695 2483 3735 necesse
2503 3687 2604 3744 est,
2629 3687 2687 3733 ut
2702 3695 2802 3749 per
2821 3673 3198 3734 abstinentiam
3218 3684 3581 3755 resurgamus.

2033 3770 2180 3825 Lata
2224 3785 2353 3824 caro
2394 3770 2558 3823 traxit
2603 3784 2701 3823 nos
2726 3770 2790 3823 ad
2816 3777 3114 3839 peccatum,
3140 3770 3332 3827 ainicta
3364 3774 3586 3831 reducat

2034 3858 2099 3912 ad
2120 3858 2349 3917 veniam.
2820 3928 2825 3933 l

2106 3945 2181 4001 De
2212 3947 2443 4009 luxuria,
2467 3961 2585 4015 quae
2604 3960 2633 3999 a
2660 3946 2783 4001 luxu
2828 3962 3021 4002 nomen
3046 3947 3269 4018 accepit,
3300 3957 3353 4004 et
3382 3960 3466 4005 est
3486 3951 3585 4006 im-

2037 4038 2297 4092 munditia
2326 4036 2639 4107 corporalis,
2668 4037 2807 4091 unde
2835 4046 2887 4090 et
2912 4037 3237 4103 luxuriosus,
3268 4040 3417 4107 quasi
3444 4040 3585 4096 solu-

2038 4136 2124 4182 tus
2168 4136 2224 4182 et
2260 4135 2549 4196 corruptor
2590 4127 2803 4192 dicitur,
2846 4128 3084 4183 nascitur
3110 4130 3326 4184 caecitas
3369 4131 3580 4195 mentis,

2036 4218 2470 4283 inconsideratio,
2499 4220 2876 4283 inconstantia,
2908 4221 3276 4289 precipitatio,
3306 4237 3459 4277 amor
3480 4224 3583 4287 sui,

2035 4306 2215 4360 odium
2256 4305 2372 4370 Dei,
2397 4305 2603 4361 afﬂatus
2637 4308 2916 4376 praesentis
2942 4307 3142 4373 saeculi,
3188 4308 3380 4365 horror
3407 4318 3584 4365 autem

2036 4393 2119 4449 vel
2143 4394 2446 4464 desperatio
2469 4394 2790 4450 futurorum.
2836 4397 2931 4451 Est
2968 4405 3144 4451 autem
3186 4398 3373 4454 vitium
3396 4415 3588 4471 corpo-

387 4468 577 4553 meliaa,
600 4488 826 4554 clamor,
847 4488 1539 4561 indignatio,blasphemi:e.
1562 4488 1637 4544 De
1658 4489 1772 4559 ipsa
1794 4490 1936 4545 enim
1963 4468 2012 4527 Ῑ)
2037 4482 2169 4537 mle.
2192 4482 2270 4538 De
2308 4483 2427 4553 ipso
2464 4484 2593 4539 dicit
2624 4483 2908 4555 Apostolus
2934 4502 2949 4542 :
2980 4485 3169 4558 Fugite
3191 4468 3592 4559 fornicationem,

386 4579 518 4633 dicit
535 4577 807 4653 Scriptura
827 4598 840 4633 :
858 4577 950 4632 Ira
968 4581 1024 4633 in
1043 4580 1163 4634 sinu
1189 4578 1335 4633 stulti
1358 4579 1624 4650 requiescit
1652 4577 1821 4650 (Eccl.
1840 4594 1933 4653 vn,

2036 4572 2089 4643 (I
2114 4571 2235 4647 Cor.
2270 4588 2346 4639 VI,
2372 4574 2477 4646 18).
2519 4574 2588 4629 Et
2611 4575 2749 4631 idem
2780 4594 2791 4629 :
2826 4575 3191 4633 Fornicatores
3228 4589 3279 4633 et
3322 4579 3584 4636 adulteros

317 4681 321 4685 '
388 4666 498 4735 10).
527 4665 595 4719 Et
621 4666 747 4720 alibi
759 4651 783 4719 ἐ
810 4665 903 4719 Ira
928 4668 1063 4720 enim
1086 4667 1186 4721 uiri
1209 4666 1473 4735 justitiam
1498 4666 1593 4721 Dei
1622 4683 1727 4720 non
1751 4672 1935 4736 opera;
2023 4660 2284 4731 judicabit
2304 4662 2556 4718 Dominus
2583 4663 2765 4733 (Hebr.
2788 4681 2905 4728 xm,
2936 4666 3011 4737 ι).
3036 4666 3424 4740 Hieronymus:
3454 4688 3471 4719 ι
3492 4669 3585 4725 Va:

388 4762 476 4806 tur
504 4749 641 4822 (Jac.
693 4767 732 4815 ι,
772 4750 885 4822 20).
918 4751 986 4805 Et
1010 4752 1064 4805 in
1090 4752 1299 4821 psalmo
1347 4754 1413 4809 de
1458 4755 1763 4824 quotidiana
1811 4753 1932 4807 ira:

391 4841 707 4902 Irascimini,
733 4848 780 4892 et
809 4838 965 4892 nolite
989 4856 1197 4908 peccare
1231 4838 1403 4913 (Psal.
1446 4859 1520 4908 Iv,
1565 4843 1642 4916 δ).
1690 4844 1757 4899 Et
1799 4844 1939 4915 Apo-

388 4928 596 4982 stolus:
631 4926 724 4983 Sol
751 4944 856 4982 non
905 4927 1103 4981 occidat
1148 4945 1302 4999 super
1346 4930 1672 4986 iracundiam
1714 4944 1934 4989 vestram

388 5017 602 5089 (Ephes.
631 5032 705 5084 tv,
728 5018 841 5089 26),
865 5025 919 5072 et
938 5018 1064 5072 alibi
1096 5036 1109 5072 :
1138 5019 1242 5072 Illa
1269 5020 1404 5073 enim
1423 5020 1505 5073 ira
1543 5022 1683 5076 mala
1704 5034 1800 5089 est,
1820 5037 1936 5096 qua

388 5114 605 5159 mentem
632 5104 824 5170 turbat,
849 5114 904 5157 ut
930 5101 1121 5161 rectum
1150 5108 1422 5162 consilium
1445 5111 1645 5179 perdat.

458 5196 534 5249 De
576 5194 810 5258 tristitia,
865 5210 984 5262 qum
1027 5197 1200 5272 oritur
1226 5213 1293 5252 ex
1320 5199 1417 5263 ira,
1449 5190 1684 5258 nascitur
1708 5203 1932 5268 malitia,
1966 5228 1969 5229 ν

390 5299 601 5347 rancor,
622 5280 1052 5352 pusillanimitas,
1076 5284 1401 5353 desperatio,
1420 5293 1610 5358 torpor
1628 5287 1772 5343 circa
1797 5302 1934 5357 prte—

390 5387 561 5448 cepta,
582 5377 793 5448 vagatio
811 5376 1006 5437 mentis
1030 5390 1155 5446 erga
1179 5379 1381 5436 illicita.
1424 5380 1492 5435 Et
1509 5381 1781 5437 sciendum
1807 5383 1933 5451 quia

309 5451 317 5458 '
393 5467 532 5521 inter
560 5466 833 5526 tristitiam
861 5472 917 5519 et
956 5466 1265 5543 maestitiam
1290 5469 1393 5524 hoc
1437 5469 1657 5525 interest
1688 5487 1701 5522 :
1732 5471 1937 5525 mesti-

391 5556 487 5619 tia,
516 5556 690 5610 cordis
713 5549 825 5619 est;
855 5552 1090 5618 tristitia,
1136 5553 1315 5611 vultus
1342 5574 1355 5611 :
1404 5565 1653 5613 maestum
1680 5557 1823 5611 enim
1852 5559 1939 5613 vel

393 5643 619 5699 inertem
668 5643 893 5697 dicimus
940 5641 1204 5705 animum;
1250 5641 1420 5698 tristis
1466 5630 1609 5698 enim
1656 5641 1809 5703 facie.
1864 5645 1937 5699 ita

746 5733 1015 5792 Ριτιιοι..
1061 5728 1158 5791 Cl.

2033 4750 2109 4826 illi
2138 4752 2229 4821 qui
2259 4761 2388 4810 tunc
2429 4746 2678 4808 habuerit
2723 4756 3008 4810 terminum
3048 4757 3271 4812 luxuria:
3295 4760 3505 4826 quando
3531 4769 3587 4815 et

2034 4820 2175 4896 vitm.
2200 4860 2220 4893 ι
2236 4842 2489 4897 Diabolus
2506 4857 2605 4911 per
2630 4843 2930 4913 superbiam
2952 4851 3005 4898 et
3019 4820 3418 4900 fornicationem
3439 4838 3583 4902 omni

2036 4931 2312 4988 hominum
2336 4932 2513 5005 generi
2537 4932 2861 4988 dominatur.
2886 4932 3144 4988 Omnibus
3162 4938 3397 5002 peccatis
3421 4935 3587 4993 fnrni~

2038 5024 2179 5099 catio
2204 5022 2373 5092 major
2399 5028 2483 5077 est
2503 5021 2734 5086 ;'melius
2756 5022 2894 5075 mori
2916 5036 3072 5090 quam
3094 5021 3343 5080 fornicari
3376 5044 3389 5078 :
3418 5026 3582 5082 libido

2038 5112 2094 5167 in
2139 5111 2407 5167 infernum
2448 5109 2719 5163 hominem
2768 5110 2961 5179 mergit
2994 5129 3007 5163 :
3037 5117 3094 5164 et
3134 5112 3430 5176 sciendum,
3458 5099 3582 5183 quia

2040 5199 2406 5259 fornicatores,
2460 5194 2761 5260 libidinosi,
2818 5194 3135 5263 Sodomitas,
3193 5197 3449 5261 adulteri.
3502 5201 3584 5255 in-

2038 5288 2288 5353 cestuosi,
2318 5292 2777 5355 constupratores,
2798 5295 3061 5355 raptores,
3094 5287 3297 5352 molles,
3324 5289 3586 5346 masculo-

2037 5395 2157 5435 rum
2192 5376 2583 5455 concubitores,
2638 5376 2917 5443 immundi,
2953 5377 3263 5447 poliutores,
3310 5380 3581 5449 impudici.

2037 5467 2355 5539 generaliter
2390 5465 2653 5521 luxuriosi
2695 5466 3055 5521 nominantur.
3113 5466 3261 5522 Unde
3306 5466 3585 5525 fornicatio

2037 5555 2233 5610 dicitur
2262 5566 2413 5608 amor
2437 5551 2675 5624 legitimo
2701 5553 2969 5609 connubio
3005 5550 3229 5615 solutus,
3256 5560 3310 5605 et
3332 5565 3466 5623 vaga
3486 5570 3583 5609 ex-

2038 5641 2241 5714 plcndaa
2268 5640 2503 5696 libidinis
2527 5641 2895 5696 consectanda:
2920 5639 3147 5694 licentia.
3198 5639 3273 5694 De
3298 5654 3401 5709 qua
3445 5644 3577 5698 seri-

3113 5725 3191 5788 38
