4232 6210
731 319 861 373 1195
1544 316 1602 367 B.
1644 313 1702 365 F.
1745 310 1964 365 ALBINI
2002 309 2127 364 SEU
2168 308 2439 364 ALCUlNl
2474 307 2756 363 OPERUM
2792 302 2970 361 PARS
3006 303 3094 361 IX.
3792 304 3932 357 “96

724 442 870 500 ptum
886 437 967 483 est
994 446 1003 478 :
1027 425 1126 490 Qui
1150 426 1455 493 fornicatur,
1484 426 1536 475 in
1562 438 1715 474 carne
1737 438 1830 473 sua
1853 428 2023 488 peccat
2051 431 2067 467 :
2090 398 2136 469 et
2158 432 2267 468 ma—
2296 434 2339 486 Α
2376 424 2685 469 veneratur.
2731 415 2983 477 Susurro,
3016 416 3082 467 de
3128 425 3260 467 sono
3303 404 3587 465 locutionis
3627 408 3935 478 appellatur

728 496 849 577 iuris
874 526 945 569 est
969 515 1216 574 criminis,
1244 514 1365 581 quia
1404 510 1533 563 tollit
1555 510 1781 561 membra
1815 508 2025 568 Christi,
2061 516 2107 557 et
2138 505 2261 571 facit
2365 508 2421 560 id
2445 514 2545 573 est,
2577 508 2666 574 qui
2696 506 2925 560 libenter
2948 502 3152 556 inutilia
3181 499 3346 555 audit.
3386 499 3539 554 Unde
3588 496 3870 565 Scriptura
3913 515 3925 549 :

2370 597 2488 649 Non
2538 598 2609 650 sis
2653 610 2870 648 susurro
2921 591 3107 662 (Ereti.
3140 604 3195 653 v,
3226 590 3333 658 16).
3366 586 3588 641 Maleﬁci
3614 594 3670 641 et
3699 586 3931 645 veneﬁci

2366 686 2637 750 dicuntur,
2661 687 2753 754 qui
2777 698 2939 739 causa
2970 682 3156 737 mortis
3186 694 3444 734 venenum
3470 687 3682 747 parant,
3714 683 3768 731 et
3788 677 3931 730 arti-

727 783 813 830 tis.
860 776 1141 830 Sodomita:
1188 776 1609 843 interpretantur
1653 772 1958 840 exclusores
2010 770 2263 836 ipsorum.
2366 776 2548 830 ﬁciose
2588 776 2758 829 multa
2806 775 2945 827 mala
2982 778 3325 839 componunt.
3365 769 3630 833 maledici,
3672 767 3926 836 linguosi,

726 864 958 917 Αάιιίῑθτί
982 863 1251 924 dicuntur,
1284 862 1407 927 (luia
1464 860 1684 912 alterius
1718 868 1890 910 ιονυω
1919 857 2134 916 νίοιὸηῐν
2158 855 2270 908 Si"?
2368 864 2480 917 sive
2522 861 2762 931 litigiosi,
2811 860 3065 929 sortilegi,
3092 868 3147 913 et
3174 858 3342 911 divini
3385 859 3515 911 sive.
3546 856 3765 909 fanatici
3791 869 3932 908 eon-

728 951 981 1018 polluunt.
1029 950 1269 1002 Incestus
1295 948 1506 1010 dicitur,
1550 931 1701 1015 quasi
1752 947 2004 1005 incastris,
2056 950 2272 1011 propter
2364 950 2723 1018 λίθοισι-θεμιιή
2746 951 2843 1003 sub
2858 961 3050 1002 nomen
3077 945 3213 1000 ﬁctae
3232 944 3525 1014 religionis,
3546 958 3640 1012 per
3665 942 3927 1012 quasdam

728 1041 969 1092 illicilam
1000 1037 1443 1099 εοωῐηίδιίοηθῐη,
1486 1035 1540 1088 id
1575 1043 1676 1098 est.
1705 1034 2009 1102 ειυίουιιιιιιε
2032 1046 2151 1085 cum
2180 1027 2275 1099 βω·
2372 1039 2528 1108 (quas
2544 1046 2717 1092 sortes
2745 1045 3052 1092 sanctorum
3078 1034 3290 1103 vocant)
3318 1034 3670 1087 divinationes
3684 1042 3739 1085 et
3756 1032 3932 1086 scien-

730 1138 878 1181 rente
900 1126 1128 1194 propria,
1162 1134 1253 1177 aut
1278 1128 1477 1183 sorore,
1508 1123 1614 1194 _vel
1655 1124 1833 1183 vidua.
1866 1122 1977 1174 Sive
2023 1133 2273 1185 noverca,
2374 1126 2501 1178 tiam
2523 1123 2860 1193 profitentur.
2894 1120 3059 1175 Arioli
3110 1120 3222 1174 sive
3251 1120 3522 1189 aruspices
3549 1119 3759 1188 proprie
3782 1124 3927 1179 sunt,

732 1215 858 1277 filia,
876 1214 954 1266 vel
979 1220 1225 1281 cognata,
1254 1219 1409 1278 atque
1440 1190 1661 1263 Domino
1678 1216 2273 1276 saerata,prtesuntpse-

2398 1213 2466 1281 [ui
2496 1190 2640 1265 circa
2690 1226 2811 1264 aras
2855 1210 3115 1264 idolorum
3158 1208 3390 1262 nefarias
3442 1222 3629 1276 preces
3658 1208 3927 1261 emittunt.

731 1308 801 1358 rit
848 1306 1117 1359 fornicari.
1167 1303 1511 1371 Stupratores
1540 1302 1804 1361 dicuntur,
1845 1301 2109 1369 virginum
2152 1315 2277 1352 cor-
2375 1301 2637 1368 Augures,
2660 1300 2749 1367 qui
2781 1299 3001 1365 auguria
3040 1306 3094 1350 et
3131 1296 3338 1375 volatus
3380 1304 3539 1364 atque
3569 1310 3727 1349 voces
3754 1295 3930 1347 avium

730 1402 993 1461 ruptores.
1043 1392 1301 1459 Raptores
1358 1406 1387 1441 a
1447 1390 1717 1457 rapiendo,
1760 1389 1849 1456 qui
1903 1397 2052 1457 rapto
2098 1396 2280 1455 stupro
2381 1389 2675 1441 intendunt.
2702 1387 2950 1455 Auspicia
2980 1387 3122 1439 enim
3164 1387 3303 1439 ultro
3331 1386 3566 1439 veniunt.
3596 1384 3796 1438 Fatuus
3827 1390 3930 1444 est,

729 1480 996 1532 fruuntur.
1024 1477 1175 1531 Unde
1206 1485 1259 1529 et
1284 1478 1423 1529 inter
1471 1486 1729 1545 stuprum,
1781 1463 2095 1529 adulterium
2120 1483 2174 1528 et
2203 1475 2280 1526 in-
2379 1479 2471 1545 qui
2499 1479 2640 1546 quod
2664 1477 2808 1530 fatur
2833 1492 2938 1529 non
2967 1476 3230 1545 intelligit,
3257 1472 3429 1543 neque
3451 1477 3590 1543 quod
3617 1475 3704 1528 alii
3730 1474 3931 1533 dicunt,

729 1577 935 1623 cestum
987 1568 1058 1619 ita
1105 1566 1281 1622 diil‘ert
1311 1585 1323 1617 :
1353 1573 1595 1633 stuprum
1621 1566 1675 1617 in
1703 1564 1924 1631 virgine,
1966 1546 2282 1617 adulterium
2381 1566 2648 1619 etdicitur
2674 1579 2882 1617 excors.
2931 1564 3006 1617 De
3028 1578 3133 1631 quo
3160 1564 3215 1617 in
3268 1563 3553 1633 Evangelio
3580 1582 3592 1616 :
3621 1563 3723 1628 Qui
3748 1562 3934 1615 dixerit

731 1665 785 1717 in
812 1674 994 1732 nupta,
1028 1648 1261 1717 incestus
1289 1661 1343 1713 in
1369 1659 1698 1729 parentibus.
1728 1659 1909 1713 Molles
1936 1667 2060 1712 sunt
2081 1657 2285 1713 effemi-
2317 1731 2327 1732 ί
2375 1657 2529 1724 fatue
2547 1655 2754 1725 (Matth.
2784 1671 2834 1719 v,
2860 1655 2971 1724 22).
2992 1654 3171 1709 Genus
3195 1658 3336 1709 enim
3364 1656 3587 1710 convicii
3615 1664 3714 1709 est.
3736 1655 3934 1716 Racha,

732 1754 865 1817 nati,
886 1731 969 1806 vel
997 1755 1087 1821 qui
1110 1753 1303 1805 barbas
1324 1766 1428 1803 non
1453 1750 1665 1811 habent,
1690 1750 1801 1803 sive
1821 1750 1911 1817 qui
1933 1749 2152 1801 alterius
2172 1745 2279 1800 for—
2310 1731 2353 1788 Β
2382 1747 2541 1817 473
2558 1747 2732 1800 inanis
2747 1755 2801 1799 et
2827 1762 3042 1809 vacuus,
3063 1747 3176 1800 sive
3197 1747 3396 1815 absque
3421 1748 3661 1799 cerebro.
3682 1744 3775 1798 Est
3793 1744 3938 1812 enim

726 605 947 657 membra
972 601 1163 654 diaboli
1199 600 1249 669 (1
1286 600 1405 651 Cor.
1441 615 1521 661 ιιι,
1548 598 1653 665 18).
1684 596 1970 649 Libidinosi
1994 594 2260 653 dicuntur,

725 692 815 760 qui
838 688 1193 756 faciuntquod
1213 689 1292 740 eis
1312 688 1440 740 libet
1468 704 1480 738 :
1510 694 1634 739 sunt
1655 686 1795 737 enim
1826 683 2001 751 cupidi
2030 681 2262 748 volupta-

731 1842 1050 1895 nicationem
1101 1841 1381 1895 sustinent.
1412 1838 1487 1891 De
1529 1838 1721 1905 quibus
1748 1835 2067 1904 Apostolus:
2104 1833 2280 1904 Neque

730 1928 910 1981 molles
938 1944 1147 1994 regnum
1169 1926 1262 1979 Dei
1284 1925 1630 1994 possidebunt,
1671 1924 2018 1977 masculorum
2042 1922 2282 1976 concubi-

734 2026 889 2077 tores,
934 2016 1141 2067 comites
1182 2014 1567 2082 fornicantium,
1598 2012 1869 2075 immundi,
1898 2011 2100 2081 polluti,
2143 2012 2283 2064 coin-

732 2100 937 2172 quinati
963 2102 1012 2173 (Ι
1039 2103 1158 2155 Cor.
1185 2118 1257 2167 vt,
1298 2102 1404 2172 10),
1454 2103 1584 2156 socii
1625 2102 1931 2164 luxuriosis,
1974 2087 2281 2169 pollutores,

736 2191 1023 2253 deformes,
1054 2191 1441 2251 commaculati,
1474 2191 1559 2249 vel
1587 2190 1677 2257 qui
1707 2189 1935 2257 propriis
1963 2189 2207 2243 manibus
2229 2203 2286 2242 se

734 2279 1027 2333 sordidant.
1082 2278 1333 2347 lmpudici
1360 2294 1389 2330 a
1416 2277 1599 2346 podice
1642 2286 1665 2312 δ
1718 2287 1996 2341 vocantur,
2043 2286 2284 2346 putorem

734 2368 877 2421 enim
900 2366 1118 2419 fetorem
1149 2367 1409 2419 dicimus:
1444 2368 1553 2420 sive
1589 2366 1905 2435 impudicus,
1937 2368 2026 2436 qui
2052 2367 2282 2435 turpitu-

736 2457 915 2510 dinem
945 2454 1141 2525 llagitio
1162 2454 1339 2508 infert.

806 2544 912 2598 Sed
934 2552 987 2597 et
1012 2544 1109 2596 alia
1136 2544 1261 2595 vitia
1287 2548 1407 2609 quae
1440 2542 1563 2595 licet
1613 2558 1677 2597 ex
1708 2544 2072 2611 superioribus
2112 2544 2289 2598 orian-

735 2642 846 2694 tur,
892 2632 1013 2684 aliis
1044 2640 1219 2683 tamen
1250 2630 1381 2684 locis
1420 2640 1727 2695 censentur,
1760 2633 1898 2685 sicut
1928 2633 2286 2703 sacrilegium,

739 2722 882 2789 quod
910 2719 1234 2789 Augustinus
1262 2723 1398 2775 inter
1422 2728 1622 2790 septem
1646 2722 1771 2775 vitia
1803 2732 2028 2792 reputat.
2054 2708 2289 2779 Sacrile-

739 2830 881 2883 gium
912 2807 995 2867 est
1017 2828 1290 2867 sacrarum
1311 2828 1489 2867 rerum
1512 2813 1730 2875 furtum,
1756 2830 1873 2882 quas
1892 2822 2074 2884 postea
2100 2816 2291 2871 initlo-

739 2903 910 2956 lorum
936 2902 1135 2955 cultum
1165 2902 1377 2954 cedunt.
1412 2901 1561 2955 Unde
1587 2902 1879 2969 sacrilegus
1925 2901 2117 2962 dictus,
2143 2902 2210 2955 ab
2229 2916 2293 2955 eo

736 2989 878 3057 quod
908 3004 1058 3042 sacra
1080 2989 1229 3056 legit,
1258 2998 1311 3042 et
1333 2988 1542 3040 furatur
1572 2997 1754 3041 contra
1780 2989 1923 3057 leges
1957 3007 1969 3040 :
1998 2988 2082 3042 vel
2128 2990 2296 3043 sacri-

736 3078 910 3148 legus,
942 3093 1093 3131 sacra
1123 3079 1237 3131 loca
1258 3078 1479 3131 violans.
1510 3077 1733 3130 Faciunt
1758 3080 1859 3131 hoc
1897 3079 2135 3134 ecclesias
2160 3094 2296 3149 prte-

739 3169 921 3222 dones.
952 3168 1119 3221 Fures
1141 3183 1170 3220 a
1193 3167 1346 3222 furuo
1374 3168 1500 3220 dicti
1528 3176 1673 3232 sunt,
1698 3169 1749 3221 id
1773 3177 1876 3231 est,
1905 3185 1934 3222 a
1959 3168 2107 3223 fusco
2133 3188 2144 3222 :
2171 3185 2295 3224 nam

740 3258 914 3311 noctis
936 3258 1132 3311 adeunt
1157 3266 1383 3325 tempus.
1418 3256 1565 3311 Unde
1594 3257 1734 3309 inter
1762 3256 1931 3309 furem
1955 3266 2010 3311 et
2036 3258 2295 3312 latronem

742 3347 843 3399 hoc
867 3345 1043 3398 differt
1067 3363 1080 3397 :
1104 3346 1195 3412 qui
1217 3344 1447 3398 alienum
1473 3345 1759 3406 subtrahit,
1792 3345 1876 3397 fur
1900 3354 2012 3407 est;
2039 3349 2128 3413 qui
2153 3347 2297 3399 fura-

740 3445 829 3488 tur
852 3442 907 3487 et
929 3434 1143 3495 occidit,
1176 3433 1311 3486 latro
1330 3443 1432 3494 est,
1458 3449 1488 3485 a
1516 3433 1727 3486 latendo
1755 3435 1896 3486 enim
1919 3435 2111 3487 dicitur
2136 3435 2291 3488 latro.

743 3524 950 3592 Perjuri
976 3525 1245 3587 dicuntur,
1274 3524 1365 3591 qui
1394 3539 1673 3592 perperam
1694 3522 1895 3591 jurant,
1932 3525 1981 3577 id
2008 3534 2109 3587 est,
2138 3526 2291 3578 male.

746 3611 1017 3677 Falsidici,
1044 3614 1134 3681 qui
1162 3612 1305 3665 aliud
1331 3612 1511 3664 fantur
1540 3627 1696 3681 quam
1719 3627 1920 3665 verum.
1951 3614 2139 3666 Ebrius
2165 3614 2296 3667 dici-

744 3711 852 3765 tur,
881 3702 971 3770 qui
1000 3702 1066 3755 ad
1095 3710 1303 3769 tempus
1332 3703 1467 3755 bibit
1500 3719 1511 3753 :
1553 3701 1815 3764 ebriosus,
1844 3701 1933 3768 qui
1964 3716 2189 3768 semper.
2220 3702 2295 3755 De

742 3806 847 3858 quo
865 3790 1139 3859 Scriptura
1168 3790 1402 3843 :Ebriosi
1430 3806 1640 3857 regnum
1666 3789 1759 3842 Dei
1792 3806 1890 3841 non
1920 3800 2294 3857 consequentur

744 3877 948 3946 (Ibid).
978 3878 1269 3930 Acediosus
1296 3878 1360 3929 ab
1386 3877 1567 3930 acedia
1596 3876 1811 3938 dicitur,
1840 3876 1929 3943 qui
1973 3878 2294 3930 anxietatem

744 3967 853 4018 sive
877 3966 1089 4017 L'edium
1111 3965 1288 4017 cordis
1317 3965 1537 4031 patitur,
1564 3965 1654 4031 qui
1682 3972 1733 4016 et
1763 3964 2067 4019 inconstans
2092 3966 2171 4017 vel
2205 3983 2297 4019 va-

664 4114 673 4123 .
742 4070 841 4121 gus
870 4054 1066 4107 dicitur
1091 4071 1103 4105 :
1130 4054 1197 4106 ab
1224 4053 1489 4120 aliquibus
1517 4054 1655 4105 enim
1680 4052 1817 4115 inter
1836 4037 1961 4105 octo
1988 4055 2114 4107 vitia
2142 4071 2290 4124 repu-

743 4152 903 4195 tatur.
938 4143 1206 4195 l’atricitla
1258 4150 1311 4193 et
1354 4141 1615 4209 parricida
1667 4143 1766 4197 hoc
1791 4142 2006 4196 differt:
2037 4148 2293 4213 patricitla

742 4240 842 4291 est,
870 4231 960 4299 qui
999 4239 1273 4297 parentem
1323 4230 1537 4293 occidit,
1564 4231 1853 4298 parricida,
1885 4234 1973 4302 qui
2003 4249 2183 4301 parem
2205 4244 2295 4289 aut

2384 1852 2547 1904 genus
2571 1836 2924 1904 despectionis
2946 1836 3058 1890 sive
3078 1837 3189 1889 iraa.
3223 1836 3373 1891 Unde
3402 1836 3455 1889 in
3482 1835 3767 1909 Evangelio
3790 1849 3805 1886 :
3836 1833 3936 1898 Ωιι

2384 1926 2570 1978 dixerit
2596 1925 2858 1993 [ratristto
2878 1924 3038 1977 racha
3066 1924 3278 1994 (Matth.
3304 1923 3481 1993 v.22).
3502 1923 3614 1978 Hoc
3628 1930 3711 1976 est
3722 1937 3937 1990 prover-

2384 2017 2527 2069 bium
2539 2016 2895 2084 provinciale.
2911 2016 3048 2070 Ecce
3063 2018 3192 2070 vitia
3209 2017 3445 2071 breviter
3456 2017 3684 2087 digesta,
3707 2029 3805 2084 per
3821 2028 3935 2083 qua;

2387 2104 2674 2156 humanum
2696 2118 2861 2172 genus
2880 2119 2909 2156 a
2931 2104 3140 2159 diabolo
3167 2105 3404 2173 quotidie
3435 2105 3797 2175 impugnatur.

2457 2190 2530 2242 De
2550 2198 2742 2244 caetero
2767 2192 2938 2243 sciant
2962 2192 3263 2246 sacerdotes
3287 2192 3511 2257 Christi,
3546 2192 3672 2261 quia
3705 2191 3939 2260 quoties-

2389 2293 2597 2345 cunque
2647 2280 2713 2332 ad
2752 2279 3115 2345 paenitentiam
3169 2280 3457 2334 Christiani
3493 2281 3775 2343 accedunt,
3804 2278 3930 2349 jeju-

2391 2370 2621 2421 nandum
2659 2378 2738 2421 est
2767 2369 2915 2436 prius
2958 2383 3079 2422 cum
3105 2369 3203 2433 eis,
3232 2384 3328 2438 pro
3354 2383 3541 2423 eorum
3570 2369 3855 2430 erratibus,
3882 2375 3936 2420 ut

2390 2472 2495 2509 non
2522 2457 2728 2510 dicatur
2754 2458 2831 2510 eis
2857 2458 2996 2523 quod
3023 2458 3387 2511 sacerdotibus
3404 2456 3717 2512 Judteorum
3743 2457 3936 2509 dictum

2391 2554 2472 2598 est
2494 2560 2523 2597 a
2552 2546 2773 2597 Domino
2801 2562 2813 2596 :
2844 2543 2933 2599 Vae
2959 2545 3097 2598 vobis
3125 2544 3249 2614 legis
3276 2546 3473 2614 peritis,
3494 2546 3618 2615 quia
3647 2544 3937 2614 aggravatis

2392 2636 2655 2696 homines,
2707 2636 3021 2703 imponentes
3066 2652 3219 2700 super
3258 2636 3500 2689 humeros
3552 2651 3730 2689 eorum
3780 2649 3936 2686 onera

2393 2726 2590 2793 gravia,
2630 2726 2728 2794 ipsi
2759 2734 2930 2777 autem
2954 2725 3115 2794 digito
3140 2735 3306 2779 vestro
3338 2743 3438 2779 non
3461 2726 3673 2795 tangitis
3704 2725 3937 2777 sarcinas

2393 2831 2571 2868 eorum
2606 2814 2757 2883 (Luc.
2790 2830 2866 2877 χι,
2913 2812 3024 2883 46).
3070 2814 3235 2869 Nemo
3284 2815 3427 2868 enim
3475 2823 3651 2883 potest
3671 2814 3937 2889 iacentem

2396 2902 2493 2953 sub
2522 2915 2684 2953 onere
2705 2900 2999 2962 sublevare,
3032 2901 3133 2954 nisi
3161 2901 3490 2958 inclinaverit
3510 2916 3588 2963 se,
3623 2910 3677 2954 et
3702 2901 3935 2967 porrigat

2399 2989 2448 3043 ei
2477 3004 2711 3041 manum.
2756 2987 2937 3056 Neque
2970 2988 3108 3042 ullus
3154 2990 3481 3043 medicorum
3528 2988 3748 3042 vulnera
3797 2986 3947 3049 inﬁr-

2398 3076 2656 3130 mantium
2685 3083 2859 3145 potest
2883 3091 3093 3141 curare,
3117 3076 3219 3129 nisi
3248 3075 3504 3131 fetoribus
3534 3075 3805 3145 particeps
3825 3071 3940 3127 ius:
3978 3116 3985 3119 ς

2398 3168 2483 3220 rit.
2514 3166 2591 3219 Ita
2622 3180 2831 3234 quoque
2849 3166 3098 3220 sacerdos
3124 3166 3205 3219 vel
3236 3164 3475 3234 pontifex
3500 3179 3694 3219 curare
3724 3163 3943 3217 vulnera

2398 3270 2502 3308 non
2526 3262 2728 3324 potest,
2754 3254 2857 3309 nisi
2886 3263 3169 3322 praestante
3208 3253 3558 3308 sollicitudine
3579 3256 3635 3306 et
3656 3250 3898 3306 oratione
3926 3268 3940 3303 :

2396 3353 2453 3413 et
2476 3343 2694 3411 quoties
2709 3342 2917 3395 dederis
2941 3341 3217 3395 consilium
3238 3336 3505 3409 'peecanti,
3546 3340 3705 3394 simul
3730 3352 3943 3407 quoque

2396 3436 2461 3489 da
2484 3435 2557 3488 illi
2579 3434 2947 3503 paenitentiam
2968 3434 3169 3498 statim,
3193 3442 3449 3503 quantum
3476 3434 3668 3495 debeat
3680 3430 3940 3501 jejunare,

2396 3534 2450 3578 et
2480 3524 2741 3578 redimere
2768 3533 2982 3593 peccata
3008 3540 3123 3587 sua,
3146 3539 3212 3577 ne
3246 3524 3383 3580 forte
3411 3523 3765 3585 obliviscaris,
3780 3536 3944 3589 quan-

2399 3627 2506 3669 tum
2534 3632 2654 3670 eum
2679 3626 2920 3685 oporteat
2956 3618 3250 3680 abstinere;
3284 3617 3376 3670 tibi
3407 3616 3547 3670 enim
3571 3629 3789 3669 necesse
3823 3622 3939 3675 est,

2398 3714 2457 3758 ut
2486 3706 2676 3759 iterum
2708 3707 2774 3759 ab
2796 3721 2860 3760 eo
2882 3706 3136 3774 exquiras
3164 3716 3382 3774 peccata
3403 3746 3415 3765 ,
3434 3704 3567 3773 quia
3602 3703 3691 3756 ille
3718 3702 3940 3757 forsitan

2395 3796 2660 3849 erubescit
2692 3796 2882 3849 iterum
2908 3804 3129 3862 peccata
3177 3810 3271 3848 sua
3319 3795 3579 3848 conﬁteri.
3634 3794 3751 3847 Non
3799 3793 3940 3847 enim

2395 3898 2581 3938 omnes
2603 3884 2782 3937 clerici
2814 3892 2905 3936 aut
2937 3884 3075 3937 ullus
3096 3884 3265 3937 laicus
3288 3885 3426 3937 hanc
3446 3882 3766 3951 scripturam
3793 3895 3943 3936 usur-

2397 3988 2524 4043 pare
2550 3981 2642 4027 aut
2686 3974 2859 4041 legere
2893 3973 3104 4035 debent.
3134 3974 3236 4027 nisi
3261 3971 3359 4027 soli
3392 3972 3467 4025 illi
3506 3971 3699 4039 quibus
3727 3983 3941 4025 necesse

2397 4072 2505 4125 est;
2540 4064 2640 4117 hoc
2667 4070 2790 4118 sunt
2814 4063 3047 4131 episc0pi
3080 4061 3163 4115 vel
3203 4060 3520 4131 presbyteri,
3548 4060 3740 4140 quibus
3766 4059 3943 4113 claves

2396 4152 2546 4218 regni
2584 4151 2816 4205 caelestis
2838 4151 3063 4217 traditae
3086 4159 3229 4215 sunt,
3258 4149 3646 4217 si~nec.judieia
3676 4149 3777 4202 ista
3801 4147 3935 4200 alius

2398 4252 2653 4305 usurpare
2703 4236 2879 4291 debet.
2930 4236 2986 4291 Si
3028 4246 3200 4293 autem
3243 4238 3533 4291 necessitas
3576 4235 3836 4297 evenerit,
3874 4241 3942 4290 et

744 4320 967 4371 socium.
998 4317 1313 4379 Fratricitla,
1332 4319 1421 4386 qui
1441 4318 1655 4371 fratrem
1678 4320 1890 4374 occidit.
1920 4321 2290 4387 Hornicidium,

2398 4329 2675 4397 presbyter
2718 4343 2824 4382 non
2854 4328 3013 4382 fuerit
3038 4343 3303 4397 praesens,
3347 4328 3600 4381 diaconus
3630 4326 3657 4366 δ
3692 4326 3944 4395 suscipiat

744 4405 1095 4473 compositum
1125 4422 1186 4457 ex
1218 4406 1430 4457 homine
1450 4414 1504 4457 et
1534 4408 1697 4469 ctede,
1727 4410 1865 4461 unde
1911 4418 1965 4461 et
2006 4410 2290 4462 homicida.

744 4492 1097 4559 Stultiloquus
1122 4500 1223 4555 est,
1259 4493 1350 4559 qui
1385 4482 1557 4560 turpia
1586 4501 1640 4546 et
1667 4495 1830 4546 risum
1859 4497 2125 4548 moventia
2172 4513 2296 4549 nar-

745 4592 848 4636 rat.
883 4583 1030 4637 Unde
1059 4590 1112 4635 et
1134 4583 1516 4651 stultiloquium
1544 4584 1674 4636 nihil
1700 4584 1749 4636 in
1778 4600 1834 4638 se
1862 4586 2071 4652 sapiens
2113 4588 2290 4641 habet.

748 4672 1058 4725 Seurrilitas
1083 4679 1135 4723 et
1172 4672 1498 4739 jocularitas,
1531 4688 1647 4739 qua:
1676 4674 1998 4727 conveniunt
2028 4688 2093 4727 ex
2116 4676 2290 4743 aliqua

743 4760 1045 4828 prudentia,
1077 4759 1238 4811 risum
1274 4767 1487 4812 movent
1526 4761 1878 4824 audientibus,
1906 4764 2098 4829 quibus
2128 4765 2295 4833 magis

748 4850 996 4902 convenit
1030 4848 1229 4917 lugere.
1281 4848 1573 4915 Turpitudo
1621 4858 1722 4911 est,
1756 4864 1874 4901 cum
1905 4849 2297 4905 inﬂammantur

750 4952 938 4989 sensus
966 4940 1129 4989 nostri
1161 4939 1224 4990 ad
1269 4939 1538 4992 libidinem
1591 4947 1643 4989 et
1697 4940 1873 4991 carnis
1920 4938 2291 4993 titillationem.

750 5025 937 5076 Anima
968 5024 1129 5091 ignita
1160 5028 1516 5087 succenditur,
1548 5037 1600 5078 ct
1630 5027 1758 5079 nihil
1805 5027 1897 5080 Dei
1925 5028 2113 5081 timore
2136 5029 2298 5082 refre-

752 5122 923 5164 natur.
956 5112 1231 5166 Iilololatra
1265 5115 1581 5181 dicitur,qui
1614 5116 1768 5169 idolis
1790 5118 1954 5168 servit
1981 5135 1992 5169 :
2023 5125 2080 5169 et
2106 5117 2157 5169 in
2176 5132 2298 5185 pro-

751 5202 905 5267 pheta
934 5200 1284 5255 idololatriam
1342 5218 1482 5269 srrpe
1534 5204 1934 5259 fornicationem
1980 5208 2293 5275 appellatam

754 5291 1045 5343 invenimus
1077 5310 1088 5342 :
1121 5300 1174 5345 et
1204 5294 1293 5361 qui
1326 5292 1441 5360 plus
1472 5308 1743 5345 nummum
1789 5309 1947 5360 quam
1980 5296 2142 5348 Deum
2172 5276 2292 5351 dili-

752 5378 845 5446 git,
875 5378 1199 5446 sculpturam
1228 5381 1426 5433 nummi
1459 5380 1604 5441 colit,
1630 5389 1683 5433 et
1729 5379 1867 5433 idola
1918 5384 1969 5435 in
2013 5384 2091 5437 eis
2112 5384 2293 5437 caelata

823 5498 845 5557 fl
881 5485 1131 5557 [inpudici
1159 5505 1189 5541 α
1216 5489 1412 5555 podice.
1440 5488 1666 5542 Prorsus
1689 5490 1881 5557 inepte.

821 5553 846 5590 ι)
884 5549 1159 5608 Diaconus.
1194 5549 1321 5610 V'ide
1355 5557 1611 5620 Martenc,
1642 5559 1731 5611 lib.
1772 5549 1881 5612 ide
1918 5558 2095 5630 Antiq.
2147 5562 2289 5617 Eccl.

2398 4419 2781 4484 paenitentiam,
2809 4434 2871 4472 ac
2896 4418 2983 4471 det
3010 4427 3247 4472 sanctam
3286 4418 3731 4472 communionem.

2470 4518 2489 4543 ε
2534 4507 2769 4573 Denique
2813 4508 3060 4560 sacerdos
3088 4509 3188 4562 hac
3228 4509 3543 4561 auctoritate
3573 4507 3809 4559 imbutus
3832 4504 3941 4557 sive

2397 4606 2758 4666 compunctus,
2792 4600 3084 4667 suscipiens
3132 4600 3500 4669 ptenitentem,
3548 4600 3593 4653 si
3648 4599 3813 4653 laicus
3839 4606 3938 4658 est,

2396 4687 2822 4741 tlimissorbaculo
2851 4705 2863 4739 :
2897 4690 3135 4757 quisquis
3176 4704 3301 4743 vero
3349 4690 3434 4744 ille
3478 4697 3579 4752 est,
3622 4690 3732 4744 sive
3758 4689 3938 4750 laicus,

2395 4776 2507 4828 sive
2530 4774 2781 4837 clericus,
2810 4777 2921 4830 sive
2952 4779 3261 4841 monachus,
3295 4770 3603 4846 suppliciter
3644 4790 3702 4829 se
3731 4775 3939 4829 inclinet

2394 4872 2517 4916 ante
2565 4866 2911 4919 sacerdotem.
2943 4867 3090 4919 Tunc
3115 4868 3364 4919 sacerdos
3412 4866 3542 4918 dicit
3570 4864 3709 4918 hanc
3754 4865 3934 4918 oratio

2396 4969 2516 5006 nem
2550 4952 2805 5006 :Domine
2828 4954 2968 5007 Deus
3012 4956 3349 5019 omnipotens,
3383 4954 3637 5023 propitius
3667 4963 3778 5019 esto
3817 4954 3937 5007 mihi

2394 5042 2666 5106 peccatori,
2696 5050 2749 5092 ut
2778 5042 3027 5109 condigne
3052 5043 3355 5109 possimtibi
3378 5040 3574 5111 gratia}
3598 5046 3767 5113 agere,
3793 5051 3941 5096 etre-

2396 5128 2555 5196 liqua.
2582 5125 2781 5183 Deinde
2798 5128 2985 5195 jubeat
3012 5147 3130 5185 eum
3159 5132 3411 5185 sacerdos
3440 5132 3624 5185 sedere
3651 5140 3837 5185 contra
3863 5146 3938 5193 se,

2399 5226 2453 5268 et
2476 5218 2703 5286 colloqui
2730 5232 2850 5271 cum
2881 5234 2944 5272 eo
2978 5221 3043 5273 de
3078 5218 3398 5288 supradictis
3420 5219 3585 5279 vitiis,
3613 5219 3726 5272 sive
3745 5218 3938 5270 exhor-

2398 5304 2688 5357 tationibus
2706 5305 2917 5369 divinis,
2943 5322 3011 5359 ne
3038 5307 3173 5359 forte
3210 5321 3307 5374 pro
3330 5304 3646 5369 verecundia
3675 5312 3767 5358 aut
3793 5305 3939 5373 igna-

2399 5393 2506 5456 via,
2530 5394 2642 5447 sive
2681 5395 2944 5449 oblivione
2972 5395 3170 5464 aliquid
3196 5394 3463 5465 putridum
3498 5394 3556 5471 in
3585 5393 3746 5449 corde
3774 5408 3934 5448 rema-

2403 5498 2628 5569 llitibus,
2656 5516 2771 5569 cap.
2796 5501 2849 5563 ϐ,
2878 5511 2980 5554 art.
3012 5504 3065 5563 6,
3093 5519 3143 5555 n.
3178 5504 3223 5555 7.

2472 5579 2491 5604 ε
2528 5568 2681 5633 lbitl.,
2710 5568 2807 5622 art.
2838 5573 2890 5624 5.
