  <div class='ocr_page' id='page_1' title='image "/cluster/home/n/w/nwhite01/storage/ocr_20150623/101/uva.x000834944/604.png"; bbox 0 0 4232 6198; ppageno 0'>
   <div class='ocr_carea' id='block_1_1' title="bbox 343 311 473 367">
    <p class='ocr_par' dir='ltr' id='par_1_1' title="bbox 343 311 473 367">
     <span class='ocr_line' id='line_1_1' title="bbox 343 311 473 367; baseline 0.046 -6"><span class='ocrx_word' id='word_1_1' title='bbox 343 311 359 361; x_wconf 87' lang='grc' dir='ltr'><strong>Ι</strong></span> <span class='ocrx_word' id='word_1_2' title='bbox 380 314 473 367; x_wconf 78' lang='grc' dir='ltr'><strong>ῒ97</strong></span> 
     </span>
    </p>
   </div>
   <div class='ocr_carea' id='block_1_2' title="bbox 1141 318 2742 382">
    <p class='ocr_par' dir='ltr' id='par_1_2' title="bbox 1141 318 2742 382">
     <span class='ocr_line' id='line_1_2' title="bbox 1141 318 2742 382; baseline 0.003 -7"><span class='ocrx_word' id='word_1_3' title='bbox 1141 320 1288 375; x_wconf 82' lang='lat' dir='ltr'><strong>OPP.</strong></span> <span class='ocrx_word' id='word_1_4' title='bbox 1330 320 1725 377; x_wconf 69' lang='lat' dir='ltr'><strong>SUPPOSITA.</strong></span> <span class='ocrx_word' id='word_1_5' title='bbox 1760 349 1828 357; x_wconf 89' lang='lat'><strong>—-</strong></span> <span class='ocrx_word' id='word_1_6' title='bbox 1866 318 1990 371; x_wconf 84' lang='lat' dir='ltr'><strong>LIB.</strong></span> <span class='ocrx_word' id='word_1_7' title='bbox 2036 321 2118 373; x_wconf 82' lang='lat' dir='ltr'><strong>DE</strong></span> <span class='ocrx_word' id='word_1_8' title='bbox 2158 322 2404 379; x_wconf 77' lang='lat' dir='ltr'><strong>DlVlNlS</strong></span> <span class='ocrx_word' id='word_1_9' title='bbox 2441 325 2742 382; x_wconf 85' lang='lat' dir='ltr'><strong>OFFICIIS.</strong></span> 
     </span>
    </p>
   </div>
   <div class='ocr_carea' id='block_1_3' title="bbox 3415 334 3549 390">
    <p class='ocr_par' dir='ltr' id='par_1_3' title="bbox 3415 334 3549 390">
     <span class='ocr_line' id='line_1_3' title="bbox 3415 334 3549 390; baseline 0.045 -5"><span class='ocrx_word' id='word_1_10' title='bbox 3415 334 3549 390; x_wconf 80' lang='lat' dir='ltr'><strong>H98</strong></span> 
     </span>
    </p>
   </div>
   <div class='ocr_carea' id='block_1_4' title="bbox 330 429 3552 505">
    <p class='ocr_par' dir='ltr' id='par_1_4' title="bbox 330 429 3552 505">
     <span class='ocr_line' id='line_1_4' title="bbox 330 429 3552 505; baseline 0.014 -53"><span class='ocrx_word' id='word_1_11' title='bbox 330 430 478 489; x_wconf 50' lang='lat' dir='ltr'><strong>&quot;ea&quot;</strong></span> <span class='ocrx_word' id='word_1_12' title='bbox 507 440 603 495; x_wconf 62' lang='lat' dir='ltr'><strong>per</strong></span> <span class='ocrx_word' id='word_1_13' title='bbox 643 429 785 497; x_wconf 70' lang='lat' dir='ltr'><strong>quod</strong></span> <span class='ocrx_word' id='word_1_14' title='bbox 822 431 1014 485; x_wconf 61' lang='lat' dir='ltr'><strong>“erum</strong></span> <span class='ocrx_word' id='word_1_15' title='bbox 1058 431 1297 489; x_wconf 59' lang='lat' dir='ltr'><strong>diabolus</strong></span> <span class='ocrx_word' id='word_1_16' title='bbox 1341 447 1463 485; x_wconf 71' lang='lat' dir='ltr'><strong>eum</strong></span> <span class='ocrx_word' id='word_1_17' title='bbox 1513 433 1581 485; x_wconf 71' lang='lat' dir='ltr'><strong>ad</strong></span> <span class='ocrx_word' id='word_1_18' title='bbox 1629 432 1885 485; x_wconf 67' lang='lat' dir='ltr'><strong>vomitum</strong></span> <span class='ocrx_word' id='word_1_19' title='bbox 1916 435 1962 492; x_wconf 74' lang='grc' dir='ltr'><strong>Α</strong></span> <span class='ocrx_word' id='word_1_20' title='bbox 1989 437 2167 481; x_wconf 84' lang='lat' dir='ltr'><strong>menta</strong></span> <span class='ocrx_word' id='word_1_21' title='bbox 2208 430 2644 499; x_wconf 87' lang='lat' dir='ltr'><strong>multiplicentur,</strong></span> <span class='ocrx_word' id='word_1_22' title='bbox 2678 451 2796 488; x_wconf 90' lang='lat' dir='ltr'><strong>cum</strong></span> <span class='ocrx_word' id='word_1_23' title='bbox 2844 435 3120 504; x_wconf 72' lang='lat' dir='ltr'><strong>Scriptura</strong></span> <span class='ocrx_word' id='word_1_24' title='bbox 3151 436 3331 493; x_wconf 88' lang='lat' dir='ltr'><strong>dicat:</strong></span> <span class='ocrx_word' id='word_1_25' title='bbox 3374 439 3552 505; x_wconf 81' lang='lat' dir='ltr'><strong>Quod-</strong></span> 
     </span>
    </p>
   </div>
   <div class='ocr_carea' id='block_1_5' title="bbox 328 514 1884 602">
    <p class='ocr_par' dir='ltr' id='par_1_5' title="bbox 328 514 1884 602">
     <span class='ocr_line' id='line_1_5' title="bbox 328 514 1884 602; baseline 0.017 -39"><span class='ocrx_word' id='word_1_26' title='bbox 328 514 536 579; x_wconf 88' lang='lat' dir='ltr'><strong>peccati</strong></span> <span class='ocrx_word' id='word_1_27' title='bbox 566 516 807 573; x_wconf 90' lang='lat' dir='ltr'><strong>reducat.</strong></span> <span class='ocrx_word' id='word_1_28' title='bbox 855 520 1168 578; x_wconf 86' lang='lat' dir='ltr'><strong>Consideret</strong></span> <span class='ocrx_word' id='word_1_29' title='bbox 1214 528 1376 580; x_wconf 88' lang='lat' dir='ltr'><strong>etiam</strong></span> <span class='ocrx_word' id='word_1_30' title='bbox 1407 543 1613 591; x_wconf 82' lang='lat' dir='ltr'><strong>sexum,</strong></span> <span class='ocrx_word' id='word_1_31' title='bbox 1648 540 1884 602; x_wconf 66' lang='lat' dir='ltr'><strong>aetatem,</strong></span> 
     </span>
    </p>
   </div>
   <div class='ocr_carea' id='block_1_6' title="bbox 328 602 1885 693">
    <p class='ocr_par' dir='ltr' id='par_1_6' title="bbox 328 602 1885 693">
     <span class='ocr_line' id='line_1_6' title="bbox 328 602 1885 693; baseline 0.019 -41"><span class='ocrx_word' id='word_1_32' title='bbox 328 602 708 667; x_wconf 87' lang='lat' dir='ltr'><strong>conditionem,</strong></span> <span class='ocrx_word' id='word_1_33' title='bbox 749 616 966 675; x_wconf 73' lang='lat' dir='ltr'><strong>statum,</strong></span> <span class='ocrx_word' id='word_1_34' title='bbox 1006 627 1308 681; x_wconf 82' lang='lat' dir='ltr'><strong>personam,</strong></span> <span class='ocrx_word' id='word_1_35' title='bbox 1341 627 1396 672; x_wconf 92' lang='lat' dir='ltr'><strong>et</strong></span> <span class='ocrx_word' id='word_1_36' title='bbox 1442 623 1732 677; x_wconf 89' lang='lat' dir='ltr'><strong>secundum</strong></span> <span class='ocrx_word' id='word_1_37' title='bbox 1762 626 1885 693; x_wconf 90' lang='lat' dir='ltr'><strong>hoc,</strong></span> 
     </span>
    </p>
   </div>
   <div class='ocr_carea' id='block_1_7' title="bbox 327 691 1885 781">
    <p class='ocr_par' dir='ltr' id='par_1_7' title="bbox 327 691 1885 781">
     <span class='ocr_line' id='line_1_7' title="bbox 327 691 1885 781; baseline 0.019 -40"><span class='ocrx_word' id='word_1_38' title='bbox 327 695 388 741; x_wconf 91' lang='lat' dir='ltr'><strong>ut</strong></span> <span class='ocrx_word' id='word_1_39' title='bbox 410 691 511 744; x_wconf 87' lang='lat' dir='ltr'><strong>sibi</strong></span> <span class='ocrx_word' id='word_1_40' title='bbox 538 693 708 748; x_wconf 86' lang='lat' dir='ltr'><strong>visum</strong></span> <span class='ocrx_word' id='word_1_41' title='bbox 736 695 916 781; x_wconf 87' lang='lat' dir='ltr'><strong>fuerit,</strong></span> <span class='ocrx_word' id='word_1_42' title='bbox 940 700 1144 771; x_wconf 88' lang='lat' dir='ltr'><strong>singula</strong></span> <span class='ocrx_word' id='word_1_43' title='bbox 1166 719 1388 773; x_wconf 66' lang='lat' dir='ltr'><strong>quaeque</strong></span> <span class='ocrx_word' id='word_1_44' title='bbox 1410 706 1679 776; x_wconf 88' lang='lat' dir='ltr'><strong>dijudicet,</strong></span> <span class='ocrx_word' id='word_1_45' title='bbox 1709 714 1759 767; x_wconf 91' lang='lat' dir='ltr'><strong>id</strong></span> <span class='ocrx_word' id='word_1_46' title='bbox 1781 691 1885 781; x_wconf 80' lang='lat' dir='ltr'><strong>est,</strong></span> 
     </span>
    </p>
   </div>
   <div class='ocr_carea' id='block_1_8' title="bbox 323 774 1882 868">
    <p class='ocr_par' dir='ltr' id='par_1_8' title="bbox 323 774 1882 868">
     <span class='ocr_line' id='line_1_8' title="bbox 323 774 1882 868; baseline 0.019 -41"><span class='ocrx_word' id='word_1_47' title='bbox 323 774 532 843; x_wconf 86' lang='lat' dir='ltr'><strong>aliquos</strong></span> <span class='ocrx_word' id='word_1_48' title='bbox 562 794 591 831; x_wconf 90' lang='lat' dir='ltr'><strong>a</strong></span> <span class='ocrx_word' id='word_1_49' title='bbox 617 781 749 837; x_wconf 86' lang='lat' dir='ltr'><strong>cibis</strong></span> <span class='ocrx_word' id='word_1_50' title='bbox 769 776 1106 851; x_wconf 74' lang='lat' dir='ltr'><strong>abStinendo,</strong></span> <span class='ocrx_word' id='word_1_51' title='bbox 1131 789 1261 843; x_wconf 87' lang='lat' dir='ltr'><strong>alios</strong></span> <span class='ocrx_word' id='word_1_52' title='bbox 1289 774 1882 868; x_wconf 7' lang='lat' dir='ltr'><strong>eleemosynasldando,</strong></span> 
     </span>
    </p>
   </div>
   <div class='ocr_carea' id='block_1_9' title="bbox 324 867 1885 947">
    <p class='ocr_par' dir='ltr' id='par_1_9' title="bbox 324 867 1885 947">
     <span class='ocr_line' id='line_1_9' title="bbox 324 867 1885 947; baseline 0.02 -31"><span class='ocrx_word' id='word_1_53' title='bbox 324 867 838 938; x_wconf 54' lang='lat' dir='ltr'><strong>nonnullosﬁmpius</strong></span> <span class='ocrx_word' id='word_1_54' title='bbox 893 872 1151 931; x_wconf 79' lang='lat' dir='ltr'><strong>flectendo</strong></span> <span class='ocrx_word' id='word_1_55' title='bbox 1184 893 1385 947; x_wconf 89' lang='lat' dir='ltr'><strong>genua,</strong></span> <span class='ocrx_word' id='word_1_56' title='bbox 1446 884 1560 939; x_wconf 83' lang='lat' dir='ltr'><strong>sive</strong></span> <span class='ocrx_word' id='word_1_57' title='bbox 1616 887 1669 940; x_wconf 88' lang='lat' dir='ltr'><strong>in</strong></span> <span class='ocrx_word' id='word_1_58' title='bbox 1726 905 1885 947; x_wconf 82' lang='lat' dir='ltr'><strong>cruce</strong></span> 
     </span>
    </p>
   </div>
   <div class='ocr_carea' id='block_1_10' title="bbox 322 956 1884 1048">
    <p class='ocr_par' dir='ltr' id='par_1_10' title="bbox 322 956 1884 1048">
     <span class='ocr_line' id='line_1_10' title="bbox 322 956 1884 1048; baseline 0.019 -43"><span class='ocrx_word' id='word_1_59' title='bbox 322 956 533 1017; x_wconf 86' lang='lat' dir='ltr'><strong>stando,</strong></span> <span class='ocrx_word' id='word_1_60' title='bbox 559 966 651 1010; x_wconf 90' lang='lat' dir='ltr'><strong>aut</strong></span> <span class='ocrx_word' id='word_1_61' title='bbox 678 959 875 1028; x_wconf 86' lang='lat' dir='ltr'><strong>aliquid</strong></span> <span class='ocrx_word' id='word_1_62' title='bbox 914 958 1057 1017; x_wconf 80' lang='lat' dir='ltr'><strong>aliud</strong></span> <span class='ocrx_word' id='word_1_63' title='bbox 1094 963 1415 1048; x_wconf 75' lang='lat' dir='ltr'><strong>hujusmodi,</strong></span> <span class='ocrx_word' id='word_1_64' title='bbox 1437 974 1579 1039; x_wconf 89' lang='lat' dir='ltr'><strong>quod</strong></span> <span class='ocrx_word' id='word_1_65' title='bbox 1606 976 1673 1031; x_wconf 82' lang='lat' dir='ltr'><strong>ad</strong></span> <span class='ocrx_word' id='word_1_66' title='bbox 1693 980 1884 1034; x_wconf 76' lang='lat' dir='ltr'><strong>anima:</strong></span> 
     </span>
    </p>
   </div>
   <div class='ocr_carea' id='block_1_11' title="bbox 319 1042 1883 1136">
    <p class='ocr_par' dir='ltr' id='par_1_11' title="bbox 319 1042 1883 1136">
     <span class='ocr_line' id='line_1_11' title="bbox 319 1042 1883 1136; baseline 0.017 -41"><span class='ocrx_word' id='word_1_67' title='bbox 319 1042 543 1097; x_wconf 77' lang='lat' dir='ltr'><strong>Salutem</strong></span> <span class='ocrx_word' id='word_1_68' title='bbox 572 1048 817 1115; x_wconf 91' lang='lat' dir='ltr'><strong>pertinet.</strong></span> <span class='ocrx_word' id='word_1_69' title='bbox 843 1048 956 1104; x_wconf 88' lang='lat' dir='ltr'><strong>Non</strong></span> <span class='ocrx_word' id='word_1_70' title='bbox 988 1042 1234 1109; x_wconf 88' lang='lat' dir='ltr'><strong>omnibus</strong></span> <span class='ocrx_word' id='word_1_71' title='bbox 1269 1072 1392 1112; x_wconf 86' lang='lat' dir='ltr'><strong>vero</strong></span> <span class='ocrx_word' id='word_1_72' title='bbox 1438 1076 1542 1115; x_wconf 87' lang='lat' dir='ltr'><strong>una</strong></span> <span class='ocrx_word' id='word_1_73' title='bbox 1590 1066 1883 1136; x_wconf 87' lang='lat' dir='ltr'><strong>eademque</strong></span> 
     </span>
    </p>
   </div>
   <div class='ocr_carea' id='block_1_12' title="bbox 317 1133 1880 1231">
    <p class='ocr_par' dir='ltr' id='par_1_12' title="bbox 317 1133 1880 1231">
     <span class='ocr_line' id='line_1_12' title="bbox 317 1133 1880 1231; baseline 0.017 -44"><span class='ocrx_word' id='word_1_74' title='bbox 317 1133 571 1190; x_wconf 79' lang='lat' dir='ltr'><strong>discretio</strong></span> <span class='ocrx_word' id='word_1_75' title='bbox 598 1138 689 1201; x_wconf 84' lang='lat' dir='ltr'><strong>sit,</strong></span> <span class='ocrx_word' id='word_1_76' title='bbox 730 1141 1015 1211; x_wconf 81' lang='lat' dir='ltr'><strong>unicuique</strong></span> <span class='ocrx_word' id='word_1_77' title='bbox 1058 1144 1267 1207; x_wconf 85' lang='lat' dir='ltr'><strong>horum.</strong></span> <span class='ocrx_word' id='word_1_78' title='bbox 1298 1150 1401 1205; x_wconf 86' lang='lat' dir='ltr'><strong>hoc</strong></span> <span class='ocrx_word' id='word_1_79' title='bbox 1438 1162 1541 1213; x_wconf 88' lang='lat' dir='ltr'><strong>est,</strong></span> <span class='ocrx_word' id='word_1_80' title='bbox 1582 1155 1722 1209; x_wconf 92' lang='lat' dir='ltr'><strong>inter</strong></span> <span class='ocrx_word' id='word_1_81' title='bbox 1746 1133 1880 1231; x_wconf 77' lang='lat' dir='ltr'><strong>divi-</strong></span> 
     </span>
    </p>
   </div>
   <div class='ocr_carea' id='block_1_13' title="bbox 286 1232 1877 1303">
    <p class='ocr_par' dir='ltr' id='par_1_13' title="bbox 286 1232 1877 1303">
     <span class='ocr_line' id='line_1_13' title="bbox 286 1232 1877 1303; baseline 0.018 -27"><span class='ocrx_word' id='word_1_82' title='bbox 286 1234 289 1237; x_wconf 86' lang='lat'>&#39;</span> <span class='ocrx_word' id='word_1_83' title='bbox 318 1233 427 1278; x_wconf 89' lang='lat' dir='ltr'><strong>tem</strong></span> <span class='ocrx_word' id='word_1_84' title='bbox 457 1235 510 1279; x_wconf 89' lang='lat' dir='ltr'><strong>et</strong></span> <span class='ocrx_word' id='word_1_85' title='bbox 530 1242 838 1297; x_wconf 84' lang='lat' dir='ltr'><strong>pauperem,</strong></span> <span class='ocrx_word' id='word_1_86' title='bbox 862 1232 1089 1287; x_wconf 90' lang='lat' dir='ltr'><strong>liberum</strong></span> <span class='ocrx_word' id='word_1_87' title='bbox 1111 1245 1163 1290; x_wconf 91' lang='lat' dir='ltr'><strong>et</strong></span> <span class='ocrx_word' id='word_1_88' title='bbox 1184 1253 1416 1302; x_wconf 87' lang='lat' dir='ltr'><strong>servum,</strong></span> <span class='ocrx_word' id='word_1_89' title='bbox 1452 1241 1592 1296; x_wconf 88' lang='lat' dir='ltr'><strong>inter</strong></span> <span class='ocrx_word' id='word_1_90' title='bbox 1622 1246 1877 1303; x_wconf 76' lang='lat' dir='ltr'><strong>infantem</strong></span> 
     </span>
    </p>
   </div>
   <div class='ocr_carea' id='block_1_14' title="bbox 312 1320 1871 1401">
    <p class='ocr_par' dir='ltr' id='par_1_14' title="bbox 312 1320 1871 1401">
     <span class='ocr_line' id='line_1_14' title="bbox 312 1320 1871 1401; baseline 0.018 -36"><span class='ocrx_word' id='word_1_91' title='bbox 312 1323 369 1366; x_wconf 80' lang='lat' dir='ltr'><strong>et</strong></span> <span class='ocrx_word' id='word_1_92' title='bbox 406 1332 651 1384; x_wconf 88' lang='lat' dir='ltr'><strong>puerum,</strong></span> <span class='ocrx_word' id='word_1_93' title='bbox 670 1320 922 1388; x_wconf 84' lang='lat' dir='ltr'><strong>juvenem</strong></span> <span class='ocrx_word' id='word_1_94' title='bbox 952 1332 1005 1376; x_wconf 92' lang='lat' dir='ltr'><strong>et</strong></span> <span class='ocrx_word' id='word_1_95' title='bbox 1038 1325 1448 1394; x_wconf 80' lang='lat' dir='ltr'><strong>adolescentem,</strong></span> <span class='ocrx_word' id='word_1_96' title='bbox 1476 1339 1633 1387; x_wconf 68' lang='lat' dir='ltr'><strong>aetate</strong></span> <span class='ocrx_word' id='word_1_97' title='bbox 1670 1351 1871 1401; x_wconf 89' lang='lat' dir='ltr'><strong>senem,</strong></span> 
     </span>
    </p>
   </div>
   <div class='ocr_carea' id='block_1_15' title="bbox 314 1404 1878 1487">
    <p class='ocr_par' dir='ltr' id='par_1_15' title="bbox 314 1404 1878 1487">
     <span class='ocr_line' id='line_1_15' title="bbox 314 1404 1878 1487; baseline 0.017 -31"><span class='ocrx_word' id='word_1_98' title='bbox 314 1404 561 1460; x_wconf 81' lang='lat' dir='ltr'><strong>hebetem</strong></span> <span class='ocrx_word' id='word_1_99' title='bbox 596 1418 650 1461; x_wconf 90' lang='lat' dir='ltr'><strong>et</strong></span> <span class='ocrx_word' id='word_1_100' title='bbox 674 1409 1198 1474; x_wconf 53' lang='lat' dir='ltr'><strong>stultum,‘scientem</strong></span> <span class='ocrx_word' id='word_1_101' title='bbox 1233 1422 1287 1469; x_wconf 90' lang='lat' dir='ltr'><strong>et</strong></span> <span class='ocrx_word' id='word_1_102' title='bbox 1312 1417 1576 1487; x_wconf 82' lang='lat' dir='ltr'><strong>ignarum,</strong></span> <span class='ocrx_word' id='word_1_103' title='bbox 1605 1422 1795 1479; x_wconf 84' lang='lat' dir='ltr'><strong>laicum</strong></span> <span class='ocrx_word' id='word_1_104' title='bbox 1822 1437 1878 1482; x_wconf 89' lang='lat' dir='ltr'><strong>et</strong></span> 
     </span>
    </p>
   </div>
   <div class='ocr_carea' id='block_1_16' title="bbox 310 1493 1874 1582">
    <p class='ocr_par' dir='ltr' id='par_1_16' title="bbox 310 1493 1874 1582">
     <span class='ocr_line' id='line_1_16' title="bbox 310 1493 1874 1582; baseline 0.017 -38"><span class='ocrx_word' id='word_1_105' title='bbox 310 1493 569 1548; x_wconf 81' lang='lat' dir='ltr'><strong>clericum</strong></span> <span class='ocrx_word' id='word_1_106' title='bbox 594 1536 608 1558; x_wconf 84' lang='lat'><strong>,</strong></span> <span class='ocrx_word' id='word_1_107' title='bbox 655 1501 976 1573; x_wconf 88' lang='lat' dir='ltr'><strong>monachum</strong></span> <span class='ocrx_word' id='word_1_108' title='bbox 1014 1512 1068 1557; x_wconf 90' lang='lat' dir='ltr'><strong>et</strong></span> <span class='ocrx_word' id='word_1_109' title='bbox 1103 1504 1447 1574; x_wconf 83' lang='lat' dir='ltr'><strong>episcopum,</strong></span> <span class='ocrx_word' id='word_1_110' title='bbox 1501 1514 1874 1582; x_wconf 81' lang='lat' dir='ltr'><strong>presbyterum</strong></span> 
     </span>
    </p>
   </div>
   <div class='ocr_carea' id='block_1_17' title="bbox 307 1572 1869 1671">
    <p class='ocr_par' dir='ltr' id='par_1_17' title="bbox 307 1572 1869 1671">
     <span class='ocr_line' id='line_1_17' title="bbox 307 1572 1869 1671; baseline 0.015 -38"><span class='ocrx_word' id='word_1_111' title='bbox 307 1583 704 1651; x_wconf 84' lang='lat' dir='ltr'><strong>ctdiaconum,</strong></span> <span class='ocrx_word' id='word_1_112' title='bbox 744 1572 1126 1644; x_wconf 78' lang='lat' dir='ltr'><strong>Subdiacouum</strong></span> <span class='ocrx_word' id='word_1_113' title='bbox 1174 1600 1227 1646; x_wconf 91' lang='lat' dir='ltr'><strong>et</strong></span> <span class='ocrx_word' id='word_1_114' title='bbox 1268 1592 1545 1661; x_wconf 83' lang='lat' dir='ltr'><strong>lectorem,</strong></span> <span class='ocrx_word' id='word_1_115' title='bbox 1580 1600 1634 1652; x_wconf 93' lang='lat' dir='ltr'><strong>in</strong></span> <span class='ocrx_word' id='word_1_116' title='bbox 1682 1605 1869 1671; x_wconf 78' lang='lat' dir='ltr'><strong>gradu,</strong></span> 
     </span>
    </p>
   </div>
   <div class='ocr_carea' id='block_1_18' title="bbox 310 1668 1871 1759">
    <p class='ocr_par' dir='ltr' id='par_1_18' title="bbox 310 1668 1871 1759">
     <span class='ocr_line' id='line_1_18' title="bbox 310 1668 1871 1759; baseline 0.02 -39"><span class='ocrx_word' id='word_1_117' title='bbox 310 1668 365 1721; x_wconf 89' lang='lat' dir='ltr'><strong>in</strong></span> <span class='ocrx_word' id='word_1_118' title='bbox 414 1671 659 1743; x_wconf 86' lang='lat' dir='ltr'><strong>conjugio</strong></span> <span class='ocrx_word' id='word_1_119' title='bbox 708 1676 789 1729; x_wconf 85' lang='lat' dir='ltr'><strong>vel</strong></span> <span class='ocrx_word' id='word_1_120' title='bbox 834 1678 955 1732; x_wconf 84' lang='lat' dir='ltr'><strong>sine</strong></span> <span class='ocrx_word' id='word_1_121' title='bbox 997 1680 1281 1751; x_wconf 81' lang='lat' dir='ltr'><strong>conjugio,</strong></span> <span class='ocrx_word' id='word_1_122' title='bbox 1328 1685 1467 1740; x_wconf 90' lang='lat' dir='ltr'><strong>inter</strong></span> <span class='ocrx_word' id='word_1_123' title='bbox 1500 1688 1759 1759; x_wconf 75' lang='lat' dir='ltr'><strong>virginem</strong></span> <span class='ocrx_word' id='word_1_124' title='bbox 1818 1707 1871 1751; x_wconf 86' lang='lat' dir='ltr'><strong>ct</strong></span> 
     </span>
    </p>
   </div>
   <div class='ocr_carea' id='block_1_19' title="bbox 1990 525 3546 601">
    <p class='ocr_par' dir='ltr' id='par_1_19' title="bbox 1990 525 3546 601">
     <span class='ocr_line' id='line_1_19' title="bbox 1990 525 3546 601; baseline 0.013 -34"><span class='ocrx_word' id='word_1_125' title='bbox 1990 533 2189 586; x_wconf 85' lang='lat' dir='ltr'><strong>cunque</strong></span> <span class='ocrx_word' id='word_1_126' title='bbox 2228 532 2391 588; x_wconf 78' lang='lat' dir='ltr'><strong>potest</strong></span> <span class='ocrx_word' id='word_1_127' title='bbox 2440 539 2627 575; x_wconf 83' lang='lat' dir='ltr'><strong>manus</strong></span> <span class='ocrx_word' id='word_1_128' title='bbox 2660 535 2750 577; x_wconf 87' lang='lat' dir='ltr'><strong>tua</strong></span> <span class='ocrx_word' id='word_1_129' title='bbox 2784 525 2975 594; x_wconf 82' lang='lat' dir='ltr'><strong>facere,</strong></span> <span class='ocrx_word' id='word_1_130' title='bbox 3013 528 3267 584; x_wconf 71' lang='lat' dir='ltr'><strong>instanter</strong></span> <span class='ocrx_word' id='word_1_131' title='bbox 3291 546 3546 601; x_wconf 84' lang='lat' dir='ltr'><strong>operare:</strong></span> 
     </span>
    </p>
   </div>
   <div class='ocr_carea' id='block_1_20' title="bbox 1988 607 3547 689">
    <p class='ocr_par' dir='ltr' id='par_1_20' title="bbox 1988 607 3547 689">
     <span class='ocr_line' id='line_1_20' title="bbox 1988 607 3547 689; baseline 0.011 -32"><span class='ocrx_word' id='word_1_132' title='bbox 1988 607 2112 674; x_wconf 91' lang='lat' dir='ltr'><strong>quia</strong></span> <span class='ocrx_word' id='word_1_133' title='bbox 2133 623 2225 660; x_wconf 83' lang='lat' dir='ltr'><strong>nec</strong></span> <span class='ocrx_word' id='word_1_134' title='bbox 2245 624 2393 677; x_wconf 84' lang='lat' dir='ltr'><strong>opus,</strong></span> <span class='ocrx_word' id='word_1_135' title='bbox 2424 627 2513 664; x_wconf 81' lang='lat' dir='ltr'><strong>nec</strong></span> <span class='ocrx_word' id='word_1_136' title='bbox 2542 610 2709 677; x_wconf 77' lang='lat' dir='ltr'><strong>ratio,</strong></span> <span class='ocrx_word' id='word_1_137' title='bbox 2725 629 2816 666; x_wconf 85' lang='lat' dir='ltr'><strong>nec</strong></span> <span class='ocrx_word' id='word_1_138' title='bbox 2840 615 3094 683; x_wconf 73' lang='lat' dir='ltr'><strong>sapientia</strong></span> <span class='ocrx_word' id='word_1_139' title='bbox 3114 618 3212 670; x_wconf 84' lang='lat' dir='ltr'><strong>erit</strong></span> <span class='ocrx_word' id='word_1_140' title='bbox 3236 619 3374 688; x_wconf 75' lang='lat' dir='ltr'><strong>apud</strong></span> <span class='ocrx_word' id='word_1_141' title='bbox 3414 620 3547 689; x_wconf 85' lang='lat' dir='ltr'><strong>infe-</strong></span> 
     </span>
    </p>
   </div>
   <div class='ocr_carea' id='block_1_21' title="bbox 1989 699 3545 774">
    <p class='ocr_par' dir='ltr' id='par_1_21' title="bbox 1989 699 3545 774">
     <span class='ocr_line' id='line_1_21' title="bbox 1989 699 3545 774; baseline 0.011 -29"><span class='ocrx_word' id='word_1_142' title='bbox 1989 710 2092 757; x_wconf 90' lang='lat' dir='ltr'><strong>ros,</strong></span> <span class='ocrx_word' id='word_1_143' title='bbox 2140 710 2242 763; x_wconf 86' lang='lat' dir='ltr'><strong>quo</strong></span> <span class='ocrx_word' id='word_1_144' title='bbox 2272 705 2327 748; x_wconf 86' lang='lat' dir='ltr'><strong>tu</strong></span> <span class='ocrx_word' id='word_1_145' title='bbox 2374 714 2619 768; x_wconf 86' lang='lat' dir='ltr'><strong>properas</strong></span> <span class='ocrx_word' id='word_1_146' title='bbox 2669 699 2863 769; x_wconf 84' lang='lat' dir='ltr'><strong>(Ecclc.</strong></span> <span class='ocrx_word' id='word_1_147' title='bbox 2916 717 3006 767; x_wconf 77' lang='grc' dir='ltr'><strong>ιι,</strong></span> <span class='ocrx_word' id='word_1_148' title='bbox 3056 702 3163 774; x_wconf 80' lang='grc'><strong>10).</strong></span> <span class='ocrx_word' id='word_1_149' title='bbox 3210 704 3407 759; x_wconf 80' lang='lat' dir='ltr'><strong>Contra</strong></span> <span class='ocrx_word' id='word_1_150' title='bbox 3444 707 3545 763; x_wconf 86' lang='lat' dir='ltr'><strong>ista</strong></span> 
     </span>
    </p>
   </div>
   <div class='ocr_carea' id='block_1_22' title="bbox 1989 784 3543 863">
    <p class='ocr_par' dir='ltr' id='par_1_22' title="bbox 1989 784 3543 863">
     <span class='ocr_line' id='line_1_22' title="bbox 1989 784 3543 863; baseline 0.015 -33"><span class='ocrx_word' id='word_1_151' title='bbox 1989 784 2170 837; x_wconf 90' lang='lat' dir='ltr'><strong>omnia</strong></span> <span class='ocrx_word' id='word_1_152' title='bbox 2192 788 2590 856; x_wconf 83' lang='lat' dir='ltr'><strong>suscipiendum</strong></span> <span class='ocrx_word' id='word_1_153' title='bbox 2618 799 2700 844; x_wconf 84' lang='lat' dir='ltr'><strong>est</strong></span> <span class='ocrx_word' id='word_1_154' title='bbox 2721 790 2937 857; x_wconf 80' lang='lat' dir='ltr'><strong>bellum,</strong></span> <span class='ocrx_word' id='word_1_155' title='bbox 2955 801 3008 845; x_wconf 89' lang='lat' dir='ltr'><strong>et</strong></span> <span class='ocrx_word' id='word_1_156' title='bbox 3023 794 3217 847; x_wconf 87' lang='lat' dir='ltr'><strong>acriter</strong></span> <span class='ocrx_word' id='word_1_157' title='bbox 3232 798 3543 863; x_wconf 80' lang='lat' dir='ltr'><strong>gerendum,</strong></span> 
     </span>
    </p>
   </div>
   <div class='ocr_carea' id='block_1_23' title="bbox 1986 874 3202 950">
    <p class='ocr_par' dir='ltr' id='par_1_23' title="bbox 1986 874 3202 950">
     <span class='ocr_line' id='line_1_23' title="bbox 1986 874 3202 950; baseline 0.012 -29"><span class='ocrx_word' id='word_1_158' title='bbox 1986 884 2053 923; x_wconf 92' lang='lat' dir='ltr'><strong>ne</strong></span> <span class='ocrx_word' id='word_1_159' title='bbox 2092 874 2159 926; x_wconf 88' lang='lat' dir='ltr'><strong>ad</strong></span> <span class='ocrx_word' id='word_1_160' title='bbox 2202 878 2522 932; x_wconf 75' lang='lat' dir='ltr'><strong>damnabilis</strong></span> <span class='ocrx_word' id='word_1_161' title='bbox 2564 891 2782 948; x_wconf 74' lang='lat' dir='ltr'><strong>petcata</strong></span> <span class='ocrx_word' id='word_1_162' title='bbox 2828 881 3202 950; x_wconf 82' lang='lat' dir='ltr'><strong>perducamur.</strong></span> 
     </span>
    </p>
   </div>
   <div class='ocr_carea' id='block_1_24' title="bbox 2046 958 3543 1042">
    <p class='ocr_par' dir='ltr' id='par_1_24' title="bbox 2046 958 3543 1042">
     <span class='ocr_line' id='line_1_24' title="bbox 2046 958 3543 1042; baseline 0.013 -31"><span class='ocrx_word' id='word_1_163' title='bbox 2046 958 2181 1013; x_wconf 86' lang='lat' dir='ltr'><strong>Post</strong></span> <span class='ocrx_word' id='word_1_164' title='bbox 2226 962 2327 1015; x_wconf 89' lang='lat' dir='ltr'><strong>ista</strong></span> <span class='ocrx_word' id='word_1_165' title='bbox 2350 967 2528 1019; x_wconf 87' lang='lat' dir='ltr'><strong>omnia</strong></span> <span class='ocrx_word' id='word_1_166' title='bbox 2556 977 2793 1022; x_wconf 86' lang='lat' dir='ltr'><strong>scrutata</strong></span> <span class='ocrx_word' id='word_1_167' title='bbox 2820 978 2873 1023; x_wconf 89' lang='lat' dir='ltr'><strong>et</strong></span> <span class='ocrx_word' id='word_1_168' title='bbox 2920 974 3267 1042; x_wconf 70' lang='lat' dir='ltr'><strong>pmnitentem</strong></span> <span class='ocrx_word' id='word_1_169' title='bbox 3293 976 3543 1031; x_wconf 90' lang='lat' dir='ltr'><strong>corrobo-</strong></span> 
     </span>
    </p>
   </div>
   <div class='ocr_carea' id='block_1_25' title="bbox 1986 1052 3543 1128">
    <p class='ocr_par' dir='ltr' id='par_1_25' title="bbox 1986 1052 3543 1128">
     <span class='ocr_line' id='line_1_25' title="bbox 1986 1052 3543 1128; baseline 0.015 -29"><span class='ocrx_word' id='word_1_170' title='bbox 1986 1058 2185 1113; x_wconf 85' lang='lat' dir='ltr'><strong>ratum,</strong></span> <span class='ocrx_word' id='word_1_171' title='bbox 2210 1052 2505 1125; x_wconf 81' lang='lat' dir='ltr'><strong>interrogat</strong></span> <span class='ocrx_word' id='word_1_172' title='bbox 2529 1072 2649 1112; x_wconf 91' lang='lat' dir='ltr'><strong>eum</strong></span> <span class='ocrx_word' id='word_1_173' title='bbox 2686 1062 2957 1128; x_wconf 87' lang='lat' dir='ltr'><strong>sacerdos,</strong></span> <span class='ocrx_word' id='word_1_174' title='bbox 2990 1063 3175 1119; x_wconf 88' lang='lat' dir='ltr'><strong>dicens</strong></span> <span class='ocrx_word' id='word_1_175' title='bbox 3207 1083 3220 1119; x_wconf 91' lang='lat'>:</span> <span class='ocrx_word' id='word_1_176' title='bbox 3264 1064 3443 1121; x_wconf 87' lang='lat' dir='ltr'><strong>Credis</strong></span> <span class='ocrx_word' id='word_1_177' title='bbox 3488 1069 3543 1122; x_wconf 83' lang='lat' dir='ltr'><strong>in</strong></span> 
     </span>
    </p>
   </div>
   <div class='ocr_carea' id='block_1_26' title="bbox 1982 1133 3536 1217">
    <p class='ocr_par' dir='ltr' id='par_1_26' title="bbox 1982 1133 3536 1217">
     <span class='ocr_line' id='line_1_26' title="bbox 1982 1133 3536 1217; baseline 0.016 -32"><span class='ocrx_word' id='word_1_178' title='bbox 1982 1133 2146 1187; x_wconf 84' lang='lat' dir='ltr'><strong>Deum</strong></span> <span class='ocrx_word' id='word_1_179' title='bbox 2183 1136 2393 1193; x_wconf 79' lang='lat' dir='ltr'><strong>Patrem</strong></span> <span class='ocrx_word' id='word_1_180' title='bbox 2433 1153 2481 1195; x_wconf 89' lang='lat' dir='ltr'><strong>et</strong></span> <span class='ocrx_word' id='word_1_181' title='bbox 2512 1142 2560 1194; x_wconf 70' lang='grc' dir='ltr'><em>Γ</em></span> <span class='ocrx_word' id='word_1_182' title='bbox 2563 1144 2709 1197; x_wconf 85' lang='lat' dir='ltr'><strong>ilium</strong></span> <span class='ocrx_word' id='word_1_183' title='bbox 2748 1157 2792 1199; x_wconf 87' lang='lat' dir='ltr'><strong>et</strong></span> <span class='ocrx_word' id='word_1_184' title='bbox 2825 1146 3080 1217; x_wconf 80' lang='lat' dir='ltr'><strong>Spiritum</strong></span> <span class='ocrx_word' id='word_1_185' title='bbox 3120 1156 3396 1208; x_wconf 82' lang='lat' dir='ltr'><strong>sanctum?</strong></span> <span class='ocrx_word' id='word_1_186' title='bbox 3430 1155 3536 1209; x_wconf 83' lang='lat' dir='ltr'><strong>Be-</strong></span> 
     </span>
    </p>
   </div>
   <div class='ocr_carea' id='block_1_27' title="bbox 1980 1226 3539 1311">
    <p class='ocr_par' dir='ltr' id='par_1_27' title="bbox 1980 1226 3539 1311">
     <span class='ocr_line' id='line_1_27' title="bbox 1980 1226 3539 1311; baseline 0.017 -38"><span class='ocrx_word' id='word_1_187' title='bbox 1980 1226 2243 1288; x_wconf 88' lang='lat' dir='ltr'><strong>spondeat</strong></span> <span class='ocrx_word' id='word_1_188' title='bbox 2275 1230 2561 1298; x_wconf 71' lang='lat' dir='ltr'><strong>puruitens,</strong></span> <span class='ocrx_word' id='word_1_189' title='bbox 2594 1233 2777 1289; x_wconf 82' lang='lat' dir='ltr'><strong>Credo.</strong></span> <span class='ocrx_word' id='word_1_190' title='bbox 2825 1268 2893 1275; x_wconf 93' lang='lat'><strong>—</strong></span> <span class='ocrx_word' id='word_1_191' title='bbox 2927 1238 3105 1293; x_wconf 84' lang='lat' dir='ltr'><strong>Credis</strong></span> <span class='ocrx_word' id='word_1_192' title='bbox 3132 1244 3254 1311; x_wconf 88' lang='lat' dir='ltr'><strong>quia</strong></span> <span class='ocrx_word' id='word_1_193' title='bbox 3295 1246 3409 1298; x_wconf 68' lang='lat' dir='ltr'><strong>ista</strong></span> <span class='ocrx_word' id='word_1_194' title='bbox 3436 1256 3539 1299; x_wconf 83' lang='lat' dir='ltr'><strong>tres</strong></span> 
     </span>
    </p>
   </div>
   <div class='ocr_carea' id='block_1_28' title="bbox 1976 1322 3536 1403">
    <p class='ocr_par' dir='ltr' id='par_1_28' title="bbox 1976 1322 3536 1403">
     <span class='ocr_line' id='line_1_28' title="bbox 1976 1322 3536 1403; baseline 0.019 -44"><span class='ocrx_word' id='word_1_195' title='bbox 1976 1324 2232 1377; x_wconf 69' lang='lat' dir='ltr'><strong>personae,</strong></span> <span class='ocrx_word' id='word_1_196' title='bbox 2262 1331 2393 1383; x_wconf 86' lang='lat' dir='ltr'><strong>quas</strong></span> <span class='ocrx_word' id='word_1_197' title='bbox 2416 1322 2568 1375; x_wconf 86' lang='lat' dir='ltr'><strong>modo</strong></span> <span class='ocrx_word' id='word_1_198' title='bbox 2596 1323 2705 1377; x_wconf 71' lang='lat' dir='ltr'><strong>diri</strong></span> <span class='ocrx_word' id='word_1_199' title='bbox 2726 1364 2741 1389; x_wconf 93' lang='lat'><strong>,</strong></span> <span class='ocrx_word' id='word_1_200' title='bbox 2778 1325 2938 1380; x_wconf 78' lang='lat' dir='ltr'><strong>Pater</strong></span> <span class='ocrx_word' id='word_1_201' title='bbox 2963 1339 3008 1381; x_wconf 88' lang='lat' dir='ltr'><strong>et</strong></span> <span class='ocrx_word' id='word_1_202' title='bbox 3051 1329 3219 1384; x_wconf 74' lang='lat' dir='ltr'><strong>(&quot;ilius</strong></span> <span class='ocrx_word' id='word_1_203' title='bbox 3242 1343 3288 1386; x_wconf 90' lang='lat' dir='ltr'><strong>et</strong></span> <span class='ocrx_word' id='word_1_204' title='bbox 3312 1332 3536 1403; x_wconf 74' lang='lat' dir='ltr'><strong>Spiritus</strong></span> 
     </span>
    </p>
   </div>
   <div class='ocr_carea' id='block_1_29' title="bbox 1976 1404 3534 1482">
    <p class='ocr_par' dir='ltr' id='par_1_29' title="bbox 1976 1404 3534 1482">
     <span class='ocr_line' id='line_1_29' title="bbox 1976 1404 3534 1482; baseline 0.02 -36"><span class='ocrx_word' id='word_1_205' title='bbox 1976 1408 2207 1465; x_wconf 81' lang='lat' dir='ltr'><strong>sanctus,</strong></span> <span class='ocrx_word' id='word_1_206' title='bbox 2242 1420 2377 1457; x_wconf 84' lang='lat' dir='ltr'><strong>unus</strong></span> <span class='ocrx_word' id='word_1_207' title='bbox 2402 1404 2533 1461; x_wconf 85' lang='lat' dir='ltr'><strong>Deus</strong></span> <span class='ocrx_word' id='word_1_208' title='bbox 2560 1411 2621 1462; x_wconf 90' lang='lat' dir='ltr'><strong>sit</strong></span> <span class='ocrx_word' id='word_1_209' title='bbox 2644 1412 2666 1464; x_wconf 82' lang='lat'><strong>.’</strong></span> <span class='ocrx_word' id='word_1_210' title='bbox 2688 1411 3039 1482; x_wconf 74' lang='lat' dir='ltr'><strong>Respondeat,</strong></span> <span class='ocrx_word' id='word_1_211' title='bbox 3072 1416 3534 1476; x_wconf 82' lang='lat' dir='ltr'><strong>Credo.——Credis</strong></span> 
     </span>
    </p>
   </div>
   <div class='ocr_carea' id='block_1_30' title="bbox 1972 1486 3534 1578">
    <p class='ocr_par' dir='ltr' id='par_1_30' title="bbox 1972 1486 3534 1578">
     <span class='ocr_line' id='line_1_30' title="bbox 1972 1486 3534 1578; baseline 0.019 -43"><span class='ocrx_word' id='word_1_212' title='bbox 1972 1486 2095 1552; x_wconf 85' lang='lat' dir='ltr'><strong>quia</strong></span> <span class='ocrx_word' id='word_1_213' title='bbox 2118 1486 2169 1539; x_wconf 86' lang='lat' dir='ltr'><strong>in</strong></span> <span class='ocrx_word' id='word_1_214' title='bbox 2190 1488 2287 1541; x_wconf 87' lang='lat' dir='ltr'><strong>hac</strong></span> <span class='ocrx_word' id='word_1_215' title='bbox 2313 1486 2427 1560; x_wconf 86' lang='lat' dir='ltr'><strong>ipsa</strong></span> <span class='ocrx_word' id='word_1_216' title='bbox 2445 1510 2618 1560; x_wconf 73' lang='lat' dir='ltr'><strong>enim,</strong></span> <span class='ocrx_word' id='word_1_217' title='bbox 2642 1499 2694 1551; x_wconf 83' lang='lat' dir='ltr'><strong>in</strong></span> <span class='ocrx_word' id='word_1_218' title='bbox 2720 1517 2823 1570; x_wconf 87' lang='lat' dir='ltr'><strong>qua</strong></span> <span class='ocrx_word' id='word_1_219' title='bbox 2859 1504 3013 1557; x_wconf 87' lang='lat' dir='ltr'><strong>modo</strong></span> <span class='ocrx_word' id='word_1_220' title='bbox 3047 1522 3122 1572; x_wconf 84' lang='lat' dir='ltr'><strong>es,</strong></span> <span class='ocrx_word' id='word_1_221' title='bbox 3154 1524 3416 1578; x_wconf 82' lang='lat' dir='ltr'><strong>resurgere</strong></span> <span class='ocrx_word' id='word_1_222' title='bbox 3440 1514 3534 1565; x_wconf 77' lang='lat' dir='ltr'><strong>lia-</strong></span> 
     </span>
    </p>
   </div>
   <div class='ocr_carea' id='block_1_31' title="bbox 1975 1571 3530 1669">
    <p class='ocr_par' dir='ltr' id='par_1_31' title="bbox 1975 1571 3530 1669">
     <span class='ocr_line' id='line_1_31' title="bbox 1975 1571 3530 1669; baseline 0.021 -45"><span class='ocrx_word' id='word_1_223' title='bbox 1975 1571 2090 1637; x_wconf 67' lang='grc' dir='ltr'><strong>ὕει,</strong></span> <span class='ocrx_word' id='word_1_224' title='bbox 2123 1584 2171 1628; x_wconf 88' lang='lat' dir='ltr'><strong>et</strong></span> <span class='ocrx_word' id='word_1_225' title='bbox 2202 1580 2425 1648; x_wconf 79' lang='lat' dir='ltr'><strong>recipere</strong></span> <span class='ocrx_word' id='word_1_226' title='bbox 2448 1585 2551 1636; x_wconf 82' lang='lat' dir='ltr'><strong>sive</strong></span> <span class='ocrx_word' id='word_1_227' title='bbox 2584 1586 2771 1641; x_wconf 83' lang='lat' dir='ltr'><strong>bonum</strong></span> <span class='ocrx_word' id='word_1_228' title='bbox 2793 1591 2899 1645; x_wconf 76' lang='lat' dir='ltr'><strong>sive</strong></span> <span class='ocrx_word' id='word_1_229' title='bbox 2926 1592 3142 1662; x_wconf 86' lang='lat' dir='ltr'><strong>malum,</strong></span> <span class='ocrx_word' id='word_1_230' title='bbox 3171 1609 3324 1667; x_wconf 86' lang='lat' dir='ltr'><strong>prout</strong></span> <span class='ocrx_word' id='word_1_231' title='bbox 3359 1618 3530 1669; x_wconf 82' lang='lat' dir='ltr'><strong>gesse-</strong></span> 
     </span>
    </p>
   </div>
   <div class='ocr_carea' id='block_1_32' title="bbox 1975 1662 3595 1760">
    <p class='ocr_par' dir='ltr' id='par_1_32' title="bbox 1975 1662 3595 1760">
     <span class='ocr_line' id='line_1_32' title="bbox 1975 1662 3595 1760; baseline 0.022 -48"><span class='ocrx_word' id='word_1_232' title='bbox 1975 1662 2046 1715; x_wconf 85' lang='lat' dir='ltr'><strong>ris</strong></span> <span class='ocrx_word' id='word_1_233' title='bbox 2064 1664 2090 1715; x_wconf 78' lang='lat'><strong><em>?</em></strong></span> <span class='ocrx_word' id='word_1_234' title='bbox 2109 1692 2183 1705; x_wconf 90' lang='lat'><strong>—</strong></span> <span class='ocrx_word' id='word_1_235' title='bbox 2209 1666 2396 1741; x_wconf 77' lang='lat' dir='ltr'><strong>Credo.</strong></span> <span class='ocrx_word' id='word_1_236' title='bbox 2423 1702 2493 1710; x_wconf 90' lang='lat'>—</span> <span class='ocrx_word' id='word_1_237' title='bbox 2530 1672 2614 1728; x_wconf 84' lang='lat' dir='ltr'><strong>Vis</strong></span> <span class='ocrx_word' id='word_1_238' title='bbox 2643 1678 2897 1734; x_wconf 80' lang='lat' dir='ltr'><strong>dimittere</strong></span> <span class='ocrx_word' id='word_1_239' title='bbox 2929 1682 3035 1736; x_wconf 83' lang='lat' dir='ltr'><strong>illis</strong></span> <span class='ocrx_word' id='word_1_240' title='bbox 3055 1688 3147 1754; x_wconf 86' lang='lat' dir='ltr'><strong>qui</strong></span> <span class='ocrx_word' id='word_1_241' title='bbox 3171 1662 3241 1741; x_wconf 40' lang='lat' dir='ltr'><strong>&#39;in</strong></span> <span class='ocrx_word' id='word_1_242' title='bbox 3267 1698 3316 1742; x_wconf 83' lang='lat' dir='ltr'><strong>te</strong></span> <span class='ocrx_word' id='word_1_243' title='bbox 3347 1662 3531 1760; x_wconf 73' lang='lat' dir='ltr'><strong>pecca-</strong></span> <span class='ocrx_word' id='word_1_244' title='bbox 3590 1722 3595 1735; x_wconf 69' lang='grc' dir='ltr'><strong> </strong></span> 
     </span>
    </p>
   </div>
   <div class='ocr_carea' id='block_1_33' title="bbox 305 1756 3526 1846">
    <p class='ocr_par' dir='ltr' id='par_1_33' title="bbox 305 1756 3526 1846">
     <span class='ocr_line' id='line_1_33' title="bbox 305 1756 3526 1846; baseline 0.021 -38"><span class='ocrx_word' id='word_1_245' title='bbox 305 1756 582 1825; x_wconf 84' lang='lat' dir='ltr'><strong>feminam,</strong></span> <span class='ocrx_word' id='word_1_246' title='bbox 621 1762 759 1816; x_wconf 88' lang='lat' dir='ltr'><strong>inter</strong></span> <span class='ocrx_word' id='word_1_247' title='bbox 809 1767 1122 1822; x_wconf 78' lang='lat' dir='ltr'><strong>canonicam</strong></span> <span class='ocrx_word' id='word_1_248' title='bbox 1172 1778 1227 1824; x_wconf 89' lang='lat' dir='ltr'><strong>et</strong></span> <span class='ocrx_word' id='word_1_249' title='bbox 1269 1756 1753 1843; x_wconf 74' lang='lat' dir='ltr'><strong>sanctimonialem,</strong></span> <span class='ocrx_word' id='word_1_250' title='bbox 1784 1782 1868 1834; x_wconf 85' lang='lat' dir='ltr'><strong>in-</strong></span> <span class='ocrx_word' id='word_1_251' title='bbox 1906 1763 1947 1820; x_wconf 71' lang='grc' dir='ltr'><strong><em>Β</em></strong></span> <span class='ocrx_word' id='word_1_252' title='bbox 1973 1761 2383 1846; x_wconf 40' lang='grc' dir='ltr'><strong>Ῡεωπίωηηὶω</strong></span> <span class='ocrx_word' id='word_1_253' title='bbox 2414 1772 2468 1816; x_wconf 51' lang='lat' dir='ltr'><strong>ut</strong></span> <span class='ocrx_word' id='word_1_254' title='bbox 2508 1775 2555 1819; x_wconf 55' lang='grc' dir='ltr'><strong>θ’</strong></span> <span class='ocrx_word' id='word_1_255' title='bbox 2600 1768 2691 1820; x_wconf 57' lang='grc' dir='ltr'><strong>τίω</strong></span> <span class='ocrx_word' id='word_1_256' title='bbox 2729 1769 2867 1823; x_wconf 56' lang='lat' dir='ltr'><strong>De“</strong></span> <span class='ocrx_word' id='word_1_257' title='bbox 2910 1772 3133 1827; x_wconf 57' lang='lat' dir='ltr'><strong>dimmm</strong></span> <span class='ocrx_word' id='word_1_258' title='bbox 3158 1788 3367 1845; x_wconf 50' lang='lat' dir='ltr'><strong>peccata</strong></span> <span class='ocrx_word' id='word_1_259' title='bbox 3414 1791 3526 1846; x_wconf 67' lang='lat' dir='ltr'><strong>ma’</strong></span> 
     </span>
    </p>
   </div>
   <div class='ocr_carea' id='block_1_34' title="bbox 309 1852 1870 1937">
    <p class='ocr_par' dir='ltr' id='par_1_34' title="bbox 309 1852 1870 1937">
     <span class='ocr_line' id='line_1_34' title="bbox 309 1852 1870 1937; baseline 0.015 -35"><span class='ocrx_word' id='word_1_260' title='bbox 309 1858 393 1903; x_wconf 88' lang='lat' dir='ltr'><strong>ter</strong></span> <span class='ocrx_word' id='word_1_261' title='bbox 432 1852 631 1909; x_wconf 83' lang='lat' dir='ltr'><strong>debiles</strong></span> <span class='ocrx_word' id='word_1_262' title='bbox 680 1864 734 1909; x_wconf 86' lang='lat' dir='ltr'><strong>et</strong></span> <span class='ocrx_word' id='word_1_263' title='bbox 781 1857 1051 1922; x_wconf 73' lang='lat' dir='ltr'><strong>infirmos,</strong></span> <span class='ocrx_word' id='word_1_264' title='bbox 1084 1860 1223 1915; x_wconf 89' lang='lat' dir='ltr'><strong>inter</strong></span> <span class='ocrx_word' id='word_1_265' title='bbox 1268 1878 1429 1919; x_wconf 89' lang='lat' dir='ltr'><strong>sanos</strong></span> <span class='ocrx_word' id='word_1_266' title='bbox 1476 1874 1532 1920; x_wconf 88' lang='lat' dir='ltr'><strong>ct</strong></span> <span class='ocrx_word' id='word_1_267' title='bbox 1570 1882 1761 1937; x_wconf 78' lang='lat' dir='ltr'><strong>mgros.</strong></span> <span class='ocrx_word' id='word_1_268' title='bbox 1796 1871 1870 1925; x_wconf 87' lang='lat' dir='ltr'><strong>De</strong></span> 
     </span>
    </p>
   </div>
   <div class='ocr_carea' id='block_1_35' title="bbox 306 1942 1867 2018">
    <p class='ocr_par' dir='ltr' id='par_1_35' title="bbox 306 1942 1867 2018">
     <span class='ocr_line' id='line_1_35' title="bbox 306 1942 1867 2018; baseline 0.014 -26"><span class='ocrx_word' id='word_1_269' title='bbox 306 1942 564 2008; x_wconf 86' lang='lat' dir='ltr'><strong>qualitate</strong></span> <span class='ocrx_word' id='word_1_270' title='bbox 609 1944 769 1999; x_wconf 89' lang='lat' dir='ltr'><strong>etiam</strong></span> <span class='ocrx_word' id='word_1_271' title='bbox 814 1959 1156 2015; x_wconf 88' lang='lat' dir='ltr'><strong>peccatorum</strong></span> <span class='ocrx_word' id='word_1_272' title='bbox 1194 1951 1489 2018; x_wconf 80' lang='lat' dir='ltr'><strong>hominum,</strong></span> <span class='ocrx_word' id='word_1_273' title='bbox 1523 1956 1664 2011; x_wconf 90' lang='lat' dir='ltr'><strong>inter</strong></span> <span class='ocrx_word' id='word_1_274' title='bbox 1696 1960 1867 2013; x_wconf 89' lang='lat' dir='ltr'><strong>conti-</strong></span> 
     </span>
    </p>
   </div>
   <div class='ocr_carea' id='block_1_36' title="bbox 305 2035 1863 2119">
    <p class='ocr_par' dir='ltr' id='par_1_36' title="bbox 305 2035 1863 2119">
     <span class='ocr_line' id='line_1_36' title="bbox 305 2035 1863 2119; baseline 0.015 -37"><span class='ocrx_word' id='word_1_275' title='bbox 305 2039 519 2085; x_wconf 86' lang='lat' dir='ltr'><strong>nentem</strong></span> <span class='ocrx_word' id='word_1_276' title='bbox 545 2041 601 2087; x_wconf 92' lang='lat' dir='ltr'><strong>et</strong></span> <span class='ocrx_word' id='word_1_277' title='bbox 628 2035 1068 2105; x_wconf 83' lang='lat' dir='ltr'><strong>incontinentem,</strong></span> <span class='ocrx_word' id='word_1_278' title='bbox 1107 2051 1289 2097; x_wconf 90' lang='lat' dir='ltr'><strong>utrum</strong></span> <span class='ocrx_word' id='word_1_279' title='bbox 1314 2045 1587 2103; x_wconf 77' lang='lat' dir='ltr'><strong>voluntate</strong></span> <span class='ocrx_word' id='word_1_280' title='bbox 1610 2049 1691 2103; x_wconf 85' lang='lat' dir='ltr'><strong>vel</strong></span> <span class='ocrx_word' id='word_1_281' title='bbox 1714 2065 1863 2119; x_wconf 88' lang='lat' dir='ltr'><strong>casu,</strong></span> 
     </span>
    </p>
   </div>
   <div class='ocr_carea' id='block_1_37' title="bbox 304 2118 1868 2206">
    <p class='ocr_par' dir='ltr' id='par_1_37' title="bbox 304 2118 1868 2206">
     <span class='ocr_line' id='line_1_37' title="bbox 304 2118 1868 2206; baseline 0.018 -37"><span class='ocrx_word' id='word_1_282' title='bbox 304 2118 465 2173; x_wconf 57' lang='lat' dir='ltr'><strong>vel&#39;in</strong></span> <span class='ocrx_word' id='word_1_283' title='bbox 485 2122 797 2177; x_wconf 84' lang='lat' dir='ltr'><strong>abscondito</strong></span> <span class='ocrx_word' id='word_1_284' title='bbox 827 2143 838 2177; x_wconf 91' lang='lat'>:</span> <span class='ocrx_word' id='word_1_285' title='bbox 878 2128 1020 2195; x_wconf 84' lang='lat' dir='ltr'><strong>quali</strong></span> <span class='ocrx_word' id='word_1_286' title='bbox 1041 2134 1450 2199; x_wconf 90' lang='lat' dir='ltr'><strong>compunctione</strong></span> <span class='ocrx_word' id='word_1_287' title='bbox 1473 2139 1745 2206; x_wconf 88' lang='lat' dir='ltr'><strong>emendet,</strong></span> <span class='ocrx_word' id='word_1_288' title='bbox 1772 2118 1868 2197; x_wconf 53' lang='lat' dir='ltr'><strong>ne?-</strong></span> 
     </span>
    </p>
   </div>
   <div class='ocr_carea' id='block_1_38' title="bbox 300 2210 1859 2293">
    <p class='ocr_par' dir='ltr' id='par_1_38' title="bbox 300 2210 1859 2293">
     <span class='ocr_line' id='line_1_38' title="bbox 300 2210 1859 2293; baseline 0.015 -32"><span class='ocrx_word' id='word_1_289' title='bbox 300 2210 557 2265; x_wconf 88' lang='lat' dir='ltr'><strong>cessitate.</strong></span> <span class='ocrx_word' id='word_1_290' title='bbox 585 2210 646 2265; x_wconf 77' lang='lat' dir='ltr'><strong>et</strong></span> <span class='ocrx_word' id='word_1_291' title='bbox 686 2214 989 2281; x_wconf 83' lang='lat' dir='ltr'><strong>voluntate;</strong></span> <span class='ocrx_word' id='word_1_292' title='bbox 1041 2218 1157 2273; x_wconf 86' lang='lat' dir='ltr'><strong>loca</strong></span> <span class='ocrx_word' id='word_1_293' title='bbox 1202 2229 1259 2274; x_wconf 92' lang='lat' dir='ltr'><strong>et</strong></span> <span class='ocrx_word' id='word_1_294' title='bbox 1301 2231 1541 2293; x_wconf 88' lang='lat' dir='ltr'><strong>tempora</strong></span> <span class='ocrx_word' id='word_1_295' title='bbox 1572 2228 1859 2284; x_wconf 84' lang='lat' dir='ltr'><strong>discernat.</strong></span> 
     </span>
    </p>
   </div>
   <div class='ocr_carea' id='block_1_39' title="bbox 302 2297 1860 2379">
    <p class='ocr_par' dir='ltr' id='par_1_39' title="bbox 302 2297 1860 2379">
     <span class='ocr_line' id='line_1_39' title="bbox 302 2297 1860 2379; baseline 0.016 -29"><span class='ocrx_word' id='word_1_296' title='bbox 302 2297 560 2353; x_wconf 79' lang='lat' dir='ltr'><strong>Attendat</strong></span> <span class='ocrx_word' id='word_1_297' title='bbox 583 2302 742 2355; x_wconf 88' lang='lat' dir='ltr'><strong>etiam</strong></span> <span class='ocrx_word' id='word_1_298' title='bbox 767 2308 1033 2370; x_wconf 85' lang='lat' dir='ltr'><strong>sacerdos,</strong></span> <span class='ocrx_word' id='word_1_299' title='bbox 1061 2316 1119 2362; x_wconf 91' lang='lat' dir='ltr'><strong>ut</strong></span> <span class='ocrx_word' id='word_1_300' title='bbox 1143 2308 1276 2365; x_wconf 89' lang='lat' dir='ltr'><strong>salvi</strong></span> <span class='ocrx_word' id='word_1_301' title='bbox 1300 2313 1408 2366; x_wconf 86' lang='lat' dir='ltr'><strong>sint</strong></span> <span class='ocrx_word' id='word_1_302' title='bbox 1434 2329 1649 2379; x_wconf 83' lang='lat' dir='ltr'><strong>omnes,</strong></span> <span class='ocrx_word' id='word_1_303' title='bbox 1676 2328 1729 2373; x_wconf 86' lang='lat' dir='ltr'><strong>et</strong></span> <span class='ocrx_word' id='word_1_304' title='bbox 1756 2336 1860 2375; x_wconf 89' lang='lat' dir='ltr'><strong>non</strong></span> 
     </span>
    </p>
   </div>
   <div class='ocr_carea' id='block_1_40' title="bbox 302 2387 1859 2478">
    <p class='ocr_par' dir='ltr' id='par_1_40' title="bbox 302 2387 1859 2478">
     <span class='ocr_line' id='line_1_40' title="bbox 302 2387 1859 2478; baseline 0.015 -38"><span class='ocrx_word' id='word_1_305' title='bbox 302 2387 685 2456; x_wconf 81' lang='lat' dir='ltr'><strong>pusillanimes,</strong></span> <span class='ocrx_word' id='word_1_306' title='bbox 725 2394 849 2460; x_wconf 89' lang='lat' dir='ltr'><strong>quia</strong></span> <span class='ocrx_word' id='word_1_307' title='bbox 881 2404 1125 2464; x_wconf 88' lang='lat' dir='ltr'><strong>potentes</strong></span> <span class='ocrx_word' id='word_1_308' title='bbox 1156 2407 1710 2469; x_wconf 80' lang='lat' dir='ltr'><strong>potenter-tormenta</strong></span> <span class='ocrx_word' id='word_1_309' title='bbox 1762 2424 1859 2478; x_wconf 88' lang='lat' dir='ltr'><strong>pa-</strong></span> 
     </span>
    </p>
   </div>
   <div class='ocr_carea' id='block_1_41' title="bbox 300 2479 1860 2562">
    <p class='ocr_par' dir='ltr' id='par_1_41' title="bbox 300 2479 1860 2562">
     <span class='ocr_line' id='line_1_41' title="bbox 300 2479 1860 2562; baseline 0.015 -31"><span class='ocrx_word' id='word_1_310' title='bbox 300 2479 520 2532; x_wconf 86' lang='lat' dir='ltr'><strong>tientur.</strong></span> <span class='ocrx_word' id='word_1_311' title='bbox 555 2480 685 2535; x_wconf 84' lang='lat' dir='ltr'><strong>item</strong></span> <span class='ocrx_word' id='word_1_312' title='bbox 721 2482 879 2538; x_wconf 77' lang='lat' dir='ltr'><strong>Jesus</strong></span> <span class='ocrx_word' id='word_1_313' title='bbox 905 2487 1041 2542; x_wconf 84' lang='lat' dir='ltr'><strong>ﬁlius</strong></span> <span class='ocrx_word' id='word_1_314' title='bbox 1068 2486 1258 2546; x_wconf 71' lang='lat' dir='ltr'><strong>Siraéh</strong></span> <span class='ocrx_word' id='word_1_315' title='bbox 1290 2509 1304 2543; x_wconf 90' lang='lat'><strong>:</strong></span> <span class='ocrx_word' id='word_1_316' title='bbox 1344 2491 1410 2546; x_wconf 77' lang='lat' dir='ltr'><strong>In</strong></span> <span class='ocrx_word' id='word_1_317' title='bbox 1431 2493 1725 2562; x_wconf 78' lang='lat' dir='ltr'><strong>judicando</strong></span> <span class='ocrx_word' id='word_1_318' title='bbox 1753 2510 1860 2555; x_wconf 87' lang='lat' dir='ltr'><strong>esto</strong></span> 
     </span>
    </p>
   </div>
   <div class='ocr_carea' id='block_1_42' title="bbox 300 2568 1859 2649">
    <p class='ocr_par' dir='ltr' id='par_1_42' title="bbox 300 2568 1859 2649">
     <span class='ocr_line' id='line_1_42' title="bbox 300 2568 1859 2649; baseline 0.016 -31"><span class='ocrx_word' id='word_1_319' title='bbox 300 2568 614 2633; x_wconf 84' lang='lat' dir='ltr'><strong>misericors,</strong></span> <span class='ocrx_word' id='word_1_320' title='bbox 635 2571 845 2641; x_wconf 83' lang='lat' dir='ltr'><strong>pupillis</strong></span> <span class='ocrx_word' id='word_1_321' title='bbox 879 2584 934 2628; x_wconf 86' lang='lat' dir='ltr'><strong>ut</strong></span> <span class='ocrx_word' id='word_1_322' title='bbox 955 2586 1122 2645; x_wconf 82' lang='lat' dir='ltr'><strong>pater,</strong></span> <span class='ocrx_word' id='word_1_323' title='bbox 1145 2587 1193 2632; x_wconf 86' lang='lat' dir='ltr'><strong>et</strong></span> <span class='ocrx_word' id='word_1_324' title='bbox 1209 2596 1302 2649; x_wconf 90' lang='lat' dir='ltr'><strong>pro</strong></span> <span class='ocrx_word' id='word_1_325' title='bbox 1332 2583 1438 2635; x_wconf 79' lang='lat' dir='ltr'><strong>viro</strong></span> <span class='ocrx_word' id='word_1_326' title='bbox 1467 2587 1623 2638; x_wconf 80' lang='lat' dir='ltr'><strong>matri</strong></span> <span class='ocrx_word' id='word_1_327' title='bbox 1649 2586 1859 2643; x_wconf 80' lang='lat' dir='ltr'><strong>illorum</strong></span> 
     </span>
    </p>
   </div>
   <div class='ocr_carea' id='block_1_43' title="bbox 300 2655 1857 2731">
    <p class='ocr_par' dir='ltr' id='par_1_43' title="bbox 300 2655 1857 2731">
     <span class='ocr_line' id='line_1_43' title="bbox 300 2655 1857 2731; baseline 0.016 -24"><span class='ocrx_word' id='word_1_328' title='bbox 300 2655 487 2724; x_wconf 75' lang='lat' dir='ltr'><strong>(Ereti.</strong></span> <span class='ocrx_word' id='word_1_329' title='bbox 517 2675 590 2722; x_wconf 82' lang='lat' dir='ltr'><strong>tv,</strong></span> <span class='ocrx_word' id='word_1_330' title='bbox 620 2660 725 2729; x_wconf 78' lang='grc'><strong>10).</strong></span> <span class='ocrx_word' id='word_1_331' title='bbox 757 2662 823 2715; x_wconf 86' lang='lat' dir='ltr'><strong>Et</strong></span> <span class='ocrx_word' id='word_1_332' title='bbox 852 2662 1117 2721; x_wconf 71' lang='lat' dir='ltr'><strong>Iacobus:</strong></span> <span class='ocrx_word' id='word_1_333' title='bbox 1145 2667 1413 2724; x_wconf 76' lang='lat' dir='ltr'><strong>Iudicium</strong></span> <span class='ocrx_word' id='word_1_334' title='bbox 1432 2673 1544 2726; x_wconf 77' lang='lat' dir='ltr'><strong>sine</strong></span> <span class='ocrx_word' id='word_1_335' title='bbox 1569 2676 1857 2731; x_wconf 80' lang='lat' dir='ltr'><strong>misericor-</strong></span> 
     </span>
    </p>
   </div>
   <div class='ocr_carea' id='block_1_44' title="bbox 298 2745 1854 2831">
    <p class='ocr_par' dir='ltr' id='par_1_44' title="bbox 298 2745 1854 2831">
     <span class='ocr_line' id='line_1_44' title="bbox 298 2745 1854 2831; baseline 0.015 -35"><span class='ocrx_word' id='word_1_336' title='bbox 298 2745 388 2797; x_wconf 84' lang='lat' dir='ltr'><strong>dia</strong></span> <span class='ocrx_word' id='word_1_337' title='bbox 427 2748 523 2799; x_wconf 90' lang='lat' dir='ltr'><strong>erit</strong></span> <span class='ocrx_word' id='word_1_338' title='bbox 561 2748 640 2801; x_wconf 83' lang='lat' dir='ltr'><strong>illi</strong></span> <span class='ocrx_word' id='word_1_339' title='bbox 670 2753 758 2818; x_wconf 86' lang='lat' dir='ltr'><strong>qui</strong></span> <span class='ocrx_word' id='word_1_340' title='bbox 791 2769 894 2805; x_wconf 72' lang='lat' dir='ltr'><strong>non</strong></span> <span class='ocrx_word' id='word_1_341' title='bbox 944 2754 1064 2821; x_wconf 80' lang='lat' dir='ltr'><strong>fecit</strong></span> <span class='ocrx_word' id='word_1_342' title='bbox 1118 2758 1533 2815; x_wconf 76' lang='lat' dir='ltr'><strong>misericordiam</strong></span> <span class='ocrx_word' id='word_1_343' title='bbox 1578 2762 1731 2831; x_wconf 81' lang='lat' dir='ltr'><strong>(Jac.</strong></span> <span class='ocrx_word' id='word_1_344' title='bbox 1774 2781 1813 2819; x_wconf 81' lang='lat' dir='ltr'><strong>tt</strong></span> <span class='ocrx_word' id='word_1_345' title='bbox 1838 2806 1854 2829; x_wconf 93' lang='lat'><strong>,</strong></span> 
     </span>
    </p>
   </div>
   <div class='ocr_carea' id='block_1_45' title="bbox 302 2838 1859 2921">
    <p class='ocr_par' dir='ltr' id='par_1_45' title="bbox 302 2838 1859 2921">
     <span class='ocr_line' id='line_1_45' title="bbox 302 2838 1859 2921; baseline 0.013 -32"><span class='ocrx_word' id='word_1_346' title='bbox 302 2838 419 2905; x_wconf 76' lang='grc'><strong>15).</strong></span> <span class='ocrx_word' id='word_1_347' title='bbox 453 2839 825 2908; x_wconf 87' lang='lat' dir='ltr'><strong>Superexaltet</strong></span> <span class='ocrx_word' id='word_1_348' title='bbox 866 2854 1043 2899; x_wconf 88' lang='lat' dir='ltr'><strong>autem</strong></span> <span class='ocrx_word' id='word_1_349' title='bbox 1089 2848 1451 2903; x_wconf 89' lang='lat' dir='ltr'><strong>misericordia</strong></span> <span class='ocrx_word' id='word_1_350' title='bbox 1475 2852 1767 2921; x_wconf 79' lang='lat' dir='ltr'><strong>judicium,</strong></span> <span class='ocrx_word' id='word_1_351' title='bbox 1798 2864 1859 2909; x_wconf 88' lang='lat' dir='ltr'><strong>ut</strong></span> 
     </span>
    </p>
   </div>
   <div class='ocr_carea' id='block_1_46' title="bbox 298 2927 1856 3007">
    <p class='ocr_par' dir='ltr' id='par_1_46' title="bbox 298 2927 1856 3007">
     <span class='ocr_line' id='line_1_46' title="bbox 298 2927 1856 3007; baseline 0.012 -27"><span class='ocrx_word' id='word_1_352' title='bbox 298 2927 439 2981; x_wconf 84' lang='lat' dir='ltr'><strong>idem</strong></span> <span class='ocrx_word' id='word_1_353' title='bbox 466 2941 837 3000; x_wconf 85' lang='lat' dir='ltr'><strong>consequatur,</strong></span> <span class='ocrx_word' id='word_1_354' title='bbox 866 2943 924 2987; x_wconf 85' lang='lat' dir='ltr'><strong>ut</strong></span> <span class='ocrx_word' id='word_1_355' title='bbox 949 2944 1161 2989; x_wconf 87' lang='lat' dir='ltr'><strong>sanctus</strong></span> <span class='ocrx_word' id='word_1_356' title='bbox 1187 2935 1522 2993; x_wconf 84' lang='lat' dir='ltr'><strong>Benedictus.</strong></span> <span class='ocrx_word' id='word_1_357' title='bbox 1549 2939 1650 3007; x_wconf 83' lang='lat' dir='ltr'><strong>Qui</strong></span> <span class='ocrx_word' id='word_1_358' title='bbox 1674 2958 1856 2999; x_wconf 83' lang='lat' dir='ltr'><strong>veram</strong></span> 
     </span>
    </p>
   </div>
   <div class='ocr_carea' id='block_1_47' title="bbox 297 3019 1853 3099">
    <p class='ocr_par' dir='ltr' id='par_1_47' title="bbox 297 3019 1853 3099">
     <span class='ocr_line' id='line_1_47' title="bbox 297 3019 1853 3099; baseline 0.013 -31"><span class='ocrx_word' id='word_1_359' title='bbox 297 3019 664 3082; x_wconf 66' lang='lat' dir='ltr'><strong>penitentiam</strong></span> <span class='ocrx_word' id='word_1_360' title='bbox 694 3021 919 3086; x_wconf 77' lang='lat' dir='ltr'><strong>iaciunt,</strong></span> <span class='ocrx_word' id='word_1_361' title='bbox 973 3034 1133 3096; x_wconf 90' lang='lat' dir='ltr'><strong>agant</strong></span> <span class='ocrx_word' id='word_1_362' title='bbox 1178 3027 1233 3080; x_wconf 89' lang='lat' dir='ltr'><strong>in</strong></span> <span class='ocrx_word' id='word_1_363' title='bbox 1275 3028 1479 3099; x_wconf 82' lang='lat' dir='ltr'><strong>jejunio</strong></span> <span class='ocrx_word' id='word_1_364' title='bbox 1523 3040 1579 3085; x_wconf 89' lang='lat' dir='ltr'><strong>et</strong></span> <span class='ocrx_word' id='word_1_365' title='bbox 1611 3032 1764 3096; x_wconf 82' lang='lat' dir='ltr'><strong>fletu,</strong></span> <span class='ocrx_word' id='word_1_366' title='bbox 1799 3036 1853 3089; x_wconf 92' lang='lat' dir='ltr'><strong>in</strong></span> 
     </span>
    </p>
   </div>
   <div class='ocr_carea' id='block_1_48' title="bbox 1965 1840 3528 1935">
    <p class='ocr_par' dir='ltr' id='par_1_48' title="bbox 1965 1840 3528 1935">
     <span class='ocr_line' id='line_1_48' title="bbox 1965 1840 3528 1935; baseline 0.02 -44"><span class='ocrx_word' id='word_1_367' title='bbox 1965 1840 2076 1909; x_wconf 88' lang='lat' dir='ltr'><strong>ipso</strong></span> <span class='ocrx_word' id='word_1_368' title='bbox 2114 1845 2313 1902; x_wconf 82' lang='lat' dir='ltr'><strong>dicente</strong></span> <span class='ocrx_word' id='word_1_369' title='bbox 2341 1863 2360 1901; x_wconf 90' lang='lat'><strong><em>:</em></strong></span> <span class='ocrx_word' id='word_1_370' title='bbox 2408 1850 2598 1908; x_wconf 79' lang='lat' dir='ltr'><strong>Sinon</strong></span> <span class='ocrx_word' id='word_1_371' title='bbox 2638 1858 2940 1915; x_wconf 82' lang='lat' dir='ltr'><strong>dimiseritis</strong></span> <span class='ocrx_word' id='word_1_372' title='bbox 2984 1840 3276 1919; x_wconf 75' lang='lat' dir='ltr'><strong>hominibus</strong></span> <span class='ocrx_word' id='word_1_373' title='bbox 3315 1880 3528 1935; x_wconf 86' lang='lat' dir='ltr'><strong>peccata</strong></span> 
     </span>
    </p>
   </div>
   <div class='ocr_carea' id='block_1_49' title="bbox 1962 1938 3528 2029">
    <p class='ocr_par' dir='ltr' id='par_1_49' title="bbox 1962 1938 3528 2029">
     <span class='ocr_line' id='line_1_49' title="bbox 1962 1938 3528 2029; baseline 0.02 -49"><span class='ocrx_word' id='word_1_374' title='bbox 1962 1944 2270 2000; x_wconf 82' lang='lat' dir='ltr'><strong>eorum,rtec</strong></span> <span class='ocrx_word' id='word_1_375' title='bbox 2299 1938 2461 1995; x_wconf 77' lang='lat' dir='ltr'><strong>Rater</strong></span> <span class='ocrx_word' id='word_1_376' title='bbox 2483 1954 2644 1999; x_wconf 78' lang='lat' dir='ltr'><strong>vester</strong></span> <span class='ocrx_word' id='word_1_377' title='bbox 2667 1948 2881 2002; x_wconf 73' lang='lat' dir='ltr'><strong>caelestis</strong></span> <span class='ocrx_word' id='word_1_378' title='bbox 2909 1950 3131 2029; x_wconf 77' lang='lat' dir='ltr'><strong>dimittet</strong></span> <span class='ocrx_word' id='word_1_379' title='bbox 3154 1954 3292 2009; x_wconf 76' lang='lat' dir='ltr'><strong>vobis</strong></span> <span class='ocrx_word' id='word_1_380' title='bbox 3317 1968 3528 2026; x_wconf 82' lang='lat' dir='ltr'><strong>peccata</strong></span> 
     </span>
    </p>
   </div>
   <div class='ocr_carea' id='block_1_50' title="bbox 1962 2025 3527 2117">
    <p class='ocr_par' dir='ltr' id='par_1_50' title="bbox 1962 2025 3527 2117">
     <span class='ocr_line' id='line_1_50' title="bbox 1962 2025 3527 2117; baseline 0.022 -47"><span class='ocrx_word' id='word_1_381' title='bbox 1962 2030 2128 2075; x_wconf 81' lang='lat' dir='ltr'><strong>vestra</strong></span> <span class='ocrx_word' id='word_1_382' title='bbox 2158 2025 2371 2094; x_wconf 73' lang='lat' dir='ltr'><strong>(Matth.</strong></span> <span class='ocrx_word' id='word_1_383' title='bbox 2400 2047 2450 2085; x_wconf 84' lang='lat' dir='ltr'><strong>vt</strong></span> <span class='ocrx_word' id='word_1_384' title='bbox 2472 2072 2487 2098; x_wconf 92' lang='lat'><strong>,</strong></span> <span class='ocrx_word' id='word_1_385' title='bbox 2531 2034 2656 2105; x_wconf 84' lang='lat' dir='ltr'><strong>l5)?</strong></span> <span class='ocrx_word' id='word_1_386' title='bbox 2684 2036 2741 2091; x_wconf 87' lang='lat' dir='ltr'><strong>Si</strong></span> <span class='ocrx_word' id='word_1_387' title='bbox 2788 2040 2899 2094; x_wconf 88' lang='lat' dir='ltr'><strong>vult</strong></span> <span class='ocrx_word' id='word_1_388' title='bbox 2945 2025 3234 2112; x_wconf 89' lang='lat' dir='ltr'><strong>dimittere,</strong></span> <span class='ocrx_word' id='word_1_389' title='bbox 3266 2025 3527 2117; x_wconf 75' lang='lat' dir='ltr'><strong>suscipias</strong></span> 
     </span>
    </p>
   </div>
   <div class='ocr_carea' id='block_1_51' title="bbox 1962 2111 3526 2200">
    <p class='ocr_par' dir='ltr' id='par_1_51' title="bbox 1962 2111 3526 2200">
     <span class='ocr_line' id='line_1_51' title="bbox 1962 2111 3526 2200; baseline 0.019 -37"><span class='ocrx_word' id='word_1_390' title='bbox 1962 2111 2078 2180; x_wconf 86' lang='lat' dir='ltr'><strong>ejus</strong></span> <span class='ocrx_word' id='word_1_391' title='bbox 2097 2116 2506 2189; x_wconf 79' lang='lat' dir='ltr'><strong>confessionem,</strong></span> <span class='ocrx_word' id='word_1_392' title='bbox 2530 2133 2583 2178; x_wconf 90' lang='lat' dir='ltr'><strong>et</strong></span> <span class='ocrx_word' id='word_1_393' title='bbox 2606 2125 2808 2183; x_wconf 86' lang='lat' dir='ltr'><strong>indices</strong></span> <span class='ocrx_word' id='word_1_394' title='bbox 2835 2128 2885 2184; x_wconf 87' lang='lat' dir='ltr'><strong>ei</strong></span> <span class='ocrx_word' id='word_1_395' title='bbox 2915 2111 3284 2200; x_wconf 72' lang='lat' dir='ltr'><strong>paenitentiam</strong></span> <span class='ocrx_word' id='word_1_396' title='bbox 3312 2153 3325 2189; x_wconf 88' lang='lat'><strong>:</strong></span> <span class='ocrx_word' id='word_1_397' title='bbox 3353 2138 3398 2191; x_wconf 89' lang='lat' dir='ltr'><strong>si</strong></span> <span class='ocrx_word' id='word_1_398' title='bbox 3419 2154 3526 2193; x_wconf 87' lang='lat' dir='ltr'><strong>non</strong></span> 
     </span>
    </p>
   </div>
   <div class='ocr_carea' id='block_1_52' title="bbox 1961 2200 3526 2281">
    <p class='ocr_par' dir='ltr' id='par_1_52' title="bbox 1961 2200 3526 2281">
     <span class='ocr_line' id='line_1_52' title="bbox 1961 2200 3526 2281; baseline 0.019 -30"><span class='ocrx_word' id='word_1_399' title='bbox 1961 2200 2093 2267; x_wconf 85' lang='lat' dir='ltr'><strong>vult,</strong></span> <span class='ocrx_word' id='word_1_400' title='bbox 2139 2219 2247 2259; x_wconf 90' lang='lat' dir='ltr'><strong>non</strong></span> <span class='ocrx_word' id='word_1_401' title='bbox 2270 2209 2533 2279; x_wconf 87' lang='lat' dir='ltr'><strong>suscipias</strong></span> <span class='ocrx_word' id='word_1_402' title='bbox 2567 2212 2684 2281; x_wconf 86' lang='lat' dir='ltr'><strong>ejus</strong></span> <span class='ocrx_word' id='word_1_403' title='bbox 2737 2215 3145 2273; x_wconf 80' lang='lat' dir='ltr'><strong>confessionem.</strong></span> <span class='ocrx_word' id='word_1_404' title='bbox 3176 2221 3370 2278; x_wconf 80' lang='lat' dir='ltr'><strong>Volens</strong></span> <span class='ocrx_word' id='word_1_405' title='bbox 3398 2240 3526 2281; x_wconf 87' lang='lat' dir='ltr'><strong>vero</strong></span> 
     </span>
    </p>
   </div>
   <div class='ocr_carea' id='block_1_53' title="bbox 1961 2283 3526 2378">
    <p class='ocr_par' dir='ltr' id='par_1_53' title="bbox 1961 2283 3526 2378">
     <span class='ocr_line' id='line_1_53' title="bbox 1961 2283 3526 2378; baseline 0.017 -35"><span class='ocrx_word' id='word_1_406' title='bbox 1961 2283 2234 2349; x_wconf 86' lang='lat' dir='ltr'><strong>dimittere</strong></span> <span class='ocrx_word' id='word_1_407' title='bbox 2278 2300 2458 2354; x_wconf 86' lang='lat' dir='ltr'><strong>omnia</strong></span> <span class='ocrx_word' id='word_1_408' title='bbox 2484 2302 2571 2357; x_wconf 91' lang='lat' dir='ltr'><strong>his</strong></span> <span class='ocrx_word' id='word_1_409' title='bbox 2617 2305 2707 2372; x_wconf 90' lang='lat' dir='ltr'><strong>qui</strong></span> <span class='ocrx_word' id='word_1_410' title='bbox 2754 2306 2810 2360; x_wconf 89' lang='lat' dir='ltr'><strong>in</strong></span> <span class='ocrx_word' id='word_1_411' title='bbox 2853 2321 2911 2362; x_wconf 89' lang='lat' dir='ltr'><strong>se</strong></span> <span class='ocrx_word' id='word_1_412' title='bbox 2942 2320 3322 2378; x_wconf 89' lang='lat' dir='ltr'><strong>peccaverunt,</strong></span> <span class='ocrx_word' id='word_1_413' title='bbox 3359 2317 3526 2369; x_wconf 82' lang='lat' dir='ltr'><strong>couti-</strong></span> 
     </span>
    </p>
   </div>
   <div class='ocr_carea' id='block_1_54' title="bbox 1961 2386 3522 2472">
    <p class='ocr_par' dir='ltr' id='par_1_54' title="bbox 1961 2386 3522 2472">
     <span class='ocr_line' id='line_1_54' title="bbox 1961 2386 3522 2472; baseline 0.018 -42"><span class='ocrx_word' id='word_1_414' title='bbox 1961 2386 2137 2433; x_wconf 88' lang='lat' dir='ltr'><strong>teatur</strong></span> <span class='ocrx_word' id='word_1_415' title='bbox 2186 2386 2366 2440; x_wconf 84' lang='lat' dir='ltr'><strong>omnia</strong></span> <span class='ocrx_word' id='word_1_416' title='bbox 2404 2398 2623 2457; x_wconf 90' lang='lat' dir='ltr'><strong>peccata</strong></span> <span class='ocrx_word' id='word_1_417' title='bbox 2674 2407 2770 2447; x_wconf 90' lang='lat' dir='ltr'><strong>sua</strong></span> <span class='ocrx_word' id='word_1_418' title='bbox 2817 2409 2936 2463; x_wconf 69' lang='lat' dir='ltr'><strong>qua:</strong></span> <span class='ocrx_word' id='word_1_419' title='bbox 2987 2400 3260 2454; x_wconf 84' lang='lat' dir='ltr'><strong>recordari</strong></span> <span class='ocrx_word' id='word_1_420' title='bbox 3325 2413 3522 2472; x_wconf 90' lang='lat' dir='ltr'><strong>potest.</strong></span> 
     </span>
    </p>
   </div>
   <div class='ocr_carea' id='block_1_55' title="bbox 1958 2466 3528 2564">
    <p class='ocr_par' dir='ltr' id='par_1_55' title="bbox 1958 2466 3528 2564">
     <span class='ocr_line' id='line_1_55' title="bbox 1958 2466 3528 2564; baseline 0.018 -43"><span class='ocrx_word' id='word_1_421' title='bbox 1958 2466 2393 2542; x_wconf 39' lang='lat' dir='ltr'><strong>Prascavendum,</strong></span> <span class='ocrx_word' id='word_1_422' title='bbox 2424 2486 2510 2532; x_wconf 87' lang='lat' dir='ltr'><strong>est</strong></span> <span class='ocrx_word' id='word_1_423' title='bbox 2541 2488 2717 2535; x_wconf 89' lang='lat' dir='ltr'><strong>tamen</strong></span> <span class='ocrx_word' id='word_1_424' title='bbox 2768 2484 3034 2540; x_wconf 82' lang='lat' dir='ltr'><strong>sacerdoti</strong></span> <span class='ocrx_word' id='word_1_425' title='bbox 3087 2466 3528 2564; x_wconf 73' lang='lat' dir='ltr'><strong>de-supradictis</strong></span> 
     </span>
    </p>
   </div>
   <div class='ocr_carea' id='block_1_56' title="bbox 1956 2562 3523 2652">
    <p class='ocr_par' dir='ltr' id='par_1_56' title="bbox 1956 2562 3523 2652">
     <span class='ocr_line' id='line_1_56' title="bbox 1956 2562 3523 2652; baseline 0.02 -38"><span class='ocrx_word' id='word_1_426' title='bbox 1956 2562 2120 2629; x_wconf 80' lang='lat' dir='ltr'><strong>vitiis,</strong></span> <span class='ocrx_word' id='word_1_427' title='bbox 2153 2566 2317 2640; x_wconf 68' lang='grc'><strong>474</strong></span> <span class='ocrx_word' id='word_1_428' title='bbox 2336 2576 2394 2626; x_wconf 86' lang='lat' dir='ltr'><strong>ut</strong></span> <span class='ocrx_word' id='word_1_429' title='bbox 2416 2573 2466 2627; x_wconf 89' lang='lat' dir='ltr'><strong>ei</strong></span> <span class='ocrx_word' id='word_1_430' title='bbox 2494 2576 2884 2635; x_wconf 87' lang='lat' dir='ltr'><strong>exhortationis</strong></span> <span class='ocrx_word' id='word_1_431' title='bbox 2918 2584 3090 2652; x_wconf 86' lang='lat' dir='ltr'><strong>gratia</strong></span> <span class='ocrx_word' id='word_1_432' title='bbox 3115 2586 3181 2639; x_wconf 91' lang='lat' dir='ltr'><strong>ad</strong></span> <span class='ocrx_word' id='word_1_433' title='bbox 3209 2562 3523 2645; x_wconf 87' lang='lat' dir='ltr'><strong>memoriam</strong></span> 
     </span>
    </p>
   </div>
   <div class='ocr_carea' id='block_1_57' title="bbox 1960 2651 3524 2737">
    <p class='ocr_par' dir='ltr' id='par_1_57' title="bbox 1960 2651 3524 2737">
     <span class='ocr_line' id='line_1_57' title="bbox 1960 2651 3524 2737; baseline 0.019 -33"><span class='ocrx_word' id='word_1_434' title='bbox 1960 2651 2203 2718; x_wconf 80' lang='lat' dir='ltr'><strong>reducat,</strong></span> <span class='ocrx_word' id='word_1_435' title='bbox 2233 2673 2298 2709; x_wconf 87' lang='lat' dir='ltr'><strong>ne</strong></span> <span class='ocrx_word' id='word_1_436' title='bbox 2340 2660 2471 2728; x_wconf 34' lang='lat' dir='ltr'><strong>quid.</strong></span> <span class='ocrx_word' id='word_1_437' title='bbox 2505 2664 2826 2722; x_wconf 79' lang='lat' dir='ltr'><strong>adversante</strong></span> <span class='ocrx_word' id='word_1_438' title='bbox 2864 2651 3105 2737; x_wconf 66' lang='lat' dir='ltr'><strong>“diabolo,</strong></span> <span class='ocrx_word' id='word_1_439' title='bbox 3141 2677 3404 2731; x_wconf 89' lang='lat' dir='ltr'><strong>occultum</strong></span> <span class='ocrx_word' id='word_1_440' title='bbox 3441 2695 3524 2733; x_wconf 89' lang='lat' dir='ltr'><strong>re-</strong></span> 
     </span>
    </p>
   </div>
   <div class='ocr_carea' id='block_1_58' title="bbox 1958 2744 3522 2838">
    <p class='ocr_par' dir='ltr' id='par_1_58' title="bbox 1958 2744 3522 2838">
     <span class='ocr_line' id='line_1_58' title="bbox 1958 2744 3522 2838; baseline 0.02 -47"><span class='ocrx_word' id='word_1_441' title='bbox 1958 2753 2191 2797; x_wconf 78' lang='lat' dir='ltr'><strong>maneat.</strong></span> <span class='ocrx_word' id='word_1_442' title='bbox 2216 2744 2331 2813; x_wconf 87' lang='lat' dir='ltr'><strong>Quo</strong></span> <span class='ocrx_word' id='word_1_443' title='bbox 2355 2747 2519 2816; x_wconf 88' lang='lat' dir='ltr'><strong>facto,</strong></span> <span class='ocrx_word' id='word_1_444' title='bbox 2555 2752 2674 2810; x_wconf 82' lang='lat' dir='ltr'><strong>lixis</strong></span> <span class='ocrx_word' id='word_1_445' title='bbox 2696 2758 2920 2826; x_wconf 80' lang='lat' dir='ltr'><strong>genibus</strong></span> <span class='ocrx_word' id='word_1_446' title='bbox 2948 2761 2999 2814; x_wconf 91' lang='lat' dir='ltr'><strong>in</strong></span> <span class='ocrx_word' id='word_1_447' title='bbox 3026 2772 3243 2830; x_wconf 88' lang='lat' dir='ltr'><strong>terram,</strong></span> <span class='ocrx_word' id='word_1_448' title='bbox 3276 2776 3329 2821; x_wconf 91' lang='lat' dir='ltr'><strong>et</strong></span> <span class='ocrx_word' id='word_1_449' title='bbox 3360 2768 3522 2838; x_wconf 83' lang='lat' dir='ltr'><strong>super</strong></span> 
     </span>
    </p>
   </div>
   <div class='ocr_carea' id='block_1_59' title="bbox 1958 2828 3518 2922">
    <p class='ocr_par' dir='ltr' id='par_1_59' title="bbox 1958 2828 3518 2922">
     <span class='ocr_line' id='line_1_59' title="bbox 1958 2828 3518 2922; baseline 0.02 -41"><span class='ocrx_word' id='word_1_450' title='bbox 1958 2828 2072 2895; x_wconf 89' lang='lat' dir='ltr'><strong>ipsa</strong></span> <span class='ocrx_word' id='word_1_451' title='bbox 2124 2832 2339 2891; x_wconf 73' lang='lat' dir='ltr'><strong>innixus</strong></span> <span class='ocrx_word' id='word_1_452' title='bbox 2394 2849 2578 2907; x_wconf 89' lang='lat' dir='ltr'><strong>stans,</strong></span> <span class='ocrx_word' id='word_1_453' title='bbox 2639 2845 2950 2914; x_wconf 84' lang='lat' dir='ltr'><strong>suppliciter</strong></span> <span class='ocrx_word' id='word_1_454' title='bbox 3007 2853 3172 2907; x_wconf 89' lang='lat' dir='ltr'><strong>tensis</strong></span> <span class='ocrx_word' id='word_1_455' title='bbox 3233 2857 3518 2922; x_wconf 86' lang='lat' dir='ltr'><strong>manibus,</strong></span> 
     </span>
    </p>
   </div>
   <div class='ocr_carea' id='block_1_60' title="bbox 1955 2922 3519 3015">
    <p class='ocr_par' dir='ltr' id='par_1_60' title="bbox 1955 2922 3519 3015">
     <span class='ocr_line' id='line_1_60' title="bbox 1955 2922 3519 3015; baseline 0.019 -39"><span class='ocrx_word' id='word_1_456' title='bbox 1955 2922 2148 2981; x_wconf 87' lang='lat' dir='ltr'><strong>blando</strong></span> <span class='ocrx_word' id='word_1_457' title='bbox 2188 2925 2449 2988; x_wconf 56' lang='lat' dir='ltr'><strong>ac&#39;tlebili</strong></span> <span class='ocrx_word' id='word_1_458' title='bbox 2485 2936 2631 2991; x_wconf 86' lang='lat' dir='ltr'><strong>vultu</strong></span> <span class='ocrx_word' id='word_1_459' title='bbox 2668 2940 2959 3010; x_wconf 84' lang='lat' dir='ltr'><strong>respiciens</strong></span> <span class='ocrx_word' id='word_1_460' title='bbox 2986 2948 3336 3015; x_wconf 86' lang='lat' dir='ltr'><strong>sacerdotem,</strong></span> <span class='ocrx_word' id='word_1_461' title='bbox 3376 2951 3519 3005; x_wconf 82' lang='lat' dir='ltr'><strong>dicat</strong></span> 
     </span>
    </p>
   </div>
   <div class='ocr_carea' id='block_1_61' title="bbox 1957 3014 3518 3096">
    <p class='ocr_par' dir='ltr' id='par_1_61' title="bbox 1957 3014 3518 3096">
     <span class='ocr_line' id='line_1_61' title="bbox 1957 3014 3518 3096; baseline 0.017 -27"><span class='ocrx_word' id='word_1_462' title='bbox 1957 3014 2043 3069; x_wconf 88' lang='lat' dir='ltr'><strong>his</strong></span> <span class='ocrx_word' id='word_1_463' title='bbox 2069 3019 2249 3073; x_wconf 79' lang='lat' dir='ltr'><strong>verbis</strong></span> <span class='ocrx_word' id='word_1_464' title='bbox 2277 3038 2287 3072; x_wconf 92' lang='lat'>:</span> <span class='ocrx_word' id='word_1_465' title='bbox 2320 3021 2482 3078; x_wconf 81' lang='lat' dir='ltr'><strong>Multa</strong></span> <span class='ocrx_word' id='word_1_466' title='bbox 2508 3026 2723 3094; x_wconf 88' lang='lat' dir='ltr'><strong>quidem</strong></span> <span class='ocrx_word' id='word_1_467' title='bbox 2761 3039 2815 3085; x_wconf 93' lang='lat' dir='ltr'><strong>et</strong></span> <span class='ocrx_word' id='word_1_468' title='bbox 2836 3031 3245 3091; x_wconf 88' lang='lat' dir='ltr'><strong>innumerabilia</strong></span> <span class='ocrx_word' id='word_1_469' title='bbox 3270 3014 3394 3093; x_wconf 88' lang='lat' dir='ltr'><strong>sunt</strong></span> <span class='ocrx_word' id='word_1_470' title='bbox 3414 3041 3518 3096; x_wconf 82' lang='lat' dir='ltr'><strong>alia</strong></span> 
     </span>
    </p>
   </div>
   <div class='ocr_carea' id='block_1_62' title="bbox 293 3103 2114 3197">
    <p class='ocr_par' dir='ltr' id='par_1_62' title="bbox 293 3103 2114 3197">
     <span class='ocr_line' id='line_1_62' title="bbox 293 3103 2114 3197; baseline 0.014 -36"><span class='ocrx_word' id='word_1_471' title='bbox 293 3108 650 3179; x_wconf 81' lang='lat' dir='ltr'><strong>cleemosynis</strong></span> <span class='ocrx_word' id='word_1_472' title='bbox 705 3121 761 3166; x_wconf 92' lang='lat' dir='ltr'><strong>et</strong></span> <span class='ocrx_word' id='word_1_473' title='bbox 811 3117 1165 3182; x_wconf 85' lang='lat' dir='ltr'><strong>orationibus,</strong></span> <span class='ocrx_word' id='word_1_474' title='bbox 1207 3126 1261 3171; x_wconf 88' lang='lat' dir='ltr'><strong>et</strong></span> <span class='ocrx_word' id='word_1_475' title='bbox 1310 3129 1615 3189; x_wconf 86' lang='lat' dir='ltr'><strong>perpetrata</strong></span> <span class='ocrx_word' id='word_1_476' title='bbox 1658 3125 1851 3179; x_wconf 74' lang='lat' dir='ltr'><strong>iterum</strong></span> <span class='ocrx_word' id='word_1_477' title='bbox 1882 3103 1925 3163; x_wconf 69' lang='grc' dir='ltr'>ο</span> 
     </span>
    </p>
   </div>
   <div class='ocr_carea' id='block_1_63' title="bbox 1925 3103 3514 3197">
    <p class='ocr_par' dir='ltr' id='par_1_63' title="bbox 1954 3118 3514 3197">
     <span class='ocr_line' id='line_1_63' title="bbox 1954 3118 3514 3197; baseline 0.02 -40"><span class='ocrx_word' id='word_1_478' title='bbox 1954 3118 2176 3173; x_wconf 89' lang='lat' dir='ltr'><strong>peccata</strong></span> <span class='ocrx_word' id='word_1_479' title='bbox 2220 3126 2355 3174; x_wconf 87' lang='lat' dir='ltr'><strong>mea,</strong></span> <span class='ocrx_word' id='word_1_480' title='bbox 2388 3128 2508 3182; x_wconf 68' lang='lat' dir='ltr'><strong>quae</strong></span> <span class='ocrx_word' id='word_1_481' title='bbox 2557 3121 2825 3175; x_wconf 86' lang='lat' dir='ltr'><strong>recordari</strong></span> <span class='ocrx_word' id='word_1_482' title='bbox 2874 3139 3101 3193; x_wconf 87' lang='lat' dir='ltr'><strong>nequeo,</strong></span> <span class='ocrx_word' id='word_1_483' title='bbox 3146 3128 3199 3182; x_wconf 91' lang='lat' dir='ltr'><strong>in</strong></span> <span class='ocrx_word' id='word_1_484' title='bbox 3240 3128 3415 3197; x_wconf 85' lang='lat' dir='ltr'><strong>factis,</strong></span> <span class='ocrx_word' id='word_1_485' title='bbox 3462 3135 3514 3189; x_wconf 89' lang='lat' dir='ltr'><strong>in</strong></span> 
     </span>
    </p>
   </div>
   <div class='ocr_carea' id='block_1_64' title="bbox 298 3200 1855 3279">
    <p class='ocr_par' dir='ltr' id='par_1_64' title="bbox 298 3200 1855 3279">
     <span class='ocr_line' id='line_1_64' title="bbox 298 3200 1855 3279; baseline 0.01 -27"><span class='ocrx_word' id='word_1_486' title='bbox 298 3216 402 3253; x_wconf 92' lang='lat' dir='ltr'><strong>non</strong></span> <span class='ocrx_word' id='word_1_487' title='bbox 432 3200 632 3256; x_wconf 79' lang='lat' dir='ltr'><strong>faciant</strong></span> <span class='ocrx_word' id='word_1_488' title='bbox 672 3219 689 3256; x_wconf 92' lang='lat'><strong>:</strong></span> <span class='ocrx_word' id='word_1_489' title='bbox 725 3212 778 3258; x_wconf 90' lang='lat' dir='ltr'><strong>et</strong></span> <span class='ocrx_word' id='word_1_490' title='bbox 804 3207 847 3259; x_wconf 90' lang='lat' dir='ltr'><strong>si</strong></span> <span class='ocrx_word' id='word_1_491' title='bbox 877 3206 1094 3272; x_wconf 82' lang='lat' dir='ltr'><strong>faciant,</strong></span> <span class='ocrx_word' id='word_1_492' title='bbox 1137 3217 1313 3263; x_wconf 89' lang='lat' dir='ltr'><strong>tamen</strong></span> <span class='ocrx_word' id='word_1_493' title='bbox 1357 3226 1464 3263; x_wconf 72' lang='lat' dir='ltr'><strong>non</strong></span> <span class='ocrx_word' id='word_1_494' title='bbox 1510 3223 1855 3279; x_wconf 84' lang='lat' dir='ltr'><strong>perseverent</strong></span> 
     </span>
    </p>
   </div>
   <div class='ocr_carea' id='block_1_65' title="bbox 295 3290 1856 3372">
    <p class='ocr_par' dir='ltr' id='par_1_65' title="bbox 295 3290 1856 3372">
     <span class='ocr_line' id='line_1_65' title="bbox 295 3290 1856 3372; baseline 0.009 -29"><span class='ocrx_word' id='word_1_495' title='bbox 295 3290 349 3343; x_wconf 89' lang='lat' dir='ltr'><strong>in</strong></span> <span class='ocrx_word' id='word_1_496' title='bbox 370 3292 469 3355; x_wconf 88' lang='lat' dir='ltr'><strong>eis,</strong></span> <span class='ocrx_word' id='word_1_497' title='bbox 501 3294 623 3362; x_wconf 86' lang='lat' dir='ltr'><strong>quia</strong></span> <span class='ocrx_word' id='word_1_498' title='bbox 647 3294 901 3350; x_wconf 89' lang='lat' dir='ltr'><strong>Dominus</strong></span> <span class='ocrx_word' id='word_1_499' title='bbox 928 3298 1062 3350; x_wconf 77' lang='lat' dir='ltr'><strong>dixit</strong></span> <span class='ocrx_word' id='word_1_500' title='bbox 1096 3316 1108 3349; x_wconf 91' lang='lat'><strong>:</strong></span> <span class='ocrx_word' id='word_1_501' title='bbox 1152 3297 1351 3352; x_wconf 82' lang='lat' dir='ltr'><strong>Malum</strong></span> <span class='ocrx_word' id='word_1_502' title='bbox 1374 3301 1669 3369; x_wconf 81' lang='lat' dir='ltr'><strong>cogitastis,</strong></span> <span class='ocrx_word' id='word_1_503' title='bbox 1706 3302 1856 3372; x_wconf 88' lang='lat' dir='ltr'><strong>igno-</strong></span> 
     </span>
    </p>
   </div>
   <div class='ocr_carea' id='block_1_66' title="bbox 294 3383 1848 3466">
    <p class='ocr_par' dir='ltr' id='par_1_66' title="bbox 294 3383 1848 3466">
     <span class='ocr_line' id='line_1_66' title="bbox 294 3383 1848 3466; baseline 0.011 -34"><span class='ocrx_word' id='word_1_504' title='bbox 294 3396 345 3433; x_wconf 67' lang='grc' dir='ltr'><strong>γι</strong></span> <span class='ocrx_word' id='word_1_505' title='bbox 368 3422 381 3446; x_wconf 86' lang='lat'><strong>,</strong></span> <span class='ocrx_word' id='word_1_506' title='bbox 416 3383 611 3436; x_wconf 91' lang='lat' dir='ltr'><strong>malum</strong></span> <span class='ocrx_word' id='word_1_507' title='bbox 644 3384 876 3450; x_wconf 82' lang='lat' dir='ltr'><strong>dixistis,</strong></span> <span class='ocrx_word' id='word_1_508' title='bbox 917 3387 1123 3457; x_wconf 87' lang='lat' dir='ltr'><strong>ignovt:</strong></span> <span class='ocrx_word' id='word_1_509' title='bbox 1163 3389 1361 3443; x_wconf 91' lang='lat' dir='ltr'><strong>malum</strong></span> <span class='ocrx_word' id='word_1_510' title='bbox 1394 3389 1617 3466; x_wconf 84' lang='lat' dir='ltr'><strong>fecistis,</strong></span> <span class='ocrx_word' id='word_1_511' title='bbox 1644 3394 1848 3461; x_wconf 82' lang='lat' dir='ltr'><strong>ignovi;</strong></span> 
     </span>
    </p>
   </div>
   <div class='ocr_carea' id='block_1_67' title="bbox 293 3474 1849 3565">
    <p class='ocr_par' dir='ltr' id='par_1_67' title="bbox 293 3474 1849 3565">
     <span class='ocr_line' id='line_1_67' title="bbox 293 3474 1849 3565; baseline 0.009 -43"><span class='ocrx_word' id='word_1_512' title='bbox 293 3477 638 3538; x_wconf 84' lang='lat' dir='ltr'><strong>perseverare</strong></span> <span class='ocrx_word' id='word_1_513' title='bbox 660 3474 715 3528; x_wconf 90' lang='lat' dir='ltr'><strong>in</strong></span> <span class='ocrx_word' id='word_1_514' title='bbox 746 3474 886 3529; x_wconf 89' lang='lat' dir='ltr'><strong>malo</strong></span> <span class='ocrx_word' id='word_1_515' title='bbox 911 3491 1014 3530; x_wconf 91' lang='lat' dir='ltr'><strong>non</strong></span> <span class='ocrx_word' id='word_1_516' title='bbox 1038 3477 1277 3545; x_wconf 78' lang='lat' dir='ltr'><strong>ignosco.</strong></span> <span class='ocrx_word' id='word_1_517' title='bbox 1306 3477 1446 3548; x_wconf 78' lang='lat' dir='ltr'><strong>Ergo</strong></span> <span class='ocrx_word' id='word_1_518' title='bbox 1468 3480 1561 3548; x_wconf 87' lang='lat' dir='ltr'><strong>qui</strong></span> <span class='ocrx_word' id='word_1_519' title='bbox 1599 3495 1849 3565; x_wconf 80' lang='lat' dir='ltr'><strong>perseve-</strong></span> 
     </span>
    </p>
   </div>
   <div class='ocr_carea' id='block_1_68' title="bbox 293 3566 1851 3642">
    <p class='ocr_par' dir='ltr' id='par_1_68' title="bbox 293 3566 1851 3642">
     <span class='ocr_line' id='line_1_68' title="bbox 293 3566 1851 3642; baseline 0.009 -26"><span class='ocrx_word' id='word_1_520' title='bbox 293 3572 415 3617; x_wconf 87' lang='lat' dir='ltr'><strong>rant</strong></span> <span class='ocrx_word' id='word_1_521' title='bbox 435 3566 489 3619; x_wconf 92' lang='lat' dir='ltr'><strong>in</strong></span> <span class='ocrx_word' id='word_1_522' title='bbox 520 3567 681 3630; x_wconf 90' lang='lat' dir='ltr'><strong>malo,</strong></span> <span class='ocrx_word' id='word_1_523' title='bbox 704 3582 807 3621; x_wconf 90' lang='lat' dir='ltr'><strong>non</strong></span> <span class='ocrx_word' id='word_1_524' title='bbox 832 3570 1088 3638; x_wconf 76' lang='lat' dir='ltr'><strong>ignoscet,</strong></span> <span class='ocrx_word' id='word_1_525' title='bbox 1108 3578 1162 3623; x_wconf 87' lang='lat' dir='ltr'><strong>et</strong></span> <span class='ocrx_word' id='word_1_526' title='bbox 1184 3570 1261 3624; x_wconf 90' lang='lat' dir='ltr'><strong>sic</strong></span> <span class='ocrx_word' id='word_1_527' title='bbox 1281 3570 1459 3640; x_wconf 88' lang='lat' dir='ltr'><strong>judica</strong></span> <span class='ocrx_word' id='word_1_528' title='bbox 1486 3571 1690 3640; x_wconf 79' lang='lat' dir='ltr'><strong>justum</strong></span> <span class='ocrx_word' id='word_1_529' title='bbox 1712 3573 1851 3642; x_wconf 85' lang='lat' dir='ltr'><strong>judi-</strong></span> 
     </span>
    </p>
   </div>
   <div class='ocr_carea' id='block_1_69' title="bbox 289 3653 1846 3727">
    <p class='ocr_par' dir='ltr' id='par_1_69' title="bbox 289 3653 1846 3727">
     <span class='ocr_line' id='line_1_69' title="bbox 289 3653 1846 3727; baseline 0.006 -19"><span class='ocrx_word' id='word_1_530' title='bbox 289 3657 434 3709; x_wconf 88' lang='lat' dir='ltr'><strong>cium</strong></span> <span class='ocrx_word' id='word_1_531' title='bbox 464 3659 756 3711; x_wconf 88' lang='lat' dir='ltr'><strong>seeundum</strong></span> <span class='ocrx_word' id='word_1_532' title='bbox 783 3674 1016 3712; x_wconf 89' lang='lat' dir='ltr'><strong>canones</strong></span> <span class='ocrx_word' id='word_1_533' title='bbox 1037 3698 1052 3723; x_wconf 92' lang='lat'><strong>,</strong></span> <span class='ocrx_word' id='word_1_534' title='bbox 1078 3668 1147 3711; x_wconf 49' lang='lat' dir='ltr'><strong>’ut</strong></span> <span class='ocrx_word' id='word_1_535' title='bbox 1190 3660 1279 3713; x_wconf 86' lang='lat' dir='ltr'><strong>alii</strong></span> <span class='ocrx_word' id='word_1_536' title='bbox 1308 3662 1558 3727; x_wconf 84' lang='lat' dir='ltr'><strong>timorem</strong></span> <span class='ocrx_word' id='word_1_537' title='bbox 1593 3653 1846 3718; x_wconf 88' lang='lat' dir='ltr'><strong>habeant.</strong></span> 
     </span>
    </p>
   </div>
   <div class='ocr_carea' id='block_1_70' title="bbox 361 3745 1848 3825">
    <p class='ocr_par' dir='ltr' id='par_1_70' title="bbox 361 3745 1848 3825">
     <span class='ocr_line' id='line_1_70' title="bbox 361 3745 1848 3825; baseline 0.005 -27"><span class='ocrx_word' id='word_1_538' title='bbox 361 3745 545 3813; x_wconf 90' lang='lat' dir='ltr'><strong>Neque</strong></span> <span class='ocrx_word' id='word_1_539' title='bbox 593 3746 694 3801; x_wconf 85' lang='lat' dir='ltr'><strong>hoc</strong></span> <span class='ocrx_word' id='word_1_540' title='bbox 744 3748 1098 3801; x_wconf 87' lang='lat' dir='ltr'><strong>omittendum</strong></span> <span class='ocrx_word' id='word_1_541' title='bbox 1142 3756 1258 3809; x_wconf 88' lang='lat' dir='ltr'><strong>est,</strong></span> <span class='ocrx_word' id='word_1_542' title='bbox 1299 3750 1425 3818; x_wconf 89' lang='lat' dir='ltr'><strong>quia</strong></span> <span class='ocrx_word' id='word_1_543' title='bbox 1475 3757 1694 3818; x_wconf 84' lang='lat' dir='ltr'><strong>propter</strong></span> <span class='ocrx_word' id='word_1_544' title='bbox 1749 3754 1848 3825; x_wconf 88' lang='lat' dir='ltr'><strong>ista</strong></span> 
     </span>
    </p>
   </div>
   <div class='ocr_carea' id='block_1_71' title="bbox 289 3836 1849 3908">
    <p class='ocr_par' dir='ltr' id='par_1_71' title="bbox 289 3836 1849 3908">
     <span class='ocr_line' id='line_1_71' title="bbox 289 3836 1849 3908; baseline 0.004 -18"><span class='ocrx_word' id='word_1_545' title='bbox 289 3848 507 3904; x_wconf 83' lang='lat' dir='ltr'><strong>peccata</strong></span> <span class='ocrx_word' id='word_1_546' title='bbox 542 3836 815 3904; x_wconf 77' lang='lat' dir='ltr'><strong>alﬁigimui</strong></span> <span class='ocrx_word' id='word_1_547' title='bbox 846 3836 1067 3905; x_wconf 84' lang='lat' dir='ltr'><strong>ﬂagellis</strong></span> <span class='ocrx_word' id='word_1_548' title='bbox 1093 3840 1505 3908; x_wconf 71' lang='lat' dir='ltr'><strong>temporalibus:</strong></span> <span class='ocrx_word' id='word_1_549' title='bbox 1533 3840 1655 3894; x_wconf 91' lang='lat' dir='ltr'><strong>inde</strong></span> <span class='ocrx_word' id='word_1_550' title='bbox 1680 3844 1849 3897; x_wconf 88' lang='lat' dir='ltr'><strong>susci-</strong></span> 
     </span>
    </p>
   </div>
   <div class='ocr_carea' id='block_1_72' title="bbox 291 3922 1844 3997">
    <p class='ocr_par' dir='ltr' id='par_1_72' title="bbox 291 3922 1844 3997">
     <span class='ocr_line' id='line_1_72' title="bbox 291 3922 1844 3997; baseline 0.006 -20"><span class='ocrx_word' id='word_1_551' title='bbox 291 3922 473 3979; x_wconf 87' lang='lat' dir='ltr'><strong>tantur</strong></span> <span class='ocrx_word' id='word_1_552' title='bbox 507 3926 665 3991; x_wconf 87' lang='lat' dir='ltr'><strong>bella,</strong></span> <span class='ocrx_word' id='word_1_553' title='bbox 708 3927 1039 3981; x_wconf 85' lang='lat' dir='ltr'><strong>incursiones</strong></span> <span class='ocrx_word' id='word_1_554' title='bbox 1086 3943 1450 3997; x_wconf 88' lang='lat' dir='ltr'><strong>paganorum,</strong></span> <span class='ocrx_word' id='word_1_555' title='bbox 1488 3930 1844 3997; x_wconf 82' lang='lat' dir='ltr'><strong>captivitates,</strong></span> 
     </span>
    </p>
   </div>
   <div class='ocr_carea' id='block_1_73' title="bbox 288 4013 1849 4084">
    <p class='ocr_par' dir='ltr' id='par_1_73' title="bbox 288 4013 1849 4084">
     <span class='ocr_line' id='line_1_73' title="bbox 288 4013 1849 4084; baseline 0.007 -20"><span class='ocrx_word' id='word_1_556' title='bbox 288 4013 622 4080; x_wconf 74' lang='lat' dir='ltr'><strong>pestilentiae,</strong></span> <span class='ocrx_word' id='word_1_557' title='bbox 653 4013 841 4078; x_wconf 86' lang='lat' dir='ltr'><strong>fames,</strong></span> <span class='ocrx_word' id='word_1_558' title='bbox 870 4016 1247 4084; x_wconf 64' lang='lat' dir='ltr'><strong>aegritudines,</strong></span> <span class='ocrx_word' id='word_1_559' title='bbox 1293 4018 1647 4072; x_wconf 78' lang='lat' dir='ltr'><strong>mortalitates</strong></span> <span class='ocrx_word' id='word_1_560' title='bbox 1674 4021 1849 4075; x_wconf 65' lang='lat' dir='ltr'><strong>homi«</strong></span> 
     </span>
    </p>
   </div>
   <div class='ocr_carea' id='block_1_74' title="bbox 289 4105 1843 4175">
    <p class='ocr_par' dir='ltr' id='par_1_74' title="bbox 289 4105 1843 4175">
     <span class='ocr_line' id='line_1_74' title="bbox 289 4105 1843 4175; baseline 0.004 -17"><span class='ocrx_word' id='word_1_561' title='bbox 289 4120 416 4158; x_wconf 90' lang='lat' dir='ltr'><strong>num</strong></span> <span class='ocrx_word' id='word_1_562' title='bbox 464 4113 622 4173; x_wconf 83' lang='lat' dir='ltr'><strong>atque</strong></span> <span class='ocrx_word' id='word_1_563' title='bbox 671 4105 1014 4168; x_wconf 88' lang='lat' dir='ltr'><strong>animalium,</strong></span> <span class='ocrx_word' id='word_1_564' title='bbox 1076 4107 1281 4171; x_wconf 86' lang='lat' dir='ltr'><strong>morbi,</strong></span> <span class='ocrx_word' id='word_1_565' title='bbox 1342 4108 1843 4175; x_wconf 74' lang='lat' dir='ltr'><strong>incommoditates,</strong></span> 
     </span>
    </p>
   </div>
   <div class='ocr_carea' id='block_1_75' title="bbox 287 4193 1848 4264">
    <p class='ocr_par' dir='ltr' id='par_1_75' title="bbox 287 4193 1848 4264">
     <span class='ocr_line' id='line_1_75' title="bbox 287 4193 1848 4264; baseline 0.001 -17"><span class='ocrx_word' id='word_1_566' title='bbox 287 4194 429 4248; x_wconf 88' lang='lat' dir='ltr'><strong>aeris</strong></span> <span class='ocrx_word' id='word_1_567' title='bbox 464 4194 748 4257; x_wconf 88' lang='lat' dir='ltr'><strong>siccitates,</strong></span> <span class='ocrx_word' id='word_1_568' title='bbox 786 4193 1174 4255; x_wconf 69' lang='lat' dir='ltr'><strong>inundationes,</strong></span> <span class='ocrx_word' id='word_1_569' title='bbox 1213 4194 1518 4262; x_wconf 86' lang='lat' dir='ltr'><strong>pluviarum</strong></span> <span class='ocrx_word' id='word_1_570' title='bbox 1561 4206 1848 4264; x_wconf 87' lang='lat' dir='ltr'><strong>tempesta-</strong></span> 
     </span>
    </p>
   </div>
   <div class='ocr_carea' id='block_1_76' title="bbox 290 4281 1846 4356">
    <p class='ocr_par' dir='ltr' id='par_1_76' title="bbox 290 4281 1846 4356">
     <span class='ocr_line' id='line_1_76' title="bbox 290 4281 1846 4356; baseline 0.001 -19"><span class='ocrx_word' id='word_1_571' title='bbox 290 4295 388 4347; x_wconf 89' lang='lat' dir='ltr'><strong>tes,</strong></span> <span class='ocrx_word' id='word_1_572' title='bbox 425 4284 655 4336; x_wconf 83' lang='lat' dir='ltr'><strong>tonitrna</strong></span> <span class='ocrx_word' id='word_1_573' title='bbox 680 4291 839 4352; x_wconf 85' lang='lat' dir='ltr'><strong>atque</strong></span> <span class='ocrx_word' id='word_1_574' title='bbox 864 4281 1071 4351; x_wconf 82' lang='lat' dir='ltr'><strong>fulgura</strong></span> <span class='ocrx_word' id='word_1_575' title='bbox 1105 4282 1284 4345; x_wconf 84' lang='lat' dir='ltr'><strong>noxia,</strong></span> <span class='ocrx_word' id='word_1_576' title='bbox 1318 4283 1654 4338; x_wconf 87' lang='lat' dir='ltr'><strong>inelementia</strong></span> <span class='ocrx_word' id='word_1_577' title='bbox 1687 4284 1846 4356; x_wconf 84' lang='lat' dir='ltr'><strong>frigo-</strong></span> 
     </span>
    </p>
   </div>
   <div class='ocr_carea' id='block_1_77' title="bbox 289 4372 1841 4444">
    <p class='ocr_par' dir='ltr' id='par_1_77' title="bbox 289 4372 1841 4444">
     <span class='ocr_line' id='line_1_77' title="bbox 289 4372 1841 4444; baseline 0.001 -16"><span class='ocrx_word' id='word_1_578' title='bbox 289 4372 385 4436; x_wconf 84' lang='lat' dir='ltr'><strong>ris,</strong></span> <span class='ocrx_word' id='word_1_579' title='bbox 410 4373 745 4444; x_wconf 77' lang='lat' dir='ltr'><strong>vehementia</strong></span> <span class='ocrx_word' id='word_1_580' title='bbox 792 4373 1019 4435; x_wconf 89' lang='lat' dir='ltr'><strong>ardoris,</strong></span> <span class='ocrx_word' id='word_1_581' title='bbox 1056 4386 1207 4442; x_wconf 89' lang='lat' dir='ltr'><strong>rcges</strong></span> <span class='ocrx_word' id='word_1_582' title='bbox 1239 4372 1429 4441; x_wconf 77' lang='lat' dir='ltr'><strong>iniqui,</strong></span> <span class='ocrx_word' id='word_1_583' title='bbox 1455 4380 1702 4443; x_wconf 84' lang='lat' dir='ltr'><strong>potentes</strong></span> <span class='ocrx_word' id='word_1_584' title='bbox 1747 4390 1841 4429; x_wconf 89' lang='lat' dir='ltr'><strong>seu</strong></span> 
     </span>
    </p>
   </div>
   <div class='ocr_carea' id='block_1_78' title="bbox 284 4462 1839 4535">
    <p class='ocr_par' dir='ltr' id='par_1_78' title="bbox 284 4462 1839 4535">
     <span class='ocr_line' id='line_1_78' title="bbox 284 4462 1839 4535; baseline -0.001 -18"><span class='ocrx_word' id='word_1_585' title='bbox 284 4466 491 4535; x_wconf 89' lang='lat' dir='ltr'><strong>judices</strong></span> <span class='ocrx_word' id='word_1_586' title='bbox 531 4465 778 4533; x_wconf 90' lang='lat' dir='ltr'><strong>pessimi,</strong></span> <span class='ocrx_word' id='word_1_587' title='bbox 811 4465 994 4519; x_wconf 79' lang='lat' dir='ltr'><strong>bestia:</strong></span> <span class='ocrx_word' id='word_1_588' title='bbox 1047 4478 1232 4518; x_wconf 66' lang='lat' dir='ltr'><strong>nocua:</strong></span> <span class='ocrx_word' id='word_1_589' title='bbox 1276 4472 1334 4517; x_wconf 88' lang='lat' dir='ltr'><strong>et</strong></span> <span class='ocrx_word' id='word_1_590' title='bbox 1382 4462 1574 4517; x_wconf 87' lang='lat' dir='ltr'><strong>horum</strong></span> <span class='ocrx_word' id='word_1_591' title='bbox 1623 4463 1839 4517; x_wconf 83' lang='lat' dir='ltr'><strong>similia.</strong></span> 
     </span>
    </p>
   </div>
   <div class='ocr_carea' id='block_1_79' title="bbox 289 4552 1841 4624">
    <p class='ocr_par' dir='ltr' id='par_1_79' title="bbox 289 4552 1841 4624">
     <span class='ocr_line' id='line_1_79' title="bbox 289 4552 1841 4624; baseline 0.001 -18"><span class='ocrx_word' id='word_1_592' title='bbox 289 4554 511 4621; x_wconf 81' lang='lat' dir='ltr'><strong>Propter</strong></span> <span class='ocrx_word' id='word_1_593' title='bbox 536 4554 636 4607; x_wconf 89' lang='lat' dir='ltr'><strong>ista</strong></span> <span class='ocrx_word' id='word_1_594' title='bbox 662 4556 824 4607; x_wconf 84' lang='lat' dir='ltr'><strong>etiam</strong></span> <span class='ocrx_word' id='word_1_595' title='bbox 870 4552 1220 4617; x_wconf 80' lang='lat' dir='ltr'><strong>emendanda,</strong></span> <span class='ocrx_word' id='word_1_596' title='bbox 1252 4553 1654 4624; x_wconf 82' lang='lat' dir='ltr'><strong>promulgantur</strong></span> <span class='ocrx_word' id='word_1_597' title='bbox 1678 4554 1841 4621; x_wconf 79' lang='lat' dir='ltr'><strong>leges,</strong></span> 
     </span>
    </p>
   </div>
   <div class='ocr_carea' id='block_1_80' title="bbox 244 4638 1853 4711">
    <p class='ocr_par' dir='ltr' id='par_1_80' title="bbox 244 4638 1853 4711">
     <span class='ocr_line' id='line_1_80' title="bbox 244 4638 1853 4711; baseline -0.001 -15"><span class='ocrx_word' id='word_1_598' title='bbox 244 4650 247 4651; x_wconf 67' lang='lat'><strong><em>&#39;</em></strong></span> <span class='ocrx_word' id='word_1_599' title='bbox 288 4642 579 4696; x_wconf 80' lang='lat' dir='ltr'><strong>decernunt</strong></span> <span class='ocrx_word' id='word_1_600' title='bbox 608 4638 775 4707; x_wconf 88' lang='lat' dir='ltr'><strong>jnsta,</strong></span> <span class='ocrx_word' id='word_1_601' title='bbox 808 4652 1108 4710; x_wconf 87' lang='lat' dir='ltr'><strong>proponunt</strong></span> <span class='ocrx_word' id='word_1_602' title='bbox 1151 4643 1432 4711; x_wconf 88' lang='lat' dir='ltr'><strong>supplicia,</strong></span> <span class='ocrx_word' id='word_1_603' title='bbox 1463 4642 1696 4706; x_wconf 83' lang='lat' dir='ltr'><strong>vincula,</strong></span> <span class='ocrx_word' id='word_1_604' title='bbox 1729 4651 1853 4696; x_wconf 75' lang='lat' dir='ltr'><strong>tor-‘</strong></span> 
     </span>
    </p>
   </div>
   <div class='ocr_carea' id='block_1_81' title="bbox 288 4729 1840 4802">
    <p class='ocr_par' dir='ltr' id='par_1_81' title="bbox 288 4729 1840 4802">
     <span class='ocr_line' id='line_1_81' title="bbox 288 4729 1840 4802; baseline 0 -18"><span class='ocrx_word' id='word_1_605' title='bbox 288 4741 456 4794; x_wconf 86' lang='lat' dir='ltr'><strong>turas,</strong></span> <span class='ocrx_word' id='word_1_606' title='bbox 503 4729 728 4802; x_wconf 84' lang='lat' dir='ltr'><strong>ﬂagella,</strong></span> <span class='ocrx_word' id='word_1_607' title='bbox 775 4730 1416 4797; x_wconf 67' lang='lat' dir='ltr'><strong>exsilia,~amputationes</strong></span> <span class='ocrx_word' id='word_1_608' title='bbox 1457 4732 1840 4793; x_wconf 89' lang='lat' dir='ltr'><strong>membrorum,</strong></span> 
     </span>
    </p>
   </div>
   <div class='ocr_carea' id='block_1_82' title="bbox 288 4818 1842 4887">
    <p class='ocr_par' dir='ltr' id='par_1_82' title="bbox 288 4818 1842 4887">
     <span class='ocr_line' id='line_1_82' title="bbox 288 4818 1842 4887; baseline -0.002 -12"><span class='ocrx_word' id='word_1_609' title='bbox 288 4822 602 4875; x_wconf 88' lang='lat' dir='ltr'><strong>amissiones</strong></span> <span class='ocrx_word' id='word_1_610' title='bbox 626 4834 824 4881; x_wconf 87' lang='lat' dir='ltr'><strong>rerum,</strong></span> <span class='ocrx_word' id='word_1_611' title='bbox 858 4827 1057 4871; x_wconf 89' lang='lat' dir='ltr'><strong>mortes</strong></span> <span class='ocrx_word' id='word_1_612' title='bbox 1084 4818 1281 4871; x_wconf 89' lang='lat' dir='ltr'><strong>diversi</strong></span> <span class='ocrx_word' id='word_1_613' title='bbox 1302 4819 1535 4887; x_wconf 79' lang='lat' dir='ltr'><strong>generis,</strong></span> <span class='ocrx_word' id='word_1_614' title='bbox 1562 4829 1618 4873; x_wconf 88' lang='lat' dir='ltr'><strong>et</strong></span> <span class='ocrx_word' id='word_1_615' title='bbox 1644 4818 1842 4873; x_wconf 87' lang='lat' dir='ltr'><strong>auferri</strong></span> 
     </span>
    </p>
   </div>
   <div class='ocr_carea' id='block_1_83' title="bbox 288 4906 1841 4978">
    <p class='ocr_par' dir='ltr' id='par_1_83' title="bbox 288 4906 1841 4978">
     <span class='ocr_line' id='line_1_83' title="bbox 288 4906 1841 4978; baseline 0.001 -15"><span class='ocrx_word' id='word_1_616' title='bbox 288 4920 559 4977; x_wconf 86' lang='lat' dir='ltr'><strong>nequeunt</strong></span> <span class='ocrx_word' id='word_1_617' title='bbox 588 4911 653 4964; x_wconf 88' lang='lat' dir='ltr'><strong>de</strong></span> <span class='ocrx_word' id='word_1_618' title='bbox 684 4910 899 4963; x_wconf 91' lang='lat' dir='ltr'><strong>mundo.</strong></span> <span class='ocrx_word' id='word_1_619' title='bbox 928 4908 1015 4961; x_wconf 85' lang='lat' dir='ltr'><strong>Fit</strong></span> <span class='ocrx_word' id='word_1_620' title='bbox 1045 4907 1209 4960; x_wconf 90' lang='lat' dir='ltr'><strong>etiam</strong></span> <span class='ocrx_word' id='word_1_621' title='bbox 1249 4906 1645 4973; x_wconf 81' lang='lat' dir='ltr'><strong>ecclesiasticus</strong></span> <span class='ocrx_word' id='word_1_622' title='bbox 1671 4910 1841 4978; x_wconf 82' lang='lat' dir='ltr'><strong>vigor,</strong></span> 
     </span>
    </p>
   </div>
   <div class='ocr_carea' id='block_1_84' title="bbox 286 4996 1841 5068">
    <p class='ocr_par' dir='ltr' id='par_1_84' title="bbox 286 4996 1841 5068">
     <span class='ocr_line' id='line_1_84' title="bbox 286 4996 1841 5068; baseline -0.001 -13"><span class='ocrx_word' id='word_1_623' title='bbox 286 5001 591 5068; x_wconf 87' lang='lat' dir='ltr'><strong>correptio,</strong></span> <span class='ocrx_word' id='word_1_624' title='bbox 637 4999 1137 5061; x_wconf 82' lang='lat' dir='ltr'><strong>excommunicatio,</strong></span> <span class='ocrx_word' id='word_1_625' title='bbox 1189 4998 1254 5051; x_wconf 90' lang='lat' dir='ltr'><strong>de</strong></span> <span class='ocrx_word' id='word_1_626' title='bbox 1302 4996 1527 5050; x_wconf 89' lang='lat' dir='ltr'><strong>ecclesia</strong></span> <span class='ocrx_word' id='word_1_627' title='bbox 1576 5000 1841 5063; x_wconf 87' lang='lat' dir='ltr'><strong>exclusio,</strong></span> 
     </span>
    </p>
   </div>
   <div class='ocr_carea' id='block_1_85' title="bbox 288 5086 1845 5170">
    <p class='ocr_par' dir='ltr' id='par_1_85' title="bbox 288 5086 1845 5170">
     <span class='ocr_line' id='line_1_85' title="bbox 288 5086 1845 5170; baseline -0.001 -27"><span class='ocrx_word' id='word_1_628' title='bbox 288 5089 430 5157; x_wconf 86' lang='lat' dir='ltr'><strong>leges</strong></span> <span class='ocrx_word' id='word_1_629' title='bbox 472 5087 829 5157; x_wconf 60' lang='lat' dir='ltr'><strong>poenitentiae,</strong></span> <span class='ocrx_word' id='word_1_630' title='bbox 862 5088 1353 5169; x_wconf 22' lang='lat' dir='ltr'><strong>sanathematiaatio</strong></span> <span class='ocrx_word' id='word_1_631' title='bbox 1396 5101 1410 5138; x_wconf 87' lang='lat'>:</span> <span class='ocrx_word' id='word_1_632' title='bbox 1447 5086 1845 5170; x_wconf 87' lang='lat' dir='ltr'><strong>constituuntur</strong></span> 
     </span>
    </p>
   </div>
   <div class='ocr_carea' id='block_1_86' title="bbox 280 5174 1846 5244">
    <p class='ocr_par' dir='ltr' id='par_1_86' title="bbox 280 5174 1846 5244">
     <span class='ocr_line' id='line_1_86' title="bbox 280 5174 1846 5244; baseline 0.003 -14"><span class='ocrx_word' id='word_1_633' title='bbox 280 5176 509 5244; x_wconf 89' lang='lat' dir='ltr'><strong>judices,</strong></span> <span class='ocrx_word' id='word_1_634' title='bbox 534 5174 785 5229; x_wconf 88' lang='lat' dir='ltr'><strong>insistunt</strong></span> <span class='ocrx_word' id='word_1_635' title='bbox 831 5174 1036 5239; x_wconf 75' lang='lat' dir='ltr'><strong>ofﬁcia,</strong></span> <span class='ocrx_word' id='word_1_636' title='bbox 1082 5178 1367 5231; x_wconf 90' lang='lat' dir='ltr'><strong>mittuntur</strong></span> <span class='ocrx_word' id='word_1_637' title='bbox 1396 5177 1616 5241; x_wconf 89' lang='lat' dir='ltr'><strong>ultores,</strong></span> <span class='ocrx_word' id='word_1_638' title='bbox 1646 5185 1701 5229; x_wconf 90' lang='lat' dir='ltr'><strong>ut</strong></span> <span class='ocrx_word' id='word_1_639' title='bbox 1731 5179 1846 5233; x_wconf 57' lang='lat' dir='ltr'><strong>haec</strong></span> 
     </span>
    </p>
   </div>
   <div class='ocr_carea' id='block_1_87' title="bbox 288 5263 1984 5336">
    <p class='ocr_par' dir='ltr' id='par_1_87' title="bbox 288 5263 1984 5336">
     <span class='ocr_line' id='line_1_87' title="bbox 288 5263 1984 5336; baseline 0.005 -19"><span class='ocrx_word' id='word_1_640' title='bbox 288 5267 646 5336; x_wconf 80' lang='lat' dir='ltr'><strong>corrigantur,</strong></span> <span class='ocrx_word' id='word_1_641' title='bbox 679 5272 733 5318; x_wconf 93' lang='lat' dir='ltr'><strong>et</strong></span> <span class='ocrx_word' id='word_1_642' title='bbox 760 5263 959 5319; x_wconf 89' lang='lat' dir='ltr'><strong>auferri</strong></span> <span class='ocrx_word' id='word_1_643' title='bbox 983 5282 1087 5320; x_wconf 92' lang='lat' dir='ltr'><strong>non</strong></span> <span class='ocrx_word' id='word_1_644' title='bbox 1116 5275 1340 5336; x_wconf 84' lang='lat' dir='ltr'><strong>possunt</strong></span> <span class='ocrx_word' id='word_1_645' title='bbox 1365 5268 1431 5321; x_wconf 90' lang='lat' dir='ltr'><strong>de</strong></span> <span class='ocrx_word' id='word_1_646' title='bbox 1457 5266 1716 5320; x_wconf 87' lang='lat' dir='ltr'><strong>Ecclesia.</strong></span> <span class='ocrx_word' id='word_1_647' title='bbox 1749 5266 1845 5322; x_wconf 77' lang='lat' dir='ltr'><strong>llis</strong></span> <span class='ocrx_word' id='word_1_648' title='bbox 1944 5272 1984 5309; x_wconf 63' lang='lat' dir='ltr'><strong>Si</strong></span> 
     </span>
    </p>
   </div>
   <div class='ocr_carea' id='block_1_88' title="bbox 288 5357 1838 5427">
    <p class='ocr_par' dir='ltr' id='par_1_88' title="bbox 288 5357 1838 5427">
     <span class='ocr_line' id='line_1_88' title="bbox 288 5357 1838 5427; baseline 0.002 -20"><span class='ocrx_word' id='word_1_649' title='bbox 288 5371 415 5410; x_wconf 83' lang='lat' dir='ltr'><strong>vero</strong></span> <span class='ocrx_word' id='word_1_650' title='bbox 438 5357 672 5424; x_wconf 83' lang='lat' dir='ltr'><strong>peccatis</strong></span> <span class='ocrx_word' id='word_1_651' title='bbox 702 5370 916 5425; x_wconf 75' lang='lat' dir='ltr'><strong>semper</strong></span> <span class='ocrx_word' id='word_1_652' title='bbox 947 5359 1305 5423; x_wconf 87' lang='lat' dir='ltr'><strong>manentibus,</strong></span> <span class='ocrx_word' id='word_1_653' title='bbox 1328 5359 1450 5421; x_wconf 83' lang='lat' dir='ltr'><strong>heu,</strong></span> <span class='ocrx_word' id='word_1_654' title='bbox 1488 5360 1621 5427; x_wconf 89' lang='lat' dir='ltr'><strong>prob</strong></span> <span class='ocrx_word' id='word_1_655' title='bbox 1658 5358 1838 5412; x_wconf 84' lang='lat' dir='ltr'><strong>dolor!</strong></span> 
     </span>
    </p>
   </div>
   <div class='ocr_carea' id='block_1_89' title="bbox 290 5447 1843 5517">
    <p class='ocr_par' dir='ltr' id='par_1_89' title="bbox 290 5447 1843 5517">
     <span class='ocr_line' id='line_1_89' title="bbox 290 5447 1843 5517; baseline 0.003 -19"><span class='ocrx_word' id='word_1_656' title='bbox 290 5456 395 5499; x_wconf 90' lang='lat' dir='ltr'><strong>tam</strong></span> <span class='ocrx_word' id='word_1_657' title='bbox 424 5448 600 5501; x_wconf 80' lang='lat' dir='ltr'><strong>securi</strong></span> <span class='ocrx_word' id='word_1_658' title='bbox 641 5448 913 5516; x_wconf 80' lang='lat' dir='ltr'><strong>pergimus</strong></span> <span class='ocrx_word' id='word_1_659' title='bbox 946 5447 1013 5500; x_wconf 85' lang='lat' dir='ltr'><strong>ad</strong></span> <span class='ocrx_word' id='word_1_660' title='bbox 1056 5449 1309 5509; x_wconf 79' lang='lat' dir='ltr'><strong>tenebras</strong></span> <span class='ocrx_word' id='word_1_661' title='bbox 1343 5450 1658 5511; x_wconf 78' lang='lat' dir='ltr'><strong>exteriores,</strong></span> <span class='ocrx_word' id='word_1_662' title='bbox 1691 5451 1843 5517; x_wconf 88' lang='lat' dir='ltr'><strong>quasi</strong></span> 
     </span>
    </p>
   </div>
   <div class='ocr_carea' id='block_1_90' title="bbox 289 5536 1842 5605">
    <p class='ocr_par' dir='ltr' id='par_1_90' title="bbox 289 5536 1842 5605">
     <span class='ocr_line' id='line_1_90' title="bbox 289 5536 1842 5605; baseline 0 -15"><span class='ocrx_word' id='word_1_663' title='bbox 289 5536 361 5590; x_wconf 85' lang='lat' dir='ltr'><strong>ibi</strong></span> <span class='ocrx_word' id='word_1_664' title='bbox 384 5536 537 5589; x_wconf 89' lang='lat' dir='ltr'><strong>nobis</strong></span> <span class='ocrx_word' id='word_1_665' title='bbox 571 5538 814 5594; x_wconf 89' lang='lat' dir='ltr'><strong>cubicula</strong></span> <span class='ocrx_word' id='word_1_666' title='bbox 843 5544 1209 5601; x_wconf 73' lang='lat' dir='ltr'><strong>exstruuntur,</strong></span> <span class='ocrx_word' id='word_1_667' title='bbox 1237 5538 1441 5595; x_wconf 74' lang='lat' dir='ltr'><strong>delicize</strong></span> <span class='ocrx_word' id='word_1_668' title='bbox 1460 5546 1842 5605; x_wconf 76' lang='lat' dir='ltr'><strong>praeparentur,</strong></span> 
     </span>
    </p>
   </div>
   <div class='ocr_carea' id='block_1_91' title="bbox 292 5619 1847 5698">
    <p class='ocr_par' dir='ltr' id='par_1_91' title="bbox 292 5619 1847 5698">
     <span class='ocr_line' id='line_1_91' title="bbox 292 5619 1847 5698; baseline 0.001 -19"><span class='ocrx_word' id='word_1_669' title='bbox 292 5619 522 5680; x_wconf 83' lang='lat' dir='ltr'><strong>ministri</strong></span> <span class='ocrx_word' id='word_1_670' title='bbox 570 5637 951 5692; x_wconf 75' lang='lat' dir='ltr'><strong>procurentur,</strong></span> <span class='ocrx_word' id='word_1_671' title='bbox 1006 5626 1240 5683; x_wconf 87' lang='lat' dir='ltr'><strong>thesauri</strong></span> <span class='ocrx_word' id='word_1_672' title='bbox 1280 5637 1653 5698; x_wconf 76' lang='lat' dir='ltr'><strong>congerantur,</strong></span> <span class='ocrx_word' id='word_1_673' title='bbox 1690 5642 1847 5681; x_wconf 87' lang='lat' dir='ltr'><strong>orna-</strong></span> 
     </span>
    </p>
   </div>
   <div class='ocr_carea' id='block_1_92' title="bbox 1953 3192 3507 3280">
    <p class='ocr_par' dir='ltr' id='par_1_92' title="bbox 1953 3192 3507 3280">
     <span class='ocr_line' id='line_1_92' title="bbox 1953 3192 3507 3280; baseline 0.022 -36"><span class='ocrx_word' id='word_1_674' title='bbox 1953 3192 2109 3248; x_wconf 88' lang='lat' dir='ltr'><strong>dietis</strong></span> <span class='ocrx_word' id='word_1_675' title='bbox 2147 3204 2201 3250; x_wconf 90' lang='lat' dir='ltr'><strong>et</strong></span> <span class='ocrx_word' id='word_1_676' title='bbox 2226 3201 2660 3268; x_wconf 84' lang='lat' dir='ltr'><strong>cogitationibus,</strong></span> <span class='ocrx_word' id='word_1_677' title='bbox 2689 3223 2785 3275; x_wconf 91' lang='lat' dir='ltr'><strong>pro</strong></span> <span class='ocrx_word' id='word_1_678' title='bbox 2819 3192 3011 3278; x_wconf 88' lang='lat' dir='ltr'><strong>quibus</strong></span> <span class='ocrx_word' id='word_1_679' title='bbox 3035 3217 3285 3271; x_wconf 81' lang='lat' dir='ltr'><strong>omnibus</strong></span> <span class='ocrx_word' id='word_1_680' title='bbox 3314 3192 3507 3280; x_wconf 75' lang='lat' dir='ltr'><strong>misera</strong></span> 
     </span>
    </p>
   </div>
   <div class='ocr_carea' id='block_1_93' title="bbox 1952 3294 3509 3376">
    <p class='ocr_par' dir='ltr' id='par_1_93' title="bbox 1952 3294 3509 3376">
     <span class='ocr_line' id='line_1_93' title="bbox 1952 3294 3509 3376; baseline 0.02 -42"><span class='ocrx_word' id='word_1_681' title='bbox 1952 3298 2103 3338; x_wconf 90' lang='lat' dir='ltr'><strong>mens</strong></span> <span class='ocrx_word' id='word_1_682' title='bbox 2130 3301 2247 3341; x_wconf 88' lang='lat' dir='ltr'><strong>mea</strong></span> <span class='ocrx_word' id='word_1_683' title='bbox 2279 3294 2668 3363; x_wconf 87' lang='lat' dir='ltr'><strong>compungitur,</strong></span> <span class='ocrx_word' id='word_1_684' title='bbox 2686 3306 2739 3349; x_wconf 91' lang='lat' dir='ltr'><strong>et</strong></span> <span class='ocrx_word' id='word_1_685' title='bbox 2764 3302 2873 3353; x_wconf 88' lang='lat' dir='ltr'><strong>acri</strong></span> <span class='ocrx_word' id='word_1_686' title='bbox 2907 3302 3173 3359; x_wconf 75' lang='lat' dir='ltr'><strong>interdum</strong></span> <span class='ocrx_word' id='word_1_687' title='bbox 3195 3309 3509 3376; x_wconf 69' lang='lat' dir='ltr'><strong>paenitentia</strong></span> 
     </span>
    </p>
   </div>
   <div class='ocr_carea' id='block_1_94' title="bbox 1949 3374 3505 3464">
    <p class='ocr_par' dir='ltr' id='par_1_94' title="bbox 1949 3374 3505 3464">
     <span class='ocr_line' id='line_1_94' title="bbox 1949 3374 3505 3464; baseline 0.017 -38"><span class='ocrx_word' id='word_1_688' title='bbox 1949 3374 2243 3440; x_wconf 90' lang='lat' dir='ltr'><strong>cruciatur,</strong></span> <span class='ocrx_word' id='word_1_689' title='bbox 2276 3377 2509 3449; x_wconf 81' lang='lat' dir='ltr'><strong>ideoque</strong></span> <span class='ocrx_word' id='word_1_690' title='bbox 2552 3386 2833 3441; x_wconf 88' lang='lat' dir='ltr'><strong>consilium</strong></span> <span class='ocrx_word' id='word_1_691' title='bbox 2853 3430 2865 3453; x_wconf 97' lang='lat'><strong>,</strong></span> <span class='ocrx_word' id='word_1_692' title='bbox 2897 3391 3002 3445; x_wconf 87' lang='lat' dir='ltr'><strong>imo</strong></span> <span class='ocrx_word' id='word_1_693' title='bbox 3032 3374 3295 3460; x_wconf 76' lang='lat' dir='ltr'><strong>judicium</strong></span> <span class='ocrx_word' id='word_1_694' title='bbox 3336 3406 3505 3464; x_wconf 90' lang='lat' dir='ltr'><strong>tuum,</strong></span> 
     </span>
    </p>
   </div>
   <div class='ocr_carea' id='block_1_95' title="bbox 1949 3462 3505 3556">
    <p class='ocr_par' dir='ltr' id='par_1_95' title="bbox 1949 3462 3505 3556">
     <span class='ocr_line' id='line_1_95' title="bbox 1949 3462 3505 3556; baseline 0.021 -43"><span class='ocrx_word' id='word_1_695' title='bbox 1949 3462 2039 3530; x_wconf 88' lang='lat' dir='ltr'><strong>qui</strong></span> <span class='ocrx_word' id='word_1_696' title='bbox 2082 3475 2361 3537; x_wconf 84' lang='lat' dir='ltr'><strong>sequester</strong></span> <span class='ocrx_word' id='word_1_697' title='bbox 2401 3484 2466 3526; x_wconf 85' lang='lat' dir='ltr'><strong>ac</strong></span> <span class='ocrx_word' id='word_1_698' title='bbox 2490 3475 2697 3530; x_wconf 90' lang='lat' dir='ltr'><strong>medius</strong></span> <span class='ocrx_word' id='word_1_699' title='bbox 2719 3477 2859 3533; x_wconf 89' lang='lat' dir='ltr'><strong>inter</strong></span> <span class='ocrx_word' id='word_1_700' title='bbox 2877 3480 3044 3536; x_wconf 90' lang='lat' dir='ltr'><strong>Deum</strong></span> <span class='ocrx_word' id='word_1_701' title='bbox 3085 3494 3140 3541; x_wconf 91' lang='lat' dir='ltr'><strong>et</strong></span> <span class='ocrx_word' id='word_1_702' title='bbox 3168 3462 3505 3556; x_wconf 87' lang='lat' dir='ltr'><strong>peccatorem</strong></span> 
     </span>
    </p>
   </div>
   <div class='ocr_carea' id='block_1_96' title="bbox 1950 3549 3509 3649">
    <p class='ocr_par' dir='ltr' id='par_1_96' title="bbox 1950 3549 3509 3649">
     <span class='ocr_line' id='line_1_96' title="bbox 1950 3549 3509 3649; baseline 0.022 -47"><span class='ocrx_word' id='word_1_703' title='bbox 1950 3549 2217 3610; x_wconf 86' lang='lat' dir='ltr'><strong>hominem</strong></span> <span class='ocrx_word' id='word_1_704' title='bbox 2252 3558 2530 3618; x_wconf 87' lang='lat' dir='ltr'><strong>ordinatus</strong></span> <span class='ocrx_word' id='word_1_705' title='bbox 2561 3577 2638 3630; x_wconf 90' lang='lat' dir='ltr'><strong>es,</strong></span> <span class='ocrx_word' id='word_1_706' title='bbox 2672 3569 2893 3637; x_wconf 77' lang='lat' dir='ltr'><strong>supplex</strong></span> <span class='ocrx_word' id='word_1_707' title='bbox 2922 3549 3199 3643; x_wconf 65' lang='lat' dir='ltr'><strong>deprecor,</strong></span> <span class='ocrx_word' id='word_1_708' title='bbox 3245 3585 3299 3632; x_wconf 90' lang='lat' dir='ltr'><strong>et</strong></span> <span class='ocrx_word' id='word_1_709' title='bbox 3329 3589 3384 3633; x_wconf 92' lang='lat' dir='ltr'><strong>ut</strong></span> <span class='ocrx_word' id='word_1_710' title='bbox 3411 3596 3509 3649; x_wconf 93' lang='lat' dir='ltr'><strong>pro</strong></span> 
     </span>
    </p>
   </div>
   <div class='ocr_carea' id='block_1_97' title="bbox 1947 3641 3511 3731">
    <p class='ocr_par' dir='ltr' id='par_1_97' title="bbox 1947 3641 3511 3731">
     <span class='ocr_line' id='line_1_97' title="bbox 1947 3641 3511 3731; baseline 0.02 -40"><span class='ocrx_word' id='word_1_711' title='bbox 1947 3641 2149 3695; x_wconf 86' lang='lat' dir='ltr'><strong>eisdem</strong></span> <span class='ocrx_word' id='word_1_712' title='bbox 2174 3648 2410 3711; x_wconf 86' lang='lat' dir='ltr'><strong>peccatis</strong></span> <span class='ocrx_word' id='word_1_713' title='bbox 2448 3653 2582 3706; x_wconf 89' lang='lat' dir='ltr'><strong>meis</strong></span> <span class='ocrx_word' id='word_1_714' title='bbox 2629 3656 2952 3731; x_wconf 66' lang='lat' dir='ltr'><strong>intercessor</strong></span> <span class='ocrx_word' id='word_1_715' title='bbox 2983 3641 3204 3731; x_wconf 78' lang='lat' dir='ltr'><strong>existas,</strong></span> <span class='ocrx_word' id='word_1_716' title='bbox 3239 3667 3511 3724; x_wconf 83' lang='lat' dir='ltr'><strong>humiliter</strong></span> 
     </span>
    </p>
   </div>
   <div class='ocr_carea' id='block_1_98' title="bbox 1949 3724 3507 3825">
    <p class='ocr_par' dir='ltr' id='par_1_98' title="bbox 1949 3724 3507 3825">
     <span class='ocr_line' id='line_1_98' title="bbox 1949 3724 3507 3825; baseline 0.022 -47"><span class='ocrx_word' id='word_1_717' title='bbox 1949 3728 2337 3800; x_wconf 88' lang='lat' dir='ltr'><strong>imploro.-Quo</strong></span> <span class='ocrx_word' id='word_1_718' title='bbox 2365 3740 2605 3805; x_wconf 91' lang='lat' dir='ltr'><strong>perdicto</strong></span> <span class='ocrx_word' id='word_1_719' title='bbox 2637 3724 2805 3798; x_wconf 56' lang='lat' dir='ltr'><strong>totum</strong></span> <span class='ocrx_word' id='word_1_720' title='bbox 2849 3762 2907 3801; x_wconf 91' lang='lat' dir='ltr'><strong>se</strong></span> <span class='ocrx_word' id='word_1_721' title='bbox 2944 3748 3000 3803; x_wconf 89' lang='lat' dir='ltr'><strong>in</strong></span> <span class='ocrx_word' id='word_1_722' title='bbox 3035 3724 3232 3806; x_wconf 79' lang='lat' dir='ltr'><strong>terram</strong></span> <span class='ocrx_word' id='word_1_723' title='bbox 3270 3767 3507 3825; x_wconf 84' lang='lat' dir='ltr'><strong>proster-</strong></span> 
     </span>
    </p>
   </div>
   <div class='ocr_carea' id='block_1_99' title="bbox 1947 3823 3510 3915">
    <p class='ocr_par' dir='ltr' id='par_1_99' title="bbox 1947 3823 3510 3915">
     <span class='ocr_line' id='line_1_99' title="bbox 1947 3823 3510 3915; baseline 0.02 -45"><span class='ocrx_word' id='word_1_724' title='bbox 1947 3826 2058 3882; x_wconf 88' lang='lat' dir='ltr'><strong>nat,</strong></span> <span class='ocrx_word' id='word_1_725' title='bbox 2115 3823 2343 3888; x_wconf 81' lang='lat' dir='ltr'><strong>gemitus</strong></span> <span class='ocrx_word' id='word_1_726' title='bbox 2397 3834 2557 3895; x_wconf 82' lang='lat' dir='ltr'><strong>atque</strong></span> <span class='ocrx_word' id='word_1_727' title='bbox 2610 3834 2835 3902; x_wconf 89' lang='lat' dir='ltr'><strong>suspiria</strong></span> <span class='ocrx_word' id='word_1_728' title='bbox 2872 3836 2954 3890; x_wconf 89' lang='lat' dir='ltr'><strong>vel</strong></span> <span class='ocrx_word' id='word_1_729' title='bbox 2994 3823 3291 3909; x_wconf 69' lang='lat' dir='ltr'><strong>&#39;lacrymas,</strong></span> <span class='ocrx_word' id='word_1_730' title='bbox 3349 3857 3510 3915; x_wconf 90' lang='lat' dir='ltr'><strong>prout</strong></span> 
     </span>
    </p>
   </div>
   <div class='ocr_carea' id='block_1_100' title="bbox 1949 3908 3507 3996">
    <p class='ocr_par' dir='ltr' id='par_1_100' title="bbox 1949 3908 3507 3996">
     <span class='ocr_line' id='line_1_100' title="bbox 1949 3908 3507 3996; baseline 0.02 -36"><span class='ocrx_word' id='word_1_731' title='bbox 1949 3908 2089 3963; x_wconf 90' lang='lat' dir='ltr'><strong>Deus</strong></span> <span class='ocrx_word' id='word_1_732' title='bbox 2115 3911 2339 3979; x_wconf 89' lang='lat' dir='ltr'><strong>dederit,</strong></span> <span class='ocrx_word' id='word_1_733' title='bbox 2358 3913 2439 3969; x_wconf 77' lang='lat' dir='ltr'><strong>&#39;ab</strong></span> <span class='ocrx_word' id='word_1_734' title='bbox 2491 3918 2679 3975; x_wconf 89' lang='lat' dir='ltr'><strong>intimo</strong></span> <span class='ocrx_word' id='word_1_735' title='bbox 2714 3924 2890 3979; x_wconf 86' lang='lat' dir='ltr'><strong>cordis</strong></span> <span class='ocrx_word' id='word_1_736' title='bbox 2917 3908 3197 3996; x_wconf 80' lang='lat' dir='ltr'><strong>producat.</strong></span> <span class='ocrx_word' id='word_1_737' title='bbox 3240 3908 3507 3991; x_wconf 75' lang='lat' dir='ltr'><strong>Sacerdos</strong></span> 
     </span>
    </p>
   </div>
   <div class='ocr_carea' id='block_1_101' title="bbox 1947 4003 3504 4096">
    <p class='ocr_par' dir='ltr' id='par_1_101' title="bbox 1947 4003 3504 4096">
     <span class='ocr_line' id='line_1_101' title="bbox 1947 4003 3504 4096; baseline 0.019 -43"><span class='ocrx_word' id='word_1_738' title='bbox 1947 4015 2075 4056; x_wconf 86' lang='lat' dir='ltr'><strong>vero</strong></span> <span class='ocrx_word' id='word_1_739' title='bbox 2103 4003 2341 4073; x_wconf 84' lang='lat' dir='ltr'><strong>patiatur</strong></span> <span class='ocrx_word' id='word_1_740' title='bbox 2368 4025 2491 4064; x_wconf 89' lang='lat' dir='ltr'><strong>eum</strong></span> <span class='ocrx_word' id='word_1_741' title='bbox 2530 4006 2912 4087; x_wconf 87' lang='lat' dir='ltr'><strong>aliquantisper</strong></span> <span class='ocrx_word' id='word_1_742' title='bbox 2934 4020 3115 4089; x_wconf 85' lang='lat' dir='ltr'><strong>jacere</strong></span> <span class='ocrx_word' id='word_1_743' title='bbox 3152 4036 3504 4096; x_wconf 88' lang='lat' dir='ltr'><strong>prostratum,</strong></span> 
     </span>
    </p>
   </div>
   <div class='ocr_carea' id='block_1_102' title="bbox 1938 4088 3503 4180">
    <p class='ocr_par' dir='ltr' id='par_1_102' title="bbox 1938 4088 3503 4180">
     <span class='ocr_line' id='line_1_102' title="bbox 1938 4088 3503 4180; baseline 0.019 -37"><span class='ocrx_word' id='word_1_744' title='bbox 1938 4088 2094 4156; x_wconf 80' lang='lat' dir='ltr'><strong>juxta</strong></span> <span class='ocrx_word' id='word_1_745' title='bbox 2141 4100 2281 4164; x_wconf 90' lang='lat' dir='ltr'><strong>quod</strong></span> <span class='ocrx_word' id='word_1_746' title='bbox 2330 4099 2524 4156; x_wconf 84' lang='lat' dir='ltr'><strong>viderit</strong></span> <span class='ocrx_word' id='word_1_747' title='bbox 2559 4118 2680 4157; x_wconf 90' lang='lat' dir='ltr'><strong>eum</strong></span> <span class='ocrx_word' id='word_1_748' title='bbox 2734 4107 2908 4161; x_wconf 90' lang='lat' dir='ltr'><strong>divina</strong></span> <span class='ocrx_word' id='word_1_749' title='bbox 2939 4088 3302 4180; x_wconf 52' lang='lat' dir='ltr'><strong>inspira—tione</strong></span> <span class='ocrx_word' id='word_1_750' title='bbox 3353 4088 3503 4172; x_wconf 48' lang='lat' dir='ltr'><strong>com;</strong></span> 
     </span>
    </p>
   </div>
   <div class='ocr_carea' id='block_1_103' title="bbox 1945 4186 3509 4271">
    <p class='ocr_par' dir='ltr' id='par_1_103' title="bbox 1945 4186 3509 4271">
     <span class='ocr_line' id='line_1_103' title="bbox 1945 4186 3509 4271; baseline 0.019 -40"><span class='ocrx_word' id='word_1_751' title='bbox 1945 4190 2221 4245; x_wconf 88' lang='lat' dir='ltr'><strong>punctum.</strong></span> <span class='ocrx_word' id='word_1_752' title='bbox 2269 4186 2468 4241; x_wconf 88' lang='lat' dir='ltr'><strong>Deinde</strong></span> <span class='ocrx_word' id='word_1_753' title='bbox 2494 4190 2680 4259; x_wconf 85' lang='lat' dir='ltr'><strong>jubcat</strong></span> <span class='ocrx_word' id='word_1_754' title='bbox 2722 4208 2843 4248; x_wconf 89' lang='lat' dir='ltr'><strong>eum</strong></span> <span class='ocrx_word' id='word_1_755' title='bbox 2889 4200 3138 4254; x_wconf 88' lang='lat' dir='ltr'><strong>sacerdos</strong></span> <span class='ocrx_word' id='word_1_756' title='bbox 3186 4217 3425 4271; x_wconf 87' lang='lat' dir='ltr'><strong>surgere,</strong></span> <span class='ocrx_word' id='word_1_757' title='bbox 3453 4218 3509 4261; x_wconf 87' lang='lat' dir='ltr'><strong>et</strong></span> 
     </span>
    </p>
   </div>
   <div class='ocr_carea' id='block_1_104' title="bbox 1942 4274 3504 4349">
    <p class='ocr_par' dir='ltr' id='par_1_104' title="bbox 1942 4274 3504 4349">
     <span class='ocr_line' id='line_1_104' title="bbox 1942 4274 3504 4349; baseline 0.019 -30"><span class='ocrx_word' id='word_1_758' title='bbox 1942 4280 2068 4322; x_wconf 88' lang='lat' dir='ltr'><strong>cum</strong></span> <span class='ocrx_word' id='word_1_759' title='bbox 2098 4274 2307 4327; x_wconf 88' lang='lat' dir='ltr'><strong>steterit</strong></span> <span class='ocrx_word' id='word_1_760' title='bbox 2338 4292 2497 4346; x_wconf 90' lang='lat' dir='ltr'><strong>super</strong></span> <span class='ocrx_word' id='word_1_761' title='bbox 2526 4280 2688 4347; x_wconf 88' lang='lat' dir='ltr'><strong>pedes</strong></span> <span class='ocrx_word' id='word_1_762' title='bbox 2731 4296 2875 4349; x_wconf 87' lang='lat' dir='ltr'><strong>suos,</strong></span> <span class='ocrx_word' id='word_1_763' title='bbox 2904 4301 3024 4340; x_wconf 89' lang='lat' dir='ltr'><strong>cum</strong></span> <span class='ocrx_word' id='word_1_764' title='bbox 3063 4297 3295 4345; x_wconf 89' lang='lat' dir='ltr'><strong>tremore</strong></span> <span class='ocrx_word' id='word_1_765' title='bbox 3328 4303 3381 4346; x_wconf 86' lang='lat' dir='ltr'><strong>ct</strong></span> <span class='ocrx_word' id='word_1_766' title='bbox 3408 4296 3504 4348; x_wconf 86' lang='lat' dir='ltr'><strong>hn-</strong></span> 
     </span>
    </p>
   </div>
   <div class='ocr_carea' id='block_1_105' title="bbox 1944 4359 3504 4444">
    <p class='ocr_par' dir='ltr' id='par_1_105' title="bbox 1944 4359 3504 4444">
     <span class='ocr_line' id='line_1_105' title="bbox 1944 4359 3504 4444; baseline 0.02 -33"><span class='ocrx_word' id='word_1_767' title='bbox 1944 4359 2170 4415; x_wconf 88' lang='lat' dir='ltr'><strong>militate</strong></span> <span class='ocrx_word' id='word_1_768' title='bbox 2199 4367 2534 4431; x_wconf 72' lang='lat' dir='ltr'><strong>prmstoletur</strong></span> <span class='ocrx_word' id='word_1_769' title='bbox 2576 4371 2835 4440; x_wconf 88' lang='lat' dir='ltr'><strong>judicium</strong></span> <span class='ocrx_word' id='word_1_770' title='bbox 2868 4378 3179 4444; x_wconf 84' lang='lat' dir='ltr'><strong>sacerdotis,</strong></span> <span class='ocrx_word' id='word_1_771' title='bbox 3221 4391 3275 4435; x_wconf 92' lang='lat' dir='ltr'><strong>et</strong></span> <span class='ocrx_word' id='word_1_772' title='bbox 3304 4385 3504 4441; x_wconf 86' lang='lat' dir='ltr'><strong>indicat</strong></span> 
     </span>
    </p>
   </div>
   <div class='ocr_carea' id='block_1_106' title="bbox 1876 4432 3503 4540">
    <p class='ocr_par' dir='ltr' id='par_1_106' title="bbox 1876 4432 3503 4540">
     <span class='ocr_line' id='line_1_106' title="bbox 1876 4432 3503 4540; baseline 0.016 -41"><span class='ocrx_word' id='word_1_773' title='bbox 1876 4432 1922 4492; x_wconf 80' lang='grc' dir='ltr'><strong>Ι)</strong></span> <span class='ocrx_word' id='word_1_774' title='bbox 1944 4448 1994 4501; x_wconf 90' lang='lat' dir='ltr'><strong>ei</strong></span> <span class='ocrx_word' id='word_1_775' title='bbox 2017 4451 2265 4505; x_wconf 88' lang='lat' dir='ltr'><strong>sacerdos</strong></span> <span class='ocrx_word' id='word_1_776' title='bbox 2293 4454 2671 4512; x_wconf 85' lang='lat' dir='ltr'><strong>abstinentiam</strong></span> <span class='ocrx_word' id='word_1_777' title='bbox 2698 4460 2810 4516; x_wconf 87' lang='lat' dir='ltr'><strong>sive</strong></span> <span class='ocrx_word' id='word_1_778' title='bbox 2835 4464 3251 4533; x_wconf 80' lang='lat' dir='ltr'><strong>observantiam,</strong></span> <span class='ocrx_word' id='word_1_779' title='bbox 3282 4485 3503 4540; x_wconf 83' lang='lat' dir='ltr'><strong>perpen-</strong></span> 
     </span>
    </p>
   </div>
   <div class='ocr_carea' id='block_1_107' title="bbox 1943 4539 3499 4634">
    <p class='ocr_par' dir='ltr' id='par_1_107' title="bbox 1943 4539 3499 4634">
     <span class='ocr_line' id='line_1_107' title="bbox 1943 4539 3499 4634; baseline 0.019 -43"><span class='ocrx_word' id='word_1_780' title='bbox 1943 4539 2075 4593; x_wconf 91' lang='lat' dir='ltr'><strong>dens</strong></span> <span class='ocrx_word' id='word_1_781' title='bbox 2104 4544 2370 4601; x_wconf 88' lang='lat' dir='ltr'><strong>subtiliter</strong></span> <span class='ocrx_word' id='word_1_782' title='bbox 2396 4564 2636 4617; x_wconf 75' lang='lat' dir='ltr'><strong>persona:</strong></span> <span class='ocrx_word' id='word_1_783' title='bbox 2676 4556 3021 4624; x_wconf 89' lang='lat' dir='ltr'><strong>qualitatem,</strong></span> <span class='ocrx_word' id='word_1_784' title='bbox 3060 4562 3271 4627; x_wconf 89' lang='lat' dir='ltr'><strong>modum</strong></span> <span class='ocrx_word' id='word_1_785' title='bbox 3311 4539 3499 4634; x_wconf 74' lang='lat' dir='ltr'><strong>culpm,</strong></span> 
     </span>
    </p>
   </div>
   <div class='ocr_carea' id='block_1_108' title="bbox 1943 4628 3502 4712">
    <p class='ocr_par' dir='ltr' id='par_1_108' title="bbox 1943 4628 3502 4712">
     <span class='ocr_line' id='line_1_108' title="bbox 1943 4628 3502 4712; baseline 0.019 -33"><span class='ocrx_word' id='word_1_786' title='bbox 1943 4628 2294 4687; x_wconf 82' lang='lat' dir='ltr'><strong>intentiOnem</strong></span> <span class='ocrx_word' id='word_1_787' title='bbox 2340 4639 2525 4704; x_wconf 89' lang='lat' dir='ltr'><strong>animi,</strong></span> <span class='ocrx_word' id='word_1_788' title='bbox 2553 4650 2608 4695; x_wconf 90' lang='lat' dir='ltr'><strong>et</strong></span> <span class='ocrx_word' id='word_1_789' title='bbox 2640 4647 2881 4712; x_wconf 83' lang='lat' dir='ltr'><strong>corporis</strong></span> <span class='ocrx_word' id='word_1_790' title='bbox 2910 4648 3264 4705; x_wconf 79' lang='lat' dir='ltr'><strong>valetudinem</strong></span> <span class='ocrx_word' id='word_1_791' title='bbox 3289 4652 3371 4706; x_wconf 83' lang='lat' dir='ltr'><strong>vel</strong></span> <span class='ocrx_word' id='word_1_792' title='bbox 3402 4655 3502 4708; x_wconf 87' lang='lat' dir='ltr'><strong>im-</strong></span> 
     </span>
    </p>
   </div>
   <div class='ocr_carea' id='block_1_109' title="bbox 1942 4718 3499 4807">
    <p class='ocr_par' dir='ltr' id='par_1_109' title="bbox 1942 4718 3499 4807">
     <span class='ocr_line' id='line_1_109' title="bbox 1942 4718 3499 4807; baseline 0.019 -39"><span class='ocrx_word' id='word_1_793' title='bbox 1942 4718 2307 4776; x_wconf 88' lang='lat' dir='ltr'><strong>becillitatem.</strong></span> <span class='ocrx_word' id='word_1_794' title='bbox 2358 4724 2616 4798; x_wconf 87' lang='lat' dir='ltr'><strong>Percepta</strong></span> <span class='ocrx_word' id='word_1_795' title='bbox 2670 4741 2849 4788; x_wconf 87' lang='lat' dir='ltr'><strong>autem</strong></span> <span class='ocrx_word' id='word_1_796' title='bbox 2894 4739 3157 4792; x_wconf 88' lang='lat' dir='ltr'><strong>sententia</strong></span> <span class='ocrx_word' id='word_1_797' title='bbox 3187 4740 3499 4807; x_wconf 88' lang='lat' dir='ltr'><strong>sacerdotis,</strong></span> 
     </span>
    </p>
   </div>
   <div class='ocr_carea' id='block_1_110' title="bbox 1944 4804 3500 4899">
    <p class='ocr_par' dir='ltr' id='par_1_110' title="bbox 1944 4804 3500 4899">
     <span class='ocr_line' id='line_1_110' title="bbox 1944 4804 3500 4899; baseline 0.019 -43"><span class='ocrx_word' id='word_1_798' title='bbox 1944 4804 2137 4859; x_wconf 89' lang='lat' dir='ltr'><strong>iterum</strong></span> <span class='ocrx_word' id='word_1_799' title='bbox 2157 4820 2459 4877; x_wconf 88' lang='lat' dir='ltr'><strong>prosternet</strong></span> <span class='ocrx_word' id='word_1_800' title='bbox 2484 4832 2543 4871; x_wconf 90' lang='lat' dir='ltr'><strong>se</strong></span> <span class='ocrx_word' id='word_1_801' title='bbox 2568 4822 2863 4877; x_wconf 84' lang='lat' dir='ltr'><strong>sacerdotis</strong></span> <span class='ocrx_word' id='word_1_802' title='bbox 2900 4826 3142 4893; x_wconf 85' lang='lat' dir='ltr'><strong>pedibus,</strong></span> <span class='ocrx_word' id='word_1_803' title='bbox 3175 4831 3288 4896; x_wconf 82' lang='lat' dir='ltr'><strong>ejus</strong></span> <span class='ocrx_word' id='word_1_804' title='bbox 3318 4840 3500 4899; x_wconf 68' lang='lat' dir='ltr'><strong>petens</strong></span> 
     </span>
    </p>
   </div>
   <div class='ocr_carea' id='block_1_111' title="bbox 1942 4905 3500 4982">
    <p class='ocr_par' dir='ltr' id='par_1_111' title="bbox 1942 4905 3500 4982">
     <span class='ocr_line' id='line_1_111' title="bbox 1942 4905 3500 4982; baseline 0.017 -32"><span class='ocrx_word' id='word_1_805' title='bbox 1942 4914 2041 4967; x_wconf 91' lang='lat' dir='ltr'><strong>pro</strong></span> <span class='ocrx_word' id='word_1_806' title='bbox 2064 4916 2121 4954; x_wconf 92' lang='lat' dir='ltr'><strong>se</strong></span> <span class='ocrx_word' id='word_1_807' title='bbox 2151 4905 2448 4959; x_wconf 90' lang='lat' dir='ltr'><strong>orationem</strong></span> <span class='ocrx_word' id='word_1_808' title='bbox 2474 4907 2607 4970; x_wconf 79' lang='lat' dir='ltr'><strong>ﬁeri,</strong></span> <span class='ocrx_word' id='word_1_809' title='bbox 2628 4920 2686 4964; x_wconf 91' lang='lat' dir='ltr'><strong>ut</strong></span> <span class='ocrx_word' id='word_1_810' title='bbox 2712 4924 2956 4982; x_wconf 82' lang='lat' dir='ltr'><strong>suggerat</strong></span> <span class='ocrx_word' id='word_1_811' title='bbox 2987 4915 3037 4967; x_wconf 91' lang='lat' dir='ltr'><strong>ei</strong></span> <span class='ocrx_word' id='word_1_812' title='bbox 3063 4916 3239 4971; x_wconf 87' lang='lat' dir='ltr'><strong>divina</strong></span> <span class='ocrx_word' id='word_1_813' title='bbox 3265 4922 3500 4976; x_wconf 88' lang='lat' dir='ltr'><strong>visitatio</strong></span> 
     </span>
    </p>
   </div>
   <div class='ocr_carea' id='block_1_112' title="bbox 1940 4990 3496 5079">
    <p class='ocr_par' dir='ltr' id='par_1_112' title="bbox 1940 4990 3496 5079">
     <span class='ocr_line' id='line_1_112' title="bbox 1940 4990 3496 5079; baseline 0.018 -40"><span class='ocrx_word' id='word_1_814' title='bbox 1940 4990 2195 5046; x_wconf 82' lang='lat' dir='ltr'><strong>virtutem</strong></span> <span class='ocrx_word' id='word_1_815' title='bbox 2239 5002 2547 5049; x_wconf 84' lang='lat' dir='ltr'><strong>constanter</strong></span> <span class='ocrx_word' id='word_1_816' title='bbox 2590 4998 2909 5055; x_wconf 85' lang='lat' dir='ltr'><strong>observandi</strong></span> <span class='ocrx_word' id='word_1_817' title='bbox 2973 5018 3092 5071; x_wconf 68' lang='lat' dir='ltr'><strong>qua:</strong></span> <span class='ocrx_word' id='word_1_818' title='bbox 3132 5005 3206 5060; x_wconf 85' lang='lat' dir='ltr'><strong>illi</strong></span> <span class='ocrx_word' id='word_1_819' title='bbox 3263 5009 3496 5079; x_wconf 86' lang='lat' dir='ltr'><strong>iujuncta</strong></span> 
     </span>
    </p>
   </div>
   <div class='ocr_carea' id='block_1_113' title="bbox 1940 5070 3501 5171">
    <p class='ocr_par' dir='ltr' id='par_1_113' title="bbox 1940 5070 3501 5171">
     <span class='ocr_line' id='line_1_113' title="bbox 1940 5070 3501 5171; baseline 0.015 -38"><span class='ocrx_word' id='word_1_820' title='bbox 1940 5070 2085 5145; x_wconf 84' lang='lat' dir='ltr'><strong>sunt,</strong></span> <span class='ocrx_word' id='word_1_821' title='bbox 2109 5090 2164 5135; x_wconf 92' lang='lat' dir='ltr'><strong>et</strong></span> <span class='ocrx_word' id='word_1_822' title='bbox 2186 5082 2260 5135; x_wconf 88' lang='lat' dir='ltr'><strong>ita</strong></span> <span class='ocrx_word' id='word_1_823' title='bbox 2302 5094 2611 5140; x_wconf 82' lang='lat' dir='ltr'><strong>reverenter</strong></span> <span class='ocrx_word' id='word_1_824' title='bbox 2658 5092 2952 5147; x_wconf 88' lang='lat' dir='ltr'><strong>sacerdotis</strong></span> <span class='ocrx_word' id='word_1_825' title='bbox 2994 5070 3197 5161; x_wconf 87' lang='lat' dir='ltr'><strong>judicio</strong></span> <span class='ocrx_word' id='word_1_826' title='bbox 3227 5070 3501 5171; x_wconf 66' lang='lat' dir='ltr'><strong>obtempe-</strong></span> 
     </span>
    </p>
   </div>
   <div class='ocr_carea' id='block_1_114' title="bbox 2016 5347 3501 5439">
    <p class='ocr_par' dir='ltr' id='par_1_114' title="bbox 2016 5347 3501 5439">
     <span class='ocr_line' id='line_1_114' title="bbox 2016 5347 3501 5439; baseline 0.017 -39"><span class='ocrx_word' id='word_1_827' title='bbox 2016 5347 2347 5418; x_wconf 83' lang='lat' dir='ltr'><strong>Quaproptcr</strong></span> <span class='ocrx_word' id='word_1_828' title='bbox 2370 5364 2583 5424; x_wconf 90' lang='lat' dir='ltr'><strong>oportet</strong></span> <span class='ocrx_word' id='word_1_829' title='bbox 2612 5361 2679 5414; x_wconf 89' lang='lat' dir='ltr'><strong>ad</strong></span> <span class='ocrx_word' id='word_1_830' title='bbox 2701 5364 3069 5429; x_wconf 62' lang='lat' dir='ltr'><strong>penitentiam</strong></span> <span class='ocrx_word' id='word_1_831' title='bbox 3103 5370 3355 5439; x_wconf 78' lang='lat' dir='ltr'><strong>accedere</strong></span> <span class='ocrx_word' id='word_1_832' title='bbox 3379 5386 3501 5425; x_wconf 72' lang='lat' dir='ltr'><strong>eum</strong></span> 
     </span>
    </p>
   </div>
   <div class='ocr_carea' id='block_1_115' title="bbox 1946 5444 3501 5525">
    <p class='ocr_par' dir='ltr' id='par_1_115' title="bbox 1946 5444 3501 5525">
     <span class='ocr_line' id='line_1_115' title="bbox 1946 5444 3501 5525; baseline 0.008 -26"><span class='ocrx_word' id='word_1_833' title='bbox 1946 5447 2090 5500; x_wconf 91' lang='lat' dir='ltr'><strong>omni</strong></span> <span class='ocrx_word' id='word_1_834' title='bbox 2122 5444 2333 5508; x_wconf 80' lang='lat' dir='ltr'><strong>ﬁducia,</strong></span> <span class='ocrx_word' id='word_1_835' title='bbox 2360 5454 2415 5499; x_wconf 91' lang='lat' dir='ltr'><strong>et</strong></span> <span class='ocrx_word' id='word_1_836' title='bbox 2448 5462 2515 5502; x_wconf 89' lang='lat' dir='ltr'><strong>ex</strong></span> <span class='ocrx_word' id='word_1_837' title='bbox 2542 5446 2645 5501; x_wconf 80' lang='lat' dir='ltr'><strong>ﬁde</strong></span> <span class='ocrx_word' id='word_1_838' title='bbox 2674 5452 2893 5505; x_wconf 88' lang='lat' dir='ltr'><strong>credere</strong></span> <span class='ocrx_word' id='word_1_839' title='bbox 2917 5452 3295 5517; x_wconf 88' lang='lat' dir='ltr'><strong>indubitanter,</strong></span> <span class='ocrx_word' id='word_1_840' title='bbox 3326 5459 3501 5525; x_wconf 78' lang='lat' dir='ltr'><strong>poeni-</strong></span> 
     </span>
    </p>
   </div>
   <div class='ocr_carea' id='block_1_116' title="bbox 1948 5535 3504 5607">
    <p class='ocr_par' dir='ltr' id='par_1_116' title="bbox 1948 5535 3504 5607">
     <span class='ocr_line' id='line_1_116' title="bbox 1948 5535 3504 5607; baseline 0.005 -19"><span class='ocrx_word' id='word_1_841' title='bbox 1948 5536 2112 5589; x_wconf 90' lang='lat' dir='ltr'><strong>tentia</strong></span> <span class='ocrx_word' id='word_1_842' title='bbox 2158 5535 2359 5589; x_wconf 83' lang='lat' dir='ltr'><strong>aboleri</strong></span> <span class='ocrx_word' id='word_1_843' title='bbox 2385 5550 2541 5603; x_wconf 90' lang='lat' dir='ltr'><strong>posse</strong></span> <span class='ocrx_word' id='word_1_844' title='bbox 2566 5546 2804 5607; x_wconf 89' lang='lat' dir='ltr'><strong>peccata,</strong></span> <span class='ocrx_word' id='word_1_845' title='bbox 2833 5539 3042 5592; x_wconf 89' lang='lat' dir='ltr'><strong>etiamsi</strong></span> <span class='ocrx_word' id='word_1_846' title='bbox 3086 5540 3138 5593; x_wconf 94' lang='lat' dir='ltr'><strong>in</strong></span> <span class='ocrx_word' id='word_1_847' title='bbox 3168 5540 3359 5595; x_wconf 91' lang='lat' dir='ltr'><strong>ultimo</strong></span> <span class='ocrx_word' id='word_1_848' title='bbox 3383 5542 3504 5596; x_wconf 75' lang='lat' dir='ltr'><strong>vita:</strong></span> 
     </span>
    </p>
   </div>
   <div class='ocr_carea' id='block_1_117' title="bbox 1950 5624 3502 5694">
    <p class='ocr_par' dir='ltr' id='par_1_117' title="bbox 1950 5624 3502 5694">
     <span class='ocr_line' id='line_1_117' title="bbox 1950 5624 3502 5694; baseline 0.004 -15"><span class='ocrx_word' id='word_1_849' title='bbox 1950 5626 2137 5694; x_wconf 81' lang='lat' dir='ltr'><strong>spiritu</strong></span> <span class='ocrx_word' id='word_1_850' title='bbox 2169 5624 2455 5678; x_wconf 88' lang='lat' dir='ltr'><strong>commissa</strong></span> <span class='ocrx_word' id='word_1_851' title='bbox 2498 5626 2769 5693; x_wconf 60' lang='lat' dir='ltr'><strong>poeniteat,</strong></span> <span class='ocrx_word' id='word_1_852' title='bbox 2803 5636 2852 5680; x_wconf 78' lang='lat' dir='ltr'><strong>et</strong></span> <span class='ocrx_word' id='word_1_853' title='bbox 2872 5626 3081 5694; x_wconf 84' lang='lat' dir='ltr'><strong>publica</strong></span> <span class='ocrx_word' id='word_1_854' title='bbox 3123 5627 3502 5685; x_wconf 88' lang='lat' dir='ltr'><strong>lamentatione</strong></span> 
     </span>
    </p>
   </div>
  </div>
