4232 6240
247 216 375 271 1201
1045 213 1193 271 OPP.
1230 208 1625 270 SUPPOSITA.
1663 237 1730 249 --
1764 205 1892 261 1:18.
1935 206 2020 260 DE
2059 206 2302 263 DlVlNlS
2338 204 2636 261 OFFICIIS.
3298 199 3431 279 12οᾏ

244 328 483 397 principe
526 324 969 393 triumphaturus.
1018 326 1076 380 lu
1118 326 1280 380 ramis
1312 324 1562 378 arborum
1604 317 1795 374 intelli-
1823 317 1872 374 Δ
1898 315 1990 381 tis,
2015 317 2198 386 incipit
2222 316 2402 373 schola
2424 287 2544 370 cuiu
2557 298 2747 382 baiulis
2766 314 2968 383 antiph.
2988 331 3000 366 :
3021 287 3179 391 Pueri
3192 312 3432 367 Hebraeo-

245 421 443 487 guntur
494 412 637 468 dicta
681 412 903 468 Patrum
947 420 1001 469 et
1051 414 1307 483 exempla.
1355 402 1533 467 Turba
1566 408 1793 480 plurima
1890 421 2023 469 ram.
2054 405 2121 459 Et
2142 405 2577 490 tuncprosternit
2598 404 2770 458 omnis
2791 402 2950 490 plebs
2974 403 3105 490 hinc
3134 402 3257 457 inde
3291 400 3434 490 fron-

245 500 513 571 siguiilcat
549 499 988 577 innumerabilem
1021 508 1313 571 martyrum
1347 497 1656 561 exercitum,
1702 494 1793 563 qui
1891 493 1984 547 des
2033 509 2127 548 seu
2175 488 2336 548 ﬂores
2379 492 2723 548 decantantes
2770 488 2971 560 antiph.
3012 508 3025 542 :
3068 488 3281 544 Osanna
3324 488 3434 559 ﬁlio

247 606 471 661 corpora
519 605 616 645 sua
664 603 763 659 pro
804 587 1029 643 Domino
1072 590 1421 644 tradiderunt.
1454 587 1808 643 ‘Vestimenta‘

247 678 622 750 Apostolorum
648 692 809 745 opera
835 684 959 732 sunt
977 676 1229 744 iustitiae;
1262 676 1412 732 Unde
1456 675 1513 729 in
1550 673 1793 750 psalmo:

252 746 558 823 Sacerdotes
606 766 685 818 m'
720 764 1008 820 induantur
1041 764 1247 834 justitia
1290 762 1460 833 (Psal.
1495 746 1677 826 exin,
1719 760 1796 832 9).

248 854 308 910 ln
332 853 495 908 asello
522 866 629 920 quo
651 852 887 915 sedebat,
919 850 1185 906 indicabat
1210 850 1468 919 simplicia
1490 849 1659 905 corda
1674 862 1803 918 gen-

253 940 479 1005 tilitatis,
499 954 658 1009 quam
683 938 1017 1008 praesidendo
1043 946 1202 1007 atque
1226 938 1458 1009 regendo
1483 936 1805 1007 perducebat

252 1031 322 1084 ad
360 1030 621 1083 visionem
659 1028 809 1096 pacis
859 1018 1092 1081 atem.
1144 1026 1352 1080 Pascha
1406 1028 1645 1095 petitum,
1692 1024 1806 1080 sive

253 1119 662 1190 competentiam
690 1118 903 1183 dicitur,
934 1119 1058 1187 quia
1083 1117 1242 1173 hodie
1268 1116 1567 1186 symbolum
1589 1129 1803 1184 compe-

254 1211 490 1265 tentibus
543 1206 879 1271 tradebatur,
928 1214 1145 1290 propter
1202 1204 1461 1260 conﬁnem
1521 1204 1808 1257 Dominica:

158 1342 161 1345 μ
254 1298 474 1353 Pascha!
505 1296 920 1361 solemnitatem,
962 1286 1022 1349 ut
1065 1286 1157 1364 qui
1194 1293 1308 1363 jam
1345 1294 1412 1348 ad
1453 1292 1547 1347 Dei
1583 1292 1807 1362 gratiam

255 1384 648 1457 percipiendam
697 1383 950 1438 festinant
972 1424 987 1446 ,
1040 1382 1198 1437 ﬁdem
1256 1396 1415 1450 quam
1466 1381 1808 1446 conﬁtentur,

256 1480 615 1544 cognoscant:
637 1479 1000 1540 competentes
1019 1472 1180 1533 enim,
1202 1470 1354 1539 quasi
1378 1469 1535 1524 simul
1552 1477 1805 1538 petentes,

256 1560 527 1622 dicuntur,
569 1557 626 1612 id
665 1565 767 1622 est,
817 1558 1043 1627 gratiam
1085 1556 1286 1612 Christi
1331 1564 1592 1625 petentes.
1625 1556 1808 1625 Capita

1891 582 2079 648 David,
2123 598 2292 653 usque
2335 584 2404 638 ad
2432 583 2618 639 altare.
2666 581 2736 636 Et
2774 581 2851 637 sic
2888 582 3089 635 intrant
3123 580 3191 634 ad
3223 580 3432 635 missas.

1894 676 2117 732 Ministri
2156 691 2286 732 vero
2330 682 2514 731 tenent
2554 674 2759 746 palmas
2795 675 2851 730 in
2883 675 3129 751 manibus
3163 688 3330 743 usque
3370 671 3437 727 ad

1896 768 2297 839 completionem
2340 768 2535 823 missae.
2580 768 2938 822 lntermittunt
2976 767 3135 836 aliqui
3169 766 3440 822 salutatio-

1897 873 2018 913 nem
2034 858 2085 911 in
2100 858 2366 927 passione,
2396 858 2449 913 id
2468 866 2571 923 est,
2586 858 2838 912 Dominus
2860 857 3150 912 vobiscum:
3176 857 3315 925 quod
3336 870 3439 908 non

1898 945 2087 1015 legitur
2109 945 2161 999 in
2184 946 2478 1012 ordinibus,
2501 947 2593 1001 sed
2610 945 2663 1000 in
2684 945 2975 1000 Parasceve
2997 953 3223 1009 tantum,
3247 944 3336 999 ubi
3365 960 3445 999 re-

1900 1034 2094 1088 ticetur
2104 1032 2335 1089 cilicium
2347 1035 2693 1091 sacerdotale.
2708 1035 2831 1089 Ideo
2842 1043 3018 1090 autem
3032 1036 3145 1089 haec
3162 1035 3444 1089 hebdoma-

1902 1124 1968 1177 da
1987 1124 2154 1193 major
2194 1126 2406 1190 dicitur,
2433 1127 2557 1195 quia
2593 1128 2647 1181 in
2684 1142 2748 1182 ea
2785 1126 3011 1196 maxima
3035 1134 3116 1181 est
3146 1126 3439 1180 adhibenda

1903 1213 2250 1280 parcimonia,
2279 1215 2391 1269 sive
2410 1216 2551 1286 quod
2574 1215 2747 1284 majus
2769 1202 2996 1273 otllcium
3014 1215 3265 1270 recolitur
3280 1215 3331 1268 in
3357 1229 3438 1268 ea.

2481 1362 2703 1418 CAPUT
2749 1363 2860 1419 XV.

2187 1466 2251 1504 οε
2287 1466 2441 1504 ΙΡΕΒΙΔ
2479 1466 2532 1505 ιν
2566 1468 2891 1509 ΗΕΒυΟΠΑΒΒ
2929 1468 3162 1508 ιιιυοιιιε.

1977 1544 2132 1611 Fet-ia
2156 1554 2344 1615 quarta
2369 1548 2710 1605 hebdomadze
2730 1550 2963 1619 majoris,
2994 1552 3122 1606 hora
3147 1553 3304 1606 tertia
3329 1569 3449 1620 pro-

257 1620 544 1701 lavantium
568 1645 686 1700 ideo
705 1620 848 1700 tu;
871 1645 1011 1700 diem
1044 1644 1280 1715 appellat
1299 1620 1507 1715 vulgus,
1539 1645 1659 1713 quia
1683 1620 1809 1698 tunc
1838 1620 1885 1679 Β
1907 1634 2048 1688 cedit
2084 1634 2402 1719 apostolicus
2429 1651 2549 1691 cum
2586 1640 2730 1693 omni
2758 1640 2900 1694 clero
2931 1655 3023 1695 seu
3058 1640 3247 1710 populo
3276 1642 3343 1696 ad
3366 1657 3452 1696 ec-

258 1724 477 1790 mosest
513 1734 679 1788 lavari
707 1734 884 1803 capita
927 1732 1226 1798 infantium,
1272 1734 1363 1802 qui
1414 1732 1644 1802 ungendi
1687 1739 1813 1786 sunt

260 1821 493 1877 Sabbato
516 1831 720 1888 sancto,
748 1838 814 1878 ne
834 1822 971 1878 forte
992 1824 1363 1878 observatione
1384 1822 1813 1892 Quadragesima:

260 1910 517 1965 sordidati
543 1911 612 1964 ad
645 1912 949 1966 unctionem
970 1911 1311 1966 accederent.
1493 1937 1498 1943 ’
1674 1916 1679 1921 ’

330 1997 539 2063 Quanta
567 2012 693 2051 vero
716 1998 1012 2051 reverentia
1040 1998 1154 2052 haec
1181 1997 1507 2053 consuetudo
1529 2012 1557 2050 a
1587 1996 1817 2051 devotis—

262 2083 415 2138 simis
446 2084 577 2139 viris
612 2083 889 2148 excolitur,
925 2083 1079 2136 libuit
1122 2084 1211 2137 hic
1248 2098 1532 2152 parumper
1558 2084 1813 2137 inserere.

264 2170 435 2225 llodie
473 2179 802 2240 prmparatur
847 2171 1114 2240 quoddam
1153 2173 1502 2240 portatorium
1552 2169 1819 2225 honestis-

266 2262 427 2326 sime,
469 2262 523 2314 in
575 2276 681 2328 quo
737 2261 1106 2315 intromittitur
1162 2269 1402 2315 sanctum
1454 2259 1814 2328 Evangelium,

266 2351 407 2420 quod
453 2350 759 2420 intelligitur
810 2349 1073 2415 Christus,
1102 2357 1157 2403 et
1205 2350 1456 2404 statuitur
1499 2349 1551 2402 in
1595 2348 1819 2402 ecclesia

267 2448 397 2494 ante
424 2453 599 2501 aram,
620 2437 955 2491 unde‘clerus
992 2452 1339 2506 processurus
1372 2446 1472 2490 est.
1508 2435 1705 2490 Deinde
1730 2436 1821 2488 ad-

268 2536 496 2584 unantur
522 2528 707 2596 palmae
734 2536 788 2580 et
817 2525 991 2590 ﬂores,
1024 2536 1181 2595 atque
1224 2527 1430 2581 diversa
1458 2539 1649 2594 genera
1681 2524 1821 2576 fron-

268 2620 434 2683 dium,
454 2636 552 2673 seu
578 2618 852 2680 olivarum,
883 2634 1042 2687 super
1066 2635 1183 2688 qum
1213 2619 1405 2671 dicitur
1440 2618 1550 2670 baac
1593 2616 1763 2670 oratio
1792 2631 1821 2668 a

269 2711 543 2764 sacerdote
575 2724 591 2761 :
626 2708 957 2778 Omnipotens
995 2709 1297 2777 sempiterne
1346 2707 1504 2771 Deus,
1550 2705 1636 2775 qui
1679 2713 1825 2757 ante-

268 2815 423 2869 quam
453 2796 646 2851 Filium
668 2807 814 2851 tuum
840 2797 1120 2850 Dominum
1142 2804 1376 2849 nostrum
1402 2810 1492 2864 pro
1515 2792 1659 2847 nobis
1685 2807 1823 2844 mor-

269 2898 370 2940 tem
398 2888 591 2955 perpeti
634 2889 847 2941 sineres.
894 2885 1145 2954 Sequitur
1176 2884 1475 2956 benedictio
1522 2882 1818 2951 palmarum

271 2976 382 3029 sive
407 2972 669 3028 frondium
697 2993 711 3027 :
746 2974 1077 3044 Omnipotens
1101 2974 1241 3027 Deus
1271 2973 1488 3027 Christe.
1516 2972 1608 3025 His
1637 2972 1819 3035 ﬁnitis,

272 3064 465 3127 dantur
515 3077 545 3116 a
588 3063 891 3117 custodibus
932 3062 1149 3131 palmae;
1194 3062 1589 3130 accipienteque
1632 3059 1823 3129 populo

272 3166 451 3206 ramos
503 3151 771 3213 arborum,
810 3149 1087 3213 olivarum,
1137 3150 1249 3204 sive
1291 3148 1499 3215 ﬂorum,
1548 3149 1825 3203 inchoatur

274 3241 561 3309 antiphona
604 3259 615 3292 :
672 3236 832 3293 Pueri
886 3238 1494 3299 Hebrworuimnbeinde
1532 3239 1826 3306 suscipiunt

274 3330 482 3383 diaconi
512 3330 937 3398 suprascriptum,
968 3329 1317 3396 portatorium
1359 3344 1479 3382 cum
1518 3328 1843 3396 Evangelio,‘

274 3417 569 3485 bajulantes
607 3433 727 3472 cum
775 3418 973 3485 ingenti
1017 3416 1366 3469 exsultatione
1399 3416 1583 3484 jugum
1630 3416 1827 3470 Christi

274 3521 436 3561 suave
464 3513 518 3559 et
544 3520 677 3559 onus
705 3506 819 3573 ejus
843 3505 981 3568 leve,
1021 3504 1346 3571 priceedente
1388 3519 1523 3571 aqua
1550 3504 1826 3557 benedicta

277 3612 397 3651 cum
424 3594 755 3653 candelabris
784 3604 941 3664 atque
967 3594 1406 3664 thymiamatcriis
1434 3581 1553 3647 cum
1582 3592 1701 3646 aliis
1742 3608 1828 3646 or-

264 3686 559 3740 'namentis.
588 3685 805 3755 Insuper
828 3686 989 3742 etiam
1010 3684 1262 3738 laicorum
1288 3684 1464 3738 schola
1485 3698 1607 3737 cum
1623 3683 1829 3737 vexillis

276 3782 436 3841 atque
478 3772 759 3827 fanonibus
805 3790 833 3826 a
880 3773 1031 3842 longe
1081 3777 1364 3840 praeeunte.
1411 3773 1647 3826 Exeunte
1686 3774 1826 3826 enim

277 3862 419 3929 clero
455 3876 548 3913 seu
582 3860 772 3928 populo
798 3860 865 3913 ab
892 3861 1133 3924 ecclesia,
1179 3860 1459 3914 inchoatur
1498 3861 1785 3929 antiphona
1814 3879 1825 3911 :

277 3948 408 4003 Cum
458 3948 888 4015 appropinquaret
938 3948 1210 3999 Dominus.
1265 3948 1377 4013 Qua
1422 3948 1568 4002 [inita
1615 3950 1829 4003 inchoat

278 4036 458 4092 schola
479 4036 682 4105 antiph.
710 4053 723 4087 :
750 4034 1017 4105 Coeperunt
1054 4052 1245 4087 omnes.
1286 4036 1454 4089 Item:
1490 4034 1619 4089 Cum
1653 4037 1829 4091 audis-

276 4136 408 4181 sent.
436 4126 567 4181 ltem
596 4144 609 4179 :
646 4122 1112 4198 Appropinquante.
1136 4126 1268 4181 Cum
1296 4124 1513 4195 ingressi
1537 4126 1729 4183 fuerint
1757 4131 1833 4183 ci-

1908 1720 2147 1787 clesiam,
2175 1732 2231 1776 et
2258 1724 2383 1778 dicit
2406 1726 2675 1781 orationes
2701 1728 2961 1783 solemnes
2984 1730 3028 1793 δ,
3061 1731 3199 1784 sicut
3230 1731 3282 1783 in
3304 1740 3452 1785 sexta

1909 1807 2062 1862 feria.
2096 1809 2458 1882 Hisexpletis,
2494 1814 2729 1868 osculato
2772 1816 2947 1879 altari,
2976 1817 3263 1885 egreditur.
3292 1814 3453 1871 Pres-

1909 1896 2081 1967 byteri
2096 1912 2230 1952 vero
2250 1900 2613 1968 ecclesiarum,
2636 1911 2741 1957 tam
2764 1904 2947 1958 urbani
2969 1918 3126 1973 quam
3146 1903 3451 1968 suburbani,

1912 1993 2250 2039 revertuntur
2292 1988 2359 2041 ad
2413 1990 2594 2044 titulos
2643 2006 2788 2056 suos,
2842 2000 2901 2046 ut
2945 1993 3046 2047 hoc
3093 1992 3277 2046 ordine
3324 1991 3454 2046 feria

1913 2082 2063 2129 sexta
2092 2075 2405 2144 contpleant,
2441 2078 2541 2131 hoc
2579 2079 2806 2141 scientes
2833 2089 2885 2133 ut
2924 2081 3065 2149 quod
3095 2080 3330 2149 pontifex
3363 2096 3458 2150 pro

1915 2183 1973 2222 se
1993 2168 2312 2233 intermittit,
2348 2169 2418 2223 ibi
2462 2170 2620 2226 illum
2644 2178 3076 2226 commemorent.
3116 2170 3305 2225 Postea
3333 2187 3460 2225 vero

1915 2257 2045 2312 hora
2082 2268 2266 2314 octava
2296 2260 2661 2330 ingrediuntur
2685 2262 2751 2316 ad
2778 2262 2969 2316 missas
2992 2276 3137 2315 more
3172 2260 3345 2315 solito.
3374 2260 3458 2314 ld-

1917 2361 1981 2401 co
2010 2348 2092 2401 hze
2118 2348 2385 2403 orationes
2411 2350 2565 2403 hodie
2593 2350 2943 2415 celebrantur,
2973 2350 3094 2418 quia
3126 2351 3177 2403 in
3202 2350 3303 2404 hac
3331 2349 3461 2404 feria

1918 2445 2104 2505 quarta
2130 2438 2407 2491 consilium
2445 2436 2686 2491 fecerunt
2722 2436 2911 2502 Iudaei,
2940 2447 2996 2491 ut
3032 2440 3336 2495 occiderent
3357 2439 3461 2494 Do-

1909 2512 2140 2578 minum.
2177 2524 2326 2585 Unde
2351 2541 2447 2580 nos
2474 2525 2539 2580 ad
2578 2527 2885 2582 memoriam
2934 2527 3185 2582 reducere
3216 2527 3466 2582 debemus

1921 2616 2131 2671 crudele
2149 2616 2422 2671 consilium
2443 2615 2742 2671 Judazorum
2761 2626 2815 2672 et
2836 2618 3292 2672 mansuetudinem
3314 2618 3465 2673 Chri-

1922 2706 2008 2767 sti,
2050 2712 2110 2759 ut
2142 2715 2323 2761 contra
2350 2720 2558 2760 omnem
2590 2705 2836 2774 iniuriam
2876 2706 3038 2778 476
3076 2722 3343 2761 armemus
3371 2722 3467 2761 nos

1923 2794 2088 2849 armis
2106 2795 2359 2849 orationis
2388 2803 2441 2849 et
2467 2795 2755 2864 patientiae,
2784 2797 2922 2850 sicut
2945 2796 3057 2864 ipse
3083 2795 3228 2859 fecit,
3254 2796 3464 2851 dicens:

1926 2888 2101 2953 Pater,
2139 2891 2341 2958 ignesce
2375 2891 2479 2944 illis
2501 2891 2665 2959 (Luc.
2710 2908 2859 2955 χχιιι,
2888 2892 2997 2962 54).
3024 2891 3276 2960 Sequitur
3304 2892 3469 2945 mani-

1924 2978 2057 3032 festa
2114 2978 2389 3043 deﬁnitio,
2433 2995 2530 3032 cur
2580 2980 2808 3047 primum
2868 2980 3257 3048 responsorium
3304 2996 3465 3044 unum

1924 3068 2116 3121 habeat
2166 3083 2375 3123 versum
2429 3085 2440 3120 :
2498 3068 2816 3131 secundum,
2874 3069 3104 3138 quinque
3155 3079 3199 3120 ε.
3260 3067 3469 3122 Primus

1924 3158 2083 3225 homo
2105 3157 2273 3210 Adam
2310 3158 2441 3212 duas
2470 3166 2665 3212 mortes
2709 3174 2897 3228 passus
2942 3167 3042 3212 est.
3089 3157 3144 3211 lu
3182 3158 3351 3228 prima
3399 3158 3471 3211 le-

1911 3247 2099 3301 'ctione
2123 3256 2176 3301 et
2202 3248 2373 3316 primo
2397 3248 2727 3315 responsorio
2750 3263 2892 3303 mors
2916 3249 3123 3312 animae,
3156 3248 3207 3301 in
3239 3248 3465 3302 secunda

1926 3344 1979 3389 et
2009 3338 2257 3399 secundo,
2286 3352 2429 3391 mors
2449 3337 2686 3403 corporis
2709 3336 2909 3404 signata
2951 3346 3050 3390 est.
3079 3336 3216 3410 Caro
3244 3351 3469 3403 namque

1928 3424 2236 3486 Salvatoris,
2278 3438 2375 3491 pro
2427 3424 2595 3477 salute
2637 3424 2906 3493 corporis;
2953 3424 3164 3491 sanguis
3203 3437 3470 3492 veropro

1926 3518 2101 3585 anima
2129 3523 2309 3568 nostra
2333 3514 2530 3570 effusus
2556 3525 2655 3576 est,
2691 3524 2744 3570 et
2766 3516 2890 3584 quia
2919 3515 3090 3571 omnis
3118 3517 3470 3571 homouuam
3548 3516 3553 3521 ’

1928 3605 2087 3659 habet
2129 3604 2382 3671 animam,
2415 3605 2609 3660 idcirco
2635 3605 2869 3674 primum.
2892 3590 3285 3673 responsorium
3334 3621 3472 3659 unus

1929 3694 2166 3763 sequitur
2203 3709 2408 3749 versus.
2456 3694 2869 3764 Responsorium
2908 3696 3197 3751 secundum
3239 3695 3475 3764 quinque

1929 3801 2115 3841 versus
2138 3787 2360 3851 habens,
2392 3787 2625 3856 quinque
2650 3787 2887 3855 corporis
2920 3802 3107 3842 sensus
3132 3784 3388 3855 signiﬁcat
3417 3785 3469 3839 in

1931 3877 2097 3930 Adam
2117 3885 2371 3942 mortuos,
2386 3892 2518 3947 quos
2537 3876 2778 3933 Christus
2793 3878 3063 3933 moriendo
3083 3886 3135 3930 et
3154 3876 3472 3945 resurgendo

1931 3964 2295 4029 revivitlcavit,
2333 3972 2388 4017 et
2421 3967 2643 4033 pristino
2672 3965 2900 4019 reddidit
2928 3965 3107 4019 statui.
3148 3964 3332 4019 Passio
3356 3979 3473 4033 qua:

1929 4051 2146 4121 legitur,
2173 4052 2404 4105 ostendit
2427 4049 2725 4106 Judmorum
2749 4052 3023 4107 consilium
3048 4052 3389 4122 prmvaluisse
3407 4053 3472 4106 ad

1934 4150 2160 4209 tempus,
2191 4148 2244 4194 et
2270 4140 2324 4193 in
2350 4140 2751 4195 mansuetudine
2787 4139 3055 4196 Christum
3084 4140 3469 4211 perseverasse.

278 4215 521 4320 νίιῖιξέῐηο
564 4212 647 4320 ξεί
677 4214 995 4320 εφηοξίυωι
1025 4214 1226 4320 ficii“?
1272 4215 1661 4320 νεῦροηείξςίυω
1691 4217 1830 4320 η·
1855 4258 1909 4320 θ
1931 4230 2081 4296 Quod
2105 4236 2281 4283 autem
2310 4229 2423 4294 sine
2448 4229 2761 4285 salutatione
2788 4231 3177 4301 pronuntiatur,
3204 4231 3342 4301 quod
3362 4224 3474 4287 (Do-

277 4302 534 4371 grediente
562 4301 802 4354 Domino.
832 4301 961 4355 Item
984 4319 997 4355 :
1023 4302 1343 4373 Collegerunt
1372 4306 1654 4375 pontiﬁces.
1688 4305 1830 4367 Unus

280 4385 471 4441 autem.
500 4388 594 4440 llis
621 4388 803 4452 ﬁnitis,
834 4400 958 4443 ante
983 4394 1174 4446 atrium
1201 4394 1435 4450 ecclesia:
1474 4397 1591 4453 loco
1615 4414 1829 4468 compc-

283 4476 413 4530 tenti
450 4476 689 4529 subsistit
714 4476 893 4530 schola
926 4494 1050 4534 cum
1091 4481 1280 4550 baiulis
1304 4494 1358 4539 et
1390 4485 1593 4553 reliquo
1622 4497 1831 4552 ornatu,

281 4575 336 4620 et
362 4566 536 4620 clerus
580 4581 671 4620 seu
712 4566 953 4637 populus,
981 4578 1285 4636 exspectant
1324 4573 1376 4633 in
1423 4575 1540 4628 loco
1570 4578 1713 4643 atrii,
1757 4579 1857 4653 in»~

282 4658 452 4710 choan
462 4665 537 4709 tes
557 4658 897 4726 antiphonam
923 4677 934 4711 :
955 4658 1319 4723 Occurrerunt.
1337 4662 1638 4731 Respondet
1655 4668 1833 4722 schola

285 4763 403 4801 cum
435 4748 634 4815 angelis
654 4758 707 4802 et
725 4750 921 4818 pueris.
953 4749 1061 4804 Hac
1089 4750 1258 4813 ﬁnita,
1293 4752 1606 4811 inchoantur
1644 4771 1671 4807 a
1700 4757 1833 4808 duo;

288 4840 386 4905 bus
418 4838 725 4891 cantoribus
767 4842 979 4906 quidam
1028 4857 1212 4896 versus
1249 4856 1263 4895 :
1307 4840 1471 4897 Israel
1524 4859 1577 4897 es
1625 4853 1681 4896 tu
1724 4863 1831 4899 rex.

285 4926 585 4992 Respondet
608 4927 801 4981 chorus
824 4930 1087 4997 aspiciens
1110 4946 1202 4984 seu
1220 4931 1477 4992 inclinans
1496 4947 1557 4987 se
1572 4933 1637 4989 ad
1654 4949 1837 5003 supra-

286 5014 541 5081 scriptum
560 5023 800 5067 sanctum
830 5016 1168 5085 Evangelium
1200 5038 1212 5072 :
1243 5019 1444 5085 Gloria,
1464 5022 1576 5075 laus
1602 5032 1649 5075 et
1673 5024 1838 5077 honor

290 5102 378 5153 tibi
412 5103 475 5153 sit
502 5114 545 5152 α.
588 5103 665 5156 Eo
706 5105 891 5157 ordine
918 5117 1209 5173 sequuntdr
1248 5110 1335 5167 alii
1372 5127 1572 5167 versus.
1602 5112 1695 5167 His
1724 5113 1839 5173 [ini-
1880 5110 1885 5117 ’

358 5224 381 5285 ff
412 5209 637 5285 Carmen
669 5214 1026 5285 hocceAhahes
1058 5215 1197 5268 inter
1224 5216 1392 5285 Opera
1421 5220 1689 5275 Theodulli
1736 5224 1840 5279 Au-

290 5281 599 5356 relianensis
632 5290 756 5356 tom:
809 5282 851 5334 ll
894 5282 1179 5356 Sim-undi,
1218 5281 1334 5356 pag.
1380 5289 1497 5340 775.
1532 5291 1656 5343 Vide
1678 5295 1839 5354 etiam
1888 5330 1893 5335 -

293 5348 527 5426 Eartene
563 5348 661 5426 loc.
705 5351 823 5426 cit.,
876 5366 990 5426 cap.
1024 5352 1108 5426 id,
1156 5348 1314 5426 Illi-tl;
1344 5356 1440 5426 15,;
1472 5372 1593 5426 pag.
1645 5360 1762 5424 195,
1790 5348 1844 5415 (κί

296 5418 563 5487 Hugoncm
586 5417 891 5472 Menardum
922 5420 972 5472 iu
1005 5423 1139 5472 nolis
1164 5424 1214 5474 in
1244 5424 1384 5477 Libr.
1421 5417 1760 5483 sacramenti
1784 5434 1837 5485 Β.

1938 4318 2129 4371 ininica
2162 4331 2266 4369 non
2290 4317 2461 4385 agitur
2498 4316 2606 4381 die,
2643 4317 2903 4387 signiﬁcat
2927 4315 3224 4373 Iudaeorum
3253 4333 3471 4389 pravum

1935 4414 2248 4460 conventum
2283 4414 2463 4462 contra
2491 4404 2758 4460 Christum
2788 4407 3139 4476 conspirasse,
3167 4417 3221 4464 et
3248 4408 3475 4477 discipu-

1936 4495 2106 4548 lorum
2150 4493 2437 4557 silentium,
2466 4486 2681 4562 propter
2726 4491 2995 4551 tristitiam
3027 4497 3285 4566 passionis
3314 4496 3471 4559 illius,

1936 4600 2053 4652 qua:
2080 4582 2211 4639 feria
2252 4592 2399 4637 sexta
2429 4600 2597 4654 usque
2639 4596 2849 4640 servata
2872 4595 2972 4650 est,
3014 4599 3119 4653 qua
3152 4585 3238 4640 die
3272 4586 3475 4653 primus

1940 4668 2097 4727 homo
2130 4673 2372 4728 conditus
2391 4682 2473 4728 est
2492 4681 2544 4727 et
2570 4674 2887 4743 redemptus.
2916 4670 3149 4729 Per'tres
3177 4676 3475 4739 continuos,

1937 4762 2027 4829 qui
2060 4770 2353 4831 sequuntur
2384 4762 2516 4825 dies,
2546 4762 2599 4814 id
2627 4771 2727 4824 est,
2758 4762 2961 4828 quinta,
2991 4771 3139 4817 sexta
3172 4771 3226 4818 et
3254 4764 3472 4832 septima

1939 4851 2095 4915 feria,
2145 4851 2439 4905 triduanam
2493 4848 2813 4926 sepulturam
2872 4848 3080 4906 Domini
3128 4851 3470 4922 celebramus.

1937 4940 2013 4994 Ac
2035 4955 2132 5009 per
2173 4939 2295 5002 hoc,
2324 4944 2382 4990 ut
2415 4936 2846 5005 compaginemur
2874 4938 3155 4993 humilitati
3195 4938 3476 5006 sepultum

1937 5029 2070 5097 ejus,
2099 5026 2391 5080 omittimus
2413 5024 2619 5079 excelsa
2642 5033 2844 5091 nostra,
2888 5027 2939 5081 id
2966 5036 3069 5091 est,
3095 5022 3269 5079 Gloria
3302 5024 3474 5091 Patri,

1940 5126 2324 5183 ethcampanas.
2346 5114 2399 5170 id
2422 5123 2522 5178 est,
2551 5114 2717 5184 signa.

1926 5220 2102 5296 ’G'reg.
2133 5226 2226 5287 Μ..
2253 5233 2365 5279 not.
2400 5225 2522 5296 254.

2019 5268 2341 5347 δθοηιιῖοηεδ
2374 5293 2641 5349 solemnes.
2688 5294 2805 5346 Vid.
2839 5293 2929 5347 lib.
2976 5292 3209 5345 Sacram.
3247 5293 3335 5345 cit.
3390 5309 3478 5347 ea-

1950 5369 2065 5419 dem
2092 5364 2210 5425 t'er.,
2230 5370 2266 5415 t.
2286 5362 2346 5415 lll
2371 5361 2468 5483 Op.
2494 5362 2549 5415 S.
2568 5364 2723 5430 Grcg.
2750 5362 2838 5423 M.,
2866 5371 2918 5415 et
2944 5360 3201 5430 notJlug.
3221 5360 3476 5421 Menardi.

2020 5446 2037 5472 ε
2065 5433 2379 5483 Amalarius.
2432 5472 2443 5482 .
2472 5432 2582 5483 cit..
2612 5447 2724 5483 can.
2760 5433 2841 5481 ll.

2020 5446 2037 5472 τ
2065 5433 2379 5496 :lmalarius,
2412 5433 2443 5483 Ι.
2472 5433 2582 5496 cit.,
2612 5447 2724 5498 cap.
2760 5433 2841 5481 ll.
