4232 6220
726 238 744 288 1
761 236 864 289 203

1216 343 1407 403 CAPP.
1454 342 1589 403 XVI,
1629 339 1787 392 XVII.

1118 449 1181 486 DE
1216 445 1370 485 FERIA
1410 446 1441 483 Υ
1477 444 1647 482 C(ENJE
1685 441 1885 480 DOMINI.
1959 457 1968 465 κ

790 528 845 579 ιιι
871 528 973 580 hac
1013 537 1167 591 sacra
1210 520 1498 575 festivitate
1527 516 1736 571 diversa
1764 525 1911 583 gesta
1936 523 2075 575 sunt,
2105 522 2157 565 et
2196 526 2286 580 ge-

722 625 927 669 runtur.
966 612 1300 682 Snrgcndum
1328 618 1410 663 est
1431 609 1572 661 enim
1601 607 1668 659 ad
1696 606 1926 673 vigilias,
1958 604 2086 655 hora
2114 602 2285 655 noctis

718 714 924 765 octava,
956 711 1009 756 et
1046 711 1170 754 tunc
1212 699 1355 752 omni
1392 698 1591 751 lumine
1620 697 1901 751 decoratur
1927 692 2171 747 ecclesia.
2204 690 2285 743 Ab

720 796 819 847 hac
843 800 997 844 nocte
1026 804 1194 858 usque
1223 789 1273 840 in
1299 786 1586 840 Sabbatum
1618 790 1883 844 sanctum,
1912 794 2017 833 non
2049 780 2279 832 dicitur:

717 885 876 951 Deus,
908 884 961 935 in
990 882 1330 949 adjutorium,
1355 892 1503 931 more
1534 875 1707 935 solito,
1737 886 1909 940 neque
1924 868 2104 922 Gloria
2136 868 2283 921 Patri

718 977 768 1027 in
796 973 1030 1043 psalmis,
1062 986 1233 1037 neque
1262 970 1313 1022 in
1361 964 1729 1034 responsoriis,
1772 961 1864 1015 sed
1888 974 2059 1027 neque
2090 958 2142 1011 in
2177 957 2284 1010 ullo

716 1063 851 1115 loco.
876 1059 1073 1114 Cantor
1097 1073 1222 1111 vero
1254 1072 1373 1110 mox
1408 1056 1623 1108 inchoat
1645 1052 1849 1119 antiph.
1876 1051 2017 1103 sicut
2044 1049 2095 1101 in
2125 1046 2282 1099 Anti—

714 1154 974 1221 phonario
1002 1150 1325 1204 continetur.
1363 1147 1555 1200 Lector
1598 1159 1722 1197 vero
1769 1159 1873 1195 non
1920 1148 2068 1210 petat
2122 1140 2282 1191 bene-

715 1243 1025 1302 dictionem,
1075 1255 1244 1307 neqne
1279 1254 1307 1289 a
1352 1235 1631 1289 sacerdote
1672 1233 2000 1301 compleatur
2046 1248 2058 1280 :
2097 1229 2188 1281 sed
2215 1243 2281 1279 ex

716 1331 892 1385 verbis
912 1330 1157 1383 lectionis
1180 1326 1399 1394 jubetur
1445 1326 1603 1378 tinem
1635 1324 1829 1383 facere,
1884 1306 1974 1374 aut
2018 1329 2165 1373 certe
2190 1334 2281 1371 ex-

716 1419 1163 1472 terminationcm.
1192 1416 1472 1468 Lectiones
1496 1414 1681 1481 primm
1702 1412 1767 1464 de
1788 1408 2281 1463 Lamentationibus

710 1511 977 1573 Jeretnim,
999 1507 1242 1562 secunda:
1264 1506 1330 1558 de
1353 1511 1583 1557 tractatu
1608 1502 1792 1570 psalmi
1819 1520 1830 1552 :
1858 1499 2091 1561 Exaudi,
2118 1497 2278 1559 Deus,

713 1600 996 1652 orationem
1022 1613 1189 1650 meam
1218 1611 1333 1647 cum
1363 1594 1627 1661 deprecor.
1667 1591 1861 1645 Tertia:
1902 1589 1967 1642 de
1994 1586 2237 1655 apostolo
2263 1603 2276 1636 :

1536 233 1590 283 Β.
1630 231 1690 283 ι’.
1733 226 1954 284 ALBINI
1998 227 2127 281 SEU
2168 223 2444 280 ALCUINI
2484 223 2768 279 OPERUM
2804 222 2987 302 PARS
3024 224 3115 280 IX.
3163 250 3169 256 ·

3878 26 3921 41 ν’..

3820 228 3956 285 £208

2322 342 2363 394 Α
2392 349 2550 402 quam
2583 332 2828 401 injuriam
2857 350 3046 403 passus
3077 344 3160 391 est
3186 335 3433 391 Christus
3466 352 3496 391 a
3533 350 3631 391 suo
3674 336 3955 408 discipulo,

2384 433 2439 478 et
2494 440 2591 479 nos
2640 424 2870 478 vitemus
2919 426 3106 479 eadem
3146 426 3354 480 ratione
3406 426 3656 496 injuriam
3700 426 3955 484 fratribus

2386 515 2580 569 facere.
2613 513 2777 586 Signo
2800 516 2943 569 enim
2978 514 3162 570 doloso
3205 518 3435 571 traditus
3458 526 3541 571 est
3571 517 3845 573 Dominus.
3873 519 3954 574 ln-

2386 608 2691 661 vitatorium
2725 623 2828 662 non
2864 617 3131 673 cantatur,
3154 618 3214 662 ut
3238 610 3471 663 sciamus
3498 609 3696 662 malum
3728 626 3951 666 conven-

2385 708 2497 753 tum
2516 699 2709 763 vitare,
2742 699 2917 767 qualis
2950 697 3053 753 fuit
3078 698 3219 767 apud
3244 697 3457 753 Iudaeos
3484 700 3551 753 de
3573 715 3705 753 nece
3735 699 3946 757 Christi.

2453 781 2798 842 Sacerdotale
2840 787 3071 842 cilicium
3100 788 3210 841 Deo
3252 788 3337 842 his
3381 778 3570 843 diebus
3612 805 3717 847 non
3760 792 3947 860 agitur,

2382 880 2504 946 quia
2527 868 2809 947 percussus
2829 887 2909 933 est
2932 887 3133 947 pastor,
3160 880 3250 946 qui
3279 886 3362 933 est
3382 878 3648 944 Christus,
3677 889 3732 934 et
3760 883 3950 935 arietes

2381 971 2557 1040 gregis
2587 971 2828 1038 dissipati
2859 978 3003 1027 sunt.
3047 969 3155 1024 lsto
3184 971 3272 1024 die
3304 972 3627 1038 pmnitentes
3656 972 3723 1024 ad
3762 973 3947 1025 remis-

2381 1061 2583 1113 sionem
2612 1059 3223 1127 peccatorumu'edeunt,
3239 1058 3393 1125 juxta
3419 1061 3635 1115 decreta
3660 1059 3946 1114 lnnocentii

2382 1166 2547 1218 papm,
2598 1152 2687 1218 qui
2740 1152 2911 1204 dicit.
2949 1160 3022 1204 ue
3063 1149 3441 1219 paenitentibus
3471 1158 3649 1203 autem
3694 1151 3808 1217 qui,
3838 1150 3949 1203 sive

2380 1254 2441 1291 ex
2474 1238 2809 1306 gravioribus
2842 1239 3165 1302 commissis,
3206 1239 3319 1292 sive
3340 1254 3410 1292 ex
3447 1238 3739 1293 levioribus
3777 1238 3948 1307 parui-

2383 1328 2598 1379 tentiam
2629 1334 2838 1396 gerunt,
2867 1326 2912 1381 si
2942 1325 3084 1378 nulla
3129 1326 3451 1379 interveniat
3489 1328 3769 1394 aegritudo,
3818 1325 3948 1381 feria

2380 1415 2561 1481 quinta
2595 1424 2719 1481 ante
2750 1415 2951 1467 Pascha
2978 1413 3055 1467 eis
3097 1413 3473 1476 remittendum
3497 1413 3751 1469 Romana:
3773 1414 3950 1468 Eccle-

2381 1502 2473 1553 siae
2510 1502 2836 1555 consuetudo
2867 1503 3217 1565 demonstrat.
3250 1500 3380 1556 Post
3406 1504 3521 1556 haec
3540 1504 3816 1572 egreditur
3839 1518 3952 1572 pae-

2382 1591 2556 1644 nitens
2601 1606 2757 1645 mane
2804 1592 2871 1646 de
2899 1591 3016 1646 loco
3049 1591 3137 1646 ubi
3180 1592 3551 1661 pmnitentiam
3593 1594 3779 1663 gessit,
3818 1593 3951 1646 etin

712 1686 1138 1742 tiom-enientibus
1180 1684 1317 1739 vobis
1365 1686 1419 1735 in
1469 1698 1649 1735 unum.
1699 1680 1756 1733 ln
1806 1679 2103 1731 Parasceve
2149 1688 2277 1728 vero
2313 1664 2350 1718 θ
2381 1680 2587 1746 gremio
2608 1678 2857 1733 Ecclesiae
2877 1687 3253 1748 praesentatur,
3275 1680 3707 1748 prostratoomni
3730 1694 3951 1749 corpore

711 1781 838 1833 etin
864 1779 1096 1833 Sahbato
1120 1784 1306 1831 sancto
1328 1773 1394 1828 de
1420 1772 1741 1843 supradictis
1762 1764 2274 1830 Lamentationibus,

711 1882 763 1926 et
790 1878 1019 1925 tractatu
1052 1866 1333 1938 Augustini
1360 1866 1416 1919 in
1438 1864 1625 1919 eodem
1649 1861 1875 1931 psalmo,
1907 1856 2194 1912 novissime
2213 1856 2277 1908 de

710 1957 932 2027 epistola
961 1956 1107 2010 Pauli
1140 1973 1153 2009 :
1190 1954 1515 2007 Festinemus
1551 1951 1753 2021 ingredi
1799 1950 1855 2001 in
1902 1947 2048 1999 illam
2086 1956 2133 1997 ι.
2176 1944 2277 1997 Per

712 2047 809 2099 has
830 2060 1021 2099 novem
1050 2044 1305 2097 lectiones
1330 2056 1427 2095 seu
1456 2039 1690 2109 psalmos
1716 2053 1779 2091 ac
1807 2034 2164 2105 reSponsoria,
2185 2034 2275 2100 qui

711 2135 1020 2189 recoluntur
1049 2134 1101 2186 in
1132 2131 1215 2186 his
1251 2130 1422 2185 tribus
1460 2128 1726 2191 noctibus,
1770 2126 2088 2187 insinuatur,
2136 2122 2276 2189 quod

712 2226 968 2279 Dominus
994 2222 1319 2278 descendens
1358 2220 1423 2273 ad
1460 2216 1749 2281 infernum,
1794 2216 1917 2269 inde
1962 2214 2065 2266 tria
2107 2211 2278 2265 homi-

710 2330 836 2369 num
862 2328 1056 2383 genera
1086 2312 1261 2380 rapuit
1284 2319 1340 2363 et
1376 2308 1673 2362 transvexit
1702 2307 1769 2359 ad
1796 2304 1979 2365 caelos,
2014 2302 2078 2355 ad
2108 2301 2276 2355 socie-

710 2409 873 2455 tatem
914 2401 1159 2475 videlicet
1206 2413 1395 2454 novem
1438 2396 1685 2451 ordinum
1733 2394 2062 2463 angelorum,
2119 2390 2275 2445 sicuti

706 2502 787 2549 est
816 2509 830 2547 :
863 2492 980 2546 Duo
1014 2491 1065 2544 in
1103 2490 1253 2553 lecto,
1289 2489 1409 2541 dum
1444 2485 1710 2547 molentes,
1747 2484 1850 2535 duo
1890 2483 1944 2534 in
1975 2496 2100 2549 agro
2123 2477 2271 2549 (Luc.

707 2600 837 2649 xvu,
886 2582 997 2652 54).
1042 2578 1420 2635 Accenduntur
1464 2575 1610 2631 enim
1649 2575 1701 2627 in
1752 2574 1851 2625 hac
1899 2577 2053 2622 nocte
2079 2567 2275 2619 lumina

708 2671 893 2739 viginti
924 2678 1172 2740 quatuor,
1202 2676 1258 2721 et
1279 2666 1691 2734 exstinguuntur
1710 2676 1806 2730 per
1832 2656 2067 2724 singulas
2096 2653 2275 2707 lectio-

708 2776 803 2815 nes
829 2768 885 2814 et
912 2758 1267 2828 responsoria.
1302 2755 1429 2821 Quae
1469 2755 1603 2807 fiunt
1631 2749 1964 2819 septuaginta
2001 2747 2116 2801 duae
2158 2744 2274 2797 illu-

707 2848 1031 2903 minationes
1071 2854 1122 2901 et
1169 2845 1551 2900 exstinctiones
1596 2859 1607 2893 :
1658 2847 1739 2894 tot
1765 2839 1907 2893 enim
1942 2836 2089 2889 horis
2109 2834 2279 2901 jacuit

710 2943 965 2997 Dominus
991 2942 1043 2995 in
1069 2939 1332 3008 sepulcro.
1366 2937 1564 2993 Lumen
1601 2943 1656 2989 et
1699 2941 1908 2996 cantus,
1940 2930 2191 3002 gaudium
2221 2940 2277 2982 et

707 3033 943 3088 lmtitiam
986 3030 1252 3102 signiﬁcat
1297 3048 1309 3082 :

708 3124 1041 3192 septuaginta
1087 3121 1313 3175 duorum
1353 3116 1753 3186 discipulorum,
1801 3114 1913 3167 sive
1959 3111 2271 3167 nuestitiam

710 3211 1091 3280 apostolorum,
1115 3223 1273 3277 quam
1296 3206 1629 3276 pertulerunt
1654 3218 1747 3272 per
1777 3201 2111 3270 septuaginta
2140 3198 2275 3251 duas

710 3306 891 3366 horas,
919 3314 1037 3370 quze
1063 3306 1390 3354 consecrata:
1427 3303 1550 3351 sunt
1587 3293 1785 3349 Christi
1830 3291 2131 3361 sepulturae.
2166 3290 2275 3342 lloc

707 3395 851 3449 enim
890 3393 1078 3447 ordine
1131 3407 1227 3461 per
1265 3388 1501 3460 singulas
1541 3395 1725 3440 noctes
1763 3383 2189 3451 exstinguuntur.
2219 3380 2275 3433 ln

708 3487 861 3541 initio
909 3484 1069 3555 primi
1115 3482 1323 3552 psalmi,
1372 3489 1455 3534 est
1490 3486 1670 3534 custos
1710 3484 1928 3545 paratus
1957 3489 2078 3527 eum
2106 3487 2276 3526 canna

710 3576 763 3627 in
796 3574 913 3627 loco
938 3575 1172 3628 dextera:
1195 3570 1363 3641 partis
1403 3568 1662 3631 ecclesiae,
1704 3575 1758 3620 et
1789 3581 1910 3619 mox
1956 3571 2014 3615 ut
2052 3562 2277 3631 primam

710 3663 1058 3731 antiphonam
1096 3661 1343 3723 audierit,
1391 3658 1683 3727 exstinguit
1722 3656 1950 3725 primam
1983 3654 2275 3706 lucernam.

712 3751 768 3807 in
795 3750 898 3804 fine
923 3762 1050 3802 vero
1079 3749 1353 3819 sequentis
1392 3746 1579 3813 psalmi
1607 3759 1673 3797 ex
1700 3751 1853 3810 parte
1878 3742 2117 3802 sinistra,
2146 3747 2283 3792 tutat

666 3908 682 3919 Ι
713 3844 895 3906 aliam,
926 3842 981 3895 in
1020 3841 1197 3894 medio
1230 3839 1460 3892 tertiam.
1508 3834 1619 3889 Hoc
1658 3833 1845 3888 ordine
1885 3833 1950 3886 de
1995 3830 2113 3883 aliis
2160 3844 2283 3899 pro-

713 3934 971 4003 sequitur.
1005 3930 1099 3985 His
1122 3930 1370 3984 omnibus
1391 3924 1691 3987 exstinctis,
1723 3922 1883 3977 simili
1907 3922 2063 3975 modo
2092 3922 2145 3973 in
2170 3936 2282 3973 ma-

716 4024 900 4077 tutinis
929 4036 1023 4090 per
1055 4019 1291 4089 singulas
1322 4016 1639 4085 antiphonas
1670 4012 2099 4081 exstinguuntur.
2132 4009 2284 4083 Dicto

714 4112 877 4165 etiam
903 4127 1062 4165 versu
1088 4120 1212 4164 ante
1242 4108 1609 4178 Evangelium,
1649 4104 1979 4159 subtrahitur
2011 4101 2205 4163 media,
2230 4109 2287 4153 et

716 4209 1021 4254 reservatur
1048 4216 1216 4267 usque
1244 4200 1295 4253 in
1328 4198 1617 4253 Sabbatum
1656 4201 1919 4248 sanctum.
1971 4192 2066 4245 His
2101 4191 2282 4254 ﬁnitis,

717 4290 918 4343 vadunt
964 4304 1059 4356 per
1104 4289 1364 4348 oratoria,
1420 4284 1654 4353 psalmos
1707 4281 1946 4334 canendo
1983 4291 2105 4332 cum
2148 4282 2287 4332 anti-

715 4384 894 4452 phona
922 4394 935 4431 :
966 4379 1229 4432 omittitur
1255 4376 1419 4429 etiam
1441 4371 1620 4425 Gloria
1650 4370 1813 4433 Patri,
1844 4377 1976 4431 etc.,
1999 4370 2086 4421 ubi
2118 4368 2283 4437 gloria

717 4472 975 4526 rccolitur
1005 4476 1201 4522 sancta:
1240 4463 1540 4518 Trinitatis.
1588 4459 1721 4526 Quia
1772 4474 1875 4513 una
1926 4467 2010 4512 est
2058 4472 2284 4527 persona

695 4564 836 4617 'i‘ilii
872 4562 961 4615 Dei
990 4568 1043 4612 et
1067 4558 1157 4612 lilii
1188 4554 1438 4617 hominis,
1469 4550 1691 4620 quipati
1718 4555 1955 4609 venerat,
1984 4546 2288 4600 conformat

720 4672 777 4707 se
806 4663 991 4708 sancta
1013 4650 1245 4706 Ecclesia
1273 4645 1431 4716 capiti
1457 4657 1572 4706 suo,
1600 4650 1652 4695 et
1680 4641 1744 4694 de
1770 4636 2152 4709 gloriﬁcatione
2172 4636 2286 4705 ejus

722 4745 931 4809 reticet,
953 4744 1249 4812 usquedum
1274 4738 1539 4794 exaltetur
1564 4747 1659 4802 per
1677 4730 2005 4797 triumphum
2026 4727 2283 4780 victorim.

722 4833 859 4899 Quia
901 4833 1032 4885 ordo
1077 4833 1489 4900 praedicatorum
1535 4832 1770 4891 tempore
1808 4817 2071 4888 passionis
2120 4815 2288 4877 siluit,

723 4923 981 4976 retieetur
1017 4933 1176 4972 sonus
1226 4920 1495 4987 signorum
1530 4921 1688 4982 atque
1725 4921 2129 4978 campanarum.
2184 4903 2289 4957 Pro

726 5011 827 5066 hoc
846 5008 987 5062 enim
1018 5003 1266 5060 humilior
1286 5017 1446 5056 sonus
1475 5002 1737 5070 lignorum
1767 4997 1831 5050 ad
1860 4992 2289 5065 congregandum

725 5098 979 5171 populum
1007 5093 1315 5149 assumitur.
1347 5092 1391 5144 Α
1420 5092 1565 5158 pacis
1605 5087 1787 5142 osculo
1832 5087 1947 5140 sine
1974 5083 2292 5139 salutatione

727 5190 1044 5251 abstinetur,
1074 5201 1179 5240 non
1220 5182 1362 5253 quod
1409 5181 1604 5232 malum
1644 5179 1731 5242 sit,
1781 5177 1873 5231 ubi
1916 5191 1984 5231 ex
2029 5175 2293 5229 charitate

729 5280 1024 5350 profertur;
1052 5276 1143 5331 sed
1173 5274 1240 5329 ad
1266 5270 1535 5325 vitandam
1568 5266 1936 5320 salutationem
1958 5264 2291 5334 pestiferam,

732 5370 941 5441 qualem
985 5368 1152 5422 ludas
1200 5364 1441 5435 proditor
1484 5357 1742 5418 exercuit,
1792 5363 1850 5408 ut
1898 5356 2295 5409 demonstretur

804 5495 827 5521 ι
860 5482 975 5537 Vid.
1000 5478 1323 5535 Amalarium
1350 5477 1472 5529 libr.
1501 5490 1517 5527 ι
1550 5472 1615 5528 de
1644 5467 1787 5524 Eccl.
1816 5467 2029 5532 Olliciis,
2065 5482 2179 5538 cap.
2204 5466 2289 5528 η,

732 5563 785 5607 et
810 5552 929 5606 libr.
966 5567 1038 5613 tv,
1068 5565 1185 5619 cap.
1215 5548 1277 5601 21
1312 5553 1367 5600 et
1392 5544 1480 5597 2‘2.
2275 5577 2279 5580 .

2379 1771 2430 1821 in
2465 1777 2607 1823 terra
2649 1786 2659 1821 :
2695 1778 2819 1823 tunc
2842 1769 3195 1824 decantantur
3226 1770 3281 1822 hi
3308 1769 3521 1838 psalmi,
3552 1767 3799 1822 Miserere
3829 1770 3954 1834 mei,

2379 1858 2537 1923 Deus,
2568 1874 2696 1913 cum
2728 1860 3043 1927 antiphona,
3092 1858 3197 1913 Cor
3236 1860 3521 1924 mundum;
3561 1859 3753 1914 deinde
3790 1859 3947 1928 Kyrie

2376 1950 2584 2012 cleison,
2615 1958 2668 2003 et
2708 1948 2869 2001 Pater
2907 1959 3102 2012 noster,
3132 1957 3187 2003 et
3217 1948 3458 2017 capitul.,
3484 1956 3539 2001 et
3576 1962 3799 2017 preces:
3830 1945 3954 2000 Seis

2376 2058 2493 2095 rum
2523 2042 2605 2109 (ac
2643 2056 2844 2094 servum
2872 2049 3039 2103 tuum,
3071 2040 3310 2094 Domine.
3343 2036 3671 2102 Convertere,
3708 2036 3943 2089 Domine.

2378 2130 2553 2181 Mittat
2582 2130 2673 2181 tibi
2715 2128 2988 2181 Dominus.
3019 2126 3237 2180 Illustra
3271 2126 3458 2194 faciem
3492 2133 3656 2177 tuam.
3706 2122 3955 2187 Domine,

2375 2218 2489 2270 ride
2513 2217 2875 2270 humilitatem.
2909 2215 3116 2269 Exaudi
3152 2230 3255 2277 me,
3298 2212 3540 2275 Domine,
3579 2213 3823 2280 quoniam
3867 2210 3955 2262 bes

2376 2309 2531 2376 nigna
2570 2315 2643 2359 est
2690 2302 3043 2358 misericordia
3095 2312 3204 2355 tua.
3255 2299 3409 2355 Orat.
3445 2300 3656 2362 Adesto,
3703 2298 3943 2361 Domine,

2376 2394 2839 2463 supplicationibus
2871 2391 3079 2458 nostris,
3108 2401 3155 2444 et
3182 2407 3294 2459 me,
3325 2392 3413 2461 qui
3458 2390 3613 2442 etiam
3659 2389 3951 2441 misericor-

2376 2488 2463 2539 dia
2499 2496 2589 2539 tua
2610 2486 2819 2555 primus
2850 2485 3077 2552 indigeo,
3116 2494 3170 2536 et
3207 2481 3361 2549 reliq.
3406 2479 3522 2532 Alia
3550 2480 3723 2533 oratio
3754 2498 3767 2532 :
3798 2478 3945 2532 Prte-

2376 2585 2475 2635 sta,
2533 2590 2851 2643 quwsumus,
2898 2571 3139 2634 Domine,
3185 2570 3306 2623 huic
3355 2567 3553 2639 {amulo
3599 2578 3688 2623 tuo
3738 2569 3951 2637 dignum

2375 2664 2683 2735 paenitentiae
2718 2664 2963 2732 fructum.
2993 2660 3109 2714 Alia
3147 2678 3160 2713 :
3208 2659 3349 2713 Deus
3390 2659 3607 2711 humani
3640 2659 3844 2726 generis
3868 2658 3960 2709 διο»

2378 2751 2676 2819 nignissime
2713 2749 2971 2813 conditor,
3007 2757 3056 2801 et
3091 2745 3571 2800 misericordissima
3617 2744 3946 2811 reformator.

2378 2839 2491 2892 Alia
2522 2853 2536 2890 :
2565 2837 2727 2899 Deus,
2769 2837 2864 2889 sub
2910 2836 3059 2903 cujus
3094 2833 3246 2887 oculo
3290 2849 3440 2885 omne
3474 2848 3562 2885 cor
3590 2832 3814 2902 trepidat
3839 2847 3951 2885 om-

2380 2941 2566 2992 nesque
2610 2924 2935 2977 conscientiae
2973 2923 3395 2985 contremiscunt,
3446 2928 3502 2974 et
3550 2921 3776 2989 reliqua.
3828 2920 3956 2975 Post

1357 3027 1644 3083 exstinctio
1690 3025 1968 3088 luminum,
2005 3019 2271 3075 defectum
2303 2987 2349 3049 θ
2380 3017 2481 3070 hoc
2503 3031 2631 3069 vero
2656 3015 3006 3069 admoneatur
3028 3028 3058 3066 a
3080 3012 3377 3077 sacerdote,
3402 3020 3461 3065 ut
3483 3011 3622 3080 quod
3650 2987 3955 3080 paenitendo

2372 3108 2547 3172 diluit,
2607 3108 2851 3161 iterando
2898 3122 3003 3161 non
3056 3112 3281 3174 repetat.
3335 3103 3515 3166 Missa,
3571 3102 3714 3156 unde
3768 3114 3949 3167 supra.

2373 3198 2675 3264 Antiphona
2724 3215 2737 3249 :
2790 3196 2901 3265 Ego
2945 3204 3113 3248 autem
3154 3196 3209 3247 in
3247 3193 3471 3245 Domino
3509 3190 3729 3261 speravi.
3770 3187 3955 3241 Omni-

2374 3296 2551 3354 potens
2598 3285 2901 3353 sempiterne
2940 3280 3099 3347 Deus,
3141 3282 3504 3349 conﬁtentibus
3558 3279 3677 3333 huic
3729 3277 3949 3347 famula.
3986 3302 3991 3305 τ

2377 3374 2610 3444 Epistola
2638 3393 2651 3425 :
2688 3373 2918 3437 Quaerite
2945 3372 3230 3426 Dominum
3260 3369 3421 3443 477
3461 3370 3586 3423 dum
3613 3369 3833 3427 inveniri
3860 3384 3963 3437 ρο..

2378 3476 2491 3519 test.
2545 3464 2709 3519 Grad.
2748 3483 2759 3517 :
2810 3463 2887 3518 De
2936 3463 3345 3517 necessitatibus.
3384 3461 3729 3531 Evangelium
3768 3478 3781 3514 :
3821 3458 3955 3514 Sub—

2378 3556 2557 3610 tevatis
2586 3556 2741 3610 Jesus
2779 3554 2943 3608 oculis
2979 3554 3035 3607 in
3072 3553 3273 3607 cretum.
3313 3550 3656 3607 Offertorium
3698 3568 3712 3603 :
3759 3549 3955 3603 Factus

2377 3656 2451 3699 est
2475 3646 2727 3699 Dominus
2756 3645 3069 3711 ﬁrmament.
3093 3642 3298 3697 Secret.
3323 3661 3339 3697 _:
3378 3640 3639 3694 Virtutum
3667 3639 3948 3693 caelestium

2379 3735 2541 3798 Deus,
2565 3733 2628 3785 de
2654 3734 2805 3801 cujus
2831 3733 3015 3800 gratia:
3044 3748 3159 3785 rore
3182 3731 3459 3784 descendit.
3489 3730 3621 3784 Coll.
3654 3748 3666 3783 :
3697 3727 3961 3781 Itlumina.

2381 3822 2568 3890 faciem
2592 3832 2753 3873 tuam.
2783 3820 2931 3874 Orat.
2976 3820 3042 3873 ad
3086 3820 3383 3888 complend.
3415 3836 3427 3871 :
3461 3816 3714 3883 Concede,
3749 3834 3954 3888 quamu-

2382 3929 2514 3975 mus,
2533 3902 2772 3975 Domine,
2792 3918 2845 3963 ut
2863 3920 3153 3980 perceptum
3171 3911 3287 3963 novi
3303 3910 3614 3963 sacramenti
3630 3910 3948 3979 mysterium.

2452 4001 2649 4055 Eodem
2676 4002 2760 4056 die
2790 4001 2981 4054 altaria
3008 4001 3185 4069 templi
3222 4010 3275 4055 et
3297 4001 3532 4069 parietes
3552 4000 3664 4054 sive
3686 3999 3953 4069 pavimen-

2347 4085 2353 4091 ’
2384 4103 2437 4149 ta
2469 4094 2709 4149 ecclesiae
2737 4094 3008 4159 lavantur,
3049 4102 3104 4146 et
3130 4108 3255 4146 vasa
3296 4092 3520 4144 Domino
3563 4098 3775 4143 sacrata
3804 4087 3951 4157 puri-

2385 4184 2634 4239 ficantur.
2666 4185 2692 4224 δ
2720 4184 2979 4249 Quamvis
3022 4183 3235 4236 ornatui
3259 4181 3428 4248 possit
3449 4192 3743 4248 congruere
3760 4175 3953 4228 lavatio

2386 4287 2595 4335 eorum,
2626 4281 2801 4324 tamen
2825 4285 2929 4324 non
2958 4270 3106 4323 deest
3139 4268 3337 4335 aliquid
3378 4266 3683 4335 mysticum.
3717 4262 3951 4315 Parietes

2393 4362 2581 4413 domus
2626 4357 2939 4410 vocabulum
2994 4354 3192 4408 habent
3223 4336 3484 4417 ecclesiae,
3515 4352 3641 4420 quia
3681 4351 3953 4406 continent

2391 4443 2825 4510 ecclesiam,_non
2851 4454 3027 4497 tamen
3054 4451 3176 4497 sunt
3206 4442 3303 4513 ipsi
3332 4442 3577 4496 ecclesia.
3612 4441 3690 4495 Ac
3709 4456 3807 4511 per
3851 4441 3954 4493 hoc

2393 4534 2515 4605 quia
2580 4534 2807 4588 ecclesia
2867 4534 3181 4587 convocatio
3236 4534 3651 4602 interpretatur,
3711 4530 3951 4582 homines

2394 4636 2518 4681 sunt
2540 4626 2783 4689 ecclesia,
2813 4641 2917 4679 non
2944 4626 3175 4694 parietes
3202 4624 3409 4679 domus.
3451 4623 3553 4688 Qui
3594 4631 3770 4673 tamen
3796 4634 3951 4689 prop-

2396 4728 2539 4770 terea
2571 4715 2972 4771 sanctiticantur
2994 4714 3062 4768 ab
3093 4714 3364 4782 episcopo,
3410 4718 3469 4763 ut
3504 4710 3558 4762 in
3592 4709 3672 4763 eis
3701 4709 3951 4762 invitetur

2397 4806 2656 4859 adventus
2678 4804 3009 4875 angelorum,
3034 4808 3087 4854 et
3109 4802 3353 4853 homines
3396 4797 3449 4850 in
3479 4811 3543 4851 ea
3580 4797 3839 4852 intrantes
3886 4798 3949 4851 ab

2394 4898 2540 4950 omni
2564 4896 2885 4966 turpiloquio
2915 4900 2968 4947 et
2996 4890 3347 4953 scurrilitate,
3371 4896 3424 4942 et
3451 4889 3575 4943 exili
3609 4889 3773 4944 etiam
3813 4890 3952 4959 cogi-

2397 4990 2616 5052 tatione,
2645 4987 2891 5041 noverint
2916 4997 2975 5036 se
3002 4980 3299 5045 continere,
3324 4991 3381 5033 ut
3400 4981 3775 5050 audiantquod
3805 4979 3948 5050 Moy-

2396 5096 2483 5135 ses
2506 5079 2737 5141 audivit,
2764 5073 2977 5142 quando
3000 5071 3165 5126 voluit
3199 5060 3379 5127 videre
3408 5073 3599 5127 rubum
3628 5073 3903 5127 ardentem
3935 5088 3946 5123 :

2398 5169 2547 5225 Solve
2572 5168 2977 5225 calceamentum
3008 5164 3071 5217 de
3108 5166 3321 5235 pedibus
3345 5168 3465 5219 tuis
3497 5166 3682 5220 :locus
3720 5167 3857 5219 enim
3899 5164 3952 5217 in

2393 5278 2493 5331 quo
2522 5270 2652 5324 stas,
2680 5268 2817 5311 terra
2838 5265 3017 5309 sancta
3044 5265 3117 5309 est
3145 5257 3340 5328 (Exod.
3375 5273 3457 5321 ιιι,
3490 5256 3565 5327 5).
3600 5254 3950 5311 Calceamen-

2396 5362 2447 5405 ta
2478 5366 2595 5421 quae
2626 5365 2693 5404 ex
2725 5349 2949 5403 mortuis
2975 5349 3295 5410 animalibus
3328 5349 3481 5414 fiunt,
3504 5347 3702 5402 veteris
3724 5345 3953 5401 hominis

2467 5467 2493 5503 ι)
2516 5462 2816 5520 Amalarius
2842 5461 2967 5517 ibid.

3996 80 4029 87 4.
