  <div class='ocr_page' id='page_1' title='image "/cluster/home/n/w/nwhite01/storage/ocr_20150623/101/uva.x000834944/608.png"; bbox 0 0 4232 6222; ppageno 0'>
   <div class='ocr_carea' id='block_1_1' title="bbox 433 185 567 240">
    <p class='ocr_par' dir='ltr' id='par_1_1' title="bbox 433 185 567 240">
     <span class='ocr_line' id='line_1_1' title="bbox 433 185 567 240; baseline 0.022 -3"><span class='ocrx_word' id='word_1_1' title='bbox 433 185 452 237; x_wconf 82' lang='grc'><strong>1</strong></span> <span class='ocrx_word' id='word_1_2' title='bbox 464 186 567 240; x_wconf 72' lang='lat'><strong>205</strong></span> 
     </span>
    </p>
   </div>
   <div class='ocr_carea' id='block_1_2' title="bbox 422 387 1969 458">
    <p class='ocr_par' dir='ltr' id='par_1_2' title="bbox 422 387 1969 458">
     <span class='ocr_line' id='line_1_2' title="bbox 422 387 1969 458; baseline 0.002 -16"><span class='ocrx_word' id='word_1_3' title='bbox 422 387 677 442; x_wconf 87' lang='lat' dir='ltr'><strong>Dominus</strong></span> <span class='ocrx_word' id='word_1_4' title='bbox 710 398 793 441; x_wconf 90' lang='lat' dir='ltr'><strong>est</strong></span> <span class='ocrx_word' id='word_1_5' title='bbox 816 399 870 442; x_wconf 89' lang='lat' dir='ltr'><strong>et</strong></span> <span class='ocrx_word' id='word_1_6' title='bbox 896 389 1065 458; x_wconf 77' lang='lat' dir='ltr'><strong>angeli</strong></span> <span class='ocrx_word' id='word_1_7' title='bbox 1092 389 1228 457; x_wconf 87' lang='lat' dir='ltr'><strong>ejus,</strong></span> <span class='ocrx_word' id='word_1_8' title='bbox 1258 405 1516 446; x_wconf 87' lang='lat' dir='ltr'><strong>exuamus</strong></span> <span class='ocrx_word' id='word_1_9' title='bbox 1549 408 1646 447; x_wconf 90' lang='lat' dir='ltr'><strong>nos</strong></span> <span class='ocrx_word' id='word_1_10' title='bbox 1667 392 1752 446; x_wconf 93' lang='lat' dir='ltr'><strong>his</strong></span> <span class='ocrx_word' id='word_1_11' title='bbox 1764 391 1969 456; x_wconf 84' lang='lat' dir='ltr'><strong>calcea—</strong></span> 
     </span>
    </p>
   </div>
   <div class='ocr_carea' id='block_1_3' title="bbox 420 476 1973 551">
    <p class='ocr_par' dir='ltr' id='par_1_3' title="bbox 420 476 1973 551">
     <span class='ocr_line' id='line_1_3' title="bbox 420 476 1973 551; baseline 0.003 -24"><span class='ocrx_word' id='word_1_12' title='bbox 420 476 634 539; x_wconf 84' lang='lat' dir='ltr'><strong>mentis,</strong></span> <span class='ocrx_word' id='word_1_13' title='bbox 664 482 717 529; x_wconf 89' lang='lat' dir='ltr'><strong>et</strong></span> <span class='ocrx_word' id='word_1_14' title='bbox 743 492 807 531; x_wconf 90' lang='lat' dir='ltr'><strong>ea</strong></span> <span class='ocrx_word' id='word_1_15' title='bbox 832 493 952 547; x_wconf 69' lang='lat' dir='ltr'><strong>qua:</strong></span> <span class='ocrx_word' id='word_1_16' title='bbox 990 488 1115 533; x_wconf 91' lang='lat' dir='ltr'><strong>sunt</strong></span> <span class='ocrx_word' id='word_1_17' title='bbox 1163 479 1370 534; x_wconf 84' lang='lat' dir='ltr'><strong>Domini</strong></span> <span class='ocrx_word' id='word_1_18' title='bbox 1424 482 1734 551; x_wconf 71' lang='lat' dir='ltr'><strong>cogitemus.</strong></span> <span class='ocrx_word' id='word_1_19' title='bbox 1768 493 1793 520; x_wconf 72' lang='grc' dir='ltr'>ι</span> <span class='ocrx_word' id='word_1_20' title='bbox 1825 480 1973 537; x_wconf 82' lang='lat' dir='ltr'><strong>Pavi-</strong></span> 
     </span>
    </p>
   </div>
   <div class='ocr_carea' id='block_1_4' title="bbox 421 563 1970 638">
    <p class='ocr_par' dir='ltr' id='par_1_4' title="bbox 421 563 1970 638">
     <span class='ocr_line' id='line_1_4' title="bbox 421 563 1970 638; baseline 0.006 -25"><span class='ocrx_word' id='word_1_21' title='bbox 421 572 655 616; x_wconf 88' lang='lat' dir='ltr'><strong>mentum</strong></span> <span class='ocrx_word' id='word_1_22' title='bbox 686 563 956 630; x_wconf 59' lang='lat' dir='ltr'><strong>Ecclesia),</strong></span> <span class='ocrx_word' id='word_1_23' title='bbox 994 567 1261 622; x_wconf 70' lang='lat' dir='ltr'><strong>auditores</strong></span> <span class='ocrx_word' id='word_1_24' title='bbox 1287 570 1658 638; x_wconf 87' lang='lat' dir='ltr'><strong>magistrorum</strong></span> <span class='ocrx_word' id='word_1_25' title='bbox 1682 579 1824 624; x_wconf 88' lang='lat' dir='ltr'><strong>sunt.</strong></span> <span class='ocrx_word' id='word_1_26' title='bbox 1869 566 1970 623; x_wconf 85' lang='lat' dir='ltr'><strong>La—</strong></span> 
     </span>
    </p>
   </div>
   <div class='ocr_carea' id='block_1_5' title="bbox 421 653 1968 730">
    <p class='ocr_par' dir='ltr' id='par_1_5' title="bbox 421 653 1968 730">
     <span class='ocr_line' id='line_1_5' title="bbox 421 653 1968 730; baseline 0.006 -26"><span class='ocrx_word' id='word_1_27' title='bbox 421 654 560 708; x_wconf 87' lang='lat' dir='ltr'><strong>vatio</strong></span> <span class='ocrx_word' id='word_1_28' title='bbox 573 653 780 720; x_wconf 91' lang='lat' dir='ltr'><strong>domus,</strong></span> <span class='ocrx_word' id='word_1_29' title='bbox 794 669 910 725; x_wconf 81' lang='lat' dir='ltr'><strong>quae</strong></span> <span class='ocrx_word' id='word_1_30' title='bbox 923 660 1275 726; x_wconf 83' lang='lat' dir='ltr'><strong>nuncupative</strong></span> <span class='ocrx_word' id='word_1_31' title='bbox 1285 660 1513 714; x_wconf 83' lang='lat' dir='ltr'><strong>ecclesia</strong></span> <span class='ocrx_word' id='word_1_32' title='bbox 1526 661 1738 724; x_wconf 89' lang='lat' dir='ltr'><strong>dicitur,</strong></span> <span class='ocrx_word' id='word_1_33' title='bbox 1762 661 1968 730; x_wconf 89' lang='lat' dir='ltr'><strong>signum</strong></span> 
     </span>
    </p>
   </div>
   <div class='ocr_carea' id='block_1_6' title="bbox 417 743 1969 820">
    <p class='ocr_par' dir='ltr' id='par_1_6' title="bbox 417 743 1969 820">
     <span class='ocr_line' id='line_1_6' title="bbox 417 743 1969 820; baseline 0.006 -25"><span class='ocrx_word' id='word_1_34' title='bbox 417 753 502 796; x_wconf 86' lang='lat' dir='ltr'><strong>est</strong></span> <span class='ocrx_word' id='word_1_35' title='bbox 533 743 816 800; x_wconf 86' lang='lat' dir='ltr'><strong>lavationis</strong></span> <span class='ocrx_word' id='word_1_36' title='bbox 848 747 1040 816; x_wconf 89' lang='lat' dir='ltr'><strong>pedum</strong></span> <span class='ocrx_word' id='word_1_37' title='bbox 1083 757 1326 803; x_wconf 89' lang='lat' dir='ltr'><strong>tratrum.</strong></span> <span class='ocrx_word' id='word_1_38' title='bbox 1376 752 1602 804; x_wconf 90' lang='lat' dir='ltr'><strong>Lavatio</strong></span> <span class='ocrx_word' id='word_1_39' title='bbox 1635 752 1828 820; x_wconf 89' lang='lat' dir='ltr'><strong>pedum</strong></span> <span class='ocrx_word' id='word_1_40' title='bbox 1867 751 1969 805; x_wconf 82' lang='lat' dir='ltr'><strong>fra-</strong></span> 
     </span>
    </p>
   </div>
   <div class='ocr_carea' id='block_1_7' title="bbox 417 834 1969 910">
    <p class='ocr_par' dir='ltr' id='par_1_7' title="bbox 417 834 1969 910">
     <span class='ocr_line' id='line_1_7' title="bbox 417 834 1969 910; baseline 0.006 -24"><span class='ocrx_word' id='word_1_41' title='bbox 417 841 558 886; x_wconf 90' lang='lat' dir='ltr'><strong>trum</strong></span> <span class='ocrx_word' id='word_1_42' title='bbox 587 834 794 904; x_wconf 88' lang='lat' dir='ltr'><strong>signum</strong></span> <span class='ocrx_word' id='word_1_43' title='bbox 821 845 904 890; x_wconf 88' lang='lat' dir='ltr'><strong>est</strong></span> <span class='ocrx_word' id='word_1_44' title='bbox 928 838 1258 892; x_wconf 87' lang='lat' dir='ltr'><strong>remissionis</strong></span> <span class='ocrx_word' id='word_1_45' title='bbox 1287 850 1646 908; x_wconf 86' lang='lat' dir='ltr'><strong>peccatorum,</strong></span> <span class='ocrx_word' id='word_1_46' title='bbox 1669 841 1780 896; x_wconf 84' lang='lat' dir='ltr'><strong>sive</strong></span> <span class='ocrx_word' id='word_1_47' title='bbox 1800 858 1969 910; x_wconf 87' lang='lat' dir='ltr'><strong>quan-</strong></span> 
     </span>
    </p>
   </div>
   <div class='ocr_carea' id='block_1_8' title="bbox 413 923 1962 1000">
    <p class='ocr_par' dir='ltr' id='par_1_8' title="bbox 413 923 1962 1000">
     <span class='ocr_line' id='line_1_8' title="bbox 413 923 1962 1000; baseline 0.005 -22"><span class='ocrx_word' id='word_1_48' title='bbox 413 923 486 978; x_wconf 90' lang='lat' dir='ltr'><strong>do</strong></span> <span class='ocrx_word' id='word_1_49' title='bbox 521 939 544 978; x_wconf 76' lang='lat' dir='ltr'><strong>It</strong></span> <span class='ocrx_word' id='word_1_50' title='bbox 573 925 794 980; x_wconf 87' lang='lat' dir='ltr'><strong>Domino</strong></span> <span class='ocrx_word' id='word_1_51' title='bbox 816 928 1180 994; x_wconf 90' lang='lat' dir='ltr'><strong>remittuntur,</strong></span> <span class='ocrx_word' id='word_1_52' title='bbox 1210 944 1302 982; x_wconf 91' lang='lat' dir='ltr'><strong>seu</strong></span> <span class='ocrx_word' id='word_1_53' title='bbox 1325 929 1553 983; x_wconf 85' lang='lat' dir='ltr'><strong>invicem</strong></span> <span class='ocrx_word' id='word_1_54' title='bbox 1580 947 1610 983; x_wconf 90' lang='lat' dir='ltr'><strong>a</strong></span> <span class='ocrx_word' id='word_1_55' title='bbox 1639 931 1788 985; x_wconf 90' lang='lat' dir='ltr'><strong>nobis</strong></span> <span class='ocrx_word' id='word_1_56' title='bbox 1818 932 1962 1000; x_wconf 88' lang='lat' dir='ltr'><strong>ipsis.</strong></span> 
     </span>
    </p>
   </div>
   <div class='ocr_carea' id='block_1_9' title="bbox 486 1012 1966 1076">
    <p class='ocr_par' dir='ltr' id='par_1_9' title="bbox 486 1012 1966 1076">
     <span class='ocr_line' id='line_1_9' title="bbox 486 1012 1966 1076; baseline 0.007 -10"><span class='ocrx_word' id='word_1_57' title='bbox 486 1012 651 1068; x_wconf 83' lang='lat' dir='ltr'><strong>Hodie</strong></span> <span class='ocrx_word' id='word_1_58' title='bbox 689 1017 920 1071; x_wconf 82' lang='lat' dir='ltr'><strong>chrisma</strong></span> <span class='ocrx_word' id='word_1_59' title='bbox 965 1017 1243 1072; x_wconf 86' lang='lat' dir='ltr'><strong>conﬁcitur</strong></span> <span class='ocrx_word' id='word_1_60' title='bbox 1274 1019 1359 1073; x_wconf 87' lang='lat' dir='ltr'><strong>vel</strong></span> <span class='ocrx_word' id='word_1_61' title='bbox 1403 1027 1765 1074; x_wconf 88' lang='lat' dir='ltr'><strong>consecratur.</strong></span> <span class='ocrx_word' id='word_1_62' title='bbox 1817 1021 1966 1076; x_wconf 87' lang='lat' dir='ltr'><strong>Unde</strong></span> 
     </span>
    </p>
   </div>
   <div class='ocr_carea' id='block_1_10' title="bbox 411 1102 1968 1178">
    <p class='ocr_par' dir='ltr' id='par_1_10' title="bbox 411 1102 1968 1178">
     <span class='ocr_line' id='line_1_10' title="bbox 411 1102 1968 1178; baseline 0.004 -23"><span class='ocrx_word' id='word_1_63' title='bbox 411 1102 675 1167; x_wconf 79' lang='lat' dir='ltr'><strong>Christus,</strong></span> <span class='ocrx_word' id='word_1_64' title='bbox 703 1104 754 1157; x_wconf 88' lang='lat' dir='ltr'><strong>id</strong></span> <span class='ocrx_word' id='word_1_65' title='bbox 775 1113 879 1168; x_wconf 87' lang='lat' dir='ltr'><strong>est,</strong></span> <span class='ocrx_word' id='word_1_66' title='bbox 904 1115 1116 1170; x_wconf 88' lang='lat' dir='ltr'><strong>unctus,</strong></span> <span class='ocrx_word' id='word_1_67' title='bbox 1147 1122 1176 1159; x_wconf 91' lang='lat' dir='ltr'><strong>a</strong></span> <span class='ocrx_word' id='word_1_68' title='bbox 1200 1107 1485 1161; x_wconf 80' lang='lat' dir='ltr'><strong>chrismate</strong></span> <span class='ocrx_word' id='word_1_69' title='bbox 1519 1118 1830 1178; x_wconf 89' lang='lat' dir='ltr'><strong>appenatnr.</strong></span> <span class='ocrx_word' id='word_1_70' title='bbox 1865 1109 1968 1163; x_wconf 83' lang='lat' dir='ltr'><strong>Un-</strong></span> 
     </span>
    </p>
   </div>
   <div class='ocr_carea' id='block_1_11' title="bbox 411 1193 1962 1263">
    <p class='ocr_par' dir='ltr' id='par_1_11' title="bbox 411 1193 1962 1263">
     <span class='ocr_line' id='line_1_11' title="bbox 411 1193 1962 1263; baseline 0.004 -19"><span class='ocrx_word' id='word_1_71' title='bbox 411 1202 664 1262; x_wconf 87' lang='lat' dir='ltr'><strong>guentum</strong></span> <span class='ocrx_word' id='word_1_72' title='bbox 691 1193 829 1247; x_wconf 88' lang='lat' dir='ltr'><strong>istud</strong></span> <span class='ocrx_word' id='word_1_73' title='bbox 855 1193 1059 1263; x_wconf 84' lang='lat' dir='ltr'><strong>Moyses</strong></span> <span class='ocrx_word' id='word_1_74' title='bbox 1086 1196 1314 1263; x_wconf 85' lang='lat' dir='ltr'><strong>primum</strong></span> <span class='ocrx_word' id='word_1_75' title='bbox 1339 1197 1392 1250; x_wconf 91' lang='lat' dir='ltr'><strong>in</strong></span> <span class='ocrx_word' id='word_1_76' title='bbox 1423 1195 1844 1262; x_wconf 86' lang='lat' dir='ltr'><strong>Exodojubente</strong></span> <span class='ocrx_word' id='word_1_77' title='bbox 1857 1196 1962 1250; x_wconf 90' lang='lat' dir='ltr'><strong>Do-</strong></span> 
     </span>
    </p>
   </div>
   <div class='ocr_carea' id='block_1_12' title="bbox 411 1283 1963 1356">
    <p class='ocr_par' dir='ltr' id='par_1_12' title="bbox 411 1283 1963 1356">
     <span class='ocr_line' id='line_1_12' title="bbox 411 1283 1963 1356; baseline 0.004 -22"><span class='ocrx_word' id='word_1_78' title='bbox 411 1283 556 1338; x_wconf 90' lang='lat' dir='ltr'><strong>mino</strong></span> <span class='ocrx_word' id='word_1_79' title='bbox 576 1284 889 1352; x_wconf 86' lang='lat' dir='ltr'><strong>composuit,</strong></span> <span class='ocrx_word' id='word_1_80' title='bbox 921 1299 1025 1352; x_wconf 91' lang='lat' dir='ltr'><strong>quo</strong></span> <span class='ocrx_word' id='word_1_81' title='bbox 1055 1285 1209 1354; x_wconf 86' lang='lat' dir='ltr'><strong>primi</strong></span> <span class='ocrx_word' id='word_1_82' title='bbox 1239 1285 1416 1338; x_wconf 85' lang='lat' dir='ltr'><strong>Aaron</strong></span> <span class='ocrx_word' id='word_1_83' title='bbox 1439 1294 1494 1340; x_wconf 93' lang='lat' dir='ltr'><strong>et</strong></span> <span class='ocrx_word' id='word_1_84' title='bbox 1515 1285 1608 1339; x_wconf 86' lang='lat' dir='ltr'><strong>ﬁlii</strong></span> <span class='ocrx_word' id='word_1_85' title='bbox 1635 1287 1751 1356; x_wconf 85' lang='lat' dir='ltr'><strong>ejus</strong></span> <span class='ocrx_word' id='word_1_86' title='bbox 1780 1286 1832 1339; x_wconf 90' lang='lat' dir='ltr'><strong>in</strong></span> <span class='ocrx_word' id='word_1_87' title='bbox 1861 1296 1963 1340; x_wconf 87' lang='lat' dir='ltr'><strong>tes-</strong></span> 
     </span>
    </p>
   </div>
   <div class='ocr_carea' id='block_1_13' title="bbox 411 1374 1957 1446">
    <p class='ocr_par' dir='ltr' id='par_1_13' title="bbox 411 1374 1957 1446">
     <span class='ocr_line' id='line_1_13' title="bbox 411 1374 1957 1446; baseline 0.002 -19"><span class='ocrx_word' id='word_1_88' title='bbox 411 1374 685 1429; x_wconf 88' lang='lat' dir='ltr'><strong>timonium</strong></span> <span class='ocrx_word' id='word_1_89' title='bbox 725 1377 1008 1430; x_wconf 82' lang='lat' dir='ltr'><strong>sacerdotii</strong></span> <span class='ocrx_word' id='word_1_90' title='bbox 1063 1385 1118 1430; x_wconf 93' lang='lat' dir='ltr'><strong>et</strong></span> <span class='ocrx_word' id='word_1_91' title='bbox 1167 1378 1462 1432; x_wconf 87' lang='lat' dir='ltr'><strong>sanctitatis</strong></span> <span class='ocrx_word' id='word_1_92' title='bbox 1513 1378 1759 1446; x_wconf 77' lang='lat' dir='ltr'><strong>peruncti</strong></span> <span class='ocrx_word' id='word_1_93' title='bbox 1815 1385 1957 1432; x_wconf 91' lang='lat' dir='ltr'><strong>sunt.</strong></span> 
     </span>
    </p>
   </div>
   <div class='ocr_carea' id='block_1_14' title="bbox 409 1463 1957 1535">
    <p class='ocr_par' dir='ltr' id='par_1_14' title="bbox 409 1463 1957 1535">
     <span class='ocr_line' id='line_1_14' title="bbox 409 1463 1957 1535; baseline 0.003 -19"><span class='ocrx_word' id='word_1_94' title='bbox 409 1463 607 1516; x_wconf 87' lang='lat' dir='ltr'><strong>Deinde</strong></span> <span class='ocrx_word' id='word_1_95' title='bbox 629 1479 839 1531; x_wconf 88' lang='lat' dir='ltr'><strong>quoque</strong></span> <span class='ocrx_word' id='word_1_96' title='bbox 876 1480 1026 1535; x_wconf 90' lang='lat' dir='ltr'><strong>reges</strong></span> <span class='ocrx_word' id='word_1_97' title='bbox 1053 1466 1240 1520; x_wconf 92' lang='lat' dir='ltr'><strong>eodem</strong></span> <span class='ocrx_word' id='word_1_98' title='bbox 1277 1466 1566 1521; x_wconf 83' lang='lat' dir='ltr'><strong>chrismate</strong></span> <span class='ocrx_word' id='word_1_99' title='bbox 1591 1467 1957 1521; x_wconf 90' lang='lat' dir='ltr'><strong>sacrabantur.</strong></span> 
     </span>
    </p>
   </div>
   <div class='ocr_carea' id='block_1_15' title="bbox 410 1550 1960 1624">
    <p class='ocr_par' dir='ltr' id='par_1_15' title="bbox 410 1550 1960 1624">
     <span class='ocr_line' id='line_1_15' title="bbox 410 1550 1960 1624; baseline 0.002 -19"><span class='ocrx_word' id='word_1_100' title='bbox 410 1550 561 1605; x_wconf 86' lang='lat' dir='ltr'><strong>Unde</strong></span> <span class='ocrx_word' id='word_1_101' title='bbox 585 1560 639 1605; x_wconf 87' lang='lat' dir='ltr'><strong>et</strong></span> <span class='ocrx_word' id='word_1_102' title='bbox 661 1550 858 1606; x_wconf 87' lang='lat' dir='ltr'><strong>Christi</strong></span> <span class='ocrx_word' id='word_1_103' title='bbox 884 1559 1274 1622; x_wconf 85' lang='lat' dir='ltr'><strong>nuncupantur,</strong></span> <span class='ocrx_word' id='word_1_104' title='bbox 1299 1563 1357 1605; x_wconf 89' lang='lat' dir='ltr'><strong>ut</strong></span> <span class='ocrx_word' id='word_1_105' title='bbox 1384 1553 1512 1606; x_wconf 90' lang='lat' dir='ltr'><strong>illud</strong></span> <span class='ocrx_word' id='word_1_106' title='bbox 1539 1571 1552 1607; x_wconf 92' lang='lat'>:</span> <span class='ocrx_word' id='word_1_107' title='bbox 1582 1553 1761 1606; x_wconf 80' lang='lat' dir='ltr'><strong>Nolite</strong></span> <span class='ocrx_word' id='word_1_108' title='bbox 1789 1565 1960 1624; x_wconf 85' lang='lat' dir='ltr'><strong>tange-</strong></span> 
     </span>
    </p>
   </div>
   <div class='ocr_carea' id='block_1_16' title="bbox 1225 151 2818 252">
    <p class='ocr_par' dir='ltr' id='par_1_16' title="bbox 1225 151 2818 252">
     <span class='ocr_line' id='line_1_16' title="bbox 1225 151 2818 252; baseline 0.004 -8"><span class='ocrx_word' id='word_1_109' title='bbox 1225 189 1372 245; x_wconf 78' lang='lat' dir='ltr'><strong>OPP.</strong></span> <span class='ocrx_word' id='word_1_110' title='bbox 1415 151 1810 248; x_wconf 71' lang='lat' dir='ltr'><strong>SDPPOSITA.</strong></span> <span class='ocrx_word' id='word_1_111' title='bbox 1851 223 1919 232; x_wconf 89' lang='lat'><strong><em>—</em></strong></span> <span class='ocrx_word' id='word_1_112' title='bbox 1956 195 2078 250; x_wconf 86' lang='lat' dir='ltr'><strong>LIB.</strong></span> <span class='ocrx_word' id='word_1_113' title='bbox 2121 197 2206 248; x_wconf 81' lang='lat' dir='ltr'><strong>DE</strong></span> <span class='ocrx_word' id='word_1_114' title='bbox 2240 197 2483 251; x_wconf 72' lang='lat' dir='ltr'><strong>DlVlNIS</strong></span> <span class='ocrx_word' id='word_1_115' title='bbox 2519 198 2818 252; x_wconf 78' lang='lat' dir='ltr'><strong>OFFICUS.</strong></span> 
     </span>
    </p>
   </div>
   <div class='ocr_carea' id='block_1_17' title="bbox 423 284 2684 376">
    <p class='ocr_par' dir='ltr' id='par_1_17' title="bbox 423 284 2684 376">
     <span class='ocr_line' id='line_1_17' title="bbox 423 284 2684 376; baseline 0.005 -27"><span class='ocrx_word' id='word_1_116' title='bbox 423 284 637 366; x_wconf 82' lang='lat' dir='ltr'><strong>peccata</strong></span> <span class='ocrx_word' id='word_1_117' title='bbox 660 298 956 368; x_wconf 88' lang='lat' dir='ltr'><strong>signiﬁcant</strong></span> <span class='ocrx_word' id='word_1_118' title='bbox 992 316 1005 353; x_wconf 89' lang='lat'>:</span> <span class='ocrx_word' id='word_1_119' title='bbox 1030 302 1293 358; x_wconf 87' lang='lat' dir='ltr'><strong>intrantes</strong></span> <span class='ocrx_word' id='word_1_120' title='bbox 1315 319 1412 358; x_wconf 92' lang='lat' dir='ltr'><strong>nos</strong></span> <span class='ocrx_word' id='word_1_121' title='bbox 1433 306 1486 358; x_wconf 90' lang='lat' dir='ltr'><strong>in</strong></span> <span class='ocrx_word' id='word_1_122' title='bbox 1515 303 1630 358; x_wconf 87' lang='lat' dir='ltr'><strong>loca</strong></span> <span class='ocrx_word' id='word_1_123' title='bbox 1660 304 1971 367; x_wconf 85' lang='lat' dir='ltr'><strong>sancta,ubi</strong></span> <span class='ocrx_word' id='word_1_124' title='bbox 1999 314 2042 368; x_wconf 74' lang='grc' dir='ltr'><strong>Α</strong></span> <span class='ocrx_word' id='word_1_125' title='bbox 2074 306 2288 360; x_wconf 88' lang='lat' dir='ltr'><strong>missam</strong></span> <span class='ocrx_word' id='word_1_126' title='bbox 2339 309 2626 376; x_wconf 89' lang='lat' dir='ltr'><strong>antiphona</strong></span> <span class='ocrx_word' id='word_1_127' title='bbox 2672 327 2684 360; x_wconf 90' lang='lat'><strong>:</strong></span> 
     </span>
    </p>
   </div>
   <div class='ocr_carea' id='block_1_18' title="bbox 3488 201 3617 258">
    <p class='ocr_par' dir='ltr' id='par_1_18' title="bbox 3488 201 3617 258">
     <span class='ocr_line' id='line_1_18' title="bbox 3488 201 3617 258; baseline 0.016 -5"><span class='ocrx_word' id='word_1_128' title='bbox 3488 201 3617 258; x_wconf 69' lang='lat' dir='ltr'><strong>l906</strong></span> 
     </span>
    </p>
   </div>
   <div class='ocr_carea' id='block_1_19' title="bbox 2737 308 3616 380">
    <p class='ocr_par' dir='ltr' id='par_1_19' title="bbox 2737 308 3616 380">
     <span class='ocr_line' id='line_1_19' title="bbox 2737 308 3616 380; baseline 0.006 -19"><span class='ocrx_word' id='word_1_129' title='bbox 2737 308 2847 362; x_wconf 76' lang='lat' dir='ltr'><strong>Nos</strong></span> <span class='ocrx_word' id='word_1_130' title='bbox 2899 319 3070 362; x_wconf 83' lang='lat' dir='ltr'><strong>autem</strong></span> <span class='ocrx_word' id='word_1_131' title='bbox 3117 311 3351 380; x_wconf 84' lang='lat' dir='ltr'><strong>gloriari.</strong></span> <span class='ocrx_word' id='word_1_132' title='bbox 3403 312 3616 367; x_wconf 89' lang='lat' dir='ltr'><strong>Interim</strong></span> 
     </span>
    </p>
   </div>
   <div class='ocr_carea' id='block_1_20' title="bbox 2069 396 3638 476">
    <p class='ocr_par' dir='ltr' id='par_1_20' title="bbox 2069 396 3638 476">
     <span class='ocr_line' id='line_1_20' title="bbox 2069 396 3638 476; baseline 0.004 -29"><span class='ocrx_word' id='word_1_133' title='bbox 2069 396 2368 472; x_wconf 71' lang='lat' dir='ltr'><strong>egredietur</strong></span> <span class='ocrx_word' id='word_1_134' title='bbox 2391 396 2624 465; x_wconf 79' lang='lat' dir='ltr'><strong>pontifex</strong></span> <span class='ocrx_word' id='word_1_135' title='bbox 2655 399 2718 451; x_wconf 90' lang='lat' dir='ltr'><strong>de</strong></span> <span class='ocrx_word' id='word_1_136' title='bbox 2738 398 2974 452; x_wconf 89' lang='lat' dir='ltr'><strong>sacrario</strong></span> <span class='ocrx_word' id='word_1_137' title='bbox 3004 413 3126 452; x_wconf 92' lang='lat' dir='ltr'><strong>cum</strong></span> <span class='ocrx_word' id='word_1_138' title='bbox 3168 401 3481 455; x_wconf 89' lang='lat' dir='ltr'><strong>diaconibus</strong></span> <span class='ocrx_word' id='word_1_139' title='bbox 3501 403 3638 476; x_wconf 23' lang='lat' dir='ltr'><strong>dal-‘</strong></span> 
     </span>
    </p>
   </div>
   <div class='ocr_carea' id='block_1_21' title="bbox 2069 478 3617 561">
    <p class='ocr_par' dir='ltr' id='par_1_21' title="bbox 2069 478 3617 561">
     <span class='ocr_line' id='line_1_21' title="bbox 2069 478 3617 561; baseline 0.005 -24"><span class='ocrx_word' id='word_1_140' title='bbox 2069 487 2295 561; x_wconf 87' lang='lat' dir='ltr'><strong>maticis,</strong></span> <span class='ocrx_word' id='word_1_141' title='bbox 2322 495 2376 539; x_wconf 90' lang='lat' dir='ltr'><strong>ct</strong></span> <span class='ocrx_word' id='word_1_142' title='bbox 2393 495 2594 556; x_wconf 89' lang='lat' dir='ltr'><strong>septem</strong></span> <span class='ocrx_word' id='word_1_143' title='bbox 2619 489 2957 543; x_wconf 88' lang='lat' dir='ltr'><strong>cereostratis</strong></span> <span class='ocrx_word' id='word_1_144' title='bbox 3005 497 3128 542; x_wconf 87' lang='lat' dir='ltr'><strong>ante</strong></span> <span class='ocrx_word' id='word_1_145' title='bbox 3176 505 3320 553; x_wconf 84' lang='lat' dir='ltr'><strong>eum,</strong></span> <span class='ocrx_word' id='word_1_146' title='bbox 3373 481 3512 544; x_wconf 83' lang='lat' dir='ltr'><strong>sicut</strong></span> <span class='ocrx_word' id='word_1_147' title='bbox 3545 478 3617 545; x_wconf 33' lang='lat' dir='ltr'><strong>fin</strong></span> 
     </span>
    </p>
   </div>
   <div class='ocr_carea' id='block_1_22' title="bbox 2067 569 3636 653">
    <p class='ocr_par' dir='ltr' id='par_1_22' title="bbox 2067 569 3636 653">
     <span class='ocr_line' id='line_1_22' title="bbox 2067 569 3636 653; baseline 0.004 -27"><span class='ocrx_word' id='word_1_148' title='bbox 2067 573 2152 626; x_wconf 92' lang='lat' dir='ltr'><strong>die</strong></span> <span class='ocrx_word' id='word_1_149' title='bbox 2182 574 2422 639; x_wconf 84' lang='lat' dir='ltr'><strong>solemni,</strong></span> <span class='ocrx_word' id='word_1_150' title='bbox 2454 591 2574 628; x_wconf 91' lang='lat' dir='ltr'><strong>cum</strong></span> <span class='ocrx_word' id='word_1_151' title='bbox 2601 577 2744 630; x_wconf 91' lang='lat' dir='ltr'><strong>omni</strong></span> <span class='ocrx_word' id='word_1_152' title='bbox 2771 577 2974 631; x_wconf 87' lang='lat' dir='ltr'><strong>scilicet</strong></span> <span class='ocrx_word' id='word_1_153' title='bbox 3023 585 3234 631; x_wconf 90' lang='lat' dir='ltr'><strong>ornatu.</strong></span> <span class='ocrx_word' id='word_1_154' title='bbox 3280 578 3419 632; x_wconf 86' lang='lat' dir='ltr'><strong>Dum</strong></span> <span class='ocrx_word' id='word_1_155' title='bbox 3444 569 3636 653; x_wconf 46' lang='lat' dir='ltr'><strong>trans?</strong></span> 
     </span>
    </p>
   </div>
   <div class='ocr_carea' id='block_1_23' title="bbox 2067 664 3617 732">
    <p class='ocr_par' dir='ltr' id='par_1_23' title="bbox 2067 664 3617 732">
     <span class='ocr_line' id='line_1_23' title="bbox 2067 664 3617 732; baseline 0.003 -16"><span class='ocrx_word' id='word_1_156' title='bbox 2067 664 2187 716; x_wconf 87' lang='lat' dir='ltr'><strong>ierit</strong></span> <span class='ocrx_word' id='word_1_157' title='bbox 2224 679 2318 732; x_wconf 89' lang='lat' dir='ltr'><strong>per</strong></span> <span class='ocrx_word' id='word_1_158' title='bbox 2351 664 2581 720; x_wconf 87' lang='lat' dir='ltr'><strong>medium</strong></span> <span class='ocrx_word' id='word_1_159' title='bbox 2608 665 2824 730; x_wconf 61' lang='lat' dir='ltr'><strong>scholae,</strong></span> <span class='ocrx_word' id='word_1_160' title='bbox 2861 675 3061 719; x_wconf 89' lang='lat' dir='ltr'><strong>annuat</strong></span> <span class='ocrx_word' id='word_1_161' title='bbox 3088 666 3180 729; x_wconf 90' lang='lat' dir='ltr'><strong>illi,</strong></span> <span class='ocrx_word' id='word_1_162' title='bbox 3222 681 3280 719; x_wconf 81' lang='lat' dir='ltr'><strong>ut</strong></span> <span class='ocrx_word' id='word_1_163' title='bbox 3309 666 3453 720; x_wconf 86' lang='lat' dir='ltr'><strong>dicat</strong></span> <span class='ocrx_word' id='word_1_164' title='bbox 3495 667 3617 720; x_wconf 85' lang='lat' dir='ltr'><strong>Clo-</strong></span> 
     </span>
    </p>
   </div>
   <div class='ocr_carea' id='block_1_24' title="bbox 2065 749 3612 822">
    <p class='ocr_par' dir='ltr' id='par_1_24' title="bbox 2065 749 3612 822">
     <span class='ocr_line' id='line_1_24' title="bbox 2065 749 3612 822; baseline 0.003 -20"><span class='ocrx_word' id='word_1_165' title='bbox 2065 751 2217 803; x_wconf 83' lang='lat' dir='ltr'><strong>riam.</strong></span> <span class='ocrx_word' id='word_1_166' title='bbox 2238 749 2534 819; x_wconf 76' lang='lat' dir='ltr'><strong>Antequam</strong></span> <span class='ocrx_word' id='word_1_167' title='bbox 2562 766 2689 805; x_wconf 90' lang='lat' dir='ltr'><strong>vero</strong></span> <span class='ocrx_word' id='word_1_168' title='bbox 2718 753 2966 806; x_wconf 88' lang='lat' dir='ltr'><strong>ascendat</strong></span> <span class='ocrx_word' id='word_1_169' title='bbox 2993 753 3059 806; x_wconf 88' lang='lat' dir='ltr'><strong>ad</strong></span> <span class='ocrx_word' id='word_1_170' title='bbox 3088 755 3273 818; x_wconf 88' lang='lat' dir='ltr'><strong>altare,</strong></span> <span class='ocrx_word' id='word_1_171' title='bbox 3315 754 3404 806; x_wconf 89' lang='lat' dir='ltr'><strong>dat</strong></span> <span class='ocrx_word' id='word_1_172' title='bbox 3429 767 3612 822; x_wconf 88' lang='lat' dir='ltr'><strong>pacem</strong></span> 
     </span>
    </p>
   </div>
   <div class='ocr_carea' id='block_1_25' title="bbox 2062 826 3612 907">
    <p class='ocr_par' dir='ltr' id='par_1_25' title="bbox 2062 826 3612 907">
     <span class='ocr_line' id='line_1_25' title="bbox 2062 826 3612 907; baseline 0.004 -19"><span class='ocrx_word' id='word_1_173' title='bbox 2062 837 2230 904; x_wconf 86' lang='lat' dir='ltr'><strong>priori</strong></span> <span class='ocrx_word' id='word_1_174' title='bbox 2257 826 2505 907; x_wconf 89' lang='lat' dir='ltr'><strong>episcopo</strong></span> <span class='ocrx_word' id='word_1_175' title='bbox 2533 844 2586 891; x_wconf 89' lang='lat' dir='ltr'><strong>et</strong></span> <span class='ocrx_word' id='word_1_176' title='bbox 2621 838 2784 906; x_wconf 88' lang='lat' dir='ltr'><strong>priori</strong></span> <span class='ocrx_word' id='word_1_177' title='bbox 2819 839 3147 907; x_wconf 86' lang='lat' dir='ltr'><strong>presbytero,</strong></span> <span class='ocrx_word' id='word_1_178' title='bbox 3171 840 3359 894; x_wconf 85' lang='lat' dir='ltr'><strong>deinde</strong></span> <span class='ocrx_word' id='word_1_179' title='bbox 3381 842 3612 894; x_wconf 88' lang='lat' dir='ltr'><strong>diaconi-</strong></span> 
     </span>
    </p>
   </div>
   <div class='ocr_carea' id='block_1_26' title="bbox 2062 921 3609 993">
    <p class='ocr_par' dir='ltr' id='par_1_26' title="bbox 2062 921 3609 993">
     <span class='ocr_line' id='line_1_26' title="bbox 2062 921 3609 993; baseline 0.004 -17"><span class='ocrx_word' id='word_1_180' title='bbox 2062 921 2162 976; x_wconf 89' lang='lat' dir='ltr'><strong>bus</strong></span> <span class='ocrx_word' id='word_1_181' title='bbox 2179 941 2190 975; x_wconf 94' lang='lat'><strong>:</strong></span> <span class='ocrx_word' id='word_1_182' title='bbox 2208 925 2529 993; x_wconf 89' lang='lat' dir='ltr'><strong>veniensque</strong></span> <span class='ocrx_word' id='word_1_183' title='bbox 2542 935 2662 979; x_wconf 88' lang='lat' dir='ltr'><strong>ante</strong></span> <span class='ocrx_word' id='word_1_184' title='bbox 2686 926 2853 978; x_wconf 89' lang='lat' dir='ltr'><strong>altare</strong></span> <span class='ocrx_word' id='word_1_185' title='bbox 2883 926 3101 979; x_wconf 88' lang='lat' dir='ltr'><strong>inclinat</strong></span> <span class='ocrx_word' id='word_1_186' title='bbox 3123 941 3178 980; x_wconf 90' lang='lat' dir='ltr'><strong>se</strong></span> <span class='ocrx_word' id='word_1_187' title='bbox 3204 929 3270 981; x_wconf 89' lang='lat' dir='ltr'><strong>ad</strong></span> <span class='ocrx_word' id='word_1_188' title='bbox 3295 930 3609 993; x_wconf 89' lang='lat' dir='ltr'><strong>orationem,</strong></span> 
     </span>
    </p>
   </div>
   <div class='ocr_carea' id='block_1_27' title="bbox 2062 1014 3605 1084">
    <p class='ocr_par' dir='ltr' id='par_1_27' title="bbox 2062 1014 3605 1084">
     <span class='ocr_line' id='line_1_27' title="bbox 2062 1014 3605 1084; baseline 0.002 -19"><span class='ocrx_word' id='word_1_189' title='bbox 2062 1015 2436 1080; x_wconf 86' lang='lat' dir='ltr'><strong>prostratusin</strong></span> <span class='ocrx_word' id='word_1_190' title='bbox 2468 1022 2610 1068; x_wconf 90' lang='lat' dir='ltr'><strong>terra</strong></span> <span class='ocrx_word' id='word_1_191' title='bbox 2660 1030 2827 1082; x_wconf 88' lang='lat' dir='ltr'><strong>usque</strong></span> <span class='ocrx_word' id='word_1_192' title='bbox 2880 1014 2945 1066; x_wconf 91' lang='lat' dir='ltr'><strong>ad</strong></span> <span class='ocrx_word' id='word_1_193' title='bbox 2991 1029 3199 1067; x_wconf 87' lang='lat' dir='ltr'><strong>versum</strong></span> <span class='ocrx_word' id='word_1_194' title='bbox 3243 1017 3605 1084; x_wconf 89' lang='lat' dir='ltr'><strong>repetendum.</strong></span> 
     </span>
    </p>
   </div>
   <div class='ocr_carea' id='block_1_28' title="bbox 2062 1101 3607 1171">
    <p class='ocr_par' dir='ltr' id='par_1_28' title="bbox 2062 1101 3607 1171">
     <span class='ocr_line' id='line_1_28' title="bbox 2062 1101 3607 1171; baseline 0.002 -17"><span class='ocrx_word' id='word_1_195' title='bbox 2062 1101 2176 1167; x_wconf 87' lang='lat' dir='ltr'><strong>Quo</strong></span> <span class='ocrx_word' id='word_1_196' title='bbox 2203 1101 2369 1166; x_wconf 81' lang='lat' dir='ltr'><strong>ﬁnito,</strong></span> <span class='ocrx_word' id='word_1_197' title='bbox 2406 1104 2599 1157; x_wconf 90' lang='lat' dir='ltr'><strong>dicitur</strong></span> <span class='ocrx_word' id='word_1_198' title='bbox 2627 1102 2788 1171; x_wconf 81' lang='lat' dir='ltr'><strong>Kyrie</strong></span> <span class='ocrx_word' id='word_1_199' title='bbox 2829 1103 3038 1156; x_wconf 85' lang='lat' dir='ltr'><strong>eleison.</strong></span> <span class='ocrx_word' id='word_1_200' title='bbox 3098 1102 3316 1168; x_wconf 86' lang='lat' dir='ltr'><strong>Deinde,</strong></span> <span class='ocrx_word' id='word_1_201' title='bbox 3359 1103 3607 1157; x_wconf 77' lang='lat' dir='ltr'><strong>Dominus</strong></span> 
     </span>
    </p>
   </div>
   <div class='ocr_carea' id='block_1_29' title="bbox 2062 1191 2914 1260">
    <p class='ocr_par' dir='ltr' id='par_1_29' title="bbox 2062 1191 2914 1260">
     <span class='ocr_line' id='line_1_29' title="bbox 2062 1191 2914 1260; baseline 0 -16"><span class='ocrx_word' id='word_1_202' title='bbox 2062 1191 2336 1256; x_wconf 73' lang='lat' dir='ltr'><strong>vobiscum,</strong></span> <span class='ocrx_word' id='word_1_203' title='bbox 2369 1201 2420 1245; x_wconf 90' lang='lat' dir='ltr'><strong>et</strong></span> <span class='ocrx_word' id='word_1_204' title='bbox 2443 1193 2713 1260; x_wconf 76' lang='lat' dir='ltr'><strong>peragitur</strong></span> <span class='ocrx_word' id='word_1_205' title='bbox 2733 1195 2914 1247; x_wconf 90' lang='lat' dir='ltr'><strong>missa.</strong></span> 
     </span>
    </p>
   </div>
   <div class='ocr_carea' id='block_1_30' title="bbox 2129 1281 3605 1348">
    <p class='ocr_par' dir='ltr' id='par_1_30' title="bbox 2129 1281 3605 1348">
     <span class='ocr_line' id='line_1_30' title="bbox 2129 1281 3605 1348; baseline 0.001 -15"><span class='ocrx_word' id='word_1_206' title='bbox 2129 1281 2247 1348; x_wconf 87' lang='lat' dir='ltr'><strong>Ipso</strong></span> <span class='ocrx_word' id='word_1_207' title='bbox 2273 1282 2358 1335; x_wconf 91' lang='lat' dir='ltr'><strong>die</strong></span> <span class='ocrx_word' id='word_1_208' title='bbox 2380 1283 2450 1335; x_wconf 91' lang='lat' dir='ltr'><strong>ita</strong></span> <span class='ocrx_word' id='word_1_209' title='bbox 2471 1282 2749 1336; x_wconf 89' lang='lat' dir='ltr'><strong>conﬁcitur</strong></span> <span class='ocrx_word' id='word_1_210' title='bbox 2775 1283 3017 1336; x_wconf 80' lang='lat' dir='ltr'><strong>chrisma</strong></span> <span class='ocrx_word' id='word_1_211' title='bbox 3041 1301 3054 1336; x_wconf 87' lang='lat'><strong>:</strong></span> <span class='ocrx_word' id='word_1_212' title='bbox 3081 1285 3134 1336; x_wconf 91' lang='lat' dir='ltr'><strong>in</strong></span> <span class='ocrx_word' id='word_1_213' title='bbox 3159 1282 3346 1336; x_wconf 91' lang='lat' dir='ltr'><strong>ultimo</strong></span> <span class='ocrx_word' id='word_1_214' title='bbox 3370 1282 3434 1336; x_wconf 90' lang='lat' dir='ltr'><strong>ad</strong></span> <span class='ocrx_word' id='word_1_215' title='bbox 3482 1283 3605 1335; x_wconf 78' lang='lat' dir='ltr'><strong>mis-</strong></span> 
     </span>
    </p>
   </div>
   <div class='ocr_carea' id='block_1_31' title="bbox 2060 1368 3604 1440">
    <p class='ocr_par' dir='ltr' id='par_1_31' title="bbox 2060 1368 3604 1440">
     <span class='ocr_line' id='line_1_31' title="bbox 2060 1368 3604 1440; baseline -0.002 -17"><span class='ocrx_word' id='word_1_216' title='bbox 2060 1383 2174 1423; x_wconf 89' lang='lat' dir='ltr'><strong>sam</strong></span> <span class='ocrx_word' id='word_1_217' title='bbox 2214 1377 2498 1440; x_wconf 89' lang='lat' dir='ltr'><strong>antequam</strong></span> <span class='ocrx_word' id='word_1_218' title='bbox 2525 1369 2751 1434; x_wconf 83' lang='lat' dir='ltr'><strong>dicatur,</strong></span> <span class='ocrx_word' id='word_1_219' title='bbox 2780 1387 2870 1439; x_wconf 82' lang='lat' dir='ltr'><strong>per</strong></span> <span class='ocrx_word' id='word_1_220' title='bbox 2894 1385 3041 1438; x_wconf 85' lang='lat' dir='ltr'><strong>quem</strong></span> <span class='ocrx_word' id='word_1_221' title='bbox 3068 1372 3176 1423; x_wconf 80' lang='lat' dir='ltr'><strong>[uec</strong></span> <span class='ocrx_word' id='word_1_222' title='bbox 3205 1370 3397 1432; x_wconf 88' lang='lat' dir='ltr'><strong>omnia,</strong></span> <span class='ocrx_word' id='word_1_223' title='bbox 3425 1368 3604 1421; x_wconf 86' lang='lat' dir='ltr'><strong>Domi-</strong></span> 
     </span>
    </p>
   </div>
   <div class='ocr_carea' id='block_1_32' title="bbox 2061 1457 3606 1526">
    <p class='ocr_par' dir='ltr' id='par_1_32' title="bbox 2061 1457 3606 1526">
     <span class='ocr_line' id='line_1_32' title="bbox 2061 1457 3606 1526; baseline 0.001 -17"><span class='ocrx_word' id='word_1_224' title='bbox 2061 1473 2144 1521; x_wconf 87' lang='lat' dir='ltr'><strong>ne,</strong></span> <span class='ocrx_word' id='word_1_225' title='bbox 2171 1473 2366 1525; x_wconf 78' lang='lat' dir='ltr'><strong>semper</strong></span> <span class='ocrx_word' id='word_1_226' title='bbox 2405 1457 2537 1510; x_wconf 82' lang='lat' dir='ltr'><strong>bona</strong></span> <span class='ocrx_word' id='word_1_227' title='bbox 2593 1474 2758 1522; x_wconf 80' lang='lat' dir='ltr'><strong>creas,</strong></span> <span class='ocrx_word' id='word_1_228' title='bbox 2810 1459 3014 1512; x_wconf 87' lang='lat' dir='ltr'><strong>levatur</strong></span> <span class='ocrx_word' id='word_1_229' title='bbox 3057 1459 3121 1512; x_wconf 88' lang='lat' dir='ltr'><strong>de</strong></span> <span class='ocrx_word' id='word_1_230' title='bbox 3172 1457 3431 1526; x_wconf 89' lang='lat' dir='ltr'><strong>ampullis,</strong></span> <span class='ocrx_word' id='word_1_231' title='bbox 3477 1472 3606 1524; x_wconf 90' lang='lat' dir='ltr'><strong>quas</strong></span> 
     </span>
    </p>
   </div>
   <div class='ocr_carea' id='block_1_33' title="bbox 2058 1545 3602 1614">
    <p class='ocr_par' dir='ltr' id='par_1_33' title="bbox 2058 1545 3602 1614">
     <span class='ocr_line' id='line_1_33' title="bbox 2058 1545 3602 1614; baseline -0.003 -14"><span class='ocrx_word' id='word_1_232' title='bbox 2058 1545 2287 1600; x_wconf 75' lang='lat' dir='ltr'><strong>offerunt</strong></span> <span class='ocrx_word' id='word_1_233' title='bbox 2313 1546 2514 1614; x_wconf 92' lang='lat' dir='ltr'><strong>populi,</strong></span> <span class='ocrx_word' id='word_1_234' title='bbox 2531 1555 2584 1600; x_wconf 90' lang='lat' dir='ltr'><strong>et</strong></span> <span class='ocrx_word' id='word_1_235' title='bbox 2603 1546 2866 1600; x_wconf 91' lang='lat' dir='ltr'><strong>benedicit</strong></span> <span class='ocrx_word' id='word_1_236' title='bbox 2888 1554 2994 1600; x_wconf 90' lang='lat' dir='ltr'><strong>tam</strong></span> <span class='ocrx_word' id='word_1_237' title='bbox 3010 1545 3260 1600; x_wconf 89' lang='lat' dir='ltr'><strong>Dominus</strong></span> <span class='ocrx_word' id='word_1_238' title='bbox 3280 1559 3431 1613; x_wconf 90' lang='lat' dir='ltr'><strong>papa,</strong></span> <span class='ocrx_word' id='word_1_239' title='bbox 3447 1559 3602 1612; x_wconf 87' lang='lat' dir='ltr'><strong>quam</strong></span> 
     </span>
    </p>
   </div>
   <div class='ocr_carea' id='block_1_34' title="bbox 407 1627 3596 1713">
    <p class='ocr_par' dir='ltr' id='par_1_34' title="bbox 407 1627 3596 1713">
     <span class='ocr_line' id='line_1_34' title="bbox 407 1627 3596 1713; baseline -0.003 -20"><span class='ocrx_word' id='word_1_240' title='bbox 407 1657 463 1694; x_wconf 81' lang='lat' dir='ltr'><strong>re</strong></span> <span class='ocrx_word' id='word_1_241' title='bbox 488 1639 720 1695; x_wconf 78' lang='lat' dir='ltr'><strong>Christos</strong></span> <span class='ocrx_word' id='word_1_242' title='bbox 748 1659 885 1696; x_wconf 87' lang='lat' dir='ltr'><strong>meos</strong></span> <span class='ocrx_word' id='word_1_243' title='bbox 905 1640 1076 1713; x_wconf 87' lang='lat' dir='ltr'><strong>(Psal.</strong></span> <span class='ocrx_word' id='word_1_244' title='bbox 1103 1627 1210 1706; x_wconf 72' lang='lat' dir='ltr'><strong>civ,</strong></span> <span class='ocrx_word' id='word_1_245' title='bbox 1262 1642 1370 1713; x_wconf 78' lang='grc'><strong>15).</strong></span> <span class='ocrx_word' id='word_1_246' title='bbox 1405 1643 1638 1712; x_wconf 84' lang='lat' dir='ltr'><strong>Eratque</strong></span> <span class='ocrx_word' id='word_1_247' title='bbox 1666 1659 1730 1698; x_wconf 91' lang='lat' dir='ltr'><strong>co</strong></span> <span class='ocrx_word' id='word_1_248' title='bbox 1757 1653 1960 1712; x_wconf 87' lang='lat' dir='ltr'><strong>tempo-</strong></span> <span class='ocrx_word' id='word_1_249' title='bbox 1989 1631 2032 1690; x_wconf 85' lang='grc' dir='ltr'><strong>Β</strong></span> <span class='ocrx_word' id='word_1_250' title='bbox 2057 1649 2242 1689; x_wconf 90' lang='lat' dir='ltr'><strong>omnes</strong></span> <span class='ocrx_word' id='word_1_251' title='bbox 2270 1635 2560 1704; x_wconf 81' lang='lat' dir='ltr'><strong>presbyteri</strong></span> <span class='ocrx_word' id='word_1_252' title='bbox 2636 1637 2825 1690; x_wconf 89' lang='lat' dir='ltr'><strong>deinde</strong></span> <span class='ocrx_word' id='word_1_253' title='bbox 2847 1635 3086 1703; x_wconf 91' lang='lat' dir='ltr'><strong>sequitur</strong></span> <span class='ocrx_word' id='word_1_254' title='bbox 3107 1635 3436 1688; x_wconf 83' lang='lat' dir='ltr'><strong>exorcismus</strong></span> <span class='ocrx_word' id='word_1_255' title='bbox 3478 1633 3596 1685; x_wconf 88' lang='lat' dir='ltr'><strong>olei.</strong></span> 
     </span>
    </p>
   </div>
   <div class='ocr_carea' id='block_1_35' title="bbox 407 1731 1950 1801">
    <p class='ocr_par' dir='ltr' id='par_1_35' title="bbox 407 1731 1950 1801">
     <span class='ocr_line' id='line_1_35' title="bbox 407 1731 1950 1801; baseline 0.003 -19"><span class='ocrx_word' id='word_1_256' title='bbox 407 1736 466 1783; x_wconf 78' lang='lat' dir='ltr'><strong>re</strong></span> <span class='ocrx_word' id='word_1_257' title='bbox 487 1739 693 1783; x_wconf 90' lang='lat' dir='ltr'><strong>tantum</strong></span> <span class='ocrx_word' id='word_1_258' title='bbox 727 1732 780 1784; x_wconf 94' lang='lat' dir='ltr'><strong>in</strong></span> <span class='ocrx_word' id='word_1_259' title='bbox 801 1732 1012 1800; x_wconf 84' lang='lat' dir='ltr'><strong>regibus</strong></span> <span class='ocrx_word' id='word_1_260' title='bbox 1034 1739 1088 1785; x_wconf 87' lang='lat' dir='ltr'><strong>et</strong></span> <span class='ocrx_word' id='word_1_261' title='bbox 1108 1731 1474 1786; x_wconf 88' lang='lat' dir='ltr'><strong>sacerdotibus</strong></span> <span class='ocrx_word' id='word_1_262' title='bbox 1504 1732 1728 1801; x_wconf 89' lang='lat' dir='ltr'><strong>mystica</strong></span> <span class='ocrx_word' id='word_1_263' title='bbox 1754 1734 1950 1787; x_wconf 91' lang='lat' dir='ltr'><strong>unctio.</strong></span> 
     </span>
    </p>
   </div>
   <div class='ocr_carea' id='block_1_36' title="bbox 407 1809 1955 1888">
    <p class='ocr_par' dir='ltr' id='par_1_36' title="bbox 407 1809 1955 1888">
     <span class='ocr_line' id='line_1_36' title="bbox 407 1809 1955 1888; baseline 0.003 -15"><span class='ocrx_word' id='word_1_264' title='bbox 407 1809 802 1888; x_wconf 74' lang='lat' dir='ltr'><strong>Sedpostquam</strong></span> <span class='ocrx_word' id='word_1_265' title='bbox 838 1820 1090 1873; x_wconf 81' lang='lat' dir='ltr'><strong>Dominus</strong></span> <span class='ocrx_word' id='word_1_266' title='bbox 1119 1826 1301 1874; x_wconf 91' lang='lat' dir='ltr'><strong>noster</strong></span> <span class='ocrx_word' id='word_1_267' title='bbox 1323 1835 1483 1874; x_wconf 88' lang='lat' dir='ltr'><strong>verus</strong></span> <span class='ocrx_word' id='word_1_268' title='bbox 1506 1837 1598 1876; x_wconf 89' lang='lat' dir='ltr'><strong>rex</strong></span> <span class='ocrx_word' id='word_1_269' title='bbox 1631 1829 1686 1875; x_wconf 89' lang='lat' dir='ltr'><strong>et</strong></span> <span class='ocrx_word' id='word_1_270' title='bbox 1710 1822 1955 1877; x_wconf 87' lang='lat' dir='ltr'><strong>sacerdos</strong></span> 
     </span>
    </p>
   </div>
   <div class='ocr_carea' id='block_1_37' title="bbox 402 1909 1953 1980">
    <p class='ocr_par' dir='ltr' id='par_1_37' title="bbox 402 1909 1953 1980">
     <span class='ocr_line' id='line_1_37' title="bbox 402 1909 1953 1980; baseline 0.001 -16"><span class='ocrx_word' id='word_1_271' title='bbox 402 1919 682 1965; x_wconf 71' lang='lat' dir='ltr'><strong>zeternusa</strong></span> <span class='ocrx_word' id='word_1_272' title='bbox 716 1911 826 1965; x_wconf 91' lang='lat' dir='ltr'><strong>Deo</strong></span> <span class='ocrx_word' id='word_1_273' title='bbox 857 1911 1014 1966; x_wconf 84' lang='lat' dir='ltr'><strong>Patre</strong></span> <span class='ocrx_word' id='word_1_274' title='bbox 1040 1909 1244 1965; x_wconf 66' lang='lat' dir='ltr'><strong>caelesti</strong></span> <span class='ocrx_word' id='word_1_275' title='bbox 1284 1911 1385 1964; x_wconf 93' lang='lat' dir='ltr'><strong>hoc</strong></span> <span class='ocrx_word' id='word_1_276' title='bbox 1413 1911 1655 1980; x_wconf 62' lang='lat' dir='ltr'><strong>mystico&quot;</strong></span> <span class='ocrx_word' id='word_1_277' title='bbox 1692 1920 1774 1966; x_wconf 88' lang='lat' dir='ltr'><strong>est</strong></span> <span class='ocrx_word' id='word_1_278' title='bbox 1823 1911 1953 1966; x_wconf 87' lang='lat' dir='ltr'><strong>deli-</strong></span> 
     </span>
    </p>
   </div>
   <div class='ocr_carea' id='block_1_38' title="bbox 352 1997 1955 2070">
    <p class='ocr_par' dir='ltr' id='par_1_38' title="bbox 352 1997 1955 2070">
     <span class='ocr_line' id='line_1_38' title="bbox 352 1997 1955 2070; baseline 0.002 -18"><span class='ocrx_word' id='word_1_279' title='bbox 352 2008 355 2010; x_wconf 72' lang='lat'><strong><em>&#39;</em></strong></span> <span class='ocrx_word' id='word_1_280' title='bbox 401 1999 564 2054; x_wconf 87' lang='lat' dir='ltr'><strong>butus</strong></span> <span class='ocrx_word' id='word_1_281' title='bbox 588 1997 1004 2069; x_wconf 66' lang='lat' dir='ltr'><strong>unguento,.jam</strong></span> <span class='ocrx_word' id='word_1_282' title='bbox 1039 2013 1143 2064; x_wconf 84' lang='lat' dir='ltr'><strong>non</strong></span> <span class='ocrx_word' id='word_1_283' title='bbox 1169 1999 1265 2053; x_wconf 91' lang='lat' dir='ltr'><strong>soli</strong></span> <span class='ocrx_word' id='word_1_284' title='bbox 1291 2014 1442 2069; x_wconf 89' lang='lat' dir='ltr'><strong>reges</strong></span> <span class='ocrx_word' id='word_1_285' title='bbox 1465 2011 1516 2053; x_wconf 91' lang='lat' dir='ltr'><strong>et</strong></span> <span class='ocrx_word' id='word_1_286' title='bbox 1539 1999 1838 2070; x_wconf 91' lang='lat' dir='ltr'><strong>pontiﬁces,</strong></span> <span class='ocrx_word' id='word_1_287' title='bbox 1861 2003 1955 2056; x_wconf 91' lang='lat' dir='ltr'><strong>sed</strong></span> 
     </span>
    </p>
   </div>
   <div class='ocr_carea' id='block_1_39' title="bbox 402 2088 1954 2158">
    <p class='ocr_par' dir='ltr' id='par_1_39' title="bbox 402 2088 1954 2158">
     <span class='ocr_line' id='line_1_39' title="bbox 402 2088 1954 2158; baseline 0.001 -16"><span class='ocrx_word' id='word_1_288' title='bbox 402 2089 576 2142; x_wconf 91' lang='lat' dir='ltr'><strong>omnis</strong></span> <span class='ocrx_word' id='word_1_289' title='bbox 601 2089 834 2145; x_wconf 84' lang='lat' dir='ltr'><strong>Ecclesia</strong></span> <span class='ocrx_word' id='word_1_290' title='bbox 861 2088 1110 2145; x_wconf 80' lang='lat' dir='ltr'><strong>unetione</strong></span> <span class='ocrx_word' id='word_1_291' title='bbox 1139 2088 1439 2142; x_wconf 87' lang='lat' dir='ltr'><strong>chrismatis</strong></span> <span class='ocrx_word' id='word_1_292' title='bbox 1465 2098 1824 2153; x_wconf 87' lang='lat' dir='ltr'><strong>consecratur,</strong></span> <span class='ocrx_word' id='word_1_293' title='bbox 1858 2105 1954 2158; x_wconf 92' lang='lat' dir='ltr'><strong>pro</strong></span> 
     </span>
    </p>
   </div>
   <div class='ocr_carea' id='block_1_40' title="bbox 402 2176 1952 2247">
    <p class='ocr_par' dir='ltr' id='par_1_40' title="bbox 402 2176 1952 2247">
     <span class='ocr_line' id='line_1_40' title="bbox 402 2176 1952 2247; baseline -0.001 -16"><span class='ocrx_word' id='word_1_294' title='bbox 402 2193 468 2231; x_wconf 87' lang='lat' dir='ltr'><strong>eo</strong></span> <span class='ocrx_word' id='word_1_295' title='bbox 488 2181 628 2247; x_wconf 88' lang='lat' dir='ltr'><strong>quod</strong></span> <span class='ocrx_word' id='word_1_296' title='bbox 654 2177 948 2232; x_wconf 75' lang='lat' dir='ltr'><strong>membrum</strong></span> <span class='ocrx_word' id='word_1_297' title='bbox 970 2186 1051 2232; x_wconf 90' lang='lat' dir='ltr'><strong>est</strong></span> <span class='ocrx_word' id='word_1_298' title='bbox 1072 2177 1254 2230; x_wconf 73' lang='lat' dir='ltr'><strong>aeterni</strong></span> <span class='ocrx_word' id='word_1_299' title='bbox 1278 2177 1416 2246; x_wconf 80' lang='lat' dir='ltr'><strong>regis</strong></span> <span class='ocrx_word' id='word_1_300' title='bbox 1427 2184 1479 2229; x_wconf 92' lang='lat' dir='ltr'><strong>et</strong></span> <span class='ocrx_word' id='word_1_301' title='bbox 1493 2177 1800 2230; x_wconf 87' lang='lat' dir='ltr'><strong>sacerdotis.</strong></span> <span class='ocrx_word' id='word_1_302' title='bbox 1817 2176 1952 2230; x_wconf 92' lang='lat' dir='ltr'><strong>Con-</strong></span> 
     </span>
    </p>
   </div>
   <div class='ocr_carea' id='block_1_41' title="bbox 402 2265 1948 2334">
    <p class='ocr_par' dir='ltr' id='par_1_41' title="bbox 402 2265 1948 2334">
     <span class='ocr_line' id='line_1_41' title="bbox 402 2265 1948 2334; baseline -0.001 -14"><span class='ocrx_word' id='word_1_303' title='bbox 402 2267 579 2321; x_wconf 87' lang='lat' dir='ltr'><strong>ﬁcitur</strong></span> <span class='ocrx_word' id='word_1_304' title='bbox 597 2267 739 2320; x_wconf 90' lang='lat' dir='ltr'><strong>enim</strong></span> <span class='ocrx_word' id='word_1_305' title='bbox 761 2281 828 2320; x_wconf 89' lang='lat' dir='ltr'><strong>ex</strong></span> <span class='ocrx_word' id='word_1_306' title='bbox 848 2267 965 2320; x_wconf 89' lang='lat' dir='ltr'><strong>oleo</strong></span> <span class='ocrx_word' id='word_1_307' title='bbox 988 2266 1336 2321; x_wconf 91' lang='lat' dir='ltr'><strong>mundissimo</strong></span> <span class='ocrx_word' id='word_1_308' title='bbox 1372 2274 1427 2319; x_wconf 91' lang='lat' dir='ltr'><strong>et</strong></span> <span class='ocrx_word' id='word_1_309' title='bbox 1467 2266 1666 2334; x_wconf 86' lang='lat' dir='ltr'><strong>optimo</strong></span> <span class='ocrx_word' id='word_1_310' title='bbox 1695 2265 1948 2320; x_wconf 91' lang='lat' dir='ltr'><strong>balsamo.</strong></span> 
     </span>
    </p>
   </div>
   <div class='ocr_carea' id='block_1_42' title="bbox 401 2354 1955 2426">
    <p class='ocr_par' dir='ltr' id='par_1_42' title="bbox 401 2354 1955 2426">
     <span class='ocr_line' id='line_1_42' title="bbox 401 2354 1955 2426; baseline -0.001 -16"><span class='ocrx_word' id='word_1_311' title='bbox 401 2355 536 2422; x_wconf 83' lang='lat' dir='ltr'><strong>Quia</strong></span> <span class='ocrx_word' id='word_1_312' title='bbox 558 2371 725 2426; x_wconf 90' lang='lat' dir='ltr'><strong>genus</strong></span> <span class='ocrx_word' id='word_1_313' title='bbox 746 2355 922 2426; x_wconf 84' lang='lat' dir='ltr'><strong>regale</strong></span> <span class='ocrx_word' id='word_1_314' title='bbox 955 2365 1010 2409; x_wconf 89' lang='lat' dir='ltr'><strong>et</strong></span> <span class='ocrx_word' id='word_1_315' title='bbox 1060 2354 1385 2410; x_wconf 88' lang='lat' dir='ltr'><strong>sacerdotale</strong></span> <span class='ocrx_word' id='word_1_316' title='bbox 1428 2370 1627 2419; x_wconf 89' lang='lat' dir='ltr'><strong>sumus,</strong></span> <span class='ocrx_word' id='word_1_317' title='bbox 1659 2355 1777 2409; x_wconf 90' lang='lat' dir='ltr'><strong>ideo</strong></span> <span class='ocrx_word' id='word_1_318' title='bbox 1834 2365 1955 2424; x_wconf 91' lang='lat' dir='ltr'><strong>post</strong></span> 
     </span>
    </p>
   </div>
   <div class='ocr_carea' id='block_1_43' title="bbox 399 2444 1947 2519">
    <p class='ocr_par' dir='ltr' id='par_1_43' title="bbox 399 2444 1947 2519">
     <span class='ocr_line' id='line_1_43' title="bbox 399 2444 1947 2519; baseline 0 -21"><span class='ocrx_word' id='word_1_319' title='bbox 399 2445 670 2519; x_wconf 76' lang='lat' dir='ltr'><strong>lavacrum</strong></span> <span class='ocrx_word' id='word_1_320' title='bbox 705 2447 978 2514; x_wconf 90' lang='lat' dir='ltr'><strong>ungimur,</strong></span> <span class='ocrx_word' id='word_1_321' title='bbox 1003 2454 1062 2498; x_wconf 93' lang='lat' dir='ltr'><strong>ut</strong></span> <span class='ocrx_word' id='word_1_322' title='bbox 1098 2444 1295 2499; x_wconf 90' lang='lat' dir='ltr'><strong>Christi</strong></span> <span class='ocrx_word' id='word_1_323' title='bbox 1359 2444 1572 2499; x_wconf 91' lang='lat' dir='ltr'><strong>nomine</strong></span> <span class='ocrx_word' id='word_1_324' title='bbox 1614 2460 1947 2500; x_wconf 88' lang='lat' dir='ltr'><strong>censeamur.</strong></span> 
     </span>
    </p>
   </div>
   <div class='ocr_carea' id='block_1_44' title="bbox 398 2533 1950 2602">
    <p class='ocr_par' dir='ltr' id='par_1_44' title="bbox 398 2533 1950 2602">
     <span class='ocr_line' id='line_1_44' title="bbox 398 2533 1950 2602; baseline 0.001 -14"><span class='ocrx_word' id='word_1_325' title='bbox 398 2533 716 2588; x_wconf 86' lang='lat' dir='ltr'><strong>Chrismalis</strong></span> <span class='ocrx_word' id='word_1_326' title='bbox 740 2535 882 2587; x_wconf 91' lang='lat' dir='ltr'><strong>enim</strong></span> <span class='ocrx_word' id='word_1_327' title='bbox 907 2534 1087 2588; x_wconf 86' lang='lat' dir='ltr'><strong>unctio</strong></span> <span class='ocrx_word' id='word_1_328' title='bbox 1112 2533 1409 2589; x_wconf 88' lang='lat' dir='ltr'><strong>sanctiﬁcat</strong></span> <span class='ocrx_word' id='word_1_329' title='bbox 1445 2533 1558 2602; x_wconf 82' lang='lat' dir='ltr'><strong>jam</strong></span> <span class='ocrx_word' id='word_1_330' title='bbox 1588 2535 1826 2590; x_wconf 89' lang='lat' dir='ltr'><strong>viventes</strong></span> <span class='ocrx_word' id='word_1_331' title='bbox 1884 2550 1950 2590; x_wconf 92' lang='lat' dir='ltr'><strong>ex</strong></span> 
     </span>
    </p>
   </div>
   <div class='ocr_carea' id='block_1_45' title="bbox 399 2621 1948 2693">
    <p class='ocr_par' dir='ltr' id='par_1_45' title="bbox 399 2621 1948 2693">
     <span class='ocr_line' id='line_1_45' title="bbox 399 2621 1948 2693; baseline 0.001 -16"><span class='ocrx_word' id='word_1_332' title='bbox 399 2623 646 2678; x_wconf 87' lang='lat' dir='ltr'><strong>mortuis.</strong></span> <span class='ocrx_word' id='word_1_333' title='bbox 676 2623 741 2677; x_wconf 85' lang='lat' dir='ltr'><strong>Et</strong></span> <span class='ocrx_word' id='word_1_334' title='bbox 763 2624 878 2678; x_wconf 91' lang='lat' dir='ltr'><strong>ideo</strong></span> <span class='ocrx_word' id='word_1_335' title='bbox 905 2623 1034 2676; x_wconf 85' lang='lat' dir='ltr'><strong>feria</strong></span> <span class='ocrx_word' id='word_1_336' title='bbox 1055 2623 1240 2691; x_wconf 85' lang='lat' dir='ltr'><strong>quinta</strong></span> <span class='ocrx_word' id='word_1_337' title='bbox 1288 2621 1584 2685; x_wconf 88' lang='lat' dir='ltr'><strong>conﬁcitur,</strong></span> <span class='ocrx_word' id='word_1_338' title='bbox 1611 2625 1735 2692; x_wconf 83' lang='lat' dir='ltr'><strong>quia</strong></span> <span class='ocrx_word' id='word_1_339' title='bbox 1761 2625 1948 2693; x_wconf 90' lang='lat' dir='ltr'><strong>quinta</strong></span> 
     </span>
    </p>
   </div>
   <div class='ocr_carea' id='block_1_46' title="bbox 397 2710 1950 2781">
    <p class='ocr_par' dir='ltr' id='par_1_46' title="bbox 397 2710 1950 2781">
     <span class='ocr_line' id='line_1_46' title="bbox 397 2710 1950 2781; baseline 0.001 -15"><span class='ocrx_word' id='word_1_340' title='bbox 397 2721 555 2767; x_wconf 78' lang='lat' dir='ltr'><strong>:etate</strong></span> <span class='ocrx_word' id='word_1_341' title='bbox 574 2712 756 2768; x_wconf 89' lang='lat' dir='ltr'><strong>mundi</strong></span> <span class='ocrx_word' id='word_1_342' title='bbox 785 2713 851 2766; x_wconf 90' lang='lat' dir='ltr'><strong>ad</strong></span> <span class='ocrx_word' id='word_1_343' title='bbox 876 2727 972 2766; x_wconf 90' lang='lat' dir='ltr'><strong>nos</strong></span> <span class='ocrx_word' id='word_1_344' title='bbox 993 2710 1239 2766; x_wconf 90' lang='lat' dir='ltr'><strong>Christus</strong></span> <span class='ocrx_word' id='word_1_345' title='bbox 1259 2711 1467 2767; x_wconf 87' lang='lat' dir='ltr'><strong>venisse</strong></span> <span class='ocrx_word' id='word_1_346' title='bbox 1487 2711 1819 2781; x_wconf 86' lang='lat' dir='ltr'><strong>perhibetur,</strong></span> <span class='ocrx_word' id='word_1_347' title='bbox 1837 2713 1950 2768; x_wconf 89' lang='lat' dir='ltr'><strong>sive</strong></span> 
     </span>
    </p>
   </div>
   <div class='ocr_carea' id='block_1_47' title="bbox 396 2795 1949 2870">
    <p class='ocr_par' dir='ltr' id='par_1_47' title="bbox 396 2795 1949 2870">
     <span class='ocr_line' id='line_1_47' title="bbox 396 2795 1949 2870; baseline 0.001 -15"><span class='ocrx_word' id='word_1_348' title='bbox 396 2803 536 2870; x_wconf 87' lang='lat' dir='ltr'><strong>quod</strong></span> <span class='ocrx_word' id='word_1_349' title='bbox 567 2811 690 2856; x_wconf 85' lang='lat' dir='ltr'><strong>ante</strong></span> <span class='ocrx_word' id='word_1_350' title='bbox 715 2803 930 2857; x_wconf 90' lang='lat' dir='ltr'><strong>biduum</strong></span> <span class='ocrx_word' id='word_1_351' title='bbox 957 2795 1174 2858; x_wconf 71' lang='lat' dir='ltr'><strong>PaScha:</strong></span> <span class='ocrx_word' id='word_1_352' title='bbox 1205 2800 1368 2854; x_wconf 79' lang='lat' dir='ltr'><strong>Maria</strong></span> <span class='ocrx_word' id='word_1_353' title='bbox 1389 2809 1547 2870; x_wconf 84' lang='lat' dir='ltr'><strong>caput</strong></span> <span class='ocrx_word' id='word_1_354' title='bbox 1575 2815 1638 2856; x_wconf 87' lang='lat' dir='ltr'><strong>ac</strong></span> <span class='ocrx_word' id='word_1_355' title='bbox 1659 2800 1820 2870; x_wconf 86' lang='lat' dir='ltr'><strong>pedes</strong></span> <span class='ocrx_word' id='word_1_356' title='bbox 1848 2801 1949 2856; x_wconf 91' lang='lat' dir='ltr'><strong>Do-</strong></span> 
     </span>
    </p>
   </div>
   <div class='ocr_carea' id='block_1_48' title="bbox 396 2887 1945 2958">
    <p class='ocr_par' dir='ltr' id='par_1_48' title="bbox 396 2887 1945 2958">
     <span class='ocr_line' id='line_1_48' title="bbox 396 2887 1945 2958; baseline -0.001 -15"><span class='ocrx_word' id='word_1_357' title='bbox 396 2890 525 2943; x_wconf 91' lang='lat' dir='ltr'><strong>mini</strong></span> <span class='ocrx_word' id='word_1_358' title='bbox 545 2891 812 2958; x_wconf 75' lang='lat' dir='ltr'><strong>perunxit.-</strong></span> <span class='ocrx_word' id='word_1_359' title='bbox 847 2889 1186 2944; x_wconf 87' lang='lat' dir='ltr'><strong>Benedicitur</strong></span> <span class='ocrx_word' id='word_1_360' title='bbox 1218 2888 1396 2942; x_wconf 90' lang='lat' dir='ltr'><strong>oleum</strong></span> <span class='ocrx_word' id='word_1_361' title='bbox 1442 2887 1804 2953; x_wconf 86' lang='lat' dir='ltr'><strong>inﬁrmorum,</strong></span> <span class='ocrx_word' id='word_1_362' title='bbox 1856 2890 1945 2957; x_wconf 91' lang='lat' dir='ltr'><strong>qui</strong></span> 
     </span>
    </p>
   </div>
   <div class='ocr_carea' id='block_1_49' title="bbox 2060 1723 3596 1794">
    <p class='ocr_par' dir='ltr' id='par_1_49' title="bbox 2060 1723 3596 1794">
     <span class='ocr_line' id='line_1_49' title="bbox 2060 1723 3596 1794; baseline -0.003 -18"><span class='ocrx_word' id='word_1_363' title='bbox 2060 1724 2152 1778; x_wconf 90' lang='lat' dir='ltr'><strong>llis</strong></span> <span class='ocrx_word' id='word_1_364' title='bbox 2172 1723 2413 1792; x_wconf 74' lang='lat' dir='ltr'><strong>expletis,</strong></span> <span class='ocrx_word' id='word_1_365' title='bbox 2443 1726 2682 1794; x_wconf 89' lang='lat' dir='ltr'><strong>sequitur</strong></span> <span class='ocrx_word' id='word_1_366' title='bbox 2717 1725 2900 1780; x_wconf 89' lang='lat' dir='ltr'><strong>Oratio</strong></span> <span class='ocrx_word' id='word_1_367' title='bbox 2926 1724 3217 1778; x_wconf 89' lang='lat' dir='ltr'><strong>Dominica.</strong></span> <span class='ocrx_word' id='word_1_368' title='bbox 3262 1723 3443 1775; x_wconf 82' lang='lat' dir='ltr'><strong>Libera</strong></span> <span class='ocrx_word' id='word_1_369' title='bbox 3489 1737 3596 1783; x_wconf 85' lang='lat' dir='ltr'><strong>nos,</strong></span> 
     </span>
    </p>
   </div>
   <div class='ocr_carea' id='block_1_50' title="bbox 2052 1809 3602 1881">
    <p class='ocr_par' dir='ltr' id='par_1_50' title="bbox 2052 1809 3602 1881">
     <span class='ocr_line' id='line_1_50' title="bbox 2052 1809 3602 1881; baseline -0.003 -15"><span class='ocrx_word' id='word_1_370' title='bbox 2052 1828 2367 1881; x_wconf 76' lang='lat' dir='ltr'><strong>qua’sumus,</strong></span> <span class='ocrx_word' id='word_1_371' title='bbox 2417 1812 2652 1866; x_wconf 79' lang='lat' dir='ltr'><strong>Domine.</strong></span> <span class='ocrx_word' id='word_1_372' title='bbox 2682 1812 2798 1865; x_wconf 76' lang='lat' dir='ltr'><strong>Pax</strong></span> <span class='ocrx_word' id='word_1_373' title='bbox 2817 1813 3044 1876; x_wconf 80' lang='lat' dir='ltr'><strong>Domini,</strong></span> <span class='ocrx_word' id='word_1_374' title='bbox 3093 1821 3140 1862; x_wconf 81' lang='lat' dir='ltr'><strong>et</strong></span> <span class='ocrx_word' id='word_1_375' title='bbox 3170 1810 3346 1878; x_wconf 81' lang='lat' dir='ltr'><strong>Agnus</strong></span> <span class='ocrx_word' id='word_1_376' title='bbox 3386 1809 3502 1870; x_wconf 88' lang='lat' dir='ltr'><strong>Dei,</strong></span> <span class='ocrx_word' id='word_1_377' title='bbox 3549 1819 3602 1862; x_wconf 88' lang='lat' dir='ltr'><strong>ct</strong></span> 
     </span>
    </p>
   </div>
   <div class='ocr_carea' id='block_1_51' title="bbox 2054 1899 3593 1970">
    <p class='ocr_par' dir='ltr' id='par_1_51' title="bbox 2054 1899 3593 1970">
     <span class='ocr_line' id='line_1_51' title="bbox 2054 1899 3593 1970; baseline -0.003 -16"><span class='ocrx_word' id='word_1_378' title='bbox 2054 1902 2410 1954; x_wconf 90' lang='lat' dir='ltr'><strong>communicat</strong></span> <span class='ocrx_word' id='word_1_379' title='bbox 2437 1901 2672 1970; x_wconf 76' lang='lat' dir='ltr'><strong>pontifex</strong></span> <span class='ocrx_word' id='word_1_380' title='bbox 2699 1901 2861 1964; x_wconf 88' lang='lat' dir='ltr'><strong>solus,</strong></span> <span class='ocrx_word' id='word_1_381' title='bbox 2889 1909 2944 1954; x_wconf 91' lang='lat' dir='ltr'><strong>et</strong></span> <span class='ocrx_word' id='word_1_382' title='bbox 2972 1900 3108 1953; x_wconf 90' lang='lat' dir='ltr'><strong>redit</strong></span> <span class='ocrx_word' id='word_1_383' title='bbox 3129 1899 3194 1951; x_wconf 88' lang='lat' dir='ltr'><strong>ad</strong></span> <span class='ocrx_word' id='word_1_384' title='bbox 3216 1899 3394 1952; x_wconf 88' lang='lat' dir='ltr'><strong>sedem</strong></span> <span class='ocrx_word' id='word_1_385' title='bbox 3425 1913 3593 1961; x_wconf 86' lang='lat' dir='ltr'><strong>suam,</strong></span> 
     </span>
    </p>
   </div>
   <div class='ocr_carea' id='block_1_52' title="bbox 2053 1987 3596 2056">
    <p class='ocr_par' dir='ltr' id='par_1_52' title="bbox 2053 1987 3596 2056">
     <span class='ocr_line' id='line_1_52' title="bbox 2053 1987 3596 2056; baseline -0.003 -13"><span class='ocrx_word' id='word_1_386' title='bbox 2053 1998 2106 2043; x_wconf 92' lang='lat' dir='ltr'><strong>ct</strong></span> <span class='ocrx_word' id='word_1_387' title='bbox 2133 1989 2373 2056; x_wconf 87' lang='lat' dir='ltr'><strong>sequitur</strong></span> <span class='ocrx_word' id='word_1_388' title='bbox 2397 1989 2463 2042; x_wconf 91' lang='lat' dir='ltr'><strong>ad</strong></span> <span class='ocrx_word' id='word_1_389' title='bbox 2489 1988 2778 2044; x_wconf 90' lang='lat' dir='ltr'><strong>Commem.</strong></span> <span class='ocrx_word' id='word_1_390' title='bbox 2825 1988 3075 2042; x_wconf 78' lang='lat' dir='ltr'><strong>Dominus</strong></span> <span class='ocrx_word' id='word_1_391' title='bbox 3131 1987 3281 2040; x_wconf 71' lang='lat' dir='ltr'><strong>Iesus</strong></span> <span class='ocrx_word' id='word_1_392' title='bbox 3327 1997 3596 2055; x_wconf 74' lang='lat' dir='ltr'><strong>postquam</strong></span> 
     </span>
    </p>
   </div>
   <div class='ocr_carea' id='block_1_53' title="bbox 2053 2071 3592 2143">
    <p class='ocr_par' dir='ltr' id='par_1_53' title="bbox 2053 2071 3592 2143">
     <span class='ocr_line' id='line_1_53' title="bbox 2053 2071 3592 2143; baseline -0.004 -12"><span class='ocrx_word' id='word_1_393' title='bbox 2053 2079 2284 2132; x_wconf 76' lang='lat' dir='ltr'><strong>cccnavit.</strong></span> <span class='ocrx_word' id='word_1_394' title='bbox 2317 2071 2562 2132; x_wconf 72' lang='lat' dir='ltr'><strong>PSalmus</strong></span> <span class='ocrx_word' id='word_1_395' title='bbox 2593 2096 2604 2130; x_wconf 89' lang='lat'><strong>:</strong></span> <span class='ocrx_word' id='word_1_396' title='bbox 2631 2077 2777 2130; x_wconf 85' lang='lat' dir='ltr'><strong>Beati</strong></span> <span class='ocrx_word' id='word_1_397' title='bbox 2802 2075 3136 2139; x_wconf 86' lang='lat' dir='ltr'><strong>immaculati,</strong></span> <span class='ocrx_word' id='word_1_398' title='bbox 3156 2075 3220 2128; x_wconf 91' lang='lat' dir='ltr'><strong>ad</strong></span> <span class='ocrx_word' id='word_1_399' title='bbox 3233 2075 3592 2143; x_wconf 88' lang='lat' dir='ltr'><strong>repetendum,</strong></span> 
     </span>
    </p>
   </div>
   <div class='ocr_carea' id='block_1_54' title="bbox 2050 2165 3590 2236">
    <p class='ocr_par' dir='ltr' id='par_1_54' title="bbox 2050 2165 3590 2236">
     <span class='ocr_line' id='line_1_54' title="bbox 2050 2165 3590 2236; baseline -0.003 -13"><span class='ocrx_word' id='word_1_400' title='bbox 2050 2178 2309 2236; x_wconf 88' lang='lat' dir='ltr'><strong>quantum</strong></span> <span class='ocrx_word' id='word_1_401' title='bbox 2341 2181 2556 2222; x_wconf 87' lang='lat' dir='ltr'><strong>necesse</strong></span> <span class='ocrx_word' id='word_1_402' title='bbox 2575 2168 2693 2221; x_wconf 88' lang='lat' dir='ltr'><strong>erit.</strong></span> <span class='ocrx_word' id='word_1_403' title='bbox 2726 2166 2942 2220; x_wconf 85' lang='lat' dir='ltr'><strong>Interim</strong></span> <span class='ocrx_word' id='word_1_404' title='bbox 2985 2165 3335 2219; x_wconf 85' lang='lat' dir='ltr'><strong>communicat</strong></span> <span class='ocrx_word' id='word_1_405' title='bbox 3395 2165 3590 2226; x_wconf 91' lang='lat' dir='ltr'><strong>clerus,</strong></span> 
     </span>
    </p>
   </div>
   <div class='ocr_carea' id='block_1_55' title="bbox 2051 2254 3596 2326">
    <p class='ocr_par' dir='ltr' id='par_1_55' title="bbox 2051 2254 3596 2326">
     <span class='ocr_line' id='line_1_55' title="bbox 2051 2254 3596 2326; baseline -0.001 -16"><span class='ocrx_word' id='word_1_406' title='bbox 2051 2272 2145 2310; x_wconf 78' lang='lat' dir='ltr'><strong>seu</strong></span> <span class='ocrx_word' id='word_1_407' title='bbox 2168 2258 2339 2311; x_wconf 92' lang='lat' dir='ltr'><strong>omnis</strong></span> <span class='ocrx_word' id='word_1_408' title='bbox 2361 2257 2602 2326; x_wconf 91' lang='lat' dir='ltr'><strong>populus.</strong></span> <span class='ocrx_word' id='word_1_409' title='bbox 2633 2256 2884 2325; x_wconf 85' lang='lat' dir='ltr'><strong>Sequitur</strong></span> <span class='ocrx_word' id='word_1_410' title='bbox 2903 2257 2968 2309; x_wconf 91' lang='lat' dir='ltr'><strong>ad</strong></span> <span class='ocrx_word' id='word_1_411' title='bbox 3002 2254 3202 2326; x_wconf 91' lang='lat' dir='ltr'><strong>Compl.</strong></span> <span class='ocrx_word' id='word_1_412' title='bbox 3248 2256 3439 2308; x_wconf 89' lang='lat' dir='ltr'><strong>oratio.</strong></span> <span class='ocrx_word' id='word_1_413' title='bbox 3487 2254 3596 2309; x_wconf 80' lang='lat' dir='ltr'><strong>ilac</strong></span> 
     </span>
    </p>
   </div>
   <div class='ocr_carea' id='block_1_56' title="bbox 2049 2341 3595 2413">
    <p class='ocr_par' dir='ltr' id='par_1_56' title="bbox 2049 2341 3595 2413">
     <span class='ocr_line' id='line_1_56' title="bbox 2049 2341 3595 2413; baseline 0.001 -17"><span class='ocrx_word' id='word_1_414' title='bbox 2049 2345 2276 2413; x_wconf 86' lang='lat' dir='ltr'><strong>expleta,</strong></span> <span class='ocrx_word' id='word_1_415' title='bbox 2326 2346 2454 2399; x_wconf 87' lang='lat' dir='ltr'><strong>dicit</strong></span> <span class='ocrx_word' id='word_1_416' title='bbox 2476 2341 2893 2408; x_wconf 81' lang='lat' dir='ltr'><strong>diaconuszlte,</strong></span> <span class='ocrx_word' id='word_1_417' title='bbox 2917 2345 3072 2396; x_wconf 84' lang='lat' dir='ltr'><strong>missa</strong></span> <span class='ocrx_word' id='word_1_418' title='bbox 3115 2352 3210 2397; x_wconf 87' lang='lat' dir='ltr'><strong>est.</strong></span> <span class='ocrx_word' id='word_1_419' title='bbox 3261 2343 3356 2398; x_wconf 88' lang='lat' dir='ltr'><strong>Cui</strong></span> <span class='ocrx_word' id='word_1_420' title='bbox 3414 2345 3595 2399; x_wconf 87' lang='lat' dir='ltr'><strong>subsc-</strong></span> 
     </span>
    </p>
   </div>
   <div class='ocr_carea' id='block_1_57' title="bbox 2049 2430 3594 2501">
    <p class='ocr_par' dir='ltr' id='par_1_57' title="bbox 2049 2430 3594 2501">
     <span class='ocr_line' id='line_1_57' title="bbox 2049 2430 3594 2501; baseline -0.001 -16"><span class='ocrx_word' id='word_1_421' title='bbox 2049 2442 2284 2501; x_wconf 88' lang='lat' dir='ltr'><strong>quuntur</strong></span> <span class='ocrx_word' id='word_1_422' title='bbox 2309 2434 2572 2501; x_wconf 77' lang='lat' dir='ltr'><strong>Vesperae,</strong></span> <span class='ocrx_word' id='word_1_423' title='bbox 2598 2440 2656 2486; x_wconf 91' lang='lat' dir='ltr'><strong>ut</strong></span> <span class='ocrx_word' id='word_1_424' title='bbox 2680 2433 2733 2486; x_wconf 93' lang='lat' dir='ltr'><strong>in</strong></span> <span class='ocrx_word' id='word_1_425' title='bbox 2763 2431 3143 2498; x_wconf 82' lang='lat' dir='ltr'><strong>Antiphonario</strong></span> <span class='ocrx_word' id='word_1_426' title='bbox 3160 2432 3477 2485; x_wconf 89' lang='lat' dir='ltr'><strong>continetur.</strong></span> <span class='ocrx_word' id='word_1_427' title='bbox 3521 2430 3594 2483; x_wconf 85' lang='lat' dir='ltr'><strong>De</strong></span> 
     </span>
    </p>
   </div>
   <div class='ocr_carea' id='block_1_58' title="bbox 2049 2518 3594 2589">
    <p class='ocr_par' dir='ltr' id='par_1_58' title="bbox 2049 2518 3594 2589">
     <span class='ocr_line' id='line_1_58' title="bbox 2049 2518 3594 2589; baseline -0.003 -15"><span class='ocrx_word' id='word_1_428' title='bbox 2049 2521 2234 2575; x_wconf 90' lang='lat' dir='ltr'><strong>eodem</strong></span> <span class='ocrx_word' id='word_1_429' title='bbox 2263 2535 2390 2575; x_wconf 84' lang='lat' dir='ltr'><strong>vero</strong></span> <span class='ocrx_word' id='word_1_430' title='bbox 2416 2521 2500 2574; x_wconf 88' lang='lat' dir='ltr'><strong>die</strong></span> <span class='ocrx_word' id='word_1_431' title='bbox 2528 2519 2720 2589; x_wconf 87' lang='lat' dir='ltr'><strong>legitur</strong></span> <span class='ocrx_word' id='word_1_432' title='bbox 2744 2519 2797 2572; x_wconf 91' lang='lat' dir='ltr'><strong>in</strong></span> <span class='ocrx_word' id='word_1_433' title='bbox 2835 2518 3125 2581; x_wconf 85' lang='lat' dir='ltr'><strong>ordinibus,</strong></span> <span class='ocrx_word' id='word_1_434' title='bbox 3151 2518 3291 2586; x_wconf 90' lang='lat' dir='ltr'><strong>quod</strong></span> <span class='ocrx_word' id='word_1_435' title='bbox 3319 2532 3594 2572; x_wconf 86' lang='lat' dir='ltr'><strong>reservan-</strong></span> 
     </span>
    </p>
   </div>
   <div class='ocr_carea' id='block_1_59' title="bbox 2050 2606 3590 2679">
    <p class='ocr_par' dir='ltr' id='par_1_59' title="bbox 2050 2606 3590 2679">
     <span class='ocr_line' id='line_1_59' title="bbox 2050 2606 3590 2679; baseline -0.003 -14"><span class='ocrx_word' id='word_1_436' title='bbox 2050 2612 2174 2666; x_wconf 92' lang='lat' dir='ltr'><strong>dum</strong></span> <span class='ocrx_word' id='word_1_437' title='bbox 2207 2613 2275 2664; x_wconf 88' lang='lat' dir='ltr'><strong>sit</strong></span> <span class='ocrx_word' id='word_1_438' title='bbox 2301 2611 2365 2664; x_wconf 91' lang='lat' dir='ltr'><strong>de</strong></span> <span class='ocrx_word' id='word_1_439' title='bbox 2394 2624 2616 2679; x_wconf 90' lang='lat' dir='ltr'><strong>corpore</strong></span> <span class='ocrx_word' id='word_1_440' title='bbox 2661 2607 2867 2661; x_wconf 91' lang='lat' dir='ltr'><strong>Domini</strong></span> <span class='ocrx_word' id='word_1_441' title='bbox 2892 2607 2957 2660; x_wconf 89' lang='lat' dir='ltr'><strong>ad</strong></span> <span class='ocrx_word' id='word_1_442' title='bbox 2996 2606 3490 2660; x_wconf 91' lang='lat' dir='ltr'><strong>communicandum</strong></span> <span class='ocrx_word' id='word_1_443' title='bbox 3539 2609 3590 2660; x_wconf 90' lang='lat' dir='ltr'><strong>in</strong></span> 
     </span>
    </p>
   </div>
   <div class='ocr_carea' id='block_1_60' title="bbox 2048 2691 3590 2769">
    <p class='ocr_par' dir='ltr' id='par_1_60' title="bbox 2048 2691 3590 2769">
     <span class='ocr_line' id='line_1_60' title="bbox 2048 2691 3590 2769; baseline -0.001 -17"><span class='ocrx_word' id='word_1_444' title='bbox 2048 2701 2364 2761; x_wconf 77' lang='lat' dir='ltr'><strong>crastinum.</strong></span> <span class='ocrx_word' id='word_1_445' title='bbox 2399 2701 2424 2738; x_wconf 69' lang='grc' dir='ltr'><strong>ι)</strong></span> <span class='ocrx_word' id='word_1_446' title='bbox 2449 2698 2775 2769; x_wconf 84' lang='lat' dir='ltr'><strong>Augustinus</strong></span> <span class='ocrx_word' id='word_1_447' title='bbox 2809 2697 2874 2750; x_wconf 89' lang='lat' dir='ltr'><strong>ad</strong></span> <span class='ocrx_word' id='word_1_448' title='bbox 2921 2691 3232 2749; x_wconf 73' lang='lat' dir='ltr'><strong>Ianuarium</strong></span> <span class='ocrx_word' id='word_1_449' title='bbox 3269 2710 3284 2748; x_wconf 91' lang='lat'><strong>:</strong></span> <span class='ocrx_word' id='word_1_450' title='bbox 3322 2695 3458 2749; x_wconf 91' lang='lat' dir='ltr'><strong>Sunt</strong></span> <span class='ocrx_word' id='word_1_451' title='bbox 3501 2698 3590 2763; x_wconf 89' lang='lat' dir='ltr'><strong>qui</strong></span> 
     </span>
    </p>
   </div>
   <div class='ocr_carea' id='block_1_61' title="bbox 2047 2785 3587 2855">
    <p class='ocr_par' dir='ltr' id='par_1_61' title="bbox 2047 2785 3587 2855">
     <span class='ocr_line' id='line_1_61' title="bbox 2047 2785 3587 2855; baseline 0.001 -16"><span class='ocrx_word' id='word_1_452' title='bbox 2047 2789 2282 2855; x_wconf 90' lang='lat' dir='ltr'><strong>quotidie</strong></span> <span class='ocrx_word' id='word_1_453' title='bbox 2303 2788 2679 2842; x_wconf 83' lang='lat' dir='ltr'><strong>eucharistiam</strong></span> <span class='ocrx_word' id='word_1_454' title='bbox 2703 2786 2888 2842; x_wconf 88' lang='lat' dir='ltr'><strong>volunt</strong></span> <span class='ocrx_word' id='word_1_455' title='bbox 2915 2801 3158 2850; x_wconf 84' lang='lat' dir='ltr'><strong>sumere;</strong></span> <span class='ocrx_word' id='word_1_456' title='bbox 3181 2785 3245 2840; x_wconf 73' lang='lat' dir='ltr'><strong>et&#39;</strong></span> <span class='ocrx_word' id='word_1_457' title='bbox 3260 2787 3383 2854; x_wconf 91' lang='lat' dir='ltr'><strong>quia</strong></span> <span class='ocrx_word' id='word_1_458' title='bbox 3421 2787 3474 2839; x_wconf 91' lang='lat' dir='ltr'><strong>in</strong></span> <span class='ocrx_word' id='word_1_459' title='bbox 3488 2786 3587 2840; x_wconf 83' lang='lat' dir='ltr'><strong>Pa-</strong></span> 
     </span>
    </p>
   </div>
   <div class='ocr_carea' id='block_1_62' title="bbox 2049 2875 3593 2944">
    <p class='ocr_par' dir='ltr' id='par_1_62' title="bbox 2049 2875 3593 2944">
     <span class='ocr_line' id='line_1_62' title="bbox 2049 2875 3593 2944; baseline 0.003 -17"><span class='ocrx_word' id='word_1_460' title='bbox 2049 2890 2265 2930; x_wconf 83' lang='lat' dir='ltr'><strong>rasceve</strong></span> <span class='ocrx_word' id='word_1_461' title='bbox 2291 2891 2394 2928; x_wconf 92' lang='lat' dir='ltr'><strong>non</strong></span> <span class='ocrx_word' id='word_1_462' title='bbox 2425 2876 2705 2930; x_wconf 89' lang='lat' dir='ltr'><strong>conﬁcitur</strong></span> <span class='ocrx_word' id='word_1_463' title='bbox 2738 2890 2932 2944; x_wconf 89' lang='lat' dir='ltr'><strong>corpus</strong></span> <span class='ocrx_word' id='word_1_464' title='bbox 2975 2875 3203 2940; x_wconf 90' lang='lat' dir='ltr'><strong>Domini,</strong></span> <span class='ocrx_word' id='word_1_465' title='bbox 3253 2890 3471 2930; x_wconf 89' lang='lat' dir='ltr'><strong>necesse</strong></span> <span class='ocrx_word' id='word_1_466' title='bbox 3512 2888 3593 2931; x_wconf 88' lang='lat' dir='ltr'><strong>est</strong></span> 
     </span>
    </p>
   </div>
   <div class='ocr_carea' id='block_1_63' title="bbox 396 2958 3592 3048">
    <p class='ocr_par' dir='ltr' id='par_1_63' title="bbox 396 2958 3592 3048">
     <span class='ocr_line' id='line_1_63' title="bbox 396 2958 3592 3048; baseline -0 -27"><span class='ocrx_word' id='word_1_467' title='bbox 396 2980 572 3048; x_wconf 72' lang='lat' dir='ltr'><strong>passio</strong></span> <span class='ocrx_word' id='word_1_468' title='bbox 590 2970 788 3034; x_wconf 63' lang='lat' dir='ltr'><strong>Christi</strong></span> <span class='ocrx_word' id='word_1_469' title='bbox 810 2987 1080 3034; x_wconf 63' lang='lat' dir='ltr'><strong>auctorem</strong></span> <span class='ocrx_word' id='word_1_470' title='bbox 1103 2978 1290 3032; x_wconf 65' lang='lat' dir='ltr'><strong>mortis</strong></span> <span class='ocrx_word' id='word_1_471' title='bbox 1308 2977 1592 3032; x_wconf 63' lang='lat' dir='ltr'><strong>destruxit;</strong></span> <span class='ocrx_word' id='word_1_472' title='bbox 1619 2979 1787 3048; x_wconf 64' lang='lat' dir='ltr'><strong>gratia</strong></span> <span class='ocrx_word' id='word_1_473' title='bbox 1808 2977 1943 3046; x_wconf 69' lang='lat' dir='ltr'><strong>ejus,</strong></span> <span class='ocrx_word' id='word_1_474' title='bbox 1970 2958 2019 3021; x_wconf 85' lang='lat' dir='ltr'><strong>C</strong></span> <span class='ocrx_word' id='word_1_475' title='bbox 2047 2973 2104 3018; x_wconf 93' lang='lat' dir='ltr'><strong>ut</strong></span> <span class='ocrx_word' id='word_1_476' title='bbox 2124 2965 2198 3028; x_wconf 79' lang='grc'>111,</span> <span class='ocrx_word' id='word_1_477' title='bbox 2222 2964 2413 3032; x_wconf 87' lang='lat' dir='ltr'><strong>quibus</strong></span> <span class='ocrx_word' id='word_1_478' title='bbox 2444 2973 2527 3018; x_wconf 88' lang='lat' dir='ltr'><strong>est</strong></span> <span class='ocrx_word' id='word_1_479' title='bbox 2569 2963 2811 3017; x_wconf 67' lang='grc' dir='ltr'><strong>νοιιωιδε</strong></span> <span class='ocrx_word' id='word_1_480' title='bbox 2858 2965 3302 3029; x_wconf 89' lang='lat' dir='ltr'><strong>communicandi,</strong></span> <span class='ocrx_word' id='word_1_481' title='bbox 3365 2967 3592 3021; x_wconf 88' lang='lat' dir='ltr'><strong>habeant</strong></span> 
     </span>
    </p>
   </div>
   <div class='ocr_carea' id='block_1_64' title="bbox 394 3065 1945 3141">
    <p class='ocr_par' dir='ltr' id='par_1_64' title="bbox 394 3065 1945 3141">
     <span class='ocr_line' id='line_1_64' title="bbox 394 3065 1945 3141; baseline -0.003 -16"><span class='ocrx_word' id='word_1_482' title='bbox 394 3087 512 3140; x_wconf 69' lang='lat' dir='ltr'><strong>qua:</strong></span> <span class='ocrx_word' id='word_1_483' title='bbox 540 3070 869 3141; x_wconf 84' lang='lat' dir='ltr'><strong>signiﬁcatur</strong></span> <span class='ocrx_word' id='word_1_484' title='bbox 892 3084 988 3139; x_wconf 91' lang='lat' dir='ltr'><strong>per</strong></span> <span class='ocrx_word' id='word_1_485' title='bbox 1007 3068 1110 3124; x_wconf 90' lang='lat' dir='ltr'><strong>olei</strong></span> <span class='ocrx_word' id='word_1_486' title='bbox 1134 3068 1438 3122; x_wconf 91' lang='lat' dir='ltr'><strong>unctionem</strong></span> <span class='ocrx_word' id='word_1_487' title='bbox 1463 3107 1478 3130; x_wconf 98' lang='lat'><strong>,</strong></span> <span class='ocrx_word' id='word_1_488' title='bbox 1509 3081 1656 3120; x_wconf 89' lang='lat' dir='ltr'><strong>arma</strong></span> <span class='ocrx_word' id='word_1_489' title='bbox 1675 3065 1810 3134; x_wconf 82' lang='lat' dir='ltr'><strong>ejus,</strong></span> <span class='ocrx_word' id='word_1_490' title='bbox 1825 3082 1945 3135; x_wconf 70' lang='lat' dir='ltr'><strong>qua:</strong></span> 
     </span>
    </p>
   </div>
   <div class='ocr_carea' id='block_1_65' title="bbox 395 3156 1947 3230">
    <p class='ocr_par' dir='ltr' id='par_1_65' title="bbox 395 3156 1947 3230">
     <span class='ocr_line' id='line_1_65' title="bbox 395 3156 1947 3230; baseline -0.003 -18"><span class='ocrx_word' id='word_1_491' title='bbox 395 3168 520 3213; x_wconf 90' lang='lat' dir='ltr'><strong>sunt</strong></span> <span class='ocrx_word' id='word_1_492' title='bbox 533 3168 758 3230; x_wconf 88' lang='lat' dir='ltr'><strong>peccata</strong></span> <span class='ocrx_word' id='word_1_493' title='bbox 786 3159 1115 3228; x_wconf 84' lang='lat' dir='ltr'><strong>quotidiana,</strong></span> <span class='ocrx_word' id='word_1_494' title='bbox 1141 3157 1422 3221; x_wconf 78' lang='lat' dir='ltr'><strong>destruxit,</strong></span> <span class='ocrx_word' id='word_1_495' title='bbox 1462 3156 1663 3226; x_wconf 82' lang='lat' dir='ltr'><strong>Jacobo</strong></span> <span class='ocrx_word' id='word_1_496' title='bbox 1691 3164 1947 3210; x_wconf 85' lang='lat' dir='ltr'><strong>attestan-</strong></span> 
     </span>
    </p>
   </div>
   <div class='ocr_carea' id='block_1_66' title="bbox 394 3245 1944 3316">
    <p class='ocr_par' dir='ltr' id='par_1_66' title="bbox 394 3245 1944 3316">
     <span class='ocr_line' id='line_1_66' title="bbox 394 3245 1944 3316; baseline -0.002 -16"><span class='ocrx_word' id='word_1_497' title='bbox 394 3256 448 3302; x_wconf 87' lang='lat' dir='ltr'><strong>te</strong></span> <span class='ocrx_word' id='word_1_498' title='bbox 473 3265 484 3300; x_wconf 95' lang='lat'>:</span> <span class='ocrx_word' id='word_1_499' title='bbox 505 3245 688 3301; x_wconf 81' lang='lat' dir='ltr'><strong>Oratio</strong></span> <span class='ocrx_word' id='word_1_500' title='bbox 704 3247 828 3316; x_wconf 79' lang='lat' dir='ltr'><strong>ﬁdei</strong></span> <span class='ocrx_word' id='word_1_501' title='bbox 852 3246 1067 3300; x_wconf 81' lang='lat' dir='ltr'><strong>salvabit</strong></span> <span class='ocrx_word' id='word_1_502' title='bbox 1095 3245 1392 3314; x_wconf 73' lang='lat' dir='ltr'><strong>inﬁrmum:</strong></span> <span class='ocrx_word' id='word_1_503' title='bbox 1413 3254 1459 3298; x_wconf 88' lang='lat' dir='ltr'><strong>et</strong></span> <span class='ocrx_word' id='word_1_504' title='bbox 1480 3246 1523 3300; x_wconf 89' lang='lat' dir='ltr'><strong>si</strong></span> <span class='ocrx_word' id='word_1_505' title='bbox 1547 3247 1600 3298; x_wconf 84' lang='lat' dir='ltr'><strong>in</strong></span> <span class='ocrx_word' id='word_1_506' title='bbox 1613 3245 1834 3314; x_wconf 81' lang='lat' dir='ltr'><strong>peccatis</strong></span> <span class='ocrx_word' id='word_1_507' title='bbox 1857 3246 1944 3309; x_wconf 89' lang='lat' dir='ltr'><strong>sit,</strong></span> 
     </span>
    </p>
   </div>
   <div class='ocr_carea' id='block_1_67' title="bbox 392 3328 1942 3410">
    <p class='ocr_par' dir='ltr' id='par_1_67' title="bbox 392 3328 1942 3410">
     <span class='ocr_line' id='line_1_67' title="bbox 392 3328 1942 3410; baseline 0 -21"><span class='ocrx_word' id='word_1_508' title='bbox 392 3328 778 3392; x_wconf 35' lang='lat' dir='ltr'><strong>dimittentur‘ei</strong></span> <span class='ocrx_word' id='word_1_509' title='bbox 797 3337 934 3410; x_wconf 80' lang='lat' dir='ltr'><strong>(Jac.</strong></span> <span class='ocrx_word' id='word_1_510' title='bbox 951 3354 1004 3402; x_wconf 88' lang='lat' dir='ltr'><strong>v,</strong></span> <span class='ocrx_word' id='word_1_511' title='bbox 1021 3337 1129 3409; x_wconf 81' lang='lat' dir='ltr'><strong>l5),</strong></span> <span class='ocrx_word' id='word_1_512' title='bbox 1145 3336 1517 3408; x_wconf 78' lang='lat' dir='ltr'><strong>cuiussignum</strong></span> <span class='ocrx_word' id='word_1_513' title='bbox 1532 3347 1615 3392; x_wconf 89' lang='lat' dir='ltr'><strong>est</strong></span> <span class='ocrx_word' id='word_1_514' title='bbox 1626 3337 1729 3390; x_wconf 92' lang='lat' dir='ltr'><strong>olei</strong></span> <span class='ocrx_word' id='word_1_515' title='bbox 1744 3337 1942 3390; x_wconf 91' lang='lat' dir='ltr'><strong>unctio.</strong></span> 
     </span>
    </p>
   </div>
   <div class='ocr_carea' id='block_1_68' title="bbox 464 3425 1948 3493">
    <p class='ocr_par' dir='ltr' id='par_1_68' title="bbox 464 3425 1948 3493">
     <span class='ocr_line' id='line_1_68' title="bbox 464 3425 1948 3493; baseline -0.003 -13"><span class='ocrx_word' id='word_1_516' title='bbox 464 3427 662 3481; x_wconf 83' lang='lat' dir='ltr'><strong>Eadem</strong></span> <span class='ocrx_word' id='word_1_517' title='bbox 685 3427 788 3491; x_wconf 84' lang='lat' dir='ltr'><strong>die,</strong></span> <span class='ocrx_word' id='word_1_518' title='bbox 818 3427 947 3480; x_wconf 90' lang='lat' dir='ltr'><strong>hora</strong></span> <span class='ocrx_word' id='word_1_519' title='bbox 969 3441 1107 3480; x_wconf 89' lang='lat' dir='ltr'><strong>nona</strong></span> <span class='ocrx_word' id='word_1_520' title='bbox 1152 3427 1373 3489; x_wconf 78' lang='lat' dir='ltr'><strong>scilicet,</strong></span> <span class='ocrx_word' id='word_1_521' title='bbox 1420 3425 1633 3493; x_wconf 85' lang='lat' dir='ltr'><strong>quando</strong></span> <span class='ocrx_word' id='word_1_522' title='bbox 1661 3425 1774 3478; x_wconf 87' lang='lat' dir='ltr'><strong>dies</strong></span> <span class='ocrx_word' id='word_1_523' title='bbox 1823 3431 1948 3477; x_wconf 91' lang='lat' dir='ltr'><strong>sunt</strong></span> 
     </span>
    </p>
   </div>
   <div class='ocr_carea' id='block_1_69' title="bbox 391 3513 1942 3586">
    <p class='ocr_par' dir='ltr' id='par_1_69' title="bbox 391 3513 1942 3586">
     <span class='ocr_line' id='line_1_69' title="bbox 391 3513 1942 3586; baseline -0.003 -18"><span class='ocrx_word' id='word_1_524' title='bbox 391 3515 678 3586; x_wconf 81' lang='lat' dir='ltr'><strong>longiores,</strong></span> <span class='ocrx_word' id='word_1_525' title='bbox 703 3529 797 3569; x_wconf 90' lang='lat' dir='ltr'><strong>seu</strong></span> <span class='ocrx_word' id='word_1_526' title='bbox 817 3515 949 3568; x_wconf 89' lang='lat' dir='ltr'><strong>hora</strong></span> <span class='ocrx_word' id='word_1_527' title='bbox 977 3515 1180 3581; x_wconf 84' lang='lat' dir='ltr'><strong>quinta,</strong></span> <span class='ocrx_word' id='word_1_528' title='bbox 1218 3513 1433 3584; x_wconf 87' lang='lat' dir='ltr'><strong>quando</strong></span> <span class='ocrx_word' id='word_1_529' title='bbox 1457 3513 1746 3576; x_wconf 91' lang='lat' dir='ltr'><strong>breviores,</strong></span> <span class='ocrx_word' id='word_1_530' title='bbox 1778 3527 1942 3565; x_wconf 81' lang='lat' dir='ltr'><strong>excu-</strong></span> 
     </span>
    </p>
   </div>
   <div class='ocr_carea' id='block_1_70' title="bbox 392 3599 1942 3674">
    <p class='ocr_par' dir='ltr' id='par_1_70' title="bbox 392 3599 1942 3674">
     <span class='ocr_line' id='line_1_70' title="bbox 392 3599 1942 3674; baseline -0.003 -17"><span class='ocrx_word' id='word_1_531' title='bbox 392 3604 524 3658; x_wconf 90' lang='lat' dir='ltr'><strong>titur</strong></span> <span class='ocrx_word' id='word_1_532' title='bbox 554 3603 691 3674; x_wconf 90' lang='lat' dir='ltr'><strong>ignis</strong></span> <span class='ocrx_word' id='word_1_533' title='bbox 711 3603 776 3657; x_wconf 92' lang='lat' dir='ltr'><strong>de</strong></span> <span class='ocrx_word' id='word_1_534' title='bbox 800 3601 973 3671; x_wconf 86' lang='lat' dir='ltr'><strong>lapide</strong></span> <span class='ocrx_word' id='word_1_535' title='bbox 1004 3603 1058 3656; x_wconf 90' lang='lat' dir='ltr'><strong>in</strong></span> <span class='ocrx_word' id='word_1_536' title='bbox 1084 3603 1204 3657; x_wconf 89' lang='lat' dir='ltr'><strong>loco</strong></span> <span class='ocrx_word' id='word_1_537' title='bbox 1252 3601 1382 3658; x_wconf 79' lang='lat' dir='ltr'><strong>loris</strong></span> <span class='ocrx_word' id='word_1_538' title='bbox 1411 3602 1700 3664; x_wconf 87' lang='lat' dir='ltr'><strong>basilicam,</strong></span> <span class='ocrx_word' id='word_1_539' title='bbox 1729 3609 1782 3655; x_wconf 88' lang='lat' dir='ltr'><strong>et</strong></span> <span class='ocrx_word' id='word_1_540' title='bbox 1827 3599 1942 3654; x_wconf 92' lang='lat' dir='ltr'><strong>illu-</strong></span> 
     </span>
    </p>
   </div>
   <div class='ocr_carea' id='block_1_71' title="bbox 390 3681 1941 3762">
    <p class='ocr_par' dir='ltr' id='par_1_71' title="bbox 390 3681 1941 3762">
     <span class='ocr_line' id='line_1_71' title="bbox 390 3681 1941 3762; baseline -0.004 -15"><span class='ocrx_word' id='word_1_541' title='bbox 390 3693 625 3748; x_wconf 89' lang='lat' dir='ltr'><strong>minatur</strong></span> <span class='ocrx_word' id='word_1_542' title='bbox 657 3691 894 3746; x_wconf 87' lang='lat' dir='ltr'><strong>candela.</strong></span> <span class='ocrx_word' id='word_1_543' title='bbox 933 3681 1142 3761; x_wconf 72' lang='lat' dir='ltr'><strong>Dequo</strong></span> <span class='ocrx_word' id='word_1_544' title='bbox 1185 3691 1306 3762; x_wconf 89' lang='lat' dir='ltr'><strong>igne</strong></span> <span class='ocrx_word' id='word_1_545' title='bbox 1351 3706 1488 3746; x_wconf 89' lang='lat' dir='ltr'><strong>novo</strong></span> <span class='ocrx_word' id='word_1_546' title='bbox 1530 3689 1858 3745; x_wconf 89' lang='lat' dir='ltr'><strong>illuminatur</strong></span> <span class='ocrx_word' id='word_1_547' title='bbox 1911 3703 1941 3741; x_wconf 89' lang='lat' dir='ltr'><strong>a</strong></span> 
     </span>
    </p>
   </div>
   <div class='ocr_carea' id='block_1_72' title="bbox 389 3781 1942 3851">
    <p class='ocr_par' dir='ltr' id='par_1_72' title="bbox 389 3781 1942 3851">
     <span class='ocr_line' id='line_1_72' title="bbox 389 3781 1942 3851; baseline 0 -17"><span class='ocrx_word' id='word_1_548' title='bbox 389 3783 752 3836; x_wconf 81' lang='lat' dir='ltr'><strong>mansionario</strong></span> <span class='ocrx_word' id='word_1_549' title='bbox 772 3782 1011 3837; x_wconf 64' lang='lat' dir='ltr'><strong>ecclesia:</strong></span> <span class='ocrx_word' id='word_1_550' title='bbox 1043 3781 1246 3851; x_wconf 90' lang='lat' dir='ltr'><strong>lampas</strong></span> <span class='ocrx_word' id='word_1_551' title='bbox 1282 3797 1404 3846; x_wconf 88' lang='lat' dir='ltr'><strong>una,</strong></span> <span class='ocrx_word' id='word_1_552' title='bbox 1426 3790 1483 3836; x_wconf 92' lang='lat' dir='ltr'><strong>et</strong></span> <span class='ocrx_word' id='word_1_553' title='bbox 1509 3789 1754 3836; x_wconf 89' lang='lat' dir='ltr'><strong>servatur</strong></span> <span class='ocrx_word' id='word_1_554' title='bbox 1776 3795 1942 3848; x_wconf 88' lang='lat' dir='ltr'><strong>usque</strong></span> 
     </span>
    </p>
   </div>
   <div class='ocr_carea' id='block_1_73' title="bbox 390 3869 1936 3937">
    <p class='ocr_par' dir='ltr' id='par_1_73' title="bbox 390 3869 1936 3937">
     <span class='ocr_line' id='line_1_73' title="bbox 390 3869 1936 3937; baseline -0.002 -14"><span class='ocrx_word' id='word_1_555' title='bbox 390 3871 447 3923; x_wconf 91' lang='lat' dir='ltr'><strong>in</strong></span> <span class='ocrx_word' id='word_1_556' title='bbox 476 3869 766 3923; x_wconf 85' lang='lat' dir='ltr'><strong>Sabbatum</strong></span> <span class='ocrx_word' id='word_1_557' title='bbox 795 3881 1034 3924; x_wconf 89' lang='lat' dir='ltr'><strong>sanctum</strong></span> <span class='ocrx_word' id='word_1_558' title='bbox 1065 3873 1130 3924; x_wconf 91' lang='lat' dir='ltr'><strong>ad</strong></span> <span class='ocrx_word' id='word_1_559' title='bbox 1152 3871 1553 3924; x_wconf 85' lang='lat' dir='ltr'><strong>illuminandum</strong></span> <span class='ocrx_word' id='word_1_560' title='bbox 1581 3884 1817 3932; x_wconf 90' lang='lat' dir='ltr'><strong>cereum,</strong></span> <span class='ocrx_word' id='word_1_561' title='bbox 1848 3869 1936 3937; x_wconf 90' lang='lat' dir='ltr'><strong>qui</strong></span> 
     </span>
    </p>
   </div>
   <div class='ocr_carea' id='block_1_74' title="bbox 388 3958 1939 4027">
    <p class='ocr_par' dir='ltr' id='par_1_74' title="bbox 388 3958 1939 4027">
     <span class='ocr_line' id='line_1_74' title="bbox 388 3958 1939 4027; baseline -0.003 -14"><span class='ocrx_word' id='word_1_562' title='bbox 388 3959 574 4014; x_wconf 87' lang='lat' dir='ltr'><strong>eodem</strong></span> <span class='ocrx_word' id='word_1_563' title='bbox 597 3958 681 4014; x_wconf 78' lang='lat' dir='ltr'><strong>die</strong></span> <span class='ocrx_word' id='word_1_564' title='bbox 708 3967 790 4014; x_wconf 90' lang='lat' dir='ltr'><strong>est</strong></span> <span class='ocrx_word' id='word_1_565' title='bbox 811 3958 1215 4015; x_wconf 87' lang='lat' dir='ltr'><strong>benedicendus.</strong></span> <span class='ocrx_word' id='word_1_566' title='bbox 1249 3960 1325 4012; x_wconf 86' lang='lat' dir='ltr'><strong>De</strong></span> <span class='ocrx_word' id='word_1_567' title='bbox 1345 3975 1450 4027; x_wconf 90' lang='lat' dir='ltr'><strong>quo</strong></span> <span class='ocrx_word' id='word_1_568' title='bbox 1481 3960 1533 4011; x_wconf 88' lang='lat' dir='ltr'><strong>in</strong></span> <span class='ocrx_word' id='word_1_569' title='bbox 1558 3958 1792 4011; x_wconf 90' lang='lat' dir='ltr'><strong>Sabbato</strong></span> <span class='ocrx_word' id='word_1_570' title='bbox 1819 3973 1939 4010; x_wconf 85' lang='lat' dir='ltr'><strong>san-</strong></span> 
     </span>
    </p>
   </div>
   <div class='ocr_carea' id='block_1_75' title="bbox 388 4046 1940 4116">
    <p class='ocr_par' dir='ltr' id='par_1_75' title="bbox 388 4046 1940 4116">
     <span class='ocr_line' id='line_1_75' title="bbox 388 4046 1940 4116; baseline -0.005 -11"><span class='ocrx_word' id='word_1_571' title='bbox 388 4059 476 4105; x_wconf 86' lang='lat' dir='ltr'><strong>cto</strong></span> <span class='ocrx_word' id='word_1_572' title='bbox 498 4049 776 4104; x_wconf 87' lang='lat' dir='ltr'><strong>dicendum</strong></span> <span class='ocrx_word' id='word_1_573' title='bbox 799 4058 896 4102; x_wconf 89' lang='lat' dir='ltr'><strong>est.</strong></span> <span class='ocrx_word' id='word_1_574' title='bbox 925 4048 1354 4116; x_wconf 89' lang='lat' dir='ltr'><strong>Suprascriptam</strong></span> <span class='ocrx_word' id='word_1_575' title='bbox 1377 4061 1506 4100; x_wconf 83' lang='lat' dir='ltr'><strong>vero</strong></span> <span class='ocrx_word' id='word_1_576' title='bbox 1527 4047 1799 4100; x_wconf 83' lang='lat' dir='ltr'><strong>candelam</strong></span> <span class='ocrx_word' id='word_1_577' title='bbox 1826 4046 1940 4098; x_wconf 92' lang='lat' dir='ltr'><strong>illu-</strong></span> 
     </span>
    </p>
   </div>
   <div class='ocr_carea' id='block_1_76' title="bbox 389 4136 1934 4208">
    <p class='ocr_par' dir='ltr' id='par_1_76' title="bbox 389 4136 1934 4208">
     <span class='ocr_line' id='line_1_76' title="bbox 389 4136 1934 4208; baseline -0.005 -15"><span class='ocrx_word' id='word_1_578' title='bbox 389 4145 643 4193; x_wconf 74' lang='lat' dir='ltr'><strong>minatam</strong></span> <span class='ocrx_word' id='word_1_579' title='bbox 664 4139 811 4208; x_wconf 87' lang='lat' dir='ltr'><strong>ponit</strong></span> <span class='ocrx_word' id='word_1_580' title='bbox 838 4137 1227 4191; x_wconf 88' lang='lat' dir='ltr'><strong>mansionarius</strong></span> <span class='ocrx_word' id='word_1_581' title='bbox 1282 4137 1335 4188; x_wconf 90' lang='lat' dir='ltr'><strong>in</strong></span> <span class='ocrx_word' id='word_1_582' title='bbox 1379 4136 1683 4190; x_wconf 88' lang='lat' dir='ltr'><strong>summitate</strong></span> <span class='ocrx_word' id='word_1_583' title='bbox 1728 4147 1934 4194; x_wconf 79' lang='lat' dir='ltr'><strong>eannzn.</strong></span> 
     </span>
    </p>
   </div>
   <div class='ocr_carea' id='block_1_77' title="bbox 389 4224 1938 4296">
    <p class='ocr_par' dir='ltr' id='par_1_77' title="bbox 389 4224 1938 4296">
     <span class='ocr_line' id='line_1_77' title="bbox 389 4224 1938 4296; baseline -0.003 -14"><span class='ocrx_word' id='word_1_584' title='bbox 389 4231 463 4282; x_wconf 87' lang='lat' dir='ltr'><strong>ita</strong></span> <span class='ocrx_word' id='word_1_585' title='bbox 488 4237 546 4282; x_wconf 95' lang='lat' dir='ltr'><strong>ut</strong></span> <span class='ocrx_word' id='word_1_586' title='bbox 572 4229 820 4296; x_wconf 90' lang='lat' dir='ltr'><strong>respiciat</strong></span> <span class='ocrx_word' id='word_1_587' title='bbox 847 4227 1123 4282; x_wconf 88' lang='lat' dir='ltr'><strong>ecclesiam</strong></span> <span class='ocrx_word' id='word_1_588' title='bbox 1150 4242 1308 4294; x_wconf 89' lang='lat' dir='ltr'><strong>quam</strong></span> <span class='ocrx_word' id='word_1_589' title='bbox 1330 4233 1451 4279; x_wconf 82' lang='lat' dir='ltr'><strong>sunt</strong></span> <span class='ocrx_word' id='word_1_590' title='bbox 1481 4224 1786 4292; x_wconf 83' lang='lat' dir='ltr'><strong>ingressuri,</strong></span> <span class='ocrx_word' id='word_1_591' title='bbox 1815 4239 1938 4291; x_wconf 85' lang='lat' dir='ltr'><strong>pro-</strong></span> 
     </span>
    </p>
   </div>
   <div class='ocr_carea' id='block_1_78' title="bbox 2045 3052 3588 3124">
    <p class='ocr_par' dir='ltr' id='par_1_78' title="bbox 2045 3052 3588 3124">
     <span class='ocr_line' id='line_1_78' title="bbox 2045 3052 3588 3124; baseline 0 -15"><span class='ocrx_word' id='word_1_592' title='bbox 2045 3055 2365 3110; x_wconf 90' lang='lat' dir='ltr'><strong>sacriﬁcium</strong></span> <span class='ocrx_word' id='word_1_593' title='bbox 2395 3070 2460 3109; x_wconf 81' lang='lat' dir='ltr'><strong>ex</strong></span> <span class='ocrx_word' id='word_1_594' title='bbox 2487 3054 2653 3123; x_wconf 89' lang='lat' dir='ltr'><strong>priori</strong></span> <span class='ocrx_word' id='word_1_595' title='bbox 2675 3055 2780 3120; x_wconf 92' lang='lat' dir='ltr'><strong>die,</strong></span> <span class='ocrx_word' id='word_1_596' title='bbox 2806 3052 2970 3124; x_wconf 81' lang='lat' dir='ltr'><strong>quod</strong></span> <span class='ocrx_word' id='word_1_597' title='bbox 2991 3061 3167 3108; x_wconf 91' lang='lat' dir='ltr'><strong>tamen</strong></span> <span class='ocrx_word' id='word_1_598' title='bbox 3214 3052 3435 3108; x_wconf 81' lang='lat' dir='ltr'><strong>Romani</strong></span> <span class='ocrx_word' id='word_1_599' title='bbox 3484 3070 3588 3111; x_wconf 91' lang='lat' dir='ltr'><strong>non</strong></span> 
     </span>
    </p>
   </div>
   <div class='ocr_carea' id='block_1_79' title="bbox 2046 3143 3585 3214">
    <p class='ocr_par' dir='ltr' id='par_1_79' title="bbox 2046 3143 3585 3214">
     <span class='ocr_line' id='line_1_79' title="bbox 2046 3143 3585 3214; baseline 0.002 -18"><span class='ocrx_word' id='word_1_600' title='bbox 2046 3144 2266 3198; x_wconf 77' lang='lat' dir='ltr'><strong>faciunt.</strong></span> <span class='ocrx_word' id='word_1_601' title='bbox 2293 3145 2350 3199; x_wconf 90' lang='lat' dir='ltr'><strong>ln</strong></span> <span class='ocrx_word' id='word_1_602' title='bbox 2377 3144 2479 3199; x_wconf 90' lang='lat' dir='ltr'><strong>isto</strong></span> <span class='ocrx_word' id='word_1_603' title='bbox 2504 3144 2647 3200; x_wconf 89' lang='lat' dir='ltr'><strong>enim</strong></span> <span class='ocrx_word' id='word_1_604' title='bbox 2672 3144 2757 3198; x_wconf 91' lang='lat' dir='ltr'><strong>die</strong></span> <span class='ocrx_word' id='word_1_605' title='bbox 2781 3143 3110 3198; x_wconf 90' lang='lat' dir='ltr'><strong>consumitur</strong></span> <span class='ocrx_word' id='word_1_606' title='bbox 3159 3158 3326 3212; x_wconf 86' lang='lat' dir='ltr'><strong>agnus</strong></span> <span class='ocrx_word' id='word_1_607' title='bbox 3359 3146 3585 3214; x_wconf 87' lang='lat' dir='ltr'><strong>typicus,</strong></span> 
     </span>
    </p>
   </div>
   <div class='ocr_carea' id='block_1_80' title="bbox 2044 3232 3585 3304">
    <p class='ocr_par' dir='ltr' id='par_1_80' title="bbox 2044 3232 3585 3304">
     <span class='ocr_line' id='line_1_80' title="bbox 2044 3232 3585 3304; baseline -0.001 -16"><span class='ocrx_word' id='word_1_608' title='bbox 2044 3241 2546 3302; x_wconf 82' lang='lat' dir='ltr'><strong>consummaturque</strong></span> <span class='ocrx_word' id='word_1_609' title='bbox 2598 3232 2783 3288; x_wconf 91' lang='lat' dir='ltr'><strong>modus</strong></span> <span class='ocrx_word' id='word_1_610' title='bbox 2835 3235 3326 3289; x_wconf 91' lang='lat' dir='ltr'><strong>communicationis</strong></span> <span class='ocrx_word' id='word_1_611' title='bbox 3369 3233 3585 3304; x_wconf 81' lang='lat' dir='ltr'><strong>[Fortc,</strong></span> 
     </span>
    </p>
   </div>
   <div class='ocr_carea' id='block_1_81' title="bbox 2043 3319 3584 3390">
    <p class='ocr_par' dir='ltr' id='par_1_81' title="bbox 2043 3319 3584 3390">
     <span class='ocr_line' id='line_1_81' title="bbox 2043 3319 3584 3390; baseline -0.001 -15"><span class='ocrx_word' id='word_1_612' title='bbox 2043 3319 2474 3390; x_wconf 86' lang='lat' dir='ltr'><strong>communionis],</strong></span> <span class='ocrx_word' id='word_1_613' title='bbox 2504 3327 2559 3374; x_wconf 90' lang='lat' dir='ltr'><strong>et</strong></span> <span class='ocrx_word' id='word_1_614' title='bbox 2587 3319 2714 3373; x_wconf 90' lang='lat' dir='ltr'><strong>illud</strong></span> <span class='ocrx_word' id='word_1_615' title='bbox 2731 3328 2883 3373; x_wconf 89' lang='lat' dir='ltr'><strong>vetus</strong></span> <span class='ocrx_word' id='word_1_616' title='bbox 2915 3331 3303 3374; x_wconf 87' lang='lat' dir='ltr'><strong>sacramentum</strong></span> <span class='ocrx_word' id='word_1_617' title='bbox 3329 3338 3422 3390; x_wconf 85' lang='lat' dir='ltr'><strong>per</strong></span> <span class='ocrx_word' id='word_1_618' title='bbox 3441 3322 3584 3375; x_wconf 83' lang='lat' dir='ltr'><strong>.cali-</strong></span> 
     </span>
    </p>
   </div>
   <div class='ocr_carea' id='block_1_82' title="bbox 2042 3409 3587 3481">
    <p class='ocr_par' dir='ltr' id='par_1_82' title="bbox 2042 3409 3587 3481">
     <span class='ocr_line' id='line_1_82' title="bbox 2042 3409 3587 3481; baseline 0.001 -18"><span class='ocrx_word' id='word_1_619' title='bbox 2042 3425 2178 3474; x_wconf 89' lang='lat' dir='ltr'><strong>cem,</strong></span> <span class='ocrx_word' id='word_1_620' title='bbox 2204 3425 2360 3479; x_wconf 85' lang='lat' dir='ltr'><strong>quem</strong></span> <span class='ocrx_word' id='word_1_621' title='bbox 2383 3409 2617 3479; x_wconf 80' lang='lat' dir='ltr'><strong>porrexit</strong></span> <span class='ocrx_word' id='word_1_622' title='bbox 2640 3411 2908 3478; x_wconf 90' lang='lat' dir='ltr'><strong>discipulis</strong></span> <span class='ocrx_word' id='word_1_623' title='bbox 2933 3411 3061 3474; x_wconf 86' lang='lat' dir='ltr'><strong>suis,</strong></span> <span class='ocrx_word' id='word_1_624' title='bbox 3090 3410 3196 3464; x_wconf 90' lang='lat' dir='ltr'><strong>Deo</strong></span> <span class='ocrx_word' id='word_1_625' title='bbox 3217 3412 3415 3480; x_wconf 73' lang='lat' dir='ltr'><strong>gratias</strong></span> <span class='ocrx_word' id='word_1_626' title='bbox 3430 3427 3587 3481; x_wconf 84' lang='lat' dir='ltr'><strong>agen-</strong></span> 
     </span>
    </p>
   </div>
   <div class='ocr_carea' id='block_1_83' title="bbox 2040 3498 3586 3570">
    <p class='ocr_par' dir='ltr' id='par_1_83' title="bbox 2040 3498 3586 3570">
     <span class='ocr_line' id='line_1_83' title="bbox 2040 3498 3586 3570; baseline 0.002 -18"><span class='ocrx_word' id='word_1_627' title='bbox 2040 3499 2126 3563; x_wconf 91' lang='lat' dir='ltr'><strong>do,</strong></span> <span class='ocrx_word' id='word_1_628' title='bbox 2149 3498 2289 3567; x_wconf 90' lang='lat' dir='ltr'><strong>quod</strong></span> <span class='ocrx_word' id='word_1_629' title='bbox 2318 3507 2494 3552; x_wconf 87' lang='lat' dir='ltr'><strong>vetera</strong></span> <span class='ocrx_word' id='word_1_630' title='bbox 2538 3500 2845 3562; x_wconf 86' lang='lat' dir='ltr'><strong>transitura,</strong></span> <span class='ocrx_word' id='word_1_631' title='bbox 2871 3508 2927 3552; x_wconf 93' lang='lat' dir='ltr'><strong>et</strong></span> <span class='ocrx_word' id='word_1_632' title='bbox 2977 3509 3199 3554; x_wconf 85' lang='lat' dir='ltr'><strong>ventura</strong></span> <span class='ocrx_word' id='word_1_633' title='bbox 3253 3517 3406 3564; x_wconf 89' lang='lat' dir='ltr'><strong>nova,</strong></span> <span class='ocrx_word' id='word_1_634' title='bbox 3469 3518 3586 3570; x_wconf 75' lang='lat' dir='ltr'><strong>qua:</strong></span> 
     </span>
    </p>
   </div>
   <div class='ocr_carea' id='block_1_84' title="bbox 2041 3589 3582 3659">
    <p class='ocr_par' dir='ltr' id='par_1_84' title="bbox 2041 3589 3582 3659">
     <span class='ocr_line' id='line_1_84' title="bbox 2041 3589 3582 3659; baseline 0.001 -17"><span class='ocrx_word' id='word_1_635' title='bbox 2041 3589 2292 3642; x_wconf 87' lang='lat' dir='ltr'><strong>debemus</strong></span> <span class='ocrx_word' id='word_1_636' title='bbox 2314 3599 2622 3659; x_wconf 88' lang='lat' dir='ltr'><strong>exspectare</strong></span> <span class='ocrx_word' id='word_1_637' title='bbox 2636 3603 2802 3657; x_wconf 89' lang='lat' dir='ltr'><strong>usque</strong></span> <span class='ocrx_word' id='word_1_638' title='bbox 2824 3589 2876 3642; x_wconf 92' lang='lat' dir='ltr'><strong>in</strong></span> <span class='ocrx_word' id='word_1_639' title='bbox 2894 3591 3331 3646; x_wconf 89' lang='lat' dir='ltr'><strong>resurrectionem</strong></span> <span class='ocrx_word' id='word_1_640' title='bbox 3357 3591 3582 3645; x_wconf 86' lang='lat' dir='ltr'><strong>Domini.</strong></span> 
     </span>
    </p>
   </div>
   <div class='ocr_carea' id='block_1_85' title="bbox 2041 3659 3583 3750">
    <p class='ocr_par' dir='ltr' id='par_1_85' title="bbox 2041 3659 3583 3750">
     <span class='ocr_line' id='line_1_85' title="bbox 2041 3659 3583 3750; baseline 0.002 -18"><span class='ocrx_word' id='word_1_641' title='bbox 2041 3679 2180 3732; x_wconf 82' lang='lat' dir='ltr'><strong>Dixit</strong></span> <span class='ocrx_word' id='word_1_642' title='bbox 2195 3679 2334 3731; x_wconf 89' lang='lat' dir='ltr'><strong>enim</strong></span> <span class='ocrx_word' id='word_1_643' title='bbox 2356 3679 2636 3733; x_wconf 88' lang='lat' dir='ltr'><strong>Dominus:</strong></span> <span class='ocrx_word' id='word_1_644' title='bbox 2657 3679 2777 3732; x_wconf 85' lang='lat' dir='ltr'><strong>Non</strong></span> <span class='ocrx_word' id='word_1_645' title='bbox 2800 3679 2965 3732; x_wconf 86' lang='lat' dir='ltr'><strong>bibam</strong></span> <span class='ocrx_word' id='word_1_646' title='bbox 2983 3681 3046 3732; x_wconf 86' lang='lat' dir='ltr'><strong>de</strong></span> <span class='ocrx_word' id='word_1_647' title='bbox 3064 3681 3158 3734; x_wconf 81' lang='lat' dir='ltr'><strong>hoc</strong></span> <span class='ocrx_word' id='word_1_648' title='bbox 3179 3659 3583 3750; x_wconf 45' lang='lat' dir='ltr'><strong>genimineouilis,</strong></span> 
     </span>
    </p>
   </div>
   <div class='ocr_carea' id='block_1_86' title="bbox 2041 3767 3446 3838">
    <p class='ocr_par' dir='ltr' id='par_1_86' title="bbox 2041 3767 3446 3838">
     <span class='ocr_line' id='line_1_86' title="bbox 2041 3767 3446 3838; baseline 0.001 -18"><span class='ocrx_word' id='word_1_649' title='bbox 2041 3784 2199 3836; x_wconf 83' lang='lat' dir='ltr'><strong>usque</strong></span> <span class='ocrx_word' id='word_1_650' title='bbox 2227 3769 2281 3820; x_wconf 85' lang='lat' dir='ltr'><strong>in</strong></span> <span class='ocrx_word' id='word_1_651' title='bbox 2302 3767 2436 3820; x_wconf 87' lang='lat' dir='ltr'><strong>diem</strong></span> <span class='ocrx_word' id='word_1_652' title='bbox 2459 3768 2610 3822; x_wconf 77' lang='lat' dir='ltr'><strong>illum</strong></span> <span class='ocrx_word' id='word_1_653' title='bbox 2645 3767 2835 3838; x_wconf 70' lang='lat' dir='ltr'><strong>(Marc.</strong></span> <span class='ocrx_word' id='word_1_654' title='bbox 2860 3784 2971 3831; x_wconf 77' lang='lat' dir='ltr'><strong>xw,</strong></span> <span class='ocrx_word' id='word_1_655' title='bbox 3000 3767 3117 3838; x_wconf 68' lang='lat'><strong>25),</strong></span> <span class='ocrx_word' id='word_1_656' title='bbox 3139 3777 3194 3822; x_wconf 89' lang='lat' dir='ltr'><strong>et</strong></span> <span class='ocrx_word' id='word_1_657' title='bbox 3225 3769 3446 3838; x_wconf 84' lang='lat' dir='ltr'><strong>reliqua.</strong></span> 
     </span>
    </p>
   </div>
   <div class='ocr_carea' id='block_1_87' title="bbox 2107 3855 3586 3926">
    <p class='ocr_par' dir='ltr' id='par_1_87' title="bbox 2107 3855 3586 3926">
     <span class='ocr_line' id='line_1_87' title="bbox 2107 3855 3586 3926; baseline 0.003 -19"><span class='ocrx_word' id='word_1_658' title='bbox 2107 3855 2270 3926; x_wconf 68' lang='grc'><strong>478</strong></span> <span class='ocrx_word' id='word_1_659' title='bbox 2293 3856 2493 3910; x_wconf 90' lang='lat' dir='ltr'><strong>Dehinc</strong></span> <span class='ocrx_word' id='word_1_660' title='bbox 2517 3857 2773 3912; x_wconf 85' lang='lat' dir='ltr'><strong>transitur</strong></span> <span class='ocrx_word' id='word_1_661' title='bbox 2801 3857 2867 3910; x_wconf 91' lang='lat' dir='ltr'><strong>ad</strong></span> <span class='ocrx_word' id='word_1_662' title='bbox 2893 3858 3210 3920; x_wconf 82' lang='lat' dir='ltr'><strong>convivium,</strong></span> <span class='ocrx_word' id='word_1_663' title='bbox 3243 3872 3306 3910; x_wconf 86' lang='lat' dir='ltr'><strong>ex</strong></span> <span class='ocrx_word' id='word_1_664' title='bbox 3343 3874 3448 3926; x_wconf 89' lang='lat' dir='ltr'><strong>quo</strong></span> <span class='ocrx_word' id='word_1_665' title='bbox 3478 3874 3586 3912; x_wconf 78' lang='lat' dir='ltr'><strong>cm-</strong></span> 
     </span>
    </p>
   </div>
   <div class='ocr_carea' id='block_1_88' title="bbox 2040 3943 3583 4010">
    <p class='ocr_par' dir='ltr' id='par_1_88' title="bbox 2040 3943 3583 4010">
     <span class='ocr_line' id='line_1_88' title="bbox 2040 3943 3583 4010; baseline 0.002 -15"><span class='ocrx_word' id='word_1_666' title='bbox 2040 3959 2107 3996; x_wconf 91' lang='lat' dir='ltr'><strong>na</strong></span> <span class='ocrx_word' id='word_1_667' title='bbox 2138 3943 2341 3998; x_wconf 91' lang='lat' dir='ltr'><strong>Domini</strong></span> <span class='ocrx_word' id='word_1_668' title='bbox 2368 3954 2606 3998; x_wconf 88' lang='lat' dir='ltr'><strong>vocatur.</strong></span> <span class='ocrx_word' id='word_1_669' title='bbox 2641 3944 2804 3999; x_wconf 59' lang='lat' dir='ltr'><strong>Carna</strong></span> <span class='ocrx_word' id='word_1_670' title='bbox 2856 3946 2997 3998; x_wconf 90' lang='lat' dir='ltr'><strong>enim</strong></span> <span class='ocrx_word' id='word_1_671' title='bbox 3048 3946 3319 3998; x_wconf 87' lang='lat' dir='ltr'><strong>Dominica</strong></span> <span class='ocrx_word' id='word_1_672' title='bbox 3370 3943 3583 4010; x_wconf 86' lang='lat' dir='ltr'><strong>dicitur,</strong></span> 
     </span>
    </p>
   </div>
   <div class='ocr_carea' id='block_1_89' title="bbox 2039 4031 3584 4099">
    <p class='ocr_par' dir='ltr' id='par_1_89' title="bbox 2039 4031 3584 4099">
     <span class='ocr_line' id='line_1_89' title="bbox 2039 4031 3584 4099; baseline 0.002 -16"><span class='ocrx_word' id='word_1_673' title='bbox 2039 4045 2102 4083; x_wconf 87' lang='lat' dir='ltr'><strong>eo</strong></span> <span class='ocrx_word' id='word_1_674' title='bbox 2129 4031 2268 4098; x_wconf 91' lang='lat' dir='ltr'><strong>quod</strong></span> <span class='ocrx_word' id='word_1_675' title='bbox 2297 4031 2406 4098; x_wconf 89' lang='lat' dir='ltr'><strong>ipse</strong></span> <span class='ocrx_word' id='word_1_676' title='bbox 2454 4031 2710 4086; x_wconf 86' lang='lat' dir='ltr'><strong>Dominus</strong></span> <span class='ocrx_word' id='word_1_677' title='bbox 2740 4047 2859 4085; x_wconf 88' lang='lat' dir='ltr'><strong>cum</strong></span> <span class='ocrx_word' id='word_1_678' title='bbox 2909 4032 3180 4099; x_wconf 90' lang='lat' dir='ltr'><strong>discipulis</strong></span> <span class='ocrx_word' id='word_1_679' title='bbox 3225 4033 3336 4086; x_wconf 89' lang='lat' dir='ltr'><strong>suis</strong></span> <span class='ocrx_word' id='word_1_680' title='bbox 3383 4032 3584 4087; x_wconf 86' lang='lat' dir='ltr'><strong>Pascha</strong></span> 
     </span>
    </p>
   </div>
   <div class='ocr_carea' id='block_1_90' title="bbox 2039 4117 3585 4190">
    <p class='ocr_par' dir='ltr' id='par_1_90' title="bbox 2039 4117 3585 4190">
     <span class='ocr_line' id='line_1_90' title="bbox 2039 4117 3585 4190; baseline 0.003 -20"><span class='ocrx_word' id='word_1_681' title='bbox 2039 4119 2242 4172; x_wconf 80' lang='lat' dir='ltr'><strong>fecerit.</strong></span> <span class='ocrx_word' id='word_1_682' title='bbox 2270 4118 2379 4170; x_wconf 84' lang='lat' dir='ltr'><strong>Hoc</strong></span> <span class='ocrx_word' id='word_1_683' title='bbox 2412 4127 2589 4172; x_wconf 90' lang='lat' dir='ltr'><strong>autem</strong></span> <span class='ocrx_word' id='word_1_684' title='bbox 2624 4119 2810 4174; x_wconf 88' lang='lat' dir='ltr'><strong>ordine</strong></span> <span class='ocrx_word' id='word_1_685' title='bbox 2848 4117 3045 4174; x_wconf 83' lang='lat' dir='ltr'><strong>factum</strong></span> <span class='ocrx_word' id='word_1_686' title='bbox 3067 4129 3166 4173; x_wconf 89' lang='lat' dir='ltr'><strong>est.</strong></span> <span class='ocrx_word' id='word_1_687' title='bbox 3197 4121 3353 4173; x_wconf 87' lang='lat' dir='ltr'><strong>Circa</strong></span> <span class='ocrx_word' id='word_1_688' title='bbox 3405 4136 3585 4190; x_wconf 83' lang='lat' dir='ltr'><strong>vespe-</strong></span> 
     </span>
    </p>
   </div>
   <div class='ocr_carea' id='block_1_91' title="bbox 2040 4206 3585 4276">
    <p class='ocr_par' dir='ltr' id='par_1_91' title="bbox 2040 4206 3585 4276">
     <span class='ocr_line' id='line_1_91' title="bbox 2040 4206 3585 4276; baseline 0.002 -16"><span class='ocrx_word' id='word_1_689' title='bbox 2040 4223 2154 4260; x_wconf 89' lang='lat' dir='ltr'><strong>ram</strong></span> <span class='ocrx_word' id='word_1_690' title='bbox 2178 4222 2300 4261; x_wconf 86' lang='lat' dir='ltr'><strong>vero</strong></span> <span class='ocrx_word' id='word_1_691' title='bbox 2347 4222 2497 4261; x_wconf 71' lang='lat' dir='ltr'><strong>omna</strong></span> <span class='ocrx_word' id='word_1_692' title='bbox 2532 4206 2690 4273; x_wconf 82' lang='lat' dir='ltr'><strong>facta,</strong></span> <span class='ocrx_word' id='word_1_693' title='bbox 2721 4207 2772 4262; x_wconf 92' lang='lat' dir='ltr'><strong>id</strong></span> <span class='ocrx_word' id='word_1_694' title='bbox 2798 4216 2896 4272; x_wconf 91' lang='lat' dir='ltr'><strong>est,</strong></span> <span class='ocrx_word' id='word_1_695' title='bbox 2921 4219 3106 4276; x_wconf 89' lang='lat' dir='ltr'><strong>parata</strong></span> <span class='ocrx_word' id='word_1_696' title='bbox 3139 4219 3192 4263; x_wconf 91' lang='lat' dir='ltr'><strong>ct</strong></span> <span class='ocrx_word' id='word_1_697' title='bbox 3215 4208 3279 4262; x_wconf 90' lang='lat' dir='ltr'><strong>ad</strong></span> <span class='ocrx_word' id='word_1_698' title='bbox 3307 4210 3585 4264; x_wconf 88' lang='lat' dir='ltr'><strong>convivan-</strong></span> 
     </span>
    </p>
   </div>
   <div class='ocr_carea' id='block_1_92' title="bbox 387 4285 3586 4386">
    <p class='ocr_par' dir='ltr' id='par_1_92' title="bbox 387 4285 3586 4386">
     <span class='ocr_line' id='line_1_92' title="bbox 387 4285 3586 4386; baseline -0.002 -13"><span class='ocrx_word' id='word_1_699' title='bbox 387 4327 642 4386; x_wconf 85' lang='lat' dir='ltr'><strong>sequente</strong></span> <span class='ocrx_word' id='word_1_700' title='bbox 663 4333 783 4372; x_wconf 90' lang='lat' dir='ltr'><strong>eum</strong></span> <span class='ocrx_word' id='word_1_701' title='bbox 812 4319 1003 4386; x_wconf 91' lang='lat' dir='ltr'><strong>populo</strong></span> <span class='ocrx_word' id='word_1_702' title='bbox 1028 4333 1147 4371; x_wconf 91' lang='lat' dir='ltr'><strong>cum</strong></span> <span class='ocrx_word' id='word_1_703' title='bbox 1183 4333 1390 4370; x_wconf 91' lang='lat' dir='ltr'><strong>summo</strong></span> <span class='ocrx_word' id='word_1_704' title='bbox 1424 4316 1633 4370; x_wconf 82' lang='lat' dir='ltr'><strong>silentio</strong></span> <span class='ocrx_word' id='word_1_705' title='bbox 1683 4324 1840 4384; x_wconf 83' lang='lat' dir='ltr'><strong>atque</strong></span> <span class='ocrx_word' id='word_1_706' title='bbox 1864 4316 1941 4367; x_wconf 84' lang='lat' dir='ltr'><strong>in—</strong></span> <span class='ocrx_word' id='word_1_707' title='bbox 1970 4285 2016 4341; x_wconf 70' lang='grc' dir='ltr'>υ</span> <span class='ocrx_word' id='word_1_708' title='bbox 2043 4299 2173 4350; x_wconf 63' lang='lat' dir='ltr'><strong>“um</strong></span> <span class='ocrx_word' id='word_1_709' title='bbox 2195 4312 2428 4350; x_wconf 61' lang='lat' dir='ltr'><strong>mensam</strong></span> <span class='ocrx_word' id='word_1_710' title='bbox 2455 4313 2621 4365; x_wconf 69' lang='lat' dir='ltr'><strong>usque</strong></span> <span class='ocrx_word' id='word_1_711' title='bbox 2646 4298 2918 4366; x_wconf 68' lang='grc' dir='ltr'><strong>Ρθτάυεων</strong></span> <span class='ocrx_word' id='word_1_712' title='bbox 2946 4315 3050 4351; x_wconf 75' lang='grc' dir='ltr'><strong>που</strong></span> <span class='ocrx_word' id='word_1_713' title='bbox 3092 4308 3360 4358; x_wconf 66' lang='grc' dir='ltr'><strong>ιτθηδέιειει</strong></span> <span class='ocrx_word' id='word_1_714' title='bbox 3414 4312 3586 4367; x_wconf 60' lang='lat' dir='ltr'><strong>neque</strong></span> 
     </span>
    </p>
   </div>
   <div class='ocr_carea' id='block_1_93' title="bbox 387 4403 1935 4472">
    <p class='ocr_par' dir='ltr' id='par_1_93' title="bbox 387 4403 1935 4472">
     <span class='ocr_line' id='line_1_93' title="bbox 387 4403 1935 4472; baseline -0.004 -13"><span class='ocrx_word' id='word_1_715' title='bbox 387 4405 671 4460; x_wconf 88' lang='lat' dir='ltr'><strong>clinatione</strong></span> <span class='ocrx_word' id='word_1_716' title='bbox 699 4422 712 4455; x_wconf 86' lang='lat'>:</span> <span class='ocrx_word' id='word_1_717' title='bbox 740 4405 852 4472; x_wconf 92' lang='lat' dir='ltr'><strong>ipsa</strong></span> <span class='ocrx_word' id='word_1_718' title='bbox 880 4419 1004 4457; x_wconf 91' lang='lat' dir='ltr'><strong>vero</strong></span> <span class='ocrx_word' id='word_1_719' title='bbox 1046 4405 1272 4458; x_wconf 89' lang='lat' dir='ltr'><strong>ecclesia</strong></span> <span class='ocrx_word' id='word_1_720' title='bbox 1316 4403 1516 4472; x_wconf 87' lang='lat' dir='ltr'><strong>absque</strong></span> <span class='ocrx_word' id='word_1_721' title='bbox 1565 4403 1759 4456; x_wconf 90' lang='lat' dir='ltr'><strong>lumine</strong></span> <span class='ocrx_word' id='word_1_722' title='bbox 1814 4403 1935 4456; x_wconf 88' lang='lat' dir='ltr'><strong>erit.</strong></span> 
     </span>
    </p>
   </div>
   <div class='ocr_carea' id='block_1_94' title="bbox 383 4492 1942 4560">
    <p class='ocr_par' dir='ltr' id='par_1_94' title="bbox 383 4492 1942 4560">
     <span class='ocr_line' id='line_1_94' title="bbox 383 4492 1942 4560; baseline -0.003 -11"><span class='ocrx_word' id='word_1_723' title='bbox 383 4495 644 4550; x_wconf 86' lang='lat' dir='ltr'><strong>Custodes</strong></span> <span class='ocrx_word' id='word_1_724' title='bbox 667 4502 840 4546; x_wconf 89' lang='lat' dir='ltr'><strong>autem</strong></span> <span class='ocrx_word' id='word_1_725' title='bbox 870 4493 1133 4560; x_wconf 86' lang='lat' dir='ltr'><strong>lampades</strong></span> <span class='ocrx_word' id='word_1_726' title='bbox 1163 4502 1366 4560; x_wconf 87' lang='lat' dir='ltr'><strong>septem</strong></span> <span class='ocrx_word' id='word_1_727' title='bbox 1387 4501 1508 4545; x_wconf 89' lang='lat' dir='ltr'><strong>ante</strong></span> <span class='ocrx_word' id='word_1_728' title='bbox 1529 4492 1694 4546; x_wconf 88' lang='lat' dir='ltr'><strong>altare</strong></span> <span class='ocrx_word' id='word_1_729' title='bbox 1712 4493 1781 4545; x_wconf 87' lang='lat' dir='ltr'><strong>ita</strong></span> <span class='ocrx_word' id='word_1_730' title='bbox 1814 4509 1942 4560; x_wconf 80' lang='lat' dir='ltr'><strong>pra:-</strong></span> 
     </span>
    </p>
   </div>
   <div class='ocr_carea' id='block_1_95' title="bbox 386 4581 1937 4656">
    <p class='ocr_par' dir='ltr' id='par_1_95' title="bbox 386 4581 1937 4656">
     <span class='ocr_line' id='line_1_95' title="bbox 386 4581 1937 4656; baseline -0.002 -17"><span class='ocrx_word' id='word_1_731' title='bbox 386 4595 602 4656; x_wconf 89' lang='lat' dir='ltr'><strong>paratas</strong></span> <span class='ocrx_word' id='word_1_732' title='bbox 627 4585 877 4647; x_wconf 89' lang='lat' dir='ltr'><strong>habeant,</strong></span> <span class='ocrx_word' id='word_1_733' title='bbox 914 4593 972 4636; x_wconf 92' lang='lat' dir='ltr'><strong>ut</strong></span> <span class='ocrx_word' id='word_1_734' title='bbox 991 4583 1192 4652; x_wconf 89' lang='lat' dir='ltr'><strong>absque</strong></span> <span class='ocrx_word' id='word_1_735' title='bbox 1219 4581 1327 4635; x_wconf 91' lang='lat' dir='ltr'><strong>ullo</strong></span> <span class='ocrx_word' id='word_1_736' title='bbox 1370 4583 1746 4649; x_wconf 86' lang='lat' dir='ltr'><strong>impedimento</strong></span> <span class='ocrx_word' id='word_1_737' title='bbox 1760 4582 1937 4650; x_wconf 88' lang='lat' dir='ltr'><strong>cujus-</strong></span> 
     </span>
    </p>
   </div>
   <div class='ocr_carea' id='block_1_96' title="bbox 289 4670 1939 4743">
    <p class='ocr_par' dir='ltr' id='par_1_96' title="bbox 289 4670 1939 4743">
     <span class='ocr_line' id='line_1_96' title="bbox 289 4670 1939 4743; baseline -0.002 -15"><span class='ocrx_word' id='word_1_738' title='bbox 289 4673 294 4676; x_wconf 80' lang='grc'><em>’</em></span> <span class='ocrx_word' id='word_1_739' title='bbox 384 4690 596 4743; x_wconf 87' lang='lat' dir='ltr'><strong>cunque</strong></span> <span class='ocrx_word' id='word_1_740' title='bbox 624 4674 1001 4729; x_wconf 87' lang='lat' dir='ltr'><strong>retardationis</strong></span> <span class='ocrx_word' id='word_1_741' title='bbox 1035 4687 1191 4725; x_wconf 90' lang='lat' dir='ltr'><strong>manu</strong></span> <span class='ocrx_word' id='word_1_742' title='bbox 1220 4670 1586 4734; x_wconf 89' lang='lat' dir='ltr'><strong>mansionarii,</strong></span> <span class='ocrx_word' id='word_1_743' title='bbox 1610 4686 1731 4724; x_wconf 91' lang='lat' dir='ltr'><strong>cum</strong></span> <span class='ocrx_word' id='word_1_744' title='bbox 1755 4673 1939 4726; x_wconf 89' lang='lat' dir='ltr'><strong>eadem</strong></span> 
     </span>
    </p>
   </div>
   <div class='ocr_carea' id='block_1_97' title="bbox 387 4761 1941 4831">
    <p class='ocr_par' dir='ltr' id='par_1_97' title="bbox 387 4761 1941 4831">
     <span class='ocr_line' id='line_1_97' title="bbox 387 4761 1941 4831; baseline -0.005 -13"><span class='ocrx_word' id='word_1_745' title='bbox 387 4763 604 4818; x_wconf 87' lang='lat' dir='ltr'><strong>candela</strong></span> <span class='ocrx_word' id='word_1_746' title='bbox 633 4765 840 4831; x_wconf 89' lang='lat' dir='ltr'><strong>possint</strong></span> <span class='ocrx_word' id='word_1_747' title='bbox 865 4763 1100 4819; x_wconf 88' lang='lat' dir='ltr'><strong>accendi.</strong></span> <span class='ocrx_word' id='word_1_748' title='bbox 1130 4762 1385 4828; x_wconf 86' lang='lat' dir='ltr'><strong>Deinceps</strong></span> <span class='ocrx_word' id='word_1_749' title='bbox 1409 4773 1536 4812; x_wconf 90' lang='lat' dir='ltr'><strong>vero</strong></span> <span class='ocrx_word' id='word_1_750' title='bbox 1572 4772 1603 4810; x_wconf 90' lang='lat' dir='ltr'><strong>a</strong></span> <span class='ocrx_word' id='word_1_751' title='bbox 1630 4761 1941 4813; x_wconf 85' lang='lat' dir='ltr'><strong>custodibus</strong></span> 
     </span>
    </p>
   </div>
   <div class='ocr_carea' id='block_1_98' title="bbox 391 4846 1940 4913">
    <p class='ocr_par' dir='ltr' id='par_1_98' title="bbox 391 4846 1940 4913">
     <span class='ocr_line' id='line_1_98' title="bbox 391 4846 1940 4913; baseline -0.004 -6"><span class='ocrx_word' id='word_1_752' title='bbox 391 4852 526 4907; x_wconf 82' lang='lat' dir='ltr'><strong>omni</strong></span> <span class='ocrx_word' id='word_1_753' title='bbox 553 4852 749 4905; x_wconf 91' lang='lat' dir='ltr'><strong>lumine</strong></span> <span class='ocrx_word' id='word_1_754' title='bbox 769 4853 1049 4906; x_wconf 87' lang='lat' dir='ltr'><strong>decoretur</strong></span> <span class='ocrx_word' id='word_1_755' title='bbox 1077 4851 1320 4913; x_wconf 86' lang='lat' dir='ltr'><strong>ecclesia,</strong></span> <span class='ocrx_word' id='word_1_756' title='bbox 1348 4856 1400 4902; x_wconf 93' lang='lat' dir='ltr'><strong>et</strong></span> <span class='ocrx_word' id='word_1_757' title='bbox 1425 4848 1562 4902; x_wconf 92' lang='lat' dir='ltr'><strong>sicut</strong></span> <span class='ocrx_word' id='word_1_758' title='bbox 1584 4846 1774 4900; x_wconf 89' lang='lat' dir='ltr'><strong>istodie</strong></span> <span class='ocrx_word' id='word_1_759' title='bbox 1797 4857 1940 4901; x_wconf 87' lang='lat' dir='ltr'><strong>taxa-</strong></span> 
     </span>
    </p>
   </div>
   <div class='ocr_carea' id='block_1_99' title="bbox 384 4935 1934 5010">
    <p class='ocr_par' dir='ltr' id='par_1_99' title="bbox 384 4935 1934 5010">
     <span class='ocr_line' id='line_1_99' title="bbox 384 4935 1934 5010; baseline -0.005 -14"><span class='ocrx_word' id='word_1_760' title='bbox 384 4939 577 5006; x_wconf 85' lang='lat' dir='ltr'><strong>vimus,</strong></span> <span class='ocrx_word' id='word_1_761' title='bbox 623 4941 696 4994; x_wconf 88' lang='lat' dir='ltr'><strong>ita</strong></span> <span class='ocrx_word' id='word_1_762' title='bbox 732 4948 784 4995; x_wconf 89' lang='lat' dir='ltr'><strong>et</strong></span> <span class='ocrx_word' id='word_1_763' title='bbox 811 4941 939 4995; x_wconf 78' lang='lat' dir='ltr'><strong>feria</strong></span> <span class='ocrx_word' id='word_1_764' title='bbox 966 4952 1119 4996; x_wconf 85' lang='lat' dir='ltr'><strong>sexta</strong></span> <span class='ocrx_word' id='word_1_765' title='bbox 1157 4949 1315 5010; x_wconf 90' lang='lat' dir='ltr'><strong>atque</strong></span> <span class='ocrx_word' id='word_1_766' title='bbox 1343 4937 1592 4992; x_wconf 88' lang='lat' dir='ltr'><strong>Sabbato.</strong></span> <span class='ocrx_word' id='word_1_767' title='bbox 1624 4935 1700 4990; x_wconf 86' lang='lat' dir='ltr'><strong>Eo</strong></span> <span class='ocrx_word' id='word_1_768' title='bbox 1729 4935 1934 4998; x_wconf 91' lang='lat' dir='ltr'><strong>ordine,</strong></span> 
     </span>
    </p>
   </div>
   <div class='ocr_carea' id='block_1_100' title="bbox 385 5023 1934 5099">
    <p class='ocr_par' dir='ltr' id='par_1_100' title="bbox 385 5023 1934 5099">
     <span class='ocr_line' id='line_1_100' title="bbox 385 5023 1934 5099; baseline -0.004 -15"><span class='ocrx_word' id='word_1_769' title='bbox 385 5039 496 5085; x_wconf 92' lang='lat' dir='ltr'><strong>uta</strong></span> <span class='ocrx_word' id='word_1_770' title='bbox 524 5030 884 5085; x_wconf 88' lang='lat' dir='ltr'><strong>mansionario</strong></span> <span class='ocrx_word' id='word_1_771' title='bbox 926 5029 1058 5084; x_wconf 82' lang='lat' dir='ltr'><strong>feria</strong></span> <span class='ocrx_word' id='word_1_772' title='bbox 1087 5033 1273 5099; x_wconf 89' lang='lat' dir='ltr'><strong>quinta</strong></span> <span class='ocrx_word' id='word_1_773' title='bbox 1318 5036 1573 5098; x_wconf 91' lang='lat' dir='ltr'><strong>portetur,</strong></span> <span class='ocrx_word' id='word_1_774' title='bbox 1607 5034 1757 5080; x_wconf 86' lang='lat' dir='ltr'><strong>sexta</strong></span> <span class='ocrx_word' id='word_1_775' title='bbox 1803 5023 1934 5078; x_wconf 84' lang='lat' dir='ltr'><strong>feria</strong></span> 
     </span>
    </p>
   </div>
   <div class='ocr_carea' id='block_1_101' title="bbox 384 5112 1936 5189">
    <p class='ocr_par' dir='ltr' id='par_1_101' title="bbox 384 5112 1936 5189">
     <span class='ocr_line' id='line_1_101' title="bbox 384 5112 1936 5189; baseline -0.005 -15"><span class='ocrx_word' id='word_1_776' title='bbox 384 5121 453 5174; x_wconf 87' lang='lat' dir='ltr'><strong>ab</strong></span> <span class='ocrx_word' id='word_1_777' title='bbox 477 5112 868 5183; x_wconf 87' lang='lat' dir='ltr'><strong>archidiacono,</strong></span> <span class='ocrx_word' id='word_1_778' title='bbox 893 5119 1114 5173; x_wconf 87' lang='lat' dir='ltr'><strong>sabbato</strong></span> <span class='ocrx_word' id='word_1_779' title='bbox 1135 5121 1202 5174; x_wconf 88' lang='lat' dir='ltr'><strong>ab</strong></span> <span class='ocrx_word' id='word_1_780' title='bbox 1225 5121 1474 5189; x_wconf 83' lang='lat' dir='ltr'><strong>episeopo</strong></span> <span class='ocrx_word' id='word_1_781' title='bbox 1488 5117 1716 5184; x_wconf 73' lang='lat' dir='ltr'><strong>iuniore.</strong></span> <span class='ocrx_word' id='word_1_782' title='bbox 1747 5114 1801 5167; x_wconf 90' lang='lat' dir='ltr'><strong>ln</strong></span> <span class='ocrx_word' id='word_1_783' title='bbox 1829 5129 1936 5167; x_wconf 68' lang='lat' dir='ltr'><strong>caa-</strong></span> 
     </span>
    </p>
   </div>
   <div class='ocr_carea' id='block_1_102' title="bbox 383 5201 1932 5277">
    <p class='ocr_par' dir='ltr' id='par_1_102' title="bbox 383 5201 1932 5277">
     <span class='ocr_line' id='line_1_102' title="bbox 383 5201 1932 5277; baseline -0.006 -11"><span class='ocrx_word' id='word_1_784' title='bbox 383 5209 556 5266; x_wconf 81' lang='lat' dir='ltr'><strong>nohiis</strong></span> <span class='ocrx_word' id='word_1_785' title='bbox 590 5224 717 5264; x_wconf 93' lang='lat' dir='ltr'><strong>vero</strong></span> <span class='ocrx_word' id='word_1_786' title='bbox 751 5208 884 5262; x_wconf 76' lang='lat' dir='ltr'><strong>feria</strong></span> <span class='ocrx_word' id='word_1_787' title='bbox 916 5208 1103 5277; x_wconf 87' lang='lat' dir='ltr'><strong>quinta</strong></span> <span class='ocrx_word' id='word_1_788' title='bbox 1150 5222 1181 5260; x_wconf 89' lang='lat' dir='ltr'><strong>a</strong></span> <span class='ocrx_word' id='word_1_789' title='bbox 1226 5209 1446 5262; x_wconf 85' lang='lat' dir='ltr'><strong>custode</strong></span> <span class='ocrx_word' id='word_1_790' title='bbox 1492 5205 1750 5267; x_wconf 82' lang='lat' dir='ltr'><strong>ecclesiae,</strong></span> <span class='ocrx_word' id='word_1_791' title='bbox 1801 5201 1932 5257; x_wconf 81' lang='lat' dir='ltr'><strong>feria</strong></span> 
     </span>
    </p>
   </div>
   <div class='ocr_carea' id='block_1_103' title="bbox 383 5280 1494 5368">
    <p class='ocr_par' dir='ltr' id='par_1_103' title="bbox 383 5280 1494 5368">
     <span class='ocr_line' id='line_1_103' title="bbox 383 5280 1494 5368; baseline -0.008 -12"><span class='ocrx_word' id='word_1_792' title='bbox 383 5309 532 5356; x_wconf 76' lang='lat' dir='ltr'><strong>sexta</strong></span> <span class='ocrx_word' id='word_1_793' title='bbox 561 5315 589 5353; x_wconf 91' lang='lat' dir='ltr'><strong>a</strong></span> <span class='ocrx_word' id='word_1_794' title='bbox 613 5299 912 5368; x_wconf 66' lang='lat' dir='ltr'><strong>praeposito,</strong></span> <span class='ocrx_word' id='word_1_795' title='bbox 945 5297 1164 5351; x_wconf 83' lang='lat' dir='ltr'><strong>sabbato</strong></span> <span class='ocrx_word' id='word_1_796' title='bbox 1192 5295 1261 5348; x_wconf 90' lang='lat' dir='ltr'><strong>ab</strong></span> <span class='ocrx_word' id='word_1_797' title='bbox 1285 5280 1494 5350; x_wconf 86' lang='lat' dir='ltr'><strong>abbate.</strong></span> 
     </span>
    </p>
   </div>
   <div class='ocr_carea' id='block_1_104' title="bbox 453 5383 1977 5444">
    <p class='ocr_par' dir='ltr' id='par_1_104' title="bbox 453 5383 1977 5444">
     <span class='ocr_line' id='line_1_104' title="bbox 453 5383 1977 5444; baseline -0.005 -1"><span class='ocrx_word' id='word_1_798' title='bbox 453 5389 580 5444; x_wconf 89' lang='lat' dir='ltr'><strong>Post</strong></span> <span class='ocrx_word' id='word_1_799' title='bbox 599 5388 1037 5442; x_wconf 85' lang='lat' dir='ltr'><strong>illuminationem</strong></span> <span class='ocrx_word' id='word_1_800' title='bbox 1084 5400 1213 5440; x_wconf 87' lang='lat' dir='ltr'><strong>vero</strong></span> <span class='ocrx_word' id='word_1_801' title='bbox 1248 5385 1484 5440; x_wconf 71' lang='lat' dir='ltr'><strong>ecclesia:</strong></span> <span class='ocrx_word' id='word_1_802' title='bbox 1541 5383 1820 5438; x_wconf 90' lang='lat' dir='ltr'><strong>inchoatur</strong></span> <span class='ocrx_word' id='word_1_803' title='bbox 1863 5385 1928 5436; x_wconf 91' lang='lat' dir='ltr'><strong>ad</strong></span> <span class='ocrx_word' id='word_1_804' title='bbox 1972 5391 1977 5395; x_wconf 87' lang='lat'>&#39;</span> 
     </span>
    </p>
   </div>
   <div class='ocr_carea' id='block_1_105' title="bbox 453 5477 974 5539">
    <p class='ocr_par' dir='ltr' id='par_1_105' title="bbox 453 5477 974 5539">
     <span class='ocr_line' id='line_1_105' title="bbox 453 5477 974 5539; baseline -0.015 -4"><span class='ocrx_word' id='word_1_805' title='bbox 453 5492 477 5520; x_wconf 79' lang='grc'><strong>⁸</strong></span> <span class='ocrx_word' id='word_1_806' title='bbox 506 5477 826 5539; x_wconf 82' lang='lat' dir='ltr'><strong>Amalarius,</strong></span> <span class='ocrx_word' id='word_1_807' title='bbox 853 5477 974 5528; x_wconf 87' lang='lat' dir='ltr'><strong>ibid.</strong></span> 
     </span>
    </p>
   </div>
   <div class='ocr_carea' id='block_1_106' title="bbox 452 5544 954 5616">
    <p class='ocr_par' dir='ltr' id='par_1_106' title="bbox 452 5544 954 5616">
     <span class='ocr_line' id='line_1_106' title="bbox 452 5544 954 5616; baseline -0.016 -12"><span class='ocrx_word' id='word_1_808' title='bbox 452 5550 479 5589; x_wconf 70' lang='grc' dir='ltr'>δ</span> <span class='ocrx_word' id='word_1_809' title='bbox 499 5547 695 5613; x_wconf 79' lang='lat' dir='ltr'><strong>AmaL,</strong></span> <span class='ocrx_word' id='word_1_810' title='bbox 723 5563 835 5616; x_wconf 85' lang='lat' dir='ltr'><strong>cap.</strong></span> <span class='ocrx_word' id='word_1_811' title='bbox 872 5544 954 5598; x_wconf 71' lang='lat' dir='ltr'><strong>l2.</strong></span> 
     </span>
    </p>
   </div>
   <div class='ocr_carea' id='block_1_107' title="bbox 2044 4386 3580 4455">
    <p class='ocr_par' dir='ltr' id='par_1_107' title="bbox 2044 4386 3580 4455">
     <span class='ocr_line' id='line_1_107' title="bbox 2044 4386 3580 4455; baseline 0.001 -16"><span class='ocrx_word' id='word_1_812' title='bbox 2044 4388 2212 4451; x_wconf 86' lang='lat' dir='ltr'><strong>ﬁnita,</strong></span> <span class='ocrx_word' id='word_1_813' title='bbox 2241 4387 2410 4453; x_wconf 79' lang='lat' dir='ltr'><strong>surgit</strong></span> <span class='ocrx_word' id='word_1_814' title='bbox 2437 4386 2591 4441; x_wconf 83' lang='lat' dir='ltr'><strong>Jesus</strong></span> <span class='ocrx_word' id='word_1_815' title='bbox 2620 4403 2650 4440; x_wconf 87' lang='lat' dir='ltr'><strong>a</strong></span> <span class='ocrx_word' id='word_1_816' title='bbox 2674 4401 2845 4452; x_wconf 61' lang='lat' dir='ltr'><strong>caena,</strong></span> <span class='ocrx_word' id='word_1_817' title='bbox 2869 4399 2920 4440; x_wconf 89' lang='lat' dir='ltr'><strong>et</strong></span> <span class='ocrx_word' id='word_1_818' title='bbox 2943 4389 3089 4455; x_wconf 89' lang='lat' dir='ltr'><strong>ponit</strong></span> <span class='ocrx_word' id='word_1_819' title='bbox 3117 4390 3426 4442; x_wconf 86' lang='lat' dir='ltr'><strong>vestimenta</strong></span> <span class='ocrx_word' id='word_1_820' title='bbox 3447 4404 3540 4440; x_wconf 85' lang='lat' dir='ltr'><strong>sua</strong></span> <span class='ocrx_word' id='word_1_821' title='bbox 3566 4405 3580 4451; x_wconf 87' lang='lat'><strong>;</strong></span> 
     </span>
    </p>
   </div>
   <div class='ocr_carea' id='block_1_108' title="bbox 2040 4474 3584 4542">
    <p class='ocr_par' dir='ltr' id='par_1_108' title="bbox 2040 4474 3584 4542">
     <span class='ocr_line' id='line_1_108' title="bbox 2040 4474 3584 4542; baseline 0.001 -15"><span class='ocrx_word' id='word_1_822' title='bbox 2040 4484 2093 4527; x_wconf 86' lang='lat' dir='ltr'><strong>et</strong></span> <span class='ocrx_word' id='word_1_823' title='bbox 2115 4491 2236 4528; x_wconf 88' lang='lat' dir='ltr'><strong>cum</strong></span> <span class='ocrx_word' id='word_1_824' title='bbox 2265 4477 2562 4541; x_wconf 82' lang='lat' dir='ltr'><strong>accepisset</strong></span> <span class='ocrx_word' id='word_1_825' title='bbox 2585 4474 2824 4538; x_wconf 90' lang='lat' dir='ltr'><strong>linteum,</strong></span> <span class='ocrx_word' id='word_1_826' title='bbox 2855 4477 3136 4542; x_wconf 66' lang='lat' dir='ltr'><strong>prtecinxit</strong></span> <span class='ocrx_word' id='word_1_827' title='bbox 3164 4493 3243 4540; x_wconf 79' lang='lat' dir='ltr'><strong>se,</strong></span> <span class='ocrx_word' id='word_1_828' title='bbox 3273 4477 3460 4530; x_wconf 85' lang='lat' dir='ltr'><strong>deinde</strong></span> <span class='ocrx_word' id='word_1_829' title='bbox 3489 4475 3584 4529; x_wconf 86' lang='lat' dir='ltr'><strong>mi-</strong></span> 
     </span>
    </p>
   </div>
   <div class='ocr_carea' id='block_1_109' title="bbox 2039 4563 3579 4633">
    <p class='ocr_par' dir='ltr' id='par_1_109' title="bbox 2039 4563 3579 4633">
     <span class='ocr_line' id='line_1_109' title="bbox 2039 4563 3579 4633; baseline -0.003 -16"><span class='ocrx_word' id='word_1_830' title='bbox 2039 4567 2110 4618; x_wconf 73' lang='lat' dir='ltr'><strong>sit</strong></span> <span class='ocrx_word' id='word_1_831' title='bbox 2145 4580 2335 4633; x_wconf 89' lang='lat' dir='ltr'><strong>aquam</strong></span> <span class='ocrx_word' id='word_1_832' title='bbox 2364 4564 2416 4616; x_wconf 92' lang='lat' dir='ltr'><strong>in</strong></span> <span class='ocrx_word' id='word_1_833' title='bbox 2445 4563 2662 4632; x_wconf 88' lang='lat' dir='ltr'><strong>pelvim;</strong></span> <span class='ocrx_word' id='word_1_834' title='bbox 2685 4564 3006 4631; x_wconf 82' lang='lat' dir='ltr'><strong>veniensque</strong></span> <span class='ocrx_word' id='word_1_835' title='bbox 3017 4565 3242 4632; x_wconf 91' lang='lat' dir='ltr'><strong>primum</strong></span> <span class='ocrx_word' id='word_1_836' title='bbox 3260 4565 3324 4616; x_wconf 91' lang='lat' dir='ltr'><strong>ad</strong></span> <span class='ocrx_word' id='word_1_837' title='bbox 3344 4564 3579 4625; x_wconf 89' lang='lat' dir='ltr'><strong>Petrum,</strong></span> 
     </span>
    </p>
   </div>
   <div class='ocr_carea' id='block_1_110' title="bbox 2040 4655 3584 4727">
    <p class='ocr_par' dir='ltr' id='par_1_110' title="bbox 2040 4655 3584 4727">
     <span class='ocr_line' id='line_1_110' title="bbox 2040 4655 3584 4727; baseline -0.002 -18"><span class='ocrx_word' id='word_1_838' title='bbox 2040 4659 2201 4727; x_wconf 61' lang='lat' dir='ltr'><strong>cepit</strong></span> <span class='ocrx_word' id='word_1_839' title='bbox 2228 4658 2403 4712; x_wconf 82' lang='lat' dir='ltr'><strong>lavare</strong></span> <span class='ocrx_word' id='word_1_840' title='bbox 2425 4655 2583 4725; x_wconf 87' lang='lat' dir='ltr'><strong>pedes</strong></span> <span class='ocrx_word' id='word_1_841' title='bbox 2607 4655 2739 4722; x_wconf 86' lang='lat' dir='ltr'><strong>ejus,</strong></span> <span class='ocrx_word' id='word_1_842' title='bbox 2771 4667 2824 4712; x_wconf 87' lang='lat' dir='ltr'><strong>et</strong></span> <span class='ocrx_word' id='word_1_843' title='bbox 2845 4666 3123 4725; x_wconf 78' lang='lat' dir='ltr'><strong>extergere</strong></span> <span class='ocrx_word' id='word_1_844' title='bbox 3148 4655 3330 4718; x_wconf 83' lang='lat' dir='ltr'><strong>linteo,</strong></span> <span class='ocrx_word' id='word_1_845' title='bbox 3351 4665 3584 4724; x_wconf 82' lang='lat' dir='ltr'><strong>quocrat</strong></span> 
     </span>
    </p>
   </div>
   <div class='ocr_carea' id='block_1_111' title="bbox 2040 4729 3608 4817">
    <p class='ocr_par' dir='ltr' id='par_1_111' title="bbox 2040 4729 3608 4817">
     <span class='ocr_line' id='line_1_111' title="bbox 2040 4729 3608 4817; baseline -0.002 -17"><span class='ocrx_word' id='word_1_846' title='bbox 2040 4750 2374 4817; x_wconf 71' lang='lat' dir='ltr'><strong>prmcinctus,</strong></span> <span class='ocrx_word' id='word_1_847' title='bbox 2401 4757 2453 4800; x_wconf 88' lang='lat' dir='ltr'><strong>et</strong></span> <span class='ocrx_word' id='word_1_848' title='bbox 2487 4746 2884 4815; x_wconf 88' lang='lat' dir='ltr'><strong>discipulorum.</strong></span> <span class='ocrx_word' id='word_1_849' title='bbox 2918 4745 3014 4800; x_wconf 89' lang='lat' dir='ltr'><strong>Cui</strong></span> <span class='ocrx_word' id='word_1_850' title='bbox 3050 4747 3184 4799; x_wconf 81' lang='lat' dir='ltr'><strong>dixit</strong></span> <span class='ocrx_word' id='word_1_851' title='bbox 3213 4729 3402 4799; x_wconf 81' lang='lat' dir='ltr'><strong>Petrus</strong></span> <span class='ocrx_word' id='word_1_852' title='bbox 3443 4763 3456 4798; x_wconf 91' lang='lat'><strong>:</strong></span> <span class='ocrx_word' id='word_1_853' title='bbox 3484 4745 3608 4800; x_wconf 46' lang='lat' dir='ltr'><strong>Do»</strong></span> 
     </span>
    </p>
   </div>
   <div class='ocr_carea' id='block_1_112' title="bbox 2039 4835 3580 4903">
    <p class='ocr_par' dir='ltr' id='par_1_112' title="bbox 2039 4835 3580 4903">
     <span class='ocr_line' id='line_1_112' title="bbox 2039 4835 3580 4903; baseline -0.002 -14"><span class='ocrx_word' id='word_1_854' title='bbox 2039 4840 2196 4901; x_wconf 87' lang='lat' dir='ltr'><strong>mine,</strong></span> <span class='ocrx_word' id='word_1_855' title='bbox 2234 4848 2288 4889; x_wconf 86' lang='lat' dir='ltr'><strong>tu</strong></span> <span class='ocrx_word' id='word_1_856' title='bbox 2311 4837 2433 4888; x_wconf 81' lang='lat' dir='ltr'><strong>mihi</strong></span> <span class='ocrx_word' id='word_1_857' title='bbox 2462 4835 2603 4888; x_wconf 83' lang='lat' dir='ltr'><strong>lavas</strong></span> <span class='ocrx_word' id='word_1_858' title='bbox 2645 4835 2835 4903; x_wconf 79' lang='lat' dir='ltr'><strong>pedes?</strong></span> <span class='ocrx_word' id='word_1_859' title='bbox 2865 4844 2920 4889; x_wconf 90' lang='lat' dir='ltr'><strong>et</strong></span> <span class='ocrx_word' id='word_1_860' title='bbox 2963 4836 3217 4890; x_wconf 90' lang='lat' dir='ltr'><strong>Dominus</strong></span> <span class='ocrx_word' id='word_1_861' title='bbox 3260 4837 3376 4888; x_wconf 89' lang='lat' dir='ltr'><strong>ait:</strong></span> <span class='ocrx_word' id='word_1_862' title='bbox 3430 4835 3580 4898; x_wconf 82' lang='lat' dir='ltr'><strong>Quod</strong></span> 
     </span>
    </p>
   </div>
   <div class='ocr_carea' id='block_1_113' title="bbox 2037 4925 3576 4996">
    <p class='ocr_par' dir='ltr' id='par_1_113' title="bbox 2037 4925 3576 4996">
     <span class='ocr_line' id='line_1_113' title="bbox 2037 4925 3576 4996; baseline -0.001 -18"><span class='ocrx_word' id='word_1_863' title='bbox 2037 4944 2128 4996; x_wconf 88' lang='lat' dir='ltr'><strong>ego</strong></span> <span class='ocrx_word' id='word_1_864' title='bbox 2147 4926 2304 4994; x_wconf 76' lang='lat' dir='ltr'><strong>facio,</strong></span> <span class='ocrx_word' id='word_1_865' title='bbox 2331 4933 2384 4975; x_wconf 84' lang='lat' dir='ltr'><strong>tu</strong></span> <span class='ocrx_word' id='word_1_866' title='bbox 2415 4925 2575 4977; x_wconf 86' lang='lat' dir='ltr'><strong>nescis</strong></span> <span class='ocrx_word' id='word_1_867' title='bbox 2602 4927 2753 4980; x_wconf 83' lang='lat' dir='ltr'><strong>modo</strong></span> <span class='ocrx_word' id='word_1_868' title='bbox 2785 4942 2802 4978; x_wconf 91' lang='lat'><strong><em>:</em></strong></span> <span class='ocrx_word' id='word_1_869' title='bbox 2832 4928 2958 4982; x_wconf 85' lang='lat' dir='ltr'><strong>scies</strong></span> <span class='ocrx_word' id='word_1_870' title='bbox 2981 4937 3151 4979; x_wconf 84' lang='lat' dir='ltr'><strong>autem</strong></span> <span class='ocrx_word' id='word_1_871' title='bbox 3177 4935 3369 4995; x_wconf 85' lang='lat' dir='ltr'><strong>postea,</strong></span> <span class='ocrx_word' id='word_1_872' title='bbox 3401 4932 3455 4977; x_wconf 91' lang='lat' dir='ltr'><strong>et</strong></span> <span class='ocrx_word' id='word_1_873' title='bbox 3492 4940 3576 4976; x_wconf 86' lang='lat' dir='ltr'><strong>re-</strong></span> 
     </span>
    </p>
   </div>
   <div class='ocr_carea' id='block_1_114' title="bbox 2038 5008 3579 5083">
    <p class='ocr_par' dir='ltr' id='par_1_114' title="bbox 2038 5008 3579 5083">
     <span class='ocr_line' id='line_1_114' title="bbox 2038 5008 3579 5083; baseline 0.002 -22"><span class='ocrx_word' id='word_1_874' title='bbox 2038 5014 2178 5081; x_wconf 80' lang='lat' dir='ltr'><strong>liqua</strong></span> <span class='ocrx_word' id='word_1_875' title='bbox 2208 5008 2384 5078; x_wconf 81' lang='lat' dir='ltr'><strong>(loan.</strong></span> <span class='ocrx_word' id='word_1_876' title='bbox 2401 5027 2518 5074; x_wconf 84' lang='lat' dir='ltr'><strong>xm,</strong></span> <span class='ocrx_word' id='word_1_877' title='bbox 2545 5011 2620 5083; x_wconf 88' lang='lat'><strong>6).</strong></span> <span class='ocrx_word' id='word_1_878' title='bbox 2644 5013 2927 5083; x_wconf 89' lang='lat' dir='ltr'><strong>Postquam</strong></span> <span class='ocrx_word' id='word_1_879' title='bbox 2951 5023 3124 5066; x_wconf 88' lang='lat' dir='ltr'><strong>autem</strong></span> <span class='ocrx_word' id='word_1_880' title='bbox 3144 5012 3268 5064; x_wconf 81' lang='lat' dir='ltr'><strong>lavit</strong></span> <span class='ocrx_word' id='word_1_881' title='bbox 3287 5011 3466 5079; x_wconf 87' lang='lat' dir='ltr'><strong>pedes,</strong></span> <span class='ocrx_word' id='word_1_882' title='bbox 3495 5025 3579 5064; x_wconf 89' lang='lat' dir='ltr'><strong>rc-</strong></span> 
     </span>
    </p>
   </div>
   <div class='ocr_carea' id='block_1_115' title="bbox 2036 5099 3576 5167">
    <p class='ocr_par' dir='ltr' id='par_1_115' title="bbox 2036 5099 3576 5167">
     <span class='ocr_line' id='line_1_115' title="bbox 2036 5099 3576 5167; baseline -0.006 -5"><span class='ocrx_word' id='word_1_883' title='bbox 2036 5106 2217 5162; x_wconf 90' lang='lat' dir='ltr'><strong>cubuit</strong></span> <span class='ocrx_word' id='word_1_884' title='bbox 2243 5105 2453 5157; x_wconf 91' lang='lat' dir='ltr'><strong>iterum.</strong></span> <span class='ocrx_word' id='word_1_885' title='bbox 2489 5114 2512 5142; x_wconf 78' lang='grc' dir='ltr'><strong>ο</strong></span> <span class='ocrx_word' id='word_1_886' title='bbox 2547 5106 2659 5158; x_wconf 64' lang='lat' dir='ltr'><strong>Non</strong></span> <span class='ocrx_word' id='word_1_887' title='bbox 2703 5115 2785 5158; x_wconf 88' lang='lat' dir='ltr'><strong>est</strong></span> <span class='ocrx_word' id='word_1_888' title='bbox 2838 5104 2926 5157; x_wconf 93' lang='lat' dir='ltr'><strong>hic</strong></span> <span class='ocrx_word' id='word_1_889' title='bbox 2977 5099 3401 5167; x_wconf 82' lang='lat' dir='ltr'><strong>intelligendum,</strong></span> <span class='ocrx_word' id='word_1_890' title='bbox 3445 5114 3576 5153; x_wconf 88' lang='lat' dir='ltr'><strong>con-</strong></span> 
     </span>
    </p>
   </div>
   <div class='ocr_carea' id='block_1_116' title="bbox 2034 5188 3576 5267">
    <p class='ocr_par' dir='ltr' id='par_1_116' title="bbox 2034 5188 3576 5267">
     <span class='ocr_line' id='line_1_116' title="bbox 2034 5188 3576 5267; baseline -0.007 -17"><span class='ocrx_word' id='word_1_891' title='bbox 2034 5203 2297 5264; x_wconf 89' lang='lat' dir='ltr'><strong>sumptam</strong></span> <span class='ocrx_word' id='word_1_892' title='bbox 2321 5209 2530 5267; x_wconf 73' lang='lat' dir='ltr'><strong>cmnam</strong></span> <span class='ocrx_word' id='word_1_893' title='bbox 2561 5203 2720 5262; x_wconf 89' lang='lat' dir='ltr'><strong>atque</strong></span> <span class='ocrx_word' id='word_1_894' title='bbox 2765 5199 3088 5247; x_wconf 86' lang='lat' dir='ltr'><strong>transactam</strong></span> <span class='ocrx_word' id='word_1_895' title='bbox 3138 5206 3153 5241; x_wconf 90' lang='lat'><strong>:</strong></span> <span class='ocrx_word' id='word_1_896' title='bbox 3209 5189 3383 5266; x_wconf 84' lang='lat' dir='ltr'><strong>adhuc</strong></span> <span class='ocrx_word' id='word_1_897' title='bbox 3434 5188 3576 5240; x_wconf 76' lang='lat' dir='ltr'><strong>enim</strong></span> 
     </span>
    </p>
   </div>
   <div class='ocr_carea' id='block_1_117' title="bbox 2031 5275 3578 5346">
    <p class='ocr_par' dir='ltr' id='par_1_117' title="bbox 2031 5275 3578 5346">
     <span class='ocr_line' id='line_1_117' title="bbox 2031 5275 3578 5346; baseline -0.009 -4"><span class='ocrx_word' id='word_1_898' title='bbox 2031 5284 2358 5346; x_wconf 71' lang='lat' dir='ltr'><strong>cmnabatur,</strong></span> <span class='ocrx_word' id='word_1_899' title='bbox 2389 5297 2513 5337; x_wconf 89' lang='lat' dir='ltr'><strong>cum</strong></span> <span class='ocrx_word' id='word_1_900' title='bbox 2544 5281 2798 5335; x_wconf 89' lang='lat' dir='ltr'><strong>Dominus</strong></span> <span class='ocrx_word' id='word_1_901' title='bbox 2849 5277 3102 5339; x_wconf 80' lang='lat' dir='ltr'><strong>surrexit,</strong></span> <span class='ocrx_word' id='word_1_902' title='bbox 3140 5286 3195 5329; x_wconf 88' lang='lat' dir='ltr'><strong>ct</strong></span> <span class='ocrx_word' id='word_1_903' title='bbox 3243 5276 3370 5328; x_wconf 86' lang='lat' dir='ltr'><strong>lavit</strong></span> <span class='ocrx_word' id='word_1_904' title='bbox 3418 5275 3578 5341; x_wconf 85' lang='lat' dir='ltr'><strong>pedes</strong></span> 
     </span>
    </p>
   </div>
   <div class='ocr_carea' id='block_1_118' title="bbox 2031 5367 3577 5442">
    <p class='ocr_par' dir='ltr' id='par_1_118' title="bbox 2031 5367 3577 5442">
     <span class='ocr_line' id='line_1_118' title="bbox 2031 5367 3577 5442; baseline -0.01 -9"><span class='ocrx_word' id='word_1_905' title='bbox 2031 5391 2230 5434; x_wconf 89' lang='lat' dir='ltr'><strong>eorum.</strong></span> <span class='ocrx_word' id='word_1_906' title='bbox 2256 5373 2389 5426; x_wconf 83' lang='lat' dir='ltr'><strong>Nam</strong></span> <span class='ocrx_word' id='word_1_907' title='bbox 2418 5379 2602 5442; x_wconf 90' lang='lat' dir='ltr'><strong>postea</strong></span> <span class='ocrx_word' id='word_1_908' title='bbox 2630 5369 2890 5432; x_wconf 87' lang='lat' dir='ltr'><strong>recubuit,</strong></span> <span class='ocrx_word' id='word_1_909' title='bbox 2921 5377 2974 5422; x_wconf 93' lang='lat' dir='ltr'><strong>ct</strong></span> <span class='ocrx_word' id='word_1_910' title='bbox 3011 5367 3299 5422; x_wconf 85' lang='lat' dir='ltr'><strong>buccellam</strong></span> <span class='ocrx_word' id='word_1_911' title='bbox 3327 5380 3422 5420; x_wconf 93' lang='lat' dir='ltr'><strong>suo</strong></span> <span class='ocrx_word' id='word_1_912' title='bbox 3469 5375 3577 5419; x_wconf 87' lang='lat' dir='ltr'><strong>tra-</strong></span> 
     </span>
    </p>
   </div>
   <div class='ocr_carea' id='block_1_119' title="bbox 2104 5460 2601 5526">
    <p class='ocr_par' dir='ltr' id='par_1_119' title="bbox 2104 5460 2601 5526">
     <span class='ocr_line' id='line_1_119' title="bbox 2104 5460 2601 5526; baseline -0.012 -7"><span class='ocrx_word' id='word_1_913' title='bbox 2104 5478 2124 5506; x_wconf 76' lang='grc' dir='ltr'><strong>ε</strong></span> <span class='ocrx_word' id='word_1_914' title='bbox 2158 5462 2353 5526; x_wconf 80' lang='lat' dir='ltr'><strong>Amal.,</strong></span> <span class='ocrx_word' id='word_1_915' title='bbox 2375 5461 2473 5516; x_wconf 93' lang='lat' dir='ltr'><strong>loc.</strong></span> <span class='ocrx_word' id='word_1_916' title='bbox 2508 5460 2601 5516; x_wconf 89' lang='lat' dir='ltr'><strong>cit.</strong></span> 
     </span>
    </p>
   </div>
  </div>
