4232 6210
621 237 756 294 ηοτ

1451 243 1511 298 Β.
1548 244 1610 301 F.
1651 243 1876 301 ALBINI
1913 245 2044 302 SEU
2077 243 2350 301 ALCUINI
2385 243 2671 301 OPERUH
2703 244 2886 302 PARS
2915 242 3011 307 ιι.

610 353 772 409 ditori
791 359 978 423 postea
1001 351 1187 409 dedit:
1216 361 1333 409 erat
1358 353 1503 410 enim
1522 353 1637 422 jam
1668 370 1798 421 nox,
1822 353 2006 426 utique
2031 370 2168 411 nou-
2194 360 2243 416 Α
2270 354 2510 425 elegerit.
2533 354 2783 437 Legimus
2803 354 2945 410 enim
2965 353 3020 409 in
3053 320 3363 425 Evangelio.
3382 355 3526 424 quod
3560 352 3829 413 Plias-isti

610 445 737 500 dum
763 442 912 500 ﬁnita
933 444 1226 509 omna,hoc
1248 451 1351 509 est,
1364 444 1490 499 dum
1517 445 1695 499 adhuc
1710 446 1863 514 panis
1892 446 1949 499 in
1983 457 2170 500 mensa

608 540 772 589 esset.
835 529 902 585 Et
950 540 1071 600 post
1117 546 1291 602 pauca
1336 530 1416 585 ait
1463 530 1779 601 discipulis:
1833 530 1901 587 Si
1925 546 2017 601 ego
2064 529 2171 585 lari

610 630 800 676 vestros
818 619 990 690 pedes,
1013 634 1203 690 usque,
1225 628 1275 674 et
1294 635 1382 674 vos
1406 620 1480 673 ita
1512 619 1741 689 faciatis.
1790 618 1973 689 Aliqui
2022 617 2167 673 enim

608 709 709 764 viri
731 707 964 779 religiosi
993 716 1211 764 sumunt
1233 708 1384 778 prius
1414 721 1627 778 parum,
1674 715 1731 763 et
1754 714 1944 778 postea
1986 705 2170 760 lavant

606 797 791 866 pedes,
814 797 1005 852 deinde
1036 805 1271 852 omnant.
1305 795 1419 852 Hoc
1464 796 1653 852 imbuti
1696 793 1943 864 exemplo
1986 791 2171 873 ﬁdeles

606 884 894 941 Christiani
909 900 1014 939 non
1030 885 1387 954 dedignantur
1397 884 1579 939 facere
1597 883 1871 940 conservis
1882 882 2012 948 suis,
2025 880 2168 950 quod

605 971 851 1028 Christus
876 971 1001 1027 fecit
1020 971 1322 1041 discipulis;
1338 971 1443 1027 hoc
1459 981 1560 1037 est,
1584 971 1748 1041 pedes
1770 969 2009 1025 omnium
2022 969 2169 1023 lava-

607 1079 685 1128 re,
715 1072 824 1118 tam
846 1079 1141 1134 pauperum
1170 1079 1329 1133 quam
1351 1060 1775 1144 peregrinorum,
1798 1070 1854 1116 et
1876 1062 2079 1131 aliquid
2100 1062 2185 1118 de.

606 1153 774 1222 copiis
787 1154 899 1209 suis
919 1153 1182 1216 tribuere;
1204 1159 1261 1207 et
1277 1152 1369 1222 qui
1383 1151 1487 1206 hoc
1504 1165 1610 1206 non
1636 1149 1797 1214 valet,
1815 1150 2053 1205 debitum
2063 1148 2165 1204 sibi

603 1242 862 1312 proximis
885 1240 1107 1306 relaxet,
1130 1248 1394 1311 quatenus
1428 1239 1504 1293 illi
1538 1238 1843 1293 remittatur
1887 1237 1944 1291 in
2005 1235 2161 1290 ccelo.

604 1328 723 1398 Ipse
747 1329 890 1385 enim
913 1327 1067 1385 nobis
1089 1327 1328 1397 quotidie
1351 1326 1497 1383 lavat
1518 1327 1705 1397 pedes,
1733 1325 1828 1396 qui
1861 1323 2165 1395 inteipellat

604 1434 704 1491 pro
732 1420 905 1475 nobis.
933 1418 1112 1489 Ipsum
1134 1419 1277 1474 enim
1299 1418 1513 1489 signum
1541 1414 1745 1488 [Forte,
1770 1415 1968 1487 signat]
2020 1415 2165 1469 lavas

604 1509 681 1564 tio
712 1509 1138 1580 pavimentorum
1166 1507 1440 1564 Ecclesiae.
1469 1506 1529 1561 in
1557 1506 1825 1561 lavatioue
1843 1504 2040 1576 pedum
2070 1505 2165 1559 tle-

496 1594 499 1597 ’
601 1604 886 1652 cantantur
904 1599 987 1653 hae
1023 1596 1325 1666 antiphona:
1357 1613 1370 1650 :
1400 1592 1687 1666 Postquam
1710 1596 1938 1649 surrexit
1978 1592 2157 1647 Domi-

2266 440 2546 496 voluerunt
2570 455 2693 496 eum
2721 440 3056 511 prmcipitare
3093 440 3162 495 de
3183 447 3365 495 monte
3390 457 3405 494 :
3436 440 3504 494 At
3529 441 3622 497 ille
3647 451 3822 499 trans-

2265 531 2394 593 iens,
2425 546 2519 602 per
2561 531 2786 606 molitum
2828 530 3039 584 illorum
3079 529 3188 583 ibat
3231 527 3382 601 (Luc.
3423 545 3497 596 tv.
3536 529 3648 602 30).
3674 531 3815 587 Alibi

2266 631 2479 687 quoque
2506 617 2752 689 'leﬁmus
2789 619 2933 687 quod
2976 617 3144 674 Judaei
3190 619 3391 687 lapides
3446 619 3719 687 tulerunt,
3759 628 3815 674 ut

2259 704 2506 775 iecerat
2527 705 2583 760 in
2607 719 2777 763 eum:
2804 704 2925 776 lpos
2944 722 3062 761 sero
3089 706 3356 761 abscondit
3378 723 3454 773 ss,
3480 717 3531 763 et
3555 709 3713 763 exivit
3751 708 3829 762 de

2265 792 2454 863 templo
2510 791 2711 865 (locis.
2767 808 2893 858 nn,
2935 791 3062 866 59).
3126 791 3303 859 Quare
3348 793 3605 851 Dominus
3644 794 3822 850 noluit

2264 881 2589 951 praecipitari
2612 888 2712 936 aut
2730 879 2974 950 lapidari,
3001 879 3087 937 vel
3113 880 3169 936 in
3188 880 3364 952 gladio
3386 882 3663 938 truncam?
3698 881 3824 939 Uti-.

2264 981 2377 1036 que.
2420 982 2584 1023 causa
2638 976 2834 1023 nostra
2876 966 3068 1039 salutis
3116 968 3222 1024 hoc
3266 968 3445 1031 fecit.
3478 969 3622 1027 lora
3670 972 3825 1036 etaim,

2264 1056 2463 1113 Christi
2489 1057 2697 1128 signum
2729 1044 2823 1113 est
2845 1046 3046 1114 nostra
3069 1058 3278 1118 salutis.
3305 1058 3484 1121 Noluit
3520 1075 3650 1131 ergo
3680 1061 3813 1134 lapi-

2263 1145 2525 1211 ἀπίλλει
2540 1147 2593 1201 in
2625 1145 2802 1217 gladio
2828 1148 3089 1213 truncari,
3111 1149 3253 1217 quod
3284 1149 3532 1206 videlicet
3553 1166 3655 1207 nos
3676 1167 3823 1215 samo,

2262 1247 2360 1301 per
2380 1232 2657 1290 nobiscum
2682 1232 2893 1311 lapides
2904 1244 2996 1290 aut
3011 1234 3210 1293 ferrum
3222 1235 3364 1292 ferre
3382 1252 3487 1293 non
3505 1253 3821 1310 possumus,

2263 1320 2457 1389 quibus
2480 1320 2847 1377 defendamur.
2892 1323 3067 1393 Elegit
3110 1339 3240 1380 vero
3283 1340 3518 1393 crucem,
3545 1342 3666 1398 qua:
3707 1328 3825 1398 levi;

2262 1425 2452 1466 manus
2477 1418 2627 1467 motu
2650 1411 2988 1480 exprimitur,
3016 1428 3119 1484 qua
3144 1421 3199 1469 et
3230 1416 3429 1475 contra.
3457 1416 3662 1479 inimici
3691 1434 3825 1475 ver—.

2261 1496 2430 1551 sutias
2455 1499 2744 1553 munlmur.
2775 1498 2889 1555 Hoc
2915 1500 3061 1555 enim
3087 1501 3242 1571 signo
3267 1505 3444 1561 cmcis
3461 1489 3814 1563 consecratur

2263 1596 2458 1671 corpus
2503 1585 2857 1654 Dominieum,
2888 1589 3254 1647 sanctiﬁcatur
3293 1592 3413 1648 fons
3455 1596 3827 1671 baptismatis,‘

603 1706 718 1744 nus.
754 1688 813 1744 Si
832 1679 924 1762 ego
946 1689 1219 1743 Dominus.
1246 1688 1502 1742 Dominus
1525 1686 1681 1741 Iesus
1715 1686 2022 1739 mandatum
2061 1701 2158 1738 no-
2190 1671 2237 1731 Β
2260 1667 2539 1762 initiantur
2570 1675 2890 1745 ρωεδῐιθι-ί,
2926 1686 2981 1738 et
3002 1680 3183 1741 caeteri
3212 1682 3408 1751 gradus
3441 1667 3825 1751 ecclesiastici,
3873 1750 3879 1756 ,

601 1795 738 1831 eum.
774 1777 839 1831 In
863 1778 959 1831 hoc
973 1786 1275 1849 cognoscent
1290 1793 1487 1832 omnes.
1513 1774 1804 1850 Diligentius
1814 1791 1908 1829 nos
1922 1774 2158 1833 invicem.

600 1858 666 1913 In
689 1858 867 1912 diebus
891 1858 1018 1912 illis.
1050 1859 1183 1913 Ante
1218 1858 1353 1911 diem
1380 1858 1568 1927 festum
1593 1854 1835 1912 Pascha.
1894 1853 2158 1910 Charitas.

532 2001 543 2008 ,
600 1949 695 2003 liis
723 1947 909 2013 ﬁnitis,
950 1949 1216 2003 nudantur
1243 1948 1430 2002 altaria
1474 1946 1587 2015 jam
1628 1947 1774 2004 circa
1826 1952 2059 2010 noctem,
2106 1951 2165 1999 et

600 2038 681 2090 sic
702 2044 1213 2107 permanentnsque
1234 2036 1299 2089 ad
1325 2034 1622 2117 Sablntum
1671 2042 1935 2090 sanctum.
1975 2033 2163 2088 Altare

506 2140 515 2151 '
599 2124 869 2180 Christum
890 2123 1177 2195 signiﬁcat,
1215 2124 1307 2193 qui
1337 2132 1469 2178 tunc
1514 2125 1748 2191 nudatus
1795 2130 1879 2177 est
1926 2136 1969 2176 a.
1998 2120 2163 2177 vestis

600 2215 811 2279 mentis,
838 2213 942 2269 hoc
977 2222 1080 2279 est,
1107 2229 1139 2268 a
1162 2212 1456 2284 discipulis,
1485 2216 1699 2286 quando
1728 2212 1917 2268 relicto
1943 2226 2007 2265 eo
2039 2226 2157 2265 om-

598 2317 696 2356 nes
720 2301 1070 2371 fugerunt.'in
1096 2302 1197 2356 hac
1222 2301 1366 2356 enim
1393 2308 1549 2356 nocte
1573 2300 1822 2356 Christus
1847 2300 2013 2354 veteri
2057 2298 2161 2370 legi

599 2389 761 2457 ﬁnem
785 2391 895 2454 dat,
920 2405 1043 2460 quae
1060 2405 1166 2445 non
1192 2390 1430 2446 solvebat
1446 2400 1687 2460 peccata,
1732 2390 1827 2445 sed
1858 2386 2113 2460 puniebat
2139 2403 2155 2443 :

599 2481 691 2537 dat
736 2480 943 2535 initium
975 2480 1095 2535 novi
1129 2482 1451 2546 testamenti,
1483 2495 1580 2551 per
1605 2480 1746 2550 quod
1792 2490 2008 2551 peccata
2050 2478 2183 2543 ab;

599 2571 892 2625 solvuntur.
948 2571 1031 2624 Ab
1077 2571 1178 2624 hac
1234 2571 1377 2624 enim
1427 2579 1587 2626 nocte
1630 2584 1800 2640 usque
1840 2569 2154 2635 Sabbatum,

598 2659 833 2713 nonnulli
860 2659 997 2712 servi
1016 2658 1107 2711 Dei
1149 2658 1422 2715 imitantes
1474 2658 1764 2728 apostolos,
1808 2657 1976 2729 jejuni
2030 2672 2157 2727 pera

598 2758 813 2801 manent
843 2766 855 2800 :
881 2746 1041 2815 aliqui
1068 2761 1196 2801 vero
1221 2740 1612 2801 contentisunt
1654 2761 1794 2815 pane
1848 2753 2053 2799 tantum
2102 2753 2160 2800 et

598 2836 797 2899 herbis,
831 2842 990 2907 atque
1015 2834 1371 2906 leguminibus
1391 2849 1487 2889 seu
1516 2835 1712 2890 sicera.

1167 2945 1392 3001 CAPUT
1414 2945 1592 3001 XVI".

809 3029 833 3057 ⁸
857 3031 922 3071 DE
946 3032 1098 3070 FEIIA
1120 3030 1307 3081 SEXTA,
1345 3031 1461 3078 ουλε
1499 3032 1595 3069 EST
1622 3030 1936 3069 PA'BASGEVI'”
2179 2992 2227 3057 ε

668 3106 960 3161 Parasceve
981 3106 1301 3175 pmparatio
1325 3106 1730 3173 interpretatur,
1764 3119 1883 3171 quae
1906 3114 1960 3158 et
2002 3111 2155 3158 sexta

600 3194 819 3250 Sabbati
842 3194 1058 3247 dicitur.
1087 3193 1146 3246 in
1168 3194 1269 3247 hoc
1295 3196 1439 3246 enim
1468 3194 1951 3262 dic-praeparabant
1987 3192 2155 3246 Judaei

598 3296 661 3335 ea
689 3295 807 3350 quae
836 3280 889 3333 in
914 3280 1134 3335 sabbato
1171 3288 1325 3333 erant
1347 3282 1651 3334 necessaria
1674 3320 1688 3343 ,
1724 3281 1875 3349 juxta
1923 3282 2065 3349 quod
2090 3281 2157 3334 de

598 3384 792 3423 manna
828 3375 1148 3437 praeceptum
1172 3374 1255 3420 est
1290 3385 1302 3419 :
1339 3366 1499 3421 Sexta
1526 3369 1611 3421 die
1656 3368 1914 3438 colligetis
1938 3368 2155 3437 duplum

599 3457 794 3527 (Exod.
835 3473 943 3521 xvi,
972 3456 1024 3527 5)
1056 3474 1069 3509 :
1098 3468 1151 3510 et
1178 3457 1302 3511 ideo
1331 3458 1384 3510 in
1398 3457 1731 3511 solemnitate
1755 3455 1999 3521 habetur,
2027 3458 2154 3525 quia

596 3561 662 3600 eo
684 3547 767 3601 die
792 3546 1041 3601 Christus
1078 3546 1389 3616 mysterium
1438 3532 1623 3601 crucis
1638 3546 1888 3619 explevit,
1937 3556 2156 3617 propter

598 3635 739 3701 quod
769 3620 837 3687 in.
870 3636 1012 3688 hunc
1056 3635 1315 3689 mundum
1352 3646 1589 3701 venerat,
1618 3645 1680 3691 ut
1703 3637 1793 3705 qui
1839 3636 1983 3708 ligno
2032 3652 2157 3706 per-

597 3723 739 3777 eussi
769 3722 1040 3776 fueramus
1062 3723 1115 3774 in
1142 3722 1333 3787 Adam,
1392 3738 1605 3777 rursum
1649 3739 1746 3792 per
1786 3725 1915 3794 ligni
1964 3734 2159 3794 myste—

598 3814 733 3867 rium
762 3827 1090 3889 sanaremur.
1120 3810 1289 3879 Hujus
1312 3813 1454 3866 enim
1484 3827 1645 3867 causa
1670 3814 1924 3883 triumphi
1965 3814 2155 3868 huma—

599 3917 665 3955 na
688 3902 1013 3972 possibilitas
1032 3900 1247 3955 Christo
1267 3915 1363 3969 per
1384 3914 1595 3955 omnem
1633 3902 1889 3956 mundum
1932 3902 2157 3958 celebri-

598 4001 761 4045 tatem
792 4007 1023 4045 annuam
1068 3992 1287 4061 praibet,
1328 4006 1427 4061 pro
1482 4006 1549 4045 eo
1603 3992 1747 4061 quod
1792 3994 2039 4063 dignatus
2075 4003 2158 4049 est

596 4082 852 4151 sanguine
879 4082 1142 4149 passionis
1164 4096 1272 4135 sua:
1293 4083 1557 4137 redimere
1614 4091 1893 4152 peccatum
1946 4085 2152 4151 mundi,

596 4180 653 4221 et
676 4184 770 4237 per
807 4184 1017 4225 crucem
1045 4181 1215 4227 morte
1240 4171 1449 4226 devicta
1473 4171 1769 4227 absolvere.

663 4256 951 4325 Tripartita
980 4267 1157 4313 autem
1179 4260 1320 4314 ratio
1346 4260 1641 4315 Dominicte
1666 4259 1936 4326 passionis
1983 4269 2157 4314 osten-

594 4346 756 4399 ditur.
796 4344 990 4409 Prima,
1024 4355 1082 4399 ut
1107 4347 1354 4401 Christus
1390 4363 1488 4416 pro
1537 4356 1688 4400 reatu
1716 4348 1897 4400 mundi
1942 4348 2155 4401 redem-

592 4438 705 4506 ptio
724 4435 964 4500 daretur,
995 4444 1048 4488 et
1086 4437 1254 4490 hostis
1277 4437 1528 4505 antiquus
1579 4436 1724 4489 velut
1770 4438 1931 4491 hamo
1979 4440 2158 4493 crucis

594 4532 897 4591 caperetur,
940 4524 1147 4577 scilicet
1176 4533 1234 4577 ut
1274 4513 1409 4593 quos
1461 4524 1810 4579 absorbuerat
1858 4536 2151 4592 evomeret,

593 4627 697 4664 non
720 4613 959 4681 potentia
985 4614 1179 4678 victus,
1203 4615 1295 4669 sed
1317 4614 1545 4685 iustitia.
1584 4615 1827 4669 Secunda
1855 4632 2021 4672 causa
2050 4627 2151 4682 est,

590 4710 648 4753 ut
673 4706 1005 4757 secutoribus
1020 4705 1326 4759 hominibus
1350 4706 1469 4759 vitae
1482 4706 1843 4774 magisterium
1858 4707 2151 4775 prmberet:

588 4788 656 4840 ad
681 4789 782 4840 hoc
801 4791 941 4841 enim
972 4794 1216 4845 ascendit
1238 4794 1291 4848 iu
1314 4808 1547 4857 crucem,
1579 4804 1639 4846 ut
1687 4796 1841 4847 nobis
1886 4797 2151 4861 passionis

586 4885 641 4928 et
671 4878 1081 4930 resurrectionis
1108 4876 1366 4945 praebei‘et
1405 4880 1726 4947 exemplum.
1758 4881 1935 4933 Tertia
1988 4897 2149 4935 causa

585 4972 667 5017 est
696 4975 958 5033 suscepta:
992 4968 1187 5028 crucis,
1212 4976 1268 5018 ut
1295 4969 1542 5034 superbia
1573 4970 1749 5022 saeculi
1788 4978 1843 5020 et
1866 4969 2042 5023 inﬂata
2071 4988 2151 5024 sa-

586 5056 923 5125 pientia,pcr
951 5057 1125 5127 crucis
1150 5056 1391 5117 biiiimm,
1417 5064 1477 5109 ut
1532 5066 1770 5125 putatur,
1821 5060 2150 5127 praedicatio-

588 5159 710 5197 nem
737 5148 1013 5201 humiliata
1042 5154 1334 5209 corrueret,
1369 5156 1425 5199 ut
1470 5154 1699 5215 pateret,
1735 5148 1877 5217 quod
1929 5149 2148 5202 stultum

592 5234 681 5287 Dei
714 5247 816 5297 est,
842 5246 1041 5305 quanto
1080 5237 1147 5290 sit
1172 5237 1462 5305 sapientius
1491 5236 1811 5291 hominibus.
1848 5236 1952 5291 Sed
1977 5239 2152 5291 adhuc

590 5325 877 5379 videndum
907 5336 1009 5387 est,
1060 5341 1227 5394 quare
1289 5328 1544 5381 Dominus
1593 5327 1699 5381 tale
1742 5343 1909 5397 genus
1963 5329 2152 5384 mortis

663 5448 686 5474 ⁸
716 5436 911 5496 Amal.,
934 5453 1049 5503 cap.
1090 5439 1173 5491 13.
1417 5469 1429 5480 -

670 5504 696 5543 δ
724 5508 909 5557 Annal.
939 5508 1041 5557 loc.
1070 5508 1160 5559 cit.
1192 5523 1308 5576 cap.
1348 5507 1427 5559 15.
1463 5507 1589 5577 Leg.
1624 5508 1820 5562 iiabill.
1850 5508 2143 5564 Comment.

2260 1765 2315 1810 et
2333 1759 2513 1812 omnia
2535 1774 2865 1832 quacunque
2884 1764 3316 1839 sanctiﬁcantur;
3347 1769 3449 1825 hoc
3466 1770 3618 1843 signo
3636 1772 3823 1829 Domic

2259 1844 2395 1905 nica
2419 1848 2616 1913 crucis,
2644 1864 2767 1904 cum
2804 1852 3149 1910 invocatione.
3175 1854 3375 1915 Christi
3402 1844 3635 1921 nominis
3652 1901 3667 1926 ,
3691 1877 3825 1918 ωηο.
3886 1892 3895 1897 -

2257 1941 2556 1996 secnnmr.
2584 1936 2717 2000 Nam
2746 1939 2869 2011 ipsa
2890 1958 3025 1998 crux
3052 1959 3305 2015 magnum
3335 1946 3393 2002 in
3418 1962 3477 2003 se
3501 1952 3821 2021 mysterium

2258 2024 2514 2089 continet,
2538 2027 2691 2096 cuius
2712 2031 2909 2099 positio
2929 2032 3053 2088 talis
3077 2038 3821 2110 est,utsuperiorparsc(elos

2257 2118 2421 2181 petat,
2453 2112 2677 2170 inferior
2712 2125 2869 2175 terrai
2895 2120 3151 2183 inbereat
3172 2124 3299 2191 ﬁxa,
3339 2126 3669 2185 inlernorum
3703 2132 3825 2189 ima.

2257 2205 2572 2277 contingat:
2614 2207 2839 2267 latitudo
2878 2222 3057 2269 autem
3093 2215 3211 2286 ejus
3234 2226 3423 2287 partes
3452 2221 3635 2275 mundi
3660 2236 3823 2293 appex

2257 2293 2521 2381 tat.rQuia
2560 2304 2621 2353 et
2654 2298 2902 2363 Christus
2940 2318 3038 2373 per
3069 2306 3372 2375 passionem
3404 2311 3580 2366 crucis
3608 2311 3825 2381 angelis,

2254 2380 2535 2463 profuitin
2563 2386 2721 2452 coelo,
2737 2402 2965 2457 quorum
2985 2408 3261 2461 numerus,
3284 2397 3379 2466 qui
3394 2388 3494 2468 per
3516 2380 3827 2469 apostatam.

2256 2471 2501 2539 angelum
2540 2473 2854 2536 imminutus
2903 2479 3117 2548 fuerat,
3145 2498 3213 2539 ex
3262 2485 3541 2543 animabus
3578 2487 3827 2557 ﬁdelium,

2255 2561 2492 2649 quotidie
2520 2564 2872 2636 adimpletur;
2909 2579 2971 2626 et-
2995 2574 3178 2640 nobis,
3198 2577 3289 2645 qui
3318 2592 3504 2639 sumus
3550 2580 3603 2635 in
3643 2588 3827 2649 terra,

2255 2656 2310 2706 et
2337 2647 2444 2705 illis
2470 2653 2561 2722 qui
2590 2667 2810 2726 propter
2832 2662 3091 2731 originale
3126 2677 3403 2735 peccatum
3440 2647 3815 2729 detinebantun

2256 2738 2396 2834 apud
2420 2741 2654 2834 inieros;
2684 2750 2776 2803 sed
2802 2760 2856 2807 et
2878 2752 3027 2822 ipsis,
3045 2756 3135 2824 qui
3157 2757 3211 2812 in
3237 2757 3463 2814 diversis
3485 2763 3667 2817 mundi
3689 2778 3817 2834 para

2257 2830 2397 2885 tibus
2417 2833 2748 2889 habitabant.
2775 2838 2890 2907 ipse
2917 2847 3000 2895 est
3022 2843 3163 2897 enim
3189 2859 3282 2901 rex
3308 2846 3622 2916 cmlestium,
3647 2830 3818 2907 terre-1

2258 2921 2450 2974 striqu
2493 2929 2547 2975 et
2591 2924 2956 2994 infernorum,
3001 2942 3053 2984 ut
3083 2932 3246 2988 omnis
3285 2935 3463 3007 lingua
3505 2939 3815 3009 conﬁteatur:

2255 3012 2393 3080 quod
2421 3012 2675 3069 Dominus
2693 3015 2848 3074 Iesus
2872 3016 3106 3077 Christus
3128 3023 3181 3076 in
3202 3023 3368 3094 gloria
3395 3035 3469 3081 est
3502 3027 3600 3083 Dei
3636 3027 3819 3094 Patris

2256 3100 2423 3171 (Phil.
2451 3120 2511 3169 ιι,
2546 3104 2655 3177 li).
2687 3107 2885 3165 Iacens
2904 3126 3037 3185 vero
3063 3128 3197 3173 crux
3225 3124 3456 3183 quatuor
3480 3118 3663 3171 mundi
3687 3133 3810 3186 par—

2256 3200 2335 3245 tes
2369 3193 2593 3261 appetit,
2623 3196 2884 3262 orientem
2908 3198 3254 3263 videlicet,et
3286 3202 3637 3270 occidentem,
3660 3205 3808 3274 aqui-

2255 3278 2431 3334 lonem
2470 3289 2518 3334 et
2552 3284 2850 3348 meridiem,
2879 3288 3004 3355 quia
3035 3296 3091 3344 et
3115 3289 3359 3351 Christus
3386 3306 3483 3360 per
3508 3295 3807 3362 passionem

2254 3386 2405 3429 suam
2432 3384 2623 3427 omnes
2645 3382 2829 3444 gentes
2851 3379 2919 3432 ad
2945 3392 3001 3432 se
3042 3381 3205 3434 trahit
3232 3398 3245 3433 :
3279 3388 3335 3436 et
3363 3383 3544 3438 omnia
3565 3386 3667 3440 sibi
3686 3388 3811 3442 sub-

2248 3458 2472 3528 jugavit,
2491 3460 2645 3530 juxta
2684 3465 2826 3532 quod
2867 3466 2979 3535 ipse
3024 3482 3249 3538 surgens
3288 3485 3318 3525 a
3365 3474 3610 3538 mortuis,
3641 3474 3807 3529 dicit:

2254 3548 2394 3603 Data
2445 3558 2522 3605 est
2571 3553 2699 3608 mihi
2758 3556 2926 3613 omnis
2975 3569 3197 3627 potestas
3256 3562 3312 3616 in
3344 3561 3471 3618 mlo
3505 3572 3553 3619 et
3595 3566 3651 3619 in
3673 3575 3812 3619 terra

2257 3635 2468 3708 (Matth.
2508 3658 2697 3707 xxvnt,
2729 3643 2835 3714 l8).

2327 3727 2352 3764 δ
2382 3726 2491 3781 Cur
2516 3737 2697 3782 autem
2720 3729 2880 3786 hodie
2903 3720 3063 3787 missa
3089 3749 3193 3789 non
3219 3745 3484 3803 cantatur,
3512 3738 3606 3792 sed
3638 3753 3813 3808 neque

2257 3816 2309 3867 in
2350 3814 2586 3871 Sabbato
2630 3828 2835 3885 sancto,
2860 3820 3027 3876 donec
3054 3824 3119 3876 ad
3145 3825 3355 3892 vigilias
3376 3826 3569 3891 noctis,
3596 3836 3813 3882 sanctus

2256 3902 2593 3959 innocentius
2631 3921 2767 3977 papa
2813 3908 2869 3962 in
2902 3908 3267 3969 Decretalibus
3300 3913 3431 3969 dicit
3465 3933 3478 3968 :
3519 3915 3626 3970 lsto
3652 3915 3815 3987 479

2255 3991 2417 4049 biduo
2466 4006 2802 4052 sacramenta
2840 4001 3053 4071 penitus
3095 4019 3199 4056 non
3236 4002 3519 4069 celebrari,
3542 4005 3666 4076 quia
3694 4019 3814 4075 per-

2254 4097 2444 4139 cussus
2472 4092 2555 4139 est
2575 4095 2847 4155 pastor,et
2866 4104 2993 4145 oves
3015 4089 3131 4161 ejus
3154 4093 3329 4161 gregis
3355 4093 3623 4161 dissipatae
3654 4100 3809 4157 sunt;

2254 4187 2350 4225 seu
2377 4173 2519 4240 quod
2549 4175 2835 4243 apostolos,
2852 4192 2985 4246 quos
3007 4179 3204 4232 imitari
3231 4180 3505 4246 debemus,
3524 4182 3624 4234 isto
3651 4181 3813 4235 biduo

2256 4262 2309 4314 in
2346 4259 2562 4316 tristitia
2605 4271 2661 4317 et
2704 4280 2937 4320 mmrore
2984 4266 3170 4331 fuisse,
3213 4277 3268 4322 et
3304 4268 3518 4339 jejunos
3552 4284 3720 4338 usque
3757 4269 3812 4322 in

2260 4350 2707 4405 resurrectionem
2734 4355 3092 4421 permansisse
3126 4357 3412 4412 credimus.
3453 4357 3510 4412 In
3537 4359 3622 4413 die
3652 4358 3815 4411 Para-

2260 4453 2415 4493 sceve
2437 4440 2556 4493 ideo
2577 4456 2684 4494 non
2705 4447 3111 4514 cantatur,quia
3136 4448 3246 4517 ipsa
3275 4449 3361 4505 die
3390 4449 3548 4506 Jesus
3572 4449 3812 4505 Christus

2259 4532 2493 4601 seipsum
2522 4533 2752 4587 hostiam
2782 4534 2973 4592 obtulit
2995 4538 3102 4594 Deo
3129 4540 3275 4596 Patri
3306 4558 3403 4611 pro
3427 4544 3600 4608 nobis,
3623 4552 3678 4597 et
3700 4544 3811 4610 ipsa

2256 4623 2455 4675 oblatio
2488 4622 2680 4677 suﬂicit
2708 4625 2774 4679 ad
2809 4626 3029 4682 salutem
3052 4631 3402 4684 credentium.

2326 4710 2380 4763 In
2412 4712 2525 4779 ipso
2554 4722 2731 4769 autem
2775 4717 2858 4771 die
2889 4720 3018 4772 hora
3056 4721 3241 4787 quinta
3266 4719 3575 4786 deportatur
3608 4719 3811 4785 lumen,

2256 4809 2319 4862 ut
2356 4816 2541 4870 supra,
2578 4806 2645 4859 ab
2679 4807 3055 4868 archidiacono
3083 4822 3176 4861 seu
3209 4810 3512 4878 praeposito,
3537 4819 3590 4865 et
3620 4810 3813 4865 illumi-

2256 4902 2449 4947 nantur
2478 4884 2981 4965 lampades‘seplem
3010 4914 3020 4947 :
3044 4895 3282 4964 pontifex
3317 4908 3495 4953 autem
3518 4916 3609 4955 seu
3637 4902 3812 4956 clerus

2254 4990 2413 5047 atque
2438 4982 2662 5049 populus
2700 4982 2995 5050 procedunt
3020 4982 3084 5035 ad
3111 4984 3410 5039 ecclesiam.
3443 4986 3657 5043 interim
3684 5000 3811 5042 vero

2252 5070 2525 5136 egreditur
2559 5070 2964 5129 archidiaconus
2999 5085 3118 5125 cum
3156 5074 3275 5128 aliis
3300 5074 3608 5130 diaconibus
3634 5076 3699 5131 de
3723 5091 3811 5131 sa-

2252 5159 2453 5224 crario,
2484 5159 2653 5214 induti
2690 5154 2893 5216 scilicet
2918 5161 3147 5228 planetis
3188 5166 3370 5231 fuscis,
3398 5176 3454 5221 et
3480 5168 3583 5223 duo
3624 5184 3810 5224 cereo—

2252 5256 2415 5303 strata
2445 5256 2566 5303 ante
2610 5250 2755 5319 ipsos
2798 5265 2919 5306 cum
2962 5256 3132 5310 cereis
3175 5260 3414 5323 accensis
3458 5259 3811 5328 procedentes

2253 5354 2418 5408 usque
2447 5341 2513 5393 ad
2542 5341 2707 5393 altare
2736 5355 2857 5397 cum
2902 5342 3142 5413 silentio,
3172 5356 3226 5402 et
3249 5350 3491 5415 oratione
3523 5349 3811 5419 completa,

2252 5449 2304 5501 in
2327 5452 2567 5504 ordinem
2600 5450 2827 5505 Roman.
2860 5470 2980 5524 pag.
3009 5472 3233 5523 Lxxxm,
3259 5458 3385 5512 edit.
3418 5457 3614 5524 Paris,
3652 5457 3805 5518 liii
