4232 6224
1192 228 1340 292 OPP.
1377 219 1771 284 SUPPOSITA.
1803 254 1878 290 τ-
1913 221 2038 278 ω.
2076 219 2172 293 DE'
2199 221 2445 282 DIVINIS
2475 227 2774 285 OFFlCliS.

3439 232 3575 288 ηιο

392 352 560 412 atque
586 339 824 404 osculato
862 337 1056 405 altari,
1097 339 1298 394 vadunt
1336 337 1405 393 ad
1447 337 1630 392 sedem
1668 326 1935 406 pommus
1960 334 2284 404 'A'periculis
2325 338 2485 408 hujus
2511 329 2655 404 vitae,
2681 350 2737 396 et
2757 356 2856 411 pro
3179 351 3236 399 ct
3255 345 3492 415 paganis,
3521 355 3576 402 et

333 461 346 471 .
391 428 740 498 mresolito:
753 426 942 483 deinde
963 426 1148 484 annuit
1165 425 1568 482 archidiaconus
1585 423 1932 487 subdiacono,

389 532 453 580 ut
476 521 684 592 legatur
709 519 869 574 lectio
893 519 1085 590 prima.
1106 516 1359 586 Sequitur
1383 515 1803 587 responsorium,
1825 510 1936 567 Dor

390 612 527 676 utine
542 650 567 679 ,.
589 609 785 664 audivi.
828 607 975 673 Istud
1001 606 1398 679 responsorium,
1421 620 1544 663 cum
1565 611 1793 675 quatuor
1813 615 1936 662 ver-

391 697 540 754 sibus
563 694 840 767 signiﬁcat
863 695 1135 752 Christum
1153 732 1177 758 ,_
1195 693 1289 764 qui
1330 699 1556 762 quatuor
1582 691 1844 751 elementa
1879 689 1936 744 in

390 784 562 854 emgie
604 783 838 839 hominis
876 781 1185 864 assumpsit.
1222 779 1317 840 illa
1353 779 1656 850 pendebant
1694 778 1747 855 in
1773 791 1936 834 cruce

391 870 532 932 inter
557 873 662 929 duo
687 871 957 939 animalia,
982 872 1086 925 hoc
1109 877 1194 930 est
1225 868 1367 933 inter
1387 867 1519 923 duos
1543 867 1798 935 latrones.
1831 864 1934 922 Se-

390 965 572 1034 quitur
609 965 781 1030 altera
807 963 994 1029 lectio;
1019 950 1208 1017 deinde
1248 973 1397 1040 more
1422 958 1670 1017 Romano
1695 955 1937 1034 sequitur

391 1051 992 1127 ιηοωειριὶνιωὺὶιαι.
1028 1049 1135 1108 Iste
1175 1053 1384 1105 tracms.
1403 1044 1569 1107 trahit
1602 1058 1701 1098 nos
1725 1043 1793 1098 ad
1818 1041 1936 1099 lon-

391 1140 1090 1212 gitudinemvitm'teleruaa,
1108 1138 1162 1191 in
1183 1151 1287 1206 qua
1319 1135 1552 1199 salutare
1573 1133 1691 1198 Dei,
1713 1133 1817 1190 hoc
1850 1139 1935 1187 est

389 1215 658 1289 Christum
679 1237 834 1302 quem
862 1221 1226 1310 nefandisaimi
1241 1225 1413 1292 Judaei
1434 1225 1498 1295 in
1521 1239 1679 1290 cruce
1699 1225 1934 1296 positum

389 1322 549 1380 hodie
572 1322 838 1384 viderunt,
861 1310 1034 1385 ethos
1060 1317 1329 1384 credimus
1353 1315 1564 1382 visuros
1595 1313 1728 1370 facie
1750 1315 1817 1369 ad
1852 1313 1935 1368 fa-

388 1410 526 1468 ciem
548 1409 604 1464 in
630 1405 929 1476 aiteruitate
949 1421 1079 1472 sua._
1114 1405 1327 1477 Canum
1365 1404 1455 1471 hic
1495 1401 1667 1472 aliqui,
1702 1410 1932 1460 tractum

387 1500 694 1569 nuperrime
731 1494 1306 1568 compilatum,:,E1-ipe.
1327 1511 1436 1558 nu,
1467 1493 1705 1560 Dauniae,
1737 1493 1802 1549 ab
1839 1493 1933 1548 Ito-

2029 440 2129 496 per
2169 443 2356 493 omnes
2397 431 2530 486 alias
2573 433 2842 488 orationes
2887 449 3027 503 genu
3075 435 3356 501 ﬂectimus,
3399 445 3460 490 ut
3475 453 3578 505 per

2029 516 2174 573 hunc
2195 518 2436 576 habitum
2457 522 2698 590 corporis
2719 523 2916 578 mentis
2940 524 3298 580 humilitatem
3336 529 3578 582 attenda-

2029 620 2150 661 mus
2174 604 2392 684 [Amal.,
2413 610 2798 681 ostendamus],
2841 604 3064 682 excepto
3084 614 3299 682 quando
3325 631 3422 684 pro
3451 629 3576 684 per-

2029 692 2152 752 ﬁdis
2186 692 2396 755 Iudaeis.
2421 711 2671 752 oramus:
2699 698 2773 752 illi
2809 699 2952 753 enim
2991 715 3130 769 genu
3162 700 3444 758 nectebant
3472 705 3578 759 Do-

2030 782 2372 852 mino,vopu.s,
2401 783 2599 839 bonum
2647 785 2785 844 male
2823 796 3129 856 operantes,
3157 791 3280 859 quia
3309 791 3576 867 illudendo
3626 785 3630 788 ’

2029 869 2146 925 haec
2175 868 2463 940 faciebant.
2494 871 2613 927 Nos
2637 874 2705 928 ad
2731 874 3217 942 demonstrandum,
3244 881 3368 949 quia
3394 880 3578 952 fugere

2010 961 2319 1038 debeamus
2342 977 2501 1031 opera
2530 978 2648 1032 quae
2669 965 2967 1022 simulando
2991 967 3148 1034 fiunt,
3181 970 3410 1030 vitamus
3437 987 3600 1042 genu-

2027 1049 2309 1108 ﬂexionem
2328 1068 2425 1123 pro
2446 1051 2661 1110 Iudaeis.
2692 1056 2925 1124 Denique
2944 1057 3181 1126 pontifex
3207 1063 3429 1116 veniens
3451 1073 3576 1119 ante

2027 1142 2219 1208 altare,
2246 1139 2358 1200 sive
2385 1141 2467 1214 (ut
2510 1144 2566 1201 in
2607 1144 2712 1198 alio
2752 1145 2940 1200 ordine
2977 1146 3190 1218 legitur)
3229 1151 3493 1206 transiens
3522 1153 3576 1206 in
3666 1159 3669 1161 ’

2027 1231 2300 1285 dexteram
2353 1238 2567 1299 partem,
2606 1232 2843 1288 ecclesiae
2887 1234 3025 1288 intra
3069 1237 3316 1292 thronum
3342 1278 3357 1302 ,
3405 1240 3572 1296 dicit:

2020 1319 2248 1382 Oremus
2261 1337 2282 1385 ι
2293 1319 2629 1385 etriiaconus,
2653 1320 2946 1380 Flectamus
2961 1340 3144 1394 genua.
3163 1325 3290 1382 item
3305 1329 3574 1393 diaconus,

1988 1463 1998 1472 ,
2027 1406 2233 1474 Leonte,
2265 1418 2323 1476 et
2337 1409 2574 1480 pontifex
2597 1411 3014 1476 datorationem,
3035 1413 3174 1468 sicut
3197 1415 3250 1468 in
3265 1415 3579 1472 Sacramen-

2027 1498 2165 1552 tario
2177 1499 2498 1555 continetur.
2517 1499 2613 1555 His
2628 1499 2814 1566 ﬁnitis,
2835 1510 3022 1558 Omnes
3044 1513 3242 1559 exeunt
3260 1505 3578 1578 foras.Apo-
3613 1539 3617 1542 ~

387 1587 544 1654 utine,
576 1585 704 1652 etc;
729 1584 972 1660 sequitur
1002 1584 1204 1652 absque
1229 1582 1586 1652 salutatione:
1617 1577 1802 1640 Passio
1825 1581 1932 1635 Do-
1964 1656 1999 1660 _
2030 1585 2216 1642 stolico
2239 1587 2340 1643 hoc
2362 1596 2572 1656 agente,
2601 1603 2697 1643 nos
2721 1588 2850 1644 hora
2876 1605 3012 1644 nona
3037 1590 3365 1647 inchoamus.
3398 1584 3404 1590 ’

387 1673 516 1727 mini
534 1673 715 1738 nostri,
742 1656 903 1738 Illac
920 1672 1149 1742 expleta,
1171 1669 1352 1737 statim
1373 1667 1479 1730 duo
1501 1660 1710 1730 diaconi
1731 1668 1936 1725 nudant
1964 1656 2007 1714 Β
2105 1684 2128 1712 ο
2155 1672 2309 1729 Circa
2337 1688 2620 1744 vesperum
2653 1691 2778 1731 vero
2808 1676 2862 1732 in
2900 1677 3146 1755 omnibus
3170 1678 3410 1734 ecclesiis
3431 1695 3579 1749 pres-

387 1761 556 1818 altare
581 1763 832 1827 sindone,
851 1769 969 1833 qum
990 1760 1141 1839 prius
1169 1758 1354 1822 fuerat,
1387 1758 1488 1814 sub
1524 1755 1810 1828 Evangelia
1834 1773 1932 1826 po:-

388 1851 516 1916 sita,
542 1851 598 1905 in
623 1850 837 1905 modum
861 1847 1114 1914 iurantis.
1137 1846 1315 1917 Aliqui
1334 1860 1466 1902 vero
1485 1854 1766 1918 antequam
1791 1845 1933 1916 lega-

390 1948 478 1992 tur
517 1937 722 2004 Passio,
750 1943 1058 2009 praaparant
1095 1936 1347 2000 sindones'
1389 1936 1522 1991 duas
1565 1934 1668 1998 sibi
1709 1933 1934 1988 invicem

388 2042 674 2098 parumper
710 2027 1055 2091 cohareutes,
1082 2033 1138 2080 et
1175 2025 1232 2080 in
1258 2039 1324 2082 eo
1363 2039 1520 2083 versu
1566 2023 1659 2077 ubi
1700 2023 1930 2093 legitur:

390 2117 584 2184 [fertili
608 2124 727 2172 sunt
754 2116 1056 2172 restituente
1091 2130 1207 2169 mea
1244 2113 1365 2180 sibi,
1394 2113 1640 2173 scindunt
1667 2112 1792 2167 hinc
1815 2113 1937 2167 inde

317 2190 320 2193 ’
389 2207 536 2276 ipsas
586 2205 834 2278 sindones
883 2202 1111 2273 desuper
1167 2201 1325 2255 altari
1373 2200 1429 2254 in
1483 2199 1698 2256 modum
1747 2196 1934 2253 furan-

390 2296 480 2360 tis,
506 2301 562 2349 et
586 2308 766 2349 secum
791 2291 1057 2346 auferunt.
1101 2289 1237 2358 Quia
1272 2287 1438 2344 altare
1480 2286 1747 2370 Christum
1776 2287 1938 2358 signi-

390 2383 536 2450 ﬂeat,
581 2390 637 2438 et
677 2382 942 2453 apostolos
988 2382 1305 2437 vestimenta
1352 2379 1548 2450 ipsius;
1596 2378 1842 2433 convenit
1879 2385 1938 2432 ut

390 2473 580 2539 subtus
623 2471 962 2544 Evangelium
1008 2471 1207 2541 aliquid
1243 2469 1422 2540 jaceat
1463 2471 1532 2525 ob
1578 2469 1932 2533 honestatem,

390 2575 496 2631 quo
516 2561 745 2628 sublato,
767 2562 970 2617 raditur
991 2560 1210 2632 [Amal.,
1229 2549 1455 2630 rapitur]
1477 2559 1616 2628 quod
1637 2559 1932 2628 subjectum

389 2650 675 2720 fuitzquia
721 2649 898 2706 dedito
943 2649 1156 2704 Christo
1196 2650 1338 2704 inter
1377 2663 1569 2705 manus
1612 2649 1939 2718 iniquorum,

389 2741 615 2812 apostoli
638 2740 901 2812 fugerunt.
931 2738 1035 2795 Per
1061 2740 1336 2795 sindonem
1359 2751 1489 2794 vero
1511 2746 1689 2808 potest
1712 2739 1933 2809 intelligi

388 2828 636 2896 Joannes,
683 2831 775 2900 qui
822 2830 1181 2899 perseveravit
1227 2845 1349 2885 cum
1391 2818 1616 2884 Domino
1657 2844 1825 2899 usque
1865 2831 1934 2885 ad

389 2926 716 2990 crucem,_et
745 2929 928 2989 postea
970 2934 1026 2973 se
1069 2912 1317 2974 occuluit.
1363 2918 1512 2985 Quod
1551 2933 1679 2974 vero
1707 2918 1820 2989 ipso
1847 2919 1931 2973 die

388 3022 598 3086 pannus
623 3007 901 3080 scinditur,
945 3007 1047 3069 hoc
1071 3006 1649 3088 portendere'videtur,
1682 3007 1824 3076 quod
1852 3005 1934 3076 pi-

389 3107 542 3168 ctura
562 3098 616 3152 in
635 3091 1217 3168 parietibusexpressa,
1243 3095 1511 3160 videlicet,
1536 3103 1596 3150 ut
1618 3110 1828 3165 semper
1851 3111 1936 3151 re-

392 3187 630 3252 colamus
673 3185 954 3254 Dominum
979 3199 1076 3260 pro
1102 3183 1258 3253 nobis
1278 3198 1513 3254 passum,
1537 3192 1593 3238 et
1621 3184 1932 3238 vestimenta

332 3263 336 3267 ’
390 3278 507 3354 ejus
551 3277 711 3354 fuisse
748 3276 936 3330 divisa.
981 3274 1235 3332 Tenebrae
1277 3262 1533 3334 luminum
1579 3273 1697 3328 ideo
1735 3275 1936 3329 exstin-

390 3349 904 3436 ctione'ﬁgurantur,
919 3365 1044 3435 quia
1069 3372 1192 3437 tunc
1209 3379 1336 3428 vera
1355 3364 1447 3419 lux
1464 3364 1647 3430 mundi
1666 3354 1931 3426 occubuit,

390 3465 447 3518 et
484 3459 717 3517 tenebrae
742 3464 911 3511 totum
950 3455 1213 3520 mundum
1249 3464 1590 3526 operuerunt.
1636 3455 1932 3517 Notandum

389 3554 472 3604 est
495 3547 654 3609 enim,
677 3545 808 3613 quia
821 3546 873 3598 in
897 3543 1389 3614 RomanaEeclesia
1417 3542 1771 3618 exstinguitur
1791 3553 1934 3609 totus

391 3635 528 3706 ignis
569 3635 623 3688 in
670 3639 822 3691 sexta
863 3630 1028 3696 feria,
1052 3639 1109 3686 et
1154 3630 1630 3686 reaccenditurzin
1663 3632 1765 3698 hoc
1792 3630 1934 3685 facto

391 3729 662 3794 imitamur
695 3725 1040 3797 principalem
1084 3725 1282 3796 ignem,
1311 3725 1361 3779 id
1406 3731 1488 3780 est
1535 3724 1700 3798 solem
1745 3740 1935 3796 corpo-

389 3833 537 3874 reum
555 3859 572 3884 ,
597 3818 696 3889 qui.
714 3818 781 3872 ab
807 3816 1055 3872 humanis
1097 3814 1367 3871 obtutibus
1391 3829 1448 3871 se
1473 3814 1752 3872 abscondit
1795 3823 1933 3869 tem-

389 3921 518 3976 pore
543 3905 805 3974 passionis
831 3919 862 3957 a
888 3906 1046 3981 sexta
1065 3904 1198 3958 hora
1227 3918 1394 3972 usque
1417 3904 1483 3957 ad
1507 3916 1722 3970 nonam,
1744 3917 1811 3956 ne
1839 3918 1934 3958 suo

389 3996 586 4050 lumine
609 3993 915 4061 fruerentur
940 3994 1028 4061 qui
1059 3993 1195 4047 male
1221 3994 1521 4061 gaudebant
1551 3993 1616 4047 de
1642 3993 1932 4063 ignominia

390 4085 598 4152 Domini
614 4085 724 4149 sui.
752 4083 863 4138 Hac
882 4097 1043 4143 causa
1066 4083 1416 4152 exstinguitur
1436 4083 1488 4146 in
1509 4098 1562 4137 vt
1587 4084 1737 4149 feria,
1760 4101 1811 4138 vr
1837 4087 1934 4170 ho;

390 4191 473 4242 ra,
499 4185 554 4233 et
577 4183 862 4232 renovatur
886 4175 1029 4232 circa
1051 4175 1236 4244 horam
1264 4189 1479 4242 nonam,
1501 4176 1641 4230 inter
1667 4192 1785 4246 quae
1805 4192 1933 4240 con,-

389 4266 635 4333 venit,‘ut
649 4267 733 4322 his
753 4266 900 4333 horis
923 4266 1036 4320 hmo
1055 4254 1374 4330 recolantur,
1395 4265 1587 4333 quibus
1607 4275 1754 4336 gesta
1785 4276 1926 4322 sunt.

461 4358 580 4414 Mox
601 4364 892 4428 sequuntur
908 4357 1177 4412 orationes
1194 4355 1456 4422 solemnes
1482 4356 1548 4410 ad
1574 4356 1926 4412 Hierusalem.

391 4448 664 4510 Solemnes
697 4447 945 4501 dicuntur
963 4487 977 4510 ,
1008 4446 1130 4515 quia
1155 4447 1222 4501 ab
1244 4446 1489 4502 omnibus
1516 4446 1821 4502 solemniter
1840 4448 1933 4502 de—

387 4539 517 4595 bent
540 4534 815 4591 celebrari.
841 4533 930 4587 Fit
949 4535 1003 4588 in
1029 4535 1108 4596 eis
1133 4537 1334 4591 mentio
1356 4537 1592 4592 omnium
1620 4536 1850 4594 ﬁdelium
1879 4548 1935 4594 et

389 4627 701 4684 infidelium.
730 4624 838 4680 Nec
864 4625 930 4679 ab
959 4639 1016 4678 re
1035 4614 1152 4705 "est,
1177 4627 1317 4694 quod
1343 4629 1606 4696 pendente
1631 4630 1852 4687 Domino
1878 4633 1930 4686 in

389 4730 571 4780 cruce,
592 4722 646 4770 et
667 4713 958 4783 Judaaisjlli
980 4713 1376 4778 insultantibus,
1397 4731 1494 4784 pro
1520 4717 1650 4787 ipsis
1675 4719 1928 4775 oraverit.

390 4802 469 4872 Ex
490 4803 590 4857 hoc
610 4811 664 4857 et
685 4819 784 4858 nos
797 4803 862 4864 ad
879 4803 1188 4860 memoriam
1211 4801 1548 4869 reducamus,
1563 4808 1706 4874 quod
1721 4803 1932 4877 quando

388 4889 589 4959 aliquid
624 4891 845 4948 moleste
889 4894 1139 4963 patimur,
1170 4900 1264 4945 aut
1292 4891 1360 4946 ab
1387 4892 1616 4946 inimicis
1654 4898 1932 4964 persequi-

390 4994 531 5044 mur,
558 4981 626 5035 ad
651 4981 942 5042 orationem
968 4982 1108 5046 illico
1131 4981 1412 5054 confugere
1443 4980 1747 5046 debeamus.
1779 4985 1806 5024 b
1829 4985 1932 5041 Pro

413 5134 418 5137 .
459 5102 484 5129 α
522 5090 722 5152 Amal.,
751 5087 852 5142 loc.
877 5090 968 5142 cit.

462 5160 488 5198 ι’
526 5159 718 5220 Amal.,
747 5158 848 5212 loc.
873 5158 962 5210 cit.

463 5239 485 5265 ε
525 5228 720 5290 Amal.,
743 5242 860 5294 cap.
895 5226 975 5279 M.

457 5296 483 5334 ἀ
526 5296 734 5367 Orario.
777 5295 1020 5367 prarium
1048 5296 1196 5350 varia
1237 5297 1619 5367 signiﬁcatione
1648 5296 1922 5367 accipitur,

391 5365 455 5417 de
492 5380 596 5434 quo
627 5366 731 5417 vid.
765 5365 1053 5433 Cangium,
1087 5379 1202 5434 voc.
1244 5364 1505 5418 Orarium.
1548 5364 1659 5417 Hoc
1695 5364 1808 5418 loco
1846 5378 1926 5421 est

388 5433 644 5502 oblongus
673 5443 817 5502 tapcs
840 5435 1006 5486 instar
1027 5433 1208 5496 orarii,
1227 5436 1314 5502 qui
1340 5434 1692 5487 substernitur
1713 5449 1924 5490 crucem

392 5503 703 5558 adoraturis.
749 5505 1048 5572 pertingens
1095 5517 1123 5554 a
1162 5502 1278 5557 loco
1319 5505 1404 5557 ubi
1449 5519 1575 5557 crux
1617 5504 1786 5571 posita
1818 5515 1920 5572 cst,

2034 1765 2341 1834 byterorum
2396 1778 2490 1819 seu
2535 1765 2905 1834 episcoporum
2931 1806 2946 1831 ,
3006 1774 3164 1836 atque
3219 1770 3580 1825 cmnobiorum

2031 1860 2530 1922 praeparaturcrux
2573 1861 2696 1908 ante
2738 1854 2940 1919 altare,
2975 1863 3029 1909 et
3081 1864 3412 1912 sustentatur
3454 1859 3579 1914 hinc

2034 1942 2156 2008 inde
2179 1958 2212 1998 a
2243 1942 2448 1999 duobus
2489 1934 2731 2015 acolytis,
2758 1945 2932 2014 posito
2979 1953 3105 2015 ante
3151 1961 3275 2001 eam
3319 1948 3500 2003 orario
3524 1949 3575 2014 ἀ,

2032 2031 2179 2085 venit
2204 2029 2456 2101 pontifex,
2479 2013 2646 2098 solus,
2673 2041 2728 2088 et
2764 2013 3047 2088 adoratam
3079 2013 3428 2091 ’deosculatur
3461 2013 3577 2093 cru¥

2034 2133 2184 2182 cem,
2213 2120 2412 2175 Deinde
2441 2123 2738 2194 presbyteri
2761 2132 2822 2195 et
2849 2124 3054 2180 diaconi
3075 2129 3330 2186 etcazteri
3361 2143 3458 2198 per
3493 2145 3579 2184 or—

2035 2209 2245 2276 dinem,
2260 2210 2449 2272 deinde
2475 2211 2717 2282 populus.
2750 2213 2991 2272 Pontifex
3022 2231 3151 2270 vero
3189 2218 3337 2273 sedet
3376 2220 3428 2272 in
3455 2221 3579 2274 sede

2033 2298 2203 2355 donec
2225 2300 2682 2361 omnessalutent.
2709 2313 2732 2340 ο
2754 2301 3054 2374 Presbyteri
3079 2320 3206 2359 vero
3227 2307 3330 2360 duo
3349 2308 3576 2376 priores,

2033 2389 2262 2449 salutata
2312 2403 2504 2455 cruce,
2536 2390 2736 2454 intrant
2788 2393 2842 2446 in
2887 2394 3201 2459 sacrarium,
3232 2402 3285 2449 et
3335 2395 3578 2451 deferunt

2034 2493 2228 2547 corpus
2251 2478 2480 2542 Domini,
2510 2481 2650 2548 quod
2675 2482 2846 2550 pridie
2869 2485 3146 2549 remansit,
3172 2494 3436 2555 ponentes
3452 2487 3576 2542 illud

2035 2567 2087 2621 in
2117 2575 2329 2638 patena,
2359 2575 2414 2622 et
2440 2567 2791 2624 subdiaconus
2832 2577 2974 2631 tenet
3016 2581 3147 2638 ante
3186 2575 3330 2646 ipsos
3361 2577 3576 2632 calicem
3671 2585 3682 2594 ‘

2035 2673 2156 2712 cum
2198 2657 2322 2711 vino
2360 2672 2464 2710 non
2510 2667 2837 2722 consecrato,
2865 2666 2918 2712 et
2940 2657 3074 2713 alter
3103 2661 3458 2718 subdiaconus
3487 2680 3576 2732 pa-

2035 2754 2212 2802 tenam
2262 2761 2381 2800 cum
2433 2746 2733 2814 supradicto
2778 2761 2999 2814 corpore
3044 2745 3276 2814 Domini,
3307 2765 3336 2803 a
3387 2753 3578 2820 quibus

2001 2835 2300 2903 laccipiunt
2345 2835 2640 2905 presbyteri
2686 2842 2931 2903 patenam
2983 2843 3035 2889 et
3083 2835 3336 2903 calicem,
3381 2849 3436 2894 et
3486 2831 3598 2910 po?

2032 2931 2166 2977 nunt
2186 2937 2345 2991 super
2366 2923 2532 2978 altare
2556 2922 2828 2977 nudatum.
2853 2922 3093 2987 Pontifex
3114 2940 3247 2980 vero
3264 2929 3426 2989 sedet,
3453 2929 3576 2984 dum

2033 3011 2230 3066 salutat
2267 3013 2492 3082 pupulus
2535 3027 2768 3067 crucem.
2801 3011 3074 3070 Salutante
3108 3015 3248 3074 enim
3278 3018 3424 3084 prius
3448 3035 3576 3087 pon-

2033 3101 2173 3154 tiﬁce
2204 3116 2295 3154 seu
2339 3101 2554 3169 populo,
2587 3109 2832 3154 cantatur
2853 3101 3139 3171 antiphona
3166 3117 3180 3153 :
3208 3102 3341 3157 Ecce
3381 3105 3576 3175 lignum

2032 3191 2217 3244 cruris.
2265 3189 2406 3243 Psal.
2447 3188 2958 3243 Beati‘immacttlati.
2993 3188 3124 3244 ltcm
3163 3189 3410 3245 :Crucem
3434 3202 3576 3246 tuam

2032 3281 2309 3334 adoramus
2331 3320 2344 3344 ,
2400 3288 2502 3333 etc.
2551 3279 2688 3352 Psal.
2733 3279 2871 3332 Deus
2901 3280 3220 3335 ntisere‘atur.
3258 3282 3373 3336 Alia
3402 3301 3413 3336 :
3440 3283 3575 3336 Dum

2032 3372 2332 3442 fabricator.
2382 3370 2602 3437 Quando
2648 3371 2804 3426 hanc.
2831 3385 3054 3430 crucem,
3093 3373 3391 3439 adoramus,
3423 3390 3578 3430 omne

2034 3478 2226 3534 corpus
2253 3472 2490 3517 nostrum
2531 3463 2728 3515 haereat
2759 3468 2944 3522 terrae,
2963 3469 3036 3513 et
3064 3461 3235 3529 ipsum
3261 3477 3416 3530 quem
3445 3466 3575 3518 ado-

2035 3569 2231 3620 ramus,
2255 3555 2407 3622 quasi
2431 3553 2745 3623 pendentem
2772 3554 2824 3606 in
2850 3568 2911 3606 ea
2938 3561 3114 3608 mente
3143 3569 3443 3620 cernamus,
3472 3559 3577 3611 vir-

2035 3650 2301 3711 tutemque
2344 3658 2503 3712 quam
2533 3643 2739 3712 accepit
2780 3657 2845 3696 ex
2874 3643 2964 3696 Dei
2992 3642 3147 3708 Filio,
3175 3643 3346 3719 ipsam
3390 3644 3577 3700 adora-

2032 3747 2167 3786 mus.
2205 3730 2595 3788 Prostcrnimur
2630 3731 2647 3770 ι
2678 3745 2896 3799 corpore
2941 3738 3062 3787 ante
3106 3748 3318 3787 crucem
3341 3774 3355 3797 ,
3379 3745 3577 3790 .mentc

2033 3830 2156 3890 ante
2194 3813 2511 3876 Dominum:
2538 3836 2853 3874 veneramur
2896 3837 3108 3876 crucem
3153 3838 3248 3891 per
3287 3839 3445 3892 quam
3494 3839 3576 3877 rc-

2033 3912 2230 3983 dempti
2255 3926 2457 3974 sumus,
2484 3919 2537 3964 et
2556 3899 2710 3965 illum.
2724 3910 3069 3979 deprecamur
3089 3912 3178 3980 qui
3200 3911 3441 3966 redemit.
3475 3910 3574 3977 Qui

2034 4016 2160 4057 vero
2186 4017 2290 4055 non
2318 4009 2538 4081 possunt
2565 4000 2763 4055 habere
2787 4000 2852 4055 de
2875 4000 3018 4074 ligno
3045 4000 3272 4063 Domini,
3299 4000 3444 4053 salva
3473 4000 3574 4054 [ide

2009 4087 2254 4144 adorant
2283 4089 2424 4142 illam
2467 4105 2626 4163 quam
2660 4090 2872 4152 habent,
2901 4088 2967 4140 de
2991 4087 3182 4156 quibus
3223 4089 3574 4143 venerationi—

2031 4179 2130 4232 bus
2157 4192 2273 4248 quae
2300 4177 2637 4249 conveniunt,
2661 4189 2756 4243 per
2784 4175 3016 4244 singulas
3041 4176 3312 4230 orationes
3337 4172 3573 4246 superio-

2033 4284 2148 4333 res,
2178 4267 2363 4327 beatus
2409 4265 2641 4330 Joannes
2682 4265 3089 4337 Chrysostomus
3117 4267 3260 4321 inten
3280 4275 3468 4323 caetera
3495 4270 3573 4323 sic

2031 4357 2163 4422 dicit
2190 4357 2236 4408 ε.
2266 4373 2284 4406 ε
2312 4354 2505 4423 Οτιιχνιι
2527 4354 2688 4436 480
2707 4355 2954 4411 Ecclesiae
2977 4356 3396 4422 fundamentum,
3416 4365 3572 4427 atque

2028 4447 2174 4504 orbis
2207 4452 2363 4513 terrae
2389 4446 2627 4513 cau_tela._
2661 4445 2811 4510 Crux
2832 4447 3164 4500 annuntiatio
3192 4446 3568 4516 apostolorum,

2029 4533 2275 4606 gloriatio
2301 4543 2614 4606 martyrum,
2647 4550 2767 4604 spes
2793 4535 3236 4591 Christianorum.
3266 4535 3402 4590 Crux
3439 4552 3570 4605 gan-

2030 4626 2175 4680 dium
2221 4627 2580 4694 sacerdotum,
2611 4626 2872 4698 virginum
2916 4627 3162 4689 castitas,
3192 4625 3571 4703 monachOrum

2032 4714 2368 4769 abstinentia.
2413 4713 2553 4767 Crux
2601 4713 2977 4792 imperatorum
3021 4712 3367 4781 philosophia,
3400 4723 3451 4767 et
3483 4730 3570 4768 rc—

2033 4818 2154 4873 gum
2182 4799 2590 4870 magniﬁcentia,
2617 4807 2668 4853 et
2697 4801 2987 4854 destructio
3013 4802 3379 4869 superborum.
3431 4803 3571 4859 Crux

2031 4889 2397 4960 aegrotandum
2427 4888 2686 4951 medicus,
2731 4888 3089 4958 navigantium
3121 4891 3449 4958 gubernatio,
3486 4902 3569 4944 at-

2031 4994 2132 5049 que
2161 4977 2582 5048 periclitantium
2627 4987 2832 5048 portus.
2881 4980 3024 5036 Crux
3072 4980 3456 5034 insensatorum
3490 4999 3572 5033 sa—

2030 5104 2198 5158 tisque
2227 5089 2294 5144 ad
2321 5090 2550 5144 medium
2579 5091 2799 5144 chorum
2837 5091 3049 5144 circiter
3074 5109 3092 5140 :-
3110 5089 3246 5158 quod
3276 5090 3435 5140 etiam
3472 5087 3572 5144 hoc

2032 5157 2268 5229 tempore
2299 5161 2408 5213 lieri
2439 5159 2570 5214 solet
2605 5160 2660 5229 in
2682 5161 2994 5228 quibusdam
3019 5157 3372 5229 εςςιεδίἱδηεψ
3397 5159 3448 5210 in
3478 5175 3566 5212 no-

2030 5226 2220 5284 stra'S.
2252 5229 2588 5282 Emmerami.
2622 5226 2770 5284 [lucu
2797 5229 3033 5282 Memno.
3064 5228 3117 5279 in
3145 5235 3251 5281 not.
3281 5226 3400 5280 288.

2106 5312 2126 5332 ο
2166 5297 2360 5359 Amal.,
2392 5313 2506 5364 cap.
2545 5297 2627 5349 l5.

2105 5369 2120 5403 ί
2165 5367 2354 5427 AmaL,
2382 5367 2479 5419 loc.
2504 5367 2592 5418 cit.

2099 5440 2122 5544 :4
2250 5433 2752 5555 (Σξιηιωδιηᾘοιιιὶι.
2775 5436 2823 5488 in
2853 5443 3089 5487 sanctam
3117 5434 3338 5488 Crucem
3361 5435 3560 5503 spuria.

2112 5521 2118 5533 ι
2163 5535 2174 5554 .-
2209 5518 2287 5555 rnu
2316 5542 2351 5555 ..
2403 5517 2484 5555 oc.
2516 5512 2603 5554 Cll.

2112 5521 2118 5533 ι
2163 5512 2351 5565 Am..t.,
2385 5512 2484 5557 loc.
2516 5512 2603 5554 Cll.
