4232 6228
632 195 757 248 1241

1469 200 1529 253 Β.
1571 201 1634 255 F.
1674 201 1901 258 ALBlNl
1939 202 2069 261 SEU
2108 203 2383 261 ALCUlNl
2419 208 2700 267 OPERUM
2740 212 2916 269 PARS
2948 215 3038 269 1x.

3718 222 3846 277 1212

624 309 846 377 pientia,
888 320 1048 378 atque
1089 311 1305 365 libertas
1344 296 1643 369 servorum.
1689 316 1831 371 Crux
1876 318 2184 373 scandalum
2214 322 2259 377 A
2291 325 2399 403 tam
2443 327 2639 387 audivi.
2672 322 2824 383 Unde
2873 332 3031 385 toties
3078 340 3131 385 te
3176 342 3450 403 rogantem
3498 336 3697 401 distuli,
3723 342 3843 409 quia

623 393 925 450 Judaaorum
970 409 1130 467 atque
1169 401 1396 470 perditio
1424 403 1731 472 impiorum.
1779 406 1923 460 Crux
1963 407 2187 477 templo-

626 503 743 541 rum
774 489 1070 544 destructio
1094 498 1148 544 et
1178 493 1410 562 repulsio
1440 495 1722 549 idolorum.
1750 517 1767 548 ι
2088 479 2096 489 ’

697 580 812 646 Qua
840 580 1068 636 salutata
1112 595 1168 637 et
1195 588 1429 653 reposita
1457 589 1509 642 in
1540 590 1657 643 loco
1683 604 1808 652 suo,
1840 592 1985 643 venit
2015 600 2186 660 ponti-

624 668 708 723 fex
742 680 875 735 ante,
903 673 1072 728 altare
1116 682 1171 729 et
1197 675 1367 731 dicit:
1396 677 1677 749 Prwceptis
1721 681 2038 734 salutaribus
2076 698 2188 735 mo-

622 761 736 811 niti.
787 760 948 814 Pater
994 773 1185 816 noster.
1235 763 1422 819 Libera
1452 785 1565 829 nos,
1597 786 1913 838 qua’sumus,
1938 770 2161 823 Domine

621 849 754 902 Cum
781 865 908 903 vero
946 852 1201 916 dixerint,
1233 852 1418 917 Amen,
1448 858 1609 909 sumit
1631 858 1696 911 de
1725 874 1863 926 pane
1895 868 2101 923 sancto,
2133 870 2186 913 et

618 942 767 1008 ponit
797 943 849 994 in
875 944 1093 997 calicem
1116 944 1339 999 silendo.
1373 944 1490 999 Pax
1510 945 1722 1001 Domini
1745 966 1851 1001 non
1884 950 2031 1013 dicit,
2061 952 2182 1017 quia

620 1047 724 1084 non
753 1042 1049 1100 sequuntur
1080 1034 1262 1088 oscula
1290 1036 1777 1090 circumstantium.-
1807 1036 2185 1092 Sauctilicatur
2216 1114 2219 1117 Α

620 1130 797 1174 autem
849 1123 1029 1176 vinum
1072 1140 1178 1178 non
1225 1137 1592 1179 consecratum
1644 1143 1741 1196 per
1795 1129 2184 1183 sanctiﬁcatum

618 1224 811 1278 panem
842 1224 889 1263 ι.
938 1212 1087 1266 Tunc
1131 1215 1527 1269 communicant
1558 1231 1745 1271 omnes
1783 1234 1903 1272 cum
1949 1218 2179 1280 silentio,

542 1340 543 1343 η
616 1306 671 1351 et
700 1299 909 1368 expleta
938 1309 1061 1354 sunt
1090 1301 1358 1356 universa.
1389 1304 1464 1358 De
1492 1306 1592 1360 hac
1620 1316 1796 1361 autem
1828 1309 2185 1362 communica-

619 1388 763 1442 tione
789 1398 967 1443 utrum
990 1391 1179 1445 debeat
1208 1392 1340 1457 fieri,
1370 1410 1534 1463 supra
1560 1396 1788 1450 relatum
1811 1406 1911 1451 est.
1947 1399 2183 1469 Denique

617 1487 833 1547 petente
855 1481 1010 1559 hodie
1024 1497 1217 1551 corpus
1234 1483 1441 1538 Domini
1464 1484 1657 1553 Joseph
1681 1501 1821 1552 sero,
1848 1496 1903 1541 et
1916 1490 2181 1557 aspicien-

622 1570 763 1624 tibus
798 1571 1110 1626 mulieribus
1134 1589 1321 1642 usque,
1347 1574 1569 1642 sepulto,
1587 1585 1916 1631 revertentes
1936 1587 2183 1638 emerunt

2286 429 2386 468 nec
2414 415 2528 479 tibi,
2558 432 2657 471 nec
2680 418 2969 487 quidquam
3003 420 3297 495 [cuiquam]
3331 424 3527 494 aliquid
3555 426 3734 483 dicere
3758 446 3844 485 vo-

2286 501 2391 565 lui,
2423 505 2565 571 quod
2612 520 2717 557 non
2763 508 2996 561 evidenti
3047 511 3282 572 ratione,
3314 521 3405 565 aut
3450 513 3844 583 Scripturarum

2285 593 2606 647 auctoritate
2633 609 2841 663 possem
2861 598 3108 665 probare.
3138 599 3275 667 Quid
3296 612 3472 659 autem
3500 608 3627 661 mihi
3652 610 3841 665 exinde

2285 681 2547 746 videatur,
2585 684 2703 737 viva
2733 701 2863 740 voce
2904 696 3171 757 utcunque
3197 693 3291 745 tibi
3335 695 3482 749 nisus
3509 711 3627 751 sum
3652 699 3839 767 expla-

2285 785 2431 833 nare,
2459 780 2518 824 ut
2545 772 2621 824 sic
2649 789 2735 828 me
2778 776 3127 833 subducerem
3155 782 3222 835 ab
3266 784 3369 837 hac
3413 788 3835 855 scrupulositate.

2284 858 2415 911 Cum
2462 861 2603 913 enim
2641 861 2785 916 dicat
2827 863 3100 930 Salomon,
3141 868 3342 935 Altiora
3394 882 3447 926 te
3495 891 3557 928 ne
3598 880 3839 930 scrutaris

2285 946 2472 1015 (Eccli.
2504 965 2586 1014 ιιι,
2615 949 2727 1020 22),
2775 967 2966 1006 vereor
2996 954 3085 1007 illa
3111 967 3358 1026 appetere
3384 962 3450 1016 ad
3473 978 3591 1031 qua:
3613 967 3841 1020 tenuitas

2284 1034 2531 1103 iugenioli
2577 1038 2679 1091 mei
2722 1054 2828 1094 non
2854 1043 3043 1105 yaleat
3070 1062 3370 1117 assurgere.
3405 1052 3669 1108 Modulum
3698 1057 3837 1110 enim

2284 1140 2436 1183 suum
2464 1142 2895 1199 unumquemque
2922 1134 3261 1191 considerare
3294 1140 3585 1208 prudenter
3616 1157 3716 1197 nos
3741 1145 3835 1197 ad-
3878 1186 3881 1189 ‹

2282 1225 2465 1269 monet
2492 1216 2705 1286 lyricus,
2739 1220 2921 1275 dicens
2948 1241 2961 1275 :

2436 1304 2521 1355 Est
2542 1309 2775 1367 quoddam
2801 1312 2993 1371 prodire
3014 1322 3176 1375 tenus,
3202 1318 3243 1362 si
3269 1315 3364 1365 no'n
3385 1319 3525 1367 datur
3547 1319 3686 1371 ultra.

2283 1386 2414 1440 Cum
2444 1403 2572 1455 ergo
2615 1390 2772 1458 hujus
2800 1392 2877 1444 rei
2917 1393 3241 1448 audientiam
3288 1397 3381 1450 tibi
3410 1398 3648 1455 sulIicere
3678 1402 3839 1457 dixis-

2285 1488 2419 1537 sem,
2447 1484 2695 1529 causatus
2718 1492 2778 1531 es
2802 1477 3046 1549 fragilem
3086 1497 3204 1536 esse
3234 1485 3477 1540 humana:
3501 1491 3695 1543 mentis
3724 1506 3835 1546 me-

2285 1564 2531 1628 moriam,
2562 1581 2660 1620 nec
2686 1567 2867 1621 audita
2906 1569 2994 1623 diu
3024 1573 3273 1636 retinere,
3300 1584 3354 1629 et
3389 1578 3456 1631 ob
3493 1578 3594 1633 hoc
3634 1580 3839 1635 litteras

618 1670 882 1726 aromata,
914 1672 967 1716 et
1014 1637 1305 1734 unguenta,
1336 1637 1642 1721 et‘sabbato
1688 1670 1931 1735 sequenti
1960 1678 2177 1738 propter
2207 1637 2399 1706 nesse
2440 1661 2705 1722 reperias:
2751 1657 2944 1725 quibus
2984 1660 3147 1714 Obma
3189 1678 3287 1731 Per
3331 1665 3610 1731 incuriam:
3634 1670 3841 1737 WSSim

620 1750 932 1804 mamlatum
982 1753 1263 1817 siluerunt,
1307 1763 1663 1824 parantesque
1693 1767 1957 1823 aromata,
2003 1775 2181 1824 mane,

620 1849 679 1891 ut
697 1848 960 1908 ungerent
984 1856 1178 1910 corpus
1203 1842 1437 1907 Domini,
1469 1856 1753 1901 venerunt.

690 1926 923 1992 Quaestio
950 1948 962 1982 :
991 1930 1167 1996 Quare
1196 1934 1409 1987 dicatur
1434 1936 1692 1992 Dominus
1720 1939 1893 1993 tribus
1919 1939 2109 1995 diebus
2128 1950 2182 1995 et

620 2016 792 2071 tribus
840 2020 1087 2074 noctibus
1132 2020 1299 2076 fuisse
1340 2024 1392 2075 iu
1439 2025 1602 2079 corde
1644 2033 1821 2087 terrm,
1865 2043 2016 2091 cum,
2045 2029 2185 2084 sicut

618 2105 946 2175 evangelista
995 2106 1180 2172 refert,
1210 2108 1506 2166 Parascere
1554 2114 1684 2167 hora
1734 2124 1885 2169 sexta
1914 2117 1982 2170 sit
2010 2119 2185 2172 cruci-

618 2196 776 2261 fixus,
808 2206 864 2253 et
907 2198 1123 2253 circiter
1162 2202 1294 2254 hora
1324 2216 1483 2265 nona,
1516 2203 1992 2276 inclinato'capite,
2020 2209 2181 2278 spiri—

616 2297 731 2343 tum
758 2288 1016 2351 emiserit,
1040 2291 1263 2344 sabbato
1284 2292 1336 2343 in
1360 2294 1602 2361 sepulcro
1626 2296 1907 2363 quieverit,
1931 2306 1985 2350 et
2010 2296 2181 2366 prima

617 2376 830 2429 sabbati
859 2377 1011 2431 valde
1033 2377 1265 2432 diluculo
1288 2394 1317 2431 a
1339 2386 1573 2437 mortuis’
1591 2386 1919 2439 surrexerit?
1950 2385 2055 2441 Sed
2080 2388 2181 2442 hoc

618 2463 1037 2533 synecdochicos
1090 2468 1456 2536 accipiendum
1506 2483 1626 2538 est,
1658 2488 1689 2535 a
1737 2484 1887 2543 parte
1934 2477 2182 2532 videlicet

580 2626 581 2629 η
617 2562 804 2613 totum.
857 2553 991 2610 Nam
1030 2556 1075 2610 si
1116 2566 1323 2629 partem
1367 2559 1693 2617 Parasceves
1736 2580 1858 2618 cum
1908 2567 2178 2635 praeterita

617 2649 772 2696 nocte
801 2658 905 2711 qua
936 2647 1355 2714 comprehensus
1380 2658 1481 2714 est,
1510 2652 1760 2721 accipias,
1792 2654 2023 2723 itemque
2053 2656 2177 2709 sab-

614 2731 795 2783 batum
825 2748 947 2785 cum
976 2749 1071 2787 sua
1098 2735 1449 2792 nihilominus
1474 2749 1652 2804 nocte,
1674 2750 1727 2795 et
1756 2728 1943 2796 rursus
1969 2751 2179 2798 noctem

615 2818 945 2873 Dominicam
988 2837 1109 2876 cum
1156 2825 1347 2879 eodem
1392 2827 1502 2891 die,
1526 2844 1632 2897 quo
1677 2830 2019 2887 illucescente
2064 2849 2179 2889 sur-

615 2909 777 2974 rexit,
814 2910 1054 2966 invemes
1100 2914 1339 2980 profecto
1383 2915 1647 2987 integrum
1685 2921 1917 2975 triduum
1965 2932 2019 2977 et
2068 2934 2246 3017 tresc

614 3007 819 3053 noctes.
873 2998 1159 3056 Sciendum
1193 3004 1375 3069 etiam,
1404 3007 1543 3075 quod
1574 3007 1729 3079 dupla
1756 3022 1872 3064 erat
1901 3028 2045 3067 mors
2084 3031 2176 3069 uo-

615 3086 749 3153 stra,
777 3090 828 3144 in
860 3092 1041 3145 anima
1073 3093 1318 3149 videlicet
1361 3104 1417 3149 et
1450 3097 1503 3150 in
1534 3114 1779 3167 corpore.
1808 3100 2005 3156 Christi
2048 3120 2178 3159 vero

613 3195 763 3234 mors
788 3183 975 3251 simpla
1004 3184 1121 3248 fuit,
1147 3188 1270 3264 quia
1294 3198 1592 3257 peccatum,
1620 3195 1761 3264 quod
1783 3206 1864 3249 est
1889 3212 2033 3251 mors
2062 3201 2177 3253 ani-

613 3285 734 3333 mae,
765 3286 870 3325 non
900 3273 1148 3339 admisit;
1180 3259 1319 3332 sicut
1347 3277 1461 3346 ejus
1493 3285 1814 3337 resurrectio
1840 3286 2026 3355 simpla
2055 3286 2173 3343 fuit.

612 3358 871 3425 Dominus
894 3373 1073 3417 autem
1103 3366 1321 3435 triginta
1349 3383 1442 3421 sex
1472 3369 1620 3424 boris
1635 3370 1806 3438 jacuit
1828 3374 1881 3427 in
1907 3376 2173 3444 sepulcro,

611 3463 718 3502 uno
749 3450 996 3504 videlicet
1019 3452 1106 3507 die
1133 3462 1189 3507 et
1215 3455 1420 3510 duabus
1445 3458 1710 3513 noctibus.
1740 3460 2028 3516 Duodecim
2052 3478 2177 3518 vero

613 3538 757 3591 hora:
773 3539 898 3603 diei,
922 3543 987 3593 ad
1010 3542 1193 3611 viginti
1222 3553 1448 3614 quatuor
1475 3548 1637 3602 horas
1660 3549 1885 3606 duarum
1916 3552 2170 3617 noctium,

610 3628 860 3696 simplum
910 3633 977 3685 ad
1019 3633 1254 3703 duplum.
1308 3636 1375 3690 Et
1426 3639 1705 3694 duodecim
1766 3642 1980 3710 quidem
2030 3644 2175 3699 bone

614 3718 1057 3787 diurna),simplzc
1080 3726 1236 3776 morti
1264 3728 1429 3782 nostri
1456 3730 1806 3800 redemptoris
1830 3736 2170 3789 conveniunt:

609 3809 798 3878 viginti
828 3821 1056 3877 quatuor
1082 3823 1256 3867 autem
1280 3826 1572 3884 nocturnae,
1602 3822 1668 3874 ad
1692 3822 1905 3890 duplam
1934 3834 2173 3878 nostram

610 3901 953 3953 consentiunt
983 3911 1229 3956 mortem.
1268 3904 1457 3973 Magno
1503 3908 1666 3976 igitur
1710 3902 2046 3966 sacramento
2071 3929 2175 3967 una

609 3992 696 4045 die
720 4000 775 4045 et
800 3993 1005 4047 duabus
1030 3995 1275 4049 noctibus
1295 3995 1465 4064 jacuit
1487 3998 1538 4051 in
1563 3996 1827 4068 sepulcro,
1854 4002 1974 4070 quia
2001 4003 2173 4059 lucem

610 4082 813 4150 simpla:
864 4084 1050 4137 mortis
1100 4100 1228 4149 sum,
1260 4087 1493 4141 tenebris
1545 4089 1713 4159 duplm
1758 4092 1947 4147 mortis
1978 4104 2174 4149 nostra:

610 4167 868 4234 adjunxit.
914 4172 1148 4228 Veniens
1178 4175 1319 4228 enim
1350 4176 1416 4229 ad
1449 4191 1565 4240 nos,
1594 4178 1683 4246 qui
1715 4179 1767 4232 in
1799 4189 1968 4235 morte
1997 4184 2175 4239 carnis

2282 1744 2586 1810 recuperari
2616 1759 2712 1811 per
2739 1745 3087 1815 diligentiam,
3114 1758 3169 1803 et
3209 1752 3328 1806 ideo
3364 1755 3540 1809 acrius
3579 1756 3835 1821 institisti,

2281 1839 2341 1883 ut
2368 1831 2481 1884 haec
2513 1832 2605 1885 tibi
2635 1833 2989 1905 qualicunque
3017 1838 3154 1906 stylo
3192 1840 3384 1896 litteris
3426 1844 3678 1897 mandata
3720 1860 3839 1900 con-

2284 1920 2569 1974 traderem.
2618 1920 2673 1975 Si
2717 1924 2845 1991 quid
2890 1940 3019 1994 ergo
3067 1927 3303 1996 ineptum
3350 1933 3692 1998 processerit,
3734 1949 3837 1987 non

2281 2023 2412 2063 meae
2444 2011 2754 2077 temeritati,
2782 2013 2877 2068 sed
2899 2021 3004 2068 tua:
3021 2016 3217 2084 justius
3257 2018 3604 2087 imputabitur
3638 2021 3838 2089 impor—

2282 2100 2514 2154 tunitati.
2546 2100 2859 2172 Quanquam
2883 2105 3024 2159 haud
3054 2107 3186 2173 scio,
3218 2116 3523 2163 utrumnam
3550 2111 3692 2177 quod
3721 2125 3841 2165 sen-

2282 2193 2375 2257 tio,
2398 2195 2577 2248 verbis
2601 2196 2803 2250 valeam
2831 2199 3121 2267 explicare;

2350 2280 2555 2347 Qumris
2586 2284 2748 2352 igitur
2788 2300 2909 2339 cum
2935 2297 3241 2342 sanctorum
3268 2290 3397 2352 dies,
3425 2288 3619 2357 quibus
3645 2288 3711 2343 de
3736 2289 3839 2344 hoc

2280 2373 2474 2425 szeculo
2503 2374 2889 2441 migraverunt,
2928 2376 3236 2431 solemniter
3262 2386 3317 2432 et
3351 2394 3471 2432 cum
3518 2393 3709 2447 magna
3746 2393 3840 2432 ex-

2279 2459 2567 2513 sultatione
2611 2462 2965 2527 celebremus,
2991 2466 3123 2520 adeo
3149 2474 3207 2518 ut
3236 2466 3287 2519 in
3318 2467 3469 2535 ipsis,
3499 2467 3835 2522 abstinentia:

2279 2549 2663 2616 aliquantulum
2711 2551 2885 2622 rigore
2916 2553 3119 2617 laxato,
3155 2551 3423 2624 paululum
3459 2558 3736 2611 remissius
3761 2557 3836 2609 vi-

2280 2653 2487 2702 vamus,
2506 2655 2604 2691 cur
2621 2638 2761 2694 diem
2785 2644 3046 2709 passionis
3067 2642 3286 2708 Christi,
3303 2660 3409 2713 quo
3430 2645 3495 2699 de
3518 2647 3619 2699 hoc
3639 2647 3838 2698 mundo

2278 2742 2374 2795 per
2416 2736 2642 2781 mortem
2680 2730 2907 2793 transiit,
2942 2733 3078 2785 sicut
3117 2732 3460 2801 Evangelium
3501 2740 3752 2793 testatur,
3782 2732 3836 2786 in

2279 2831 2466 2886 magna
2499 2817 2782 2872 atllictione
2824 2828 2877 2871 et
2920 2821 3101 2873 carnis
3144 2820 3505 2875 maceratione
3552 2821 3839 2892 cordisque

2278 2905 2598 2958 contritione
2616 2903 2901 2971 jubeamur
2927 2906 3198 2961 celebrare
3215 2947 3228 2971 ,
3257 2923 3416 2977 quam
3443 2908 3522 2978 (ut
3551 2907 3653 2979 ais)
3679 2923 3840 2977 opor-

2279 3004 2454 3047 tuerat
2483 3002 2631 3048 tanto
2660 2995 2969 3062 sublimius,
3000 3005 3252 3067 tantoque
3288 2998 3549 3064 festivius,
3580 3000 3689 3053 imo
3724 3000 3837 3054 ala-

2273 3084 2417 3138 crius
2457 3084 2723 3149 excolere,
2751 3094 2949 3155 quanto
2979 3096 3191 3141 constat
3215 3088 3486 3143 Christum
3525 3098 3836 3145 sanctorum

2274 3174 2510 3228 omnium
2557 3177 2804 3230 meritum
2859 3178 3253 3231 transcendere.
3304 3177 3474 3243 Quod,
3505 3187 3563 3231 ut
3592 3187 3837 3244 autumo,

2276 3272 2420 3317 recte
2446 3264 2735 3326 diceretur,
2756 3261 3007 3331 justeque
3032 3265 3147 3318 dies
3189 3264 3277 3321 illa
3306 3256 3518 3319 cunctis
3537 3263 3841 3322 festivitati-

2273 3351 2686 3405 bussolemnior
2713 3350 3022 3417 haberetur,
3049 3366 3112 3407 ac
3135 3350 3425 3420 jucundius
3452 3354 3834 3421 celebraretur,

2274 3439 2317 3494 si
2350 3439 2617 3505 Christus,
2643 3449 2702 3493 ut
2724 3455 2890 3510 purus
2918 3442 3097 3506 homo,
3120 3457 3216 3513 per
3241 3442 3587 3512 temporalem
3608 3451 3835 3515 mortem

2274 3532 2342 3585 ad
2381 3546 2500 3585 eam
2550 3531 2772 3602 gloriam
2821 3533 3124 3597 transisset,
3153 3548 3313 3603 quam
3359 3541 3515 3588 antea
3557 3548 3835 3602 nunquam

2273 3620 2563 3679 habuisset.
2611 3619 2739 3675 Jure
2781 3622 2923 3675 enim
2972 3623 3089 3691 ejus
3135 3623 3315 3691 gloriae
3356 3624 3833 3691 congauderemus,

2272 3723 2435 3775 quam
2462 3722 2582 3761 eum
2612 3722 2708 3775 per
2734 3716 2960 3762 mortem
2990 3715 3334 3765 consecutum
3360 3710 3523 3763 fuisse
3551 3710 3830 3763 sciremus.

2271 3795 2343 3847 At
2370 3808 2499 3846 vero
2517 3808 2639 3847 cum
2664 3793 2897 3847 sciamus
2924 3790 3195 3851 Christum
3224 3795 3319 3850 Dei
3350 3795 3545 3851 Filium
3571 3805 3696 3867 ante
3722 3811 3836 3850 om-

2273 3882 2361 3935 nia
2411 3882 2603 3937 stecula
2633 3898 2844 3953 semper
2869 3884 3103 3943 existere
3142 3884 3446 3957 gloriosum,
3475 3885 3698 3956 ejusque
3728 3888 3838 3959 glo-

2274 3975 2428 4036 riam,
2468 3974 2621 4028 sicuti
2663 3990 2761 4029 nec
2806 3975 2997 4040 minui,
3028 3976 3101 4030 ita
3132 3992 3232 4031 nec
3260 3978 3441 4048 augeri
3465 3993 3652 4048 posse;
3683 3993 3837 4034 eum-

2272 4065 2391 4122 dem
2437 4074 2613 4121 tamen
2650 4082 2747 4136 pro
2773 4076 2970 4121 nostra
3010 4070 3376 4138 redemptione
3415 4078 3621 4124 tantum
3650 4085 3708 4125 se
3736 4071 3837 4125 hu-

2273 4158 2529 4222 miliasse,
2574 4168 2633 4211 ut
2664 4173 2767 4212 non
2808 4159 2978 4213 solum
3024 4167 3219 4215 nostra:
3246 4160 3426 4215 carnis
3469 4160 3834 4214 morticinium

610 4259 779 4325 pressi
828 4275 1063 4323 eramus,
1108 4279 1270 4317 unam
1324 4280 1498 4329 suam,
1527 4267 1580 4320 id
1609 4277 1692 4321 est
1726 4271 1903 4324 carnis
1946 4282 2170 4326 mortem
2203 4271 2253 4330 Ι)
2276 4248 2584 4318 dignarum
2611 4263 2905 4313 assume'e'
2934 4264 3121 4303 verum
3155 4260 3317 4304 eum
3340 4265 3431 4316 q‘“
3466 4260 3584 4301 3"“
3612 4264 3835 4303 "nmo"

608 4349 834 4413 detulit,
884 4358 939 4402 et
984 4351 1116 4405 duas
1168 4360 1381 4406 nostras
1434 4355 1695 4409 absolvit:
1724 4358 1967 4426 simplam
2020 4378 2170 4416 suam

609 4440 781 4509 duplze
830 4448 1028 4495 nostra:
1081 4442 1325 4508 contulit,
1353 4452 1407 4498 et
1437 4445 1650 4514 duplam
1683 4457 1921 4503 nostram
1939 4453 2168 4523 subegit.

612 4550 1016 4615 erstio:Cur
1062 4553 1303 4606 natalitia
1354 4566 1651 4610 sanctorum
1696 4558 1751 4610 in
1806 4558 2011 4623 la’titia,
2064 4560 2172 4613 Pa-

680 4638 879 4699 rasceve
904 4639 1017 4699 vero
1041 4625 1092 4676 in
1119 4624 1327 4677 tristitia
1353 4624 1697 4693 celebremus;
1731 4629 1793 4681 ab
1825 4628 2035 4699 Elprico
2064 4646 2174 4683 mo-

680 4693 843 4744 nacho
863 4694 890 4732 δ
921 4694 1059 4747 edita
1083 4705 1132 4749 ο.

679 4782 1033 4847 Quaestionem
1064 4800 1093 4837 a
1127 4795 1215 4839 tua
1247 4788 1531 4843 dilectione
1562 4789 1691 4843 mihi
1732 4790 2081 4859 prepositam,
2108 4804 2173 4844 eo

609 4870 870 4926 dillicilius
917 4874 1198 4941 aggredior
1243 4877 1631 4943 elucidandam,
1662 4896 1769 4949 quo
1812 4881 1950 4935 hanc
1978 4897 2077 4937 nec
2116 4883 2170 4937 in

611 4964 825 5017 Patrum
855 4963 1070 5031 scriptis
1099 4967 1397 5031 expositam
1425 4969 1680 5022 hactenus
1710 4971 1903 5038 reperi,
1934 4988 2031 5027 nec
2061 4989 2173 5027 ma-

608 5053 896 5122 gistrorum
931 5042 1216 5104 traditione
1244 5055 1480 5123 percepi,
1508 5056 1600 5109 sed
1630 5071 1728 5110 nec
1752 5058 1820 5110 ab
1848 5059 1957 5111 ullo
1982 5063 2173 5129 quaesi-

682 5180 703 5205 α
743 5167 865 5221 Hcce
904 5183 1009 5221 non
1049 5175 1119 5219 ita
1168 5170 1497 5235 accnpienda,
1526 5184 1681 5237 quasr
1705 5170 1885 5223 vinum
1915 5187 2018 5224 non
2047 5189 2174 5227 con-

610 5248 871 5289 secratum
900 5253 995 5305 per
1021 5237 1279 5306 ejusmodi
1307 5239 1679 5293 admislionem
1707 5247 1944 5292 transeat
1971 5242 2020 5293 in
2051 5258 2175 5294 san—

610 5307 818 5377 guinem
843 5306 1071 5369 Christi;
1103 5308 1195 5360 sed
1220 5310 1360 5374 quod
1382 5308 1857 5369 sanctificationem
1886 5311 2171 5377 quamdam

610 5375 932 5451 exteriorem
960 5377 1013 5429 in
1057 5378 1317 5451 ejusmodi
1350 5380 1728 5451 commistione
1764 5375 2037 5451 percipiat.
2091 5380 2171 5433 Ex

609 5459 715 5514 quo
742 5446 967 5516 notanda
1002 5455 1086 5499 est
1121 5447 1337 5514 antiqua
1370 5448 1720 5511 consuetudo,
1748 5446 1867 5516 qua:
1892 5446 2066 5503 adhuc
2094 5451 2172 5502 vi-

611 5522 718 5582 get,
750 5514 889 5581 quod
936 5516 1186 5569 nimirum
1230 5516 1509 5571 celebrans
1553 5519 1603 5571 in
1640 5514 1824 5573 sancta
1873 5519 2169 5573 Parasceve

2277 4340 2400 4392 talis
2426 4340 2481 4391 in
2501 4354 2594 4392 sua
2616 4348 2824 4400 natura,
2846 4338 2979 4395 mori
3005 4339 3324 4406 dignaretur;
3339 4338 3391 4389 in
3413 4345 3597 4389 nostra
3619 4344 3831 4401 natura,

2273 4430 2327 4482 in
2358 4444 2460 4497 qua
2490 4436 2662 4481 morte
2699 4427 2821 4493 plus
2854 4426 3161 4484 humiliatus
3193 4427 3403 4481 videtur
3438 4442 3597 4499 quam
3625 4426 3832 4481 exalta-

2276 4528 2390 4583 tus;
2418 4529 2474 4574 et
2496 4520 2637 4571 nulla
2664 4520 2745 4571 sui
2773 4520 3091 4573 necessitate
3109 4560 3123 4581 ,
3151 4520 3244 4573 sed
3278 4518 3508 4589 benigna
3535 4526 3587 4573 et
3613 4527 3835 4587 spontao.

2273 4625 2382 4663 nea
2418 4610 2708 4673 voluntate,
2739 4623 2838 4662 nec
2864 4624 2962 4678 pro
3001 4626 3078 4673 se,
3105 4618 3287 4678 utpote
3316 4609 3407 4677 qui
3437 4609 3595 4661 morti
3626 4606 3702 4660 nil
3741 4607 3833 4662 de-

2271 4699 2406 4763 buit,
2457 4698 2551 4751 sed
2602 4714 2698 4767 pro
2746 4697 2925 4763 nobis,
2979 4700 3068 4767 qui
3116 4699 3276 4752 morti
3325 4711 3541 4751 eramus
3593 4696 3829 4764 obnoxii,

2272 4790 2523 4843 sustinuit
2559 4809 2570 4841 :
2589 4790 2790 4860 justum
2824 4798 2907 4845 est
2925 4801 2984 4843 ut
3009 4791 3084 4851 hi,
3109 4788 3266 4859 481
3296 4803 3394 4857 pro
3419 4788 3613 4856 quibus
3638 4803 3831 4858 passus

2271 4895 2355 4936 est
2402 4881 2760 4951 impassibilis,
2790 4896 2911 4935 cum
2951 4878 3096 4933 omni
3139 4875 3298 4944 hujus
3340 4878 3518 4932 saeculi
3564 4888 3827 4947 tempore,

2275 4983 2385 5026 tum
2414 4974 2677 5042 prazcipue
2704 4973 2757 5026 in
2802 4971 2889 5025 die
2917 4984 3025 5025 sine
3052 4970 3319 5037 passionis
3340 4970 3386 5023 ei
3416 4971 3831 5040 compatiuntur,

2272 5080 2368 5133 pro
2412 5078 2470 5115 se
2510 5062 2707 5117 dolenti
2741 5059 3079 5121 condoleant,
3107 5074 3205 5127 pro
3248 5075 3304 5114 se
3333 5060 3568 5114 tristanti
3600 5059 3833 5113 tristitia

2273 5174 2373 5227 sub
2390 5175 2542 5227 unica
2570 5175 2828 5225 duntaxat
2848 5170 3021 5237 specie
3043 5172 3418 5225 communicet.
3448 5170 3598 5225 Huco
3621 5168 3831 5223 Memn-

2273 5258 2370 5296 nvs
2397 5252 2515 5301 not.
2545 5244 2649 5296 293
2676 5243 2728 5294 in
2759 5240 2849 5292 lib.
2880 5236 3125 5311 Sacram.
3158 5240 3214 5295 S.
3246 5241 3509 5311 Gregorii.

2344 5312 2371 5350 ι)
2410 5311 2485 5364 Ab
2530 5311 2768 5381 Elperico
2809 5309 3081 5381 monacho,
3113 5311 3202 5381 qui
3250 5306 3385 5381 viin
3429 5324 3552 5363 suae.
3584 5324 3639 5361 x.
3694 5306 3835 5381 vide

2274 5379 2526 5433 Monitum
2556 5373 3060 5448 prmvium.rblabill.
3096 5373 3285 5433 A'nnal.
3312 5379 3401 5431 lib.
3434 5393 3623 5448 xtvtu,
3654 5392 3709 5431 ο.
3735 5373 3832 5441 95,

2272 5458 2326 5503 et
2348 5446 2588 5503 Analect.
2619 5464 2737 5519 pag.
2760 5446 2881 5519 451,
2906 5447 3049 5519 Edit.
3073 5449 3244 5502 Paris.
3266 5448 3396 5519 anni
3414 5447 3580 5513 1725.

2262 5548 2267 5553 -
2349 5532 2365 5555 ι
2412 5517 2733 5573 Τὶιυιυέιιίιε
2758 5517 2807 5570 iu
2840 5532 2939 5569 IIIS.
2971 5517 3213 5572 habetur.
3248 5518 3520 5584 Qusncsr.
