4232 6226
494 228 627 282 i‘le’i

1287 226 1433 281 orr.
1477 203 1864 280 SUPPOSITA.
1905 255 1973 263 _
2011 221 2134 274 LIB.
2179 221 2262 276 ne
2301 220 2546 275 mvms
2581 219 2882 276 amens.

3551 221 3687 277 {2113

492 338 658 388 vicem
705 333 1018 400 rependant,
1047 346 1228 384 amore
1271 347 1366 400 pro
1413 347 1468 384 sc
1517 330 1888 384 morientisin
1935 331 2036 383 hac
2063 330 2108 384 Α
2139 326 2203 379 de
2244 342 2463 382 carcere
2492 328 2558 381 ad
2603 327 2926 392 libertatem,
2959 329 3025 381 de
3067 329 3317 383 servitute
3352 330 3416 382 ad
3448 343 3681 398 regnum.

489 424 821 494 potissimum
860 422 944 476 die
973 423 1040 478 ab
1066 421 1210 474 omni
1248 422 1424 474 carnis
1466 421 1814 474 delectatione
1845 426 2043 472 semet-

489 515 632 579 ipsos
653 508 1110 565 commortificent.
1137 505 1192 560 Si
1220 509 1379 571 enim,
1398 507 1551 576 juxta
1575 507 1902 576 Apostolum,
1934 521 2036 562 uno

485 604 665 670 aliquo
714 601 924 655 delente
968 600 1225 661 membro,
1261 599 1542 652 condolent
1588 599 1809 666 reliqua,
1838 605 2038 666 quanto

488 691 659 758 magis
698 705 908 744 summo
947 689 1181 757 patiente
1231 686 1488 750 membro,
1521 687 1570 740 id
1601 697 1682 742 est
1719 687 1891 755 capite
1933 702 2037 754 quo

490 786 744 847 reguntur
767 777 943 831 omnia
972 776 1231 837 membra,
1253 775 1482 843 compati
1509 775 1700 831 debent
1726 775 1810 828 illa
1833 768 1949 842 qua:
1970 774 2038 828 ab

489 881 552 919 co
597 873 848 934 reguntur
886 862 1157 916 membra?
1184 861 1381 915 Christi
1417 870 1595 915 autem
1638 876 1756 915 esse
1799 862 2038 915 membra

489 955 767 1010 credentes
815 954 866 1006 in
907 967 1059 1016 eum,
1089 952 1366 1020 ipsumque
1411 957 1569 1019 caput
1610 949 1846 1004 omnium
1891 951 1941 1002 in
1983 964 2039 1004 se

489 1042 838 1104 credentium,
869 1040 1044 1093 nullus
1085 1040 1294 1107 ignorat
1323 1037 1570 1091 fidelium.
1616 1035 1766 1090 Sicut
1794 1051 1824 1089 e
1853 1046 2037 1089 contra

491 1132 654 1200 iniqui
698 1130 932 1183 membra
978 1137 1102 1182 sunt
1132 1127 1344 1189 diaboli,
1393 1128 1532 1180 inter
1559 1119 1676 1194 qna:
1715 1126 2038 1194 przncipuum

491 1222 665 1275 locum
697 1227 875 1272 tenent
903 1217 1066 1270 Judmi
1103 1223 1470 1285 persecutores
1500 1215 1731 1278 Christi,
1757 1229 1890 1282 quos
1924 1213 2040 1267 luce

492 1311 684 1364 clarius
706 1315 915 1362 constat
936 1307 1191 1360 invidiose
1214 1305 1422 1373 gavisos
1443 1304 1605 1357 fuisse
1629 1305 1679 1355 in
1700 1313 1872 1356 morte
1893 1303 2042 1356 Chri-

491 1398 558 1454 sti
603 1415 616 1449 :
657 1398 794 1450 sicut
827 1412 856 1450 e
902 1401 1085 1448 contra
1135 1393 1429 1462 apostolos,
1459 1393 1547 1460 qui
1596 1399 1718 1445 sunt
1772 1391 2039 1460 praecipua

491 1483 727 1540 membra
754 1485 968 1545 Christi,
995 1482 1376 1537 admirabiliter
1395 1482 1736 1554 contristatos
1755 1479 1822 1531 de
1844 1478 2038 1545 injusta

492 1592 620 1631 nece
646 1577 866 1631 Christi.
896 1575 1048 1639 Quod
1075 1574 1119 1626 si
1149 1573 1411 1638 nosinter
1434 1571 1670 1624 membra
1717 1569 1914 1624 Christi
1958 1569 2035 1622 vel

491 1665 705 1718 ultimos
730 1662 1044 1716 confidimus
1066 1660 1328 1729 deputari,
1354 1660 1606 1713 debemus
1625 1672 1748 1713 cum
1771 1659 2041 1712 sublimio—

492 1753 640 1806 ribus
667 1751 923 1806 membris
964 1749 1104 1803 illius
1145 1749 1198 1801 in
1233 1746 1478 1816 passione
1504 1747 1691 1817 capitis
1722 1747 1886 1799 nostri
1916 1762 2042 1799 con—

493 1843 712 1904 tristari,
741 1857 826 1906 ne,
858 1842 902 1895 si
933 1841 987 1894 in
1016 1840 1118 1894 hac
1146 1839 1232 1893 die
1255 1838 1578 1892 voluerimus
1616 1838 1878 1907 corporali
1912 1838 2042 1890 ἰτειί-

492 1935 579 1987 tiae
606 1947 816 1996 vacare,
845 1947 950 1986 non
984 1946 1107 1986 cum
1148 1929 1400 2000 apostolis
1426 1928 1695 1984 Christum
1723 1943 1924 1992 amare,
1951 1928 2043 1982 sed

493 2037 612 2076 cum
653 2020 850 2075 Judceis
893 2020 1171 2074 videamur
1208 2018 1323 2086 ejus
1362 2019 1519 2071 morti
1562 2016 1849 2080 insultare;
1885 2024 2043 2084 atque

493 2108 782 2176 ideo,quod
797 2120 1128 2174 consequens
1148 2114 1252 2170 est,
1275 2120 1381 2159 non
1400 2106 1538 2159 inter
1561 2105 1798 2158 membra
1819 2104 2040 2164 Christi,

494 2217 611 2272 quae
625 2202 870 2256 nolumus
884 2199 1100 2262 imitari,
1113 2199 1204 2253 sed
1223 2198 1552 2268 potiusinter
1566 2198 1801 2251 membra
1827 2193 2016 2251 diaboli
2027 2238 2041 2261 ,

492 2293 685 2362 quibus
729 2291 967 2343 videmur
997 2290 1280 2351 colltetart,
1327 2302 1629 2342 mercamur
1673 2287 1833 2359 (quod
1879 2287 2042 2357 absit)

488 2378 608 2448 jure
626 2379 940 2447 computari.
971 2378 1266 2432 Tristemur
1284 2394 1407 2447 ergo
1432 2378 1484 2431 in
1513 2387 1682 2432 morte
1702 2375 1896 2432 Christi
1921 2392 2043 2430 cum

496 2468 769 2538 apostolis,
801 2467 903 2539 [ut]
932 2482 1232 2522 mereamur
1260 2469 1310 2520 in
1347 2469 1732 2522 resurrectione
1768 2467 1882 2536 ejus
1915 2482 2042 2536 gau-

497 2559 623 2612 dere
669 2574 789 2613 cum
842 2559 967 2613 illis.
1007 2559 1708 2640 Doleamus'exsultantibus
1746 2546 1960 2628 iniquis,
1989 2567 2046 2612 ut

419 2707 428 2709 μ
496 2647 827 2718 postmodum
856 2648 1176 2715 gaudeamus
1203 2648 1502 2716 lugentibus
1539 2648 1659 2701 illis.
1696 2645 1860 2700 Judaei
1901 2663 2075 2701 nam»

497 2753 622 2806 que,
650 2736 788 2790 sicut
817 2736 868 2789 in
891 2743 1060 2793 morte
1086 2733 1200 2802 ejus
1227 2735 1415 2804 gavisi,
1438 2736 1509 2788 ita
1540 2735 1829 2804 probantur
1851 2735 1904 2787 in
1931 2734 2045 2802 ejus

499 2826 886 2880 resurrectione
931 2824 1145 2878 tristati.
1184 2823 1342 2888 Ecce,
1368 2830 1428 2876 ut
1472 2823 1636 2893 potui,
1686 2824 1869 2891 paucis
1909 2838 2043 2877 euu-

2135 413 2288 468 Unde
2324 421 2377 467 et
2407 431 2518 468 mos
2559 415 2950 470 ecclesiasticus
2989 415 3236 480 obtinuit,
3284 417 3396 470 dies
3430 415 3544 470 illos
3582 432 3685 470 non

2137 501 2409 567 funebres,
2444 504 2536 558 sed
2569 503 2836 558 natalitios
2881 505 3167 572 appellare.
3203 503 3330 559 Jure
3370 507 3511 560 enim
3543 506 3688 558 nasci

2135 592 2408 658 dicuntur,
2436 595 2525 661 qui
2563 586 2930 662 de'_pressuris
2958 593 3112 661 hujus
3140 595 3317 648 mundi
3352 604 3597 663 tanquam
3624 597 3690 649 de

2135 681 2393 748 angustiis
2429 681 2698 749 cujusdam
2729 683 3013 736 arctissimi
3043 685 3266 747 ventris,
3302 686 3368 737 ad
3398 685 3541 738 illam
3569 701 3689 753 spa-

2137 766 2477 820 tiosissimam
2527 776 2580 820 et
2625 768 3006 822 lucidissimam
3059 769 3292 823 coalestis
3346 771 3690 826 habitationis

2137 856 2448 909 emittuntur
2492 855 2841 909 latitudinem.
2882 856 2938 909 Si
2976 872 3101 926 ergo
3136 874 3232 912 nos
3270 874 3453 913 eorum
3497 859 3692 914 fratres

2115 957 2256 1003 esse
2293 944 2691 1012 praesumimus,
2727 960 2860 1011 quos
2901 946 2976 997 ita
3020 943 3339 1014 glorificatos
3383 949 3688 1017 aspicimus,

2137 1032 2352 1100 dignum
2380 1042 2460 1086 est
2487 1048 2671 1086 eorum
2698 1033 2934 1087 felicitati
2963 1035 3415 1103 congratulemur,
3436 1046 3692 1090 eteorum

2138 1118 2330 1172 ltetitiaa
2365 1121 2705 1184 collaatemur,
2740 1121 2960 1174 fratrum
2998 1131 3302 1175 nostrorum
3344 1124 3522 1191 glorize
3569 1140 3692 1178 con-

2138 1207 2481 1276 gaudeamus,
2503 1223 2793 1278 eorumque
2813 1212 3110 1280 triumphis,
3135 1211 3323 1279 quibus
3345 1228 3436 1285 per
3459 1213 3693 1266 divinum

2141 1295 2393 1349 auxilium
2424 1297 2690 1350 diabolum
2720 1302 2961 1353 vicerunt
2987 1311 3042 1354 et
3067 1302 3339 1365 saeculum,
3379 1303 3550 1372 dignis
3583 1303 3693 1355 lau-

2139 1385 2296 1438 dibus
2337 1386 2584 1453 coelvestes
2616 1401 2799 1439 eorum
2848 1387 3053 1442 natales
3095 1389 3270 1442 debita
3313 1389 3586 1444 alacritate
3611 1405 3699 1442 ve-

2140 1486 2408 1524 neremur.
2458 1471 2593 1525 Nam
2642 1474 2687 1526 si
2721 1488 2814 1527 eos
2861 1473 3151 1544 lugubriter
3193 1483 3284 1528 aut
3321 1491 3439 1528 cum
3470 1490 3698 1530 maerore

2143 1561 2526 1628 transigamus,
2564 1561 2758 1630 duplici
2812 1563 3190 1633 redarguemur
3233 1565 3436 1630 errore,
3462 1567 3596 1633 quia,
3626 1568 3700 1621 vi-

2075 1637 2116 1693 Β
2143 1651 2328 1705 demur
2353 1659 2446 1704 aut
2469 1665 2576 1704 non
2603 1653 2820 1706 credere
2852 1667 2944 1706 eos
2981 1654 3050 1707 ad
3085 1654 3306 1722 gloriam
3335 1657 3611 1721 transisse,
3641 1666 3697 1710 et

2142 1740 2261 1792 ideo
2285 1740 2436 1808 quasi
2469 1748 2709 1794 mortuos
2735 1741 2913 1810 lugere
2941 1760 2951 1793 :
2988 1749 3078 1795 aut
3119 1744 3164 1796 si
3191 1744 3390 1798 scimus
3423 1759 3515 1798 eos
3537 1744 3699 1799 fclici-

2141 1828 2234 1879 tati
2264 1829 2506 1896 donatos,
2551 1837 2605 1882 et
2649 1844 2753 1882 non
2782 1830 3230 1907 congratulemur,
3260 1831 3445 1901 gloriae
3491 1833 3696 1887 illorum

2141 1913 2378 1968 invidere
2398 1916 2781 1968 convincimur.
2809 1916 2874 1968 Et
2902 1931 3021 1970 cum
3046 1918 3292 1986 antiquos
3317 1920 3555 1974 natalitia
3581 1939 3696 1984 sua,

2146 2005 2224 2058 vel
2255 2019 2473 2061 suorum
2497 2004 2754 2070 amnium,
2782 2007 2974 2074 quibus
3016 2009 3069 2061 in
3097 2010 3238 2064 hanc
3267 2011 3515 2064 miseram
3547 2011 3698 2066 effusi

2142 2101 2265 2146 sunt
2289 2093 2475 2158 vitam,
2502 2102 2652 2148 tanta
2677 2094 2954 2149 alacritate
2976 2097 3274 2153 invenimus
3301 2096 3619 2163 celebrasse,
3646 2111 3704 2152 ut.

2144 2182 2197 2234 in
2234 2181 2314 2234 his
2355 2181 2515 2234 etiam
2545 2183 2689 2235 omni
2725 2192 2994 2251 corporeae
3038 2185 3295 2253 voluptati
3332 2188 3551 2244 licenter
3577 2206 3701 2259 0pc—

2144 2287 2258 2323 ram
2295 2273 2518 2325 darent:
2547 2282 2746 2342 quanto
2775 2289 2871 2328 nos
2906 2277 3168 2343 spirituali
3193 2277 3460 2333 hilaritate
3487 2293 3700 2349 sancto—

2143 2375 2261 2412 rum
2287 2361 2503 2413 Patrum
2526 2361 2762 2416 natalitia
2790 2365 3036 2418 convenit
3061 2365 3349 2432 celebrare,
3382 2369 3572 2436 quibus
3597 2385 3701 2424 non

2143 2449 2210 2502 ad
2251 2451 2499 2504 miserias
2549 2462 2864 2518 nascuntur,
2891 2456 2984 2508 sed
3033 2457 3100 2510 de
3134 2458 3363 2513 miseriis
3409 2461 3474 2513 ad
3515 2461 3702 2530 gaudia

2145 2542 2470 2596 transierunt
2499 2544 2614 2597 sine
2652 2543 2756 2598 fine
2800 2546 3148 2613 possidenda;
3184 2564 3287 2601 non
3323 2564 3420 2604 nos
3458 2553 3706 2618 corpora-

2145 2631 2282 2685 libus
2306 2632 2566 2687 illecebris
2595 2633 2946 2699 resolventes,
2979 2645 3036 2688 ut
3072 2635 3337 2691 faciebant
3371 2640 3590 2708 pagani;
3620 2657 3706 2695 ve-

2147 2743 2265 2781 rum
2301 2728 2524 2782 canticis
2552 2727 2935 2797 spiritualibus,
2973 2732 3285 2799 hymnisque
3308 2734 3621 2808 coelestibus
3648 2736 3702 2790 in

2146 2817 2361 2872 Christo
2407 2819 2785 2888 tripudiantes,
2842 2831 2900 2874 ut
2942 2821 3252 2876 Christiani.
3300 2823 3550 2890 Quamvis
3598 2845 3704 2884 non

497 2915 686 2978 eleavi,
711 2929 808 2968 cur
827 2915 913 2968 die
931 2912 1200 2969 Passionis
1232 2913 1428 2969 Christi
1460 2915 1511 2967 in
1535 2913 1819 2969 atllictione
1846 2914 2043 2976 carnis,
2075 2947 2120 3008 C
2151 2909 2502 2978 denegemus,
2537 2911 2697 2964 etiam
2733 2912 3083 2980 corporaliter
3117 2913 3496 2982 aliquantulum
3525 2921 3707 2975 remis-

497 3013 551 3054 et
575 3001 893 3062 contritione
927 3001 1144 3068 spiritus
1171 3000 1452 3054 conveniat
1484 3000 1762 3070 celebrari,
1805 3001 2047 3068 quamvis

500 3091 657 3144 verba
703 3103 805 3142 non
852 3089 1322 3157 suppeditaverint,
1354 3088 1555 3156 quibus.
1570 3087 1720 3156 quod,
1741 3081 1916 3142 Sentio
1953 3102 2045 3140 ex-

499 3181 730 3248 primere
755 3192 857 3231 non
892 3177 1070 3238 valeo.

569 3269 752 3323 Restat
793 3282 953 3330 nunc,
979 3275 1135 3336 prout
1165 3253 1417 3320 facundia
1445 3266 1654 3337 linguae,
1686 3266 1908 3319 Domino
1935 3265 2053 3318 lar-.
2088 3287 2093 3294 -

501 3359 698 3429 giente,
725 3355 1015 3422 suffecerit,
1041 3355 1220 3410 itidem
1251 3355 1484 3408 breviter
1508 3355 1776 3423 expedire,
1801 3369 1900 3407 cur
1925 3369 2050 3407 san-

501 3455 705 3500 ctorum
732 3445 863 3508 dies,
889 3444 1081 3513 quibus
1105 3443 1172 3494 ab
1199 3442 1299 3497 hoc
1319 3442 1510 3496 saeculo
1539 3440 1879 3503 transierunt,
1903 3456 2048 3495 sum-

501 3533 604 3586 mis
640 3530 885 3583 laudibus
914 3537 968 3582 et
1011 3543 1201 3596 magna
1248 3528 1542 3582 recolamus
1588 3528 1899 3580 alacritate?
1945 3527 2046 3582 Ubi

503 3622 676 3691 primo
722 3619 1060 3674 recolendum
1113 3630 1336 3681 censeo,
1381 3631 1562 3671 omnes
1605 3615 1943 3690 Christianos
1993 3616 2045 3668 in

503 3712 714 3768 Christo
742 3710 933 3764 fratres
959 3724 1098 3772 esse,
1123 3708 1238 3778 ipso
1271 3708 1492 3762 Domino
1535 3707 1738 3762 cunctis
1765 3708 1814 3759 in
1841 3723 1899 3762 se
1932 3721 2049 3761 cre-

503 3802 749 3856 dentibus
781 3801 856 3854 sic
879 3806 1209 3869 protestante
1234 3815 1246 3848 :
1285 3795 1493 3850 Patrem
1524 3795 1677 3849 nolite
1707 3797 1842 3851 vobis
1871 3806 2048 3849 vocare

500 3909 654 3961 super
677 3901 886 3944 terram.
933 3889 1074 3942 Unus
1100 3898 1174 3941 est
1197 3889 1330 3941 enim
1361 3887 1516 3939 Pater
1555 3896 1730 3950 vester,
1760 3903 1934 3952 omnes
1963 3902 2050 3940 vos

503 3977 689 4049 fratres
732 3982 850 4032 estis
883 3979 1093 4047 (Matth.
1119 3994 1269 4041 χχιιι,
1293 3979 1366 4046 9).
1393 3977 1589 4031 Omnes
1626 3979 1804 4046 itaque
1828 3979 1916 4055 qui
1935 3977 2047 4044 jam

441 4092 452 4100 ν
504 4072 568 4124 de
593 4073 692 4123 hoc
721 4069 915 4122 mundo
946 4074 1296 4130 recesserunt,
1325 4068 1437 4119 sive
1460 4068 1548 4134 qui
1578 4068 1748 4120 adhuc
1768 4076 2050 4124 versantur

505 4160 555 4211 in
583 4158 795 4223 mundo,
827 4157 937 4210 sive
956 4157 1046 4227 qui
1074 4154 1235 4225 futuri
1257 4162 1379 4208 sunt
1401 4169 1565 4222 usque
1593 4155 1657 4213 ad
1684 4154 1842 4208 finem
1866 4155 2045 4209 smculi

2151 2999 2262 3051 sius
2299 3013 2456 3065 quam
2481 3002 2688 3055 eazteris
2717 3015 2838 3055 esse
2856 3003 3136 3056 vivendum
3154 3045 3168 3069 ,
3209 3017 3425 3075 propter
3451 3010 3706 3076 quosdam

2147 3083 2226 3155 (ut
2253 3086 2394 3156 reor)
2420 3087 2741 3154 hebetiores,
2771 3090 2860 3158 qui
2885 3091 3016 3144 nihil
3045 3099 3230 3160 putant
3275 3108 3395 3148 csse
3435 3095 3704 3160 festivum,

2146 3177 2246 3232 nisi
2269 3177 2668 3247 quod‘viderint
2689 3181 2951 3250 corporali
2979 3181 3329 3237 delectatione
3358 3185 3630 3240 mellitum.

2217 3265 2356 3320 Sane
2382 3264 2506 3335 quia
2535 3275 2748 3320 sanctos
2774 3268 2990 3323 eosdem
3023 3270 3089 3323 ad
3125 3270 3260 3326 hanc
3291 3287 3449 3340 quam
3479 3274 3707 3328 diximus

2144 3354 2471 3420 felicitatem,
2506 3369 2602 3423 per
2643 3353 2979 3412 aﬂlietionem
3026 3373 3130 3412 non
3168 3360 3476 3429 ignoramus
3520 3376 3707 3429 pervc-

2146 3444 2289 3498 nisse
2331 3444 2706 3511 temporalem,
2740 3460 2960 3499 necesse
2993 3455 3175 3510 estut,
3205 3449 3340 3501 sicut
3370 3460 3579 3502 aeterna:
3619 3466 3708 3503 eo-

2147 3549 2263 3584 rum
2288 3532 2681 3599 congaudemus
2711 3531 2928 3595 laetitia),
2953 3533 3030 3587 sic
3055 3535 3329 3602 temporali
3354 3550 3563 3603 quoque
3596 3537 3709 3590 illo-

2147 3636 2263 3673 rum
2293 3621 2681 3688 compatiamur
2703 3621 2980 3690 angustiae,
3007 3630 3269 3690 quatenus
3298 3638 3392 3692 per
3419 3625 3596 3677 omnia
3624 3640 3708 3680 eo-
3789 3635 3791 3637 ’

2147 3726 2263 3764 rum
2305 3718 2590 3779 sequentes
2637 3711 2889 3780 vestigia,
2923 3711 2989 3765 ad
3022 3711 3211 3767 eadem
3245 3712 3346 3766 illis
3381 3714 3711 3767 interceden-

2147 3801 2289 3855 tibus
2318 3814 2620 3854 mereamur
2647 3800 2952 3870 pertingere
2979 3801 3188 3871 gaudia.
3213 3801 3293 3855 Ad
3328 3803 3467 3870 quod
3496 3805 3710 3873 signan-

2148 3890 2275 3944 dum
2325 3888 2747 3957 prtccedcntibus
2804 3888 2990 3944 eadem
3046 3883 3284 3942 natalitia
3333 3890 3539 3952 diebus,
3575 3904 3711 3958 quas

2149 3980 2304 4050 vulgo
2336 3977 2550 4047 Vigilias
2579 3973 2760 4032 earum
2799 3978 3144 4047 appellamus,
3169 3978 3324 4034 solito
3362 3980 3576 4046 parcius
3616 3996 3708 4034 ve-

2149 4076 2358 4123 scentes
2382 4068 2566 4120 eadem
2593 4067 2846 4121 solemnia
2873 4067 3066 4120 debitis
3082 4066 3403 4135 jejuniorum
3438 4069 3708 4137 obsequiis

2149 4164 2203 4208 et
2244 4154 2602 4206 maceratione
2639 4155 2818 4207 carnis
2856 4153 3043 4207 devote
3093 4157 3468 4223 przerenimus,
3514 4168 3572 4212 ut
3612 4176 3708 4229 pcr

505 4248 780 4302 credentes
811 4247 865 4300 in
895 4246 1126 4308 Christo,
1154 4243 1342 4297 fratres
1367 4255 1484 4298 esse
1518 4245 1777 4296 veraciter
1816 4252 2044 4309 constat,
2080 4273 2127 4332 ο
2150 4242 2447 4312 pridianam
2483 4241 2748 4309 purificatl
2789 4241 3187 4308 abstinentiam,
3225 4245 3434 4316 dignius
3473 4248 3707 4304 celebrc-

506 4347 562 4390 ut
603 4345 726 4405 pote
776 4352 879 4389 una
927 4335 1258 4405 baptismatis
1302 4336 1696 4404 regeneratione
1743 4333 1798 4388 in
1839 4335 2050 4390 Christo

508 4436 738 4488 renatos,
779 4428 939 4479 unius
969 4426 1156 4479 matris
1202 4424 1448 4478 Ecclesia:
1484 4424 1734 4476 uberibus
1776 4425 2049 4490 educatos,

509 4516 664 4568 unius
697 4514 816 4567 fidei
848 4514 1055 4568 vinculo
1086 4525 1334 4582 tanquam
1363 4513 1681 4565 dulcissimte
1708 4511 2054 4568 fraternitatis

506 4602 758 4661 afﬁnitate
801 4615 1102 4669 connexos”
1131 4601 1194 4653 ad
1233 4615 1391 4652 unam
1437 4599 1781 4667 eamdemque
1823 4600 2051 4653 cmlestis

505 4693 654 4761 regni
694 4691 1054 4745 hrercditatcm
1082 4689 1147 4742 ab
1173 4689 1358 4742 eodem
1383 4689 1621 4755 piissimo
1651 4689 1803 4743 Patre
1833 4689 1938 4743 Dco
1967 4691 2050 4758 pia

507 4780 786 4847 adoptione
805 4788 1038 4832 vocatos.
1064 4778 1325 4830 Debemus
1345 4776 1519 4843 itaque
1543 4778 1743 4840 omnia,
1767 4794 1883 4846 qute
1904 4780 2055 4832 nobis

507 4868 778 4931 accidunt,
808 4866 1043 4921 fraterno
1079 4864 1268 4920 affectu
1309 4865 1530 4918 invicem
1561 4868 1976 4930 communicare,
2002 4868 2053 4919 id

506 4967 606 5023 est,
635 4965 690 5012 et
714 4957 765 5009 in
791 4955 1028 5011 adversis
1054 4955 1251 5024 pariter
1274 4953 1595 5016 contristari,
1620 4963 1674 5007 et
1700 4953 1753 5006 in
1787 4954 2056 5022 prosperis

507 5048 858 5110 communiter
896 5044 1268 5112 congratulari.
1301 5041 1492 5098 Notum
1532 5027 1707 5098 autem
1735 5042 1896 5096 habet
1938 5060 2056 5098 om-

508 5141 608 5203 nis,
647 5138 735 5208 qui
783 5149 906 5190 vere
939 5131 1267 5187 Christianus
1295 5139 1394 5195 est,
1427 5140 1657 5196 sanctos,
1688 5147 1807 5186 cum
1846 5132 1912 5186 ab
1954 5133 2055 5190 hac

509 5226 836 5296 corruptibili
881 5225 985 5278 vita
1015 5221 1292 5286 decedunt,
1335 5223 1398 5276 ad
1423 5221 1717 5285 meliorem,
1748 5221 1797 5274 id
1834 5233 1937 5285 est,
1969 5224 2052 5277 in-

510 5315 922 5385 corruptibilcm,
947 5321 1001 5368 et
1027 5310 1412 5366 interminalem
1437 5311 1831 5380 transmigrare,
1855 5312 2058 5367 scilicet

511 5410 576 5464 de
603 5408 832 5462 tenebris
852 5407 919 5461 ad
945 5407 1114 5461 lucem
1136 5413 1464 5475 perpetuam,
1491 5404 1556 5458 de
1585 5417 1814 5456 mmrore
1838 5405 1902 5458 ad
1929 5420 2057 5474 gau-

512 5499 652 5562 dium
681 5497 1076 5576 sempiternum,
1102 5496 1168 5550 de
1193 5495 1372 5554 labore
1395 5496 1459 5548 ad
1481 5493 1714 5562 requiem
1742 5508 2050 5572 perennem,

2149 4347 2268 4388 mus
2291 4336 2560 4402 sequentis
2581 4335 2701 4390 festi
2727 4336 2984 4391 laetitiam.
3012 4337 3160 4394 Unde
3184 4349 3236 4393 et
3263 4341 3315 4395 in
3339 4341 3508 4396 oﬂieio
3530 4345 3706 4398 missa:

2149 4426 2458 4480 earumdem
2502 4427 2801 4496 vigiliarum
2867 4427 3264 4483 festivissimum
3301 4429 3702 4484 .alleluiaticum

2150 4515 2316 4569 melos
2350 4516 2766 4582 intermitlimus,
2802 4518 2940 4571 sicut
2980 4516 3098 4574 aliis
3131 4516 3453 4586 jejuniorum
3497 4519 3702 4582 diebus,

2149 4605 2252 4658 nisi
2280 4604 2419 4660 forte
2452 4607 2722 4662 Dominica
2752 4608 2865 4662 dies
2895 4606 3072 4672 fuerit,
3101 4624 3256 4677 quam
3289 4610 3429 4661 nullo
3464 4618 3704 4678 tempore

2144 4694 2408 4763 jejunare,
2433 4696 2524 4748 sed
2559 4709 2769 4766 semper
2796 4696 3039 4751 festivam
3065 4711 3183 4749 esse
3208 4696 3495 4751 Dominica:
3531 4703 3710 4754 resur-

2154 4783 2402 4838 rectionis
2427 4786 2714 4838 auctoritas
2739 4785 2897 4854 cogit.
2923 4783 3071 4852 Quod
3098 4792 3403 4854 utrumque,
3430 4795 3484 4840 et
3510 4805 3708 4857 praece-

2153 4874 2364 4927 dentem
2407 4875 2568 4928 totius
2606 4873 2855 4942 Eeclesize
2892 4884 3195 4929 sanctorum
3236 4877 3506 4932 alliictioni
3559 4895 3708 4933 com-

2152 4963 2474 5030 passionem,
2502 4972 2555 5014 et
2581 4961 2645 5015 de
2675 4977 2859 5015 eorum
2881 4963 3045 5033 gloria
3069 4976 3379 5034 sequentem
3406 4968 3708 5022 exsultatio~

2155 5065 2276 5104 nem
2308 5050 2561 5103 Dominus
2585 5050 2637 5103 in
2661 5051 2948 5123 Evangelio
2970 5054 3068 5108 sub
3090 5057 3266 5123 specie
3295 5055 3528 5109 mulieris
3558 5065 3709 5125 para-

2155 5139 2324 5194 bolice
2351 5138 2613 5208 designat,
2651 5156 2770 5194 cum
2813 5157 2933 5196 eam
2967 5144 3348 5211 parturientem
3380 5147 3569 5198 asserit
3608 5149 3706 5200 tri-

2155 5229 2325 5283 stari:
2364 5245 2485 5282 cum
2525 5238 2699 5285 autem
2732 5233 2965 5302 peperit,
3008 5232 3062 5285 in
3094 5231 3408 5286 immensum
3450 5235 3710 5304 gratulari

2157 5316 2477 5387 (Joan._xvt,
2502 5318 2611 5387 2|).
2648 5318 2781 5384 Quia
2825 5319 2967 5370 enim
2997 5320 3263 5386 parturire
3304 5321 3549 5383 dicimus,
3583 5331 3711 5377 ante

2157 5415 2365 5476 partum
2399 5407 2634 5472 auxiari;
2668 5421 2858 5476 parere
2891 5416 3097 5470 autem,
3145 5420 3354 5476 partum
3395 5410 3704 5466 effundere:

2151 5494 2268 5562 jure
2291 5495 2501 5560 mulier,
2524 5508 2619 5563 per
2638 5508 2796 5562 quam
2819 5501 2998 5547 sancta
3027 5493 3280 5562 figuratur
3304 5497 3555 5563 Ecclesia,
3585 5515 3703 5554 cum
