4232 6218
535 135 671 193 1215

1364 151 1424 205 Β.
1466 152 1528 207 F.
1561 153 1785 212 ALBlNl
1810 154 1949 213 SEU
1991 157 2267 216 ALCUINI
2303 156 2585 218 OPERUM
2621 162 2799 221 PARS
2834 165 2926 222 IX.

3624 184 3757 242 1216

530 249 788 317 parturit,
815 252 998 309 dolere
1031 254 1246 323 dicitur,
1273 259 1400 332 quia
1445 276 1569 316 cum
1598 263 1739 319 ﬁlios
1776 280 1925 330 suos,
1963 281 2098 336 quos
2124 275 2173 328 Α
2198 267 2319 333 bus,
2346 246 2562 325 sanctus
2584 269 2891 342 Gregorius,
2919 274 3097 333 oleum
3120 279 3372 351 instituit,
3403 290 3617 356 quando
3641 309 3753 365 my-

531 334 637 365 ΩΑΔ
667 341 970 365 M---..-..:.
1021 352 1301 365 -_.-._____
1335 347 1350 365 ρ
1372 363 1379 365 ξ
1430 356 1511 365 μμ
1809 353 1822 365 .
1868 362 1877 365 -
1945 354 1978 365 .Δ
2232 363 2239 365 Α
2310 358 2324 365 -
2387 356 2425 365 _
2522 359 2538 365 _
2592 359 2627 365 --
2795 363 2803 365 ξ

531 334 637 389 ﬁde
665 341 999 409 conceperit,
1019 352 1307 414 antequam
1333 347 1387 401 in
1424 356 1679 404 sternam
1708 353 1885 420 pariat
1908 334 2094 420 vitam,

530 422 759 480 diversis
782 427 1214 487 tribulationibus
1243 434 1310 488 ab
1338 434 1516 505 impiis
1543 437 1788 507 impediri
1815 441 2094 510 conspicit,

529 520 783 582 tanquam
812 516 1123 574 dilllcultate
1149 523 1390 590 pariendi
1418 527 1740 596 angustiata,
1768 530 2097 599 magriis'do-

527 600 730 658 loribus
766 603 930 681 m
976 608 1279 679 ingemisci‘t
1307 629 1321 664 :
1352 627 1475 671 cum
1517 629 1645 669 vero
1688 630 1801 682 eos,
1839 633 1974 687 quos
2019 619 2093 672 ita

526 693 869 760 parturient,
897 696 964 751 de
988 696 1146 773 hujus
1175 701 1357 756 mundi
1385 704 1646 775 angustiis
1671 706 1736 760 ad
1758 705 1978 787 caeleste
2002 721 2095 776 pe-

522 783 664 851 perit
705 800 947 859 regnum,
979 788 1081 843 dici
1127 805 1233 845 non
1268 802 1447 861 potest
1487 803 1747 863 quantum
1786 783 1853 852 de
1897 797 2095 854 felicis-

521 871 659 926 simo
705 874 933 930 ﬁliorum
960 882 1433 951 partutriputliat.
1460 884 1612 951 Quod
1655 888 1927 965 primitiva
1968 892 2091 961 qui-

519 964 640 1018 dem
704 966 939 1023 Ecclesia
995 975 1385 1041 persecutionis
1434 984 1679 1047 tempore
1740 980 2092 1037 bistorialiter
2140 976 2145 982 ’

518 1051 707 1123 agebat
739 1074 751 1111 :
779 1057 872 1111 sed
911 1074 1009 1122 ea,
1049 1076 1168 1130 qua:
1208 1078 1351 1118 nunc
1388 1073 1472 1118 est
1499 1065 1759 1132 Ecclesia,
1803 1084 1833 1122 a
1874 1068 2123 1125 Christo‘

515 1160 648 1213 pace
673 1145 785 1214 jam
822 1149 1048 1213 reddita,
1075 1150 1161 1219 pia
1185 1153 1526 1208 mmulatione
1555 1157 1868 1226 spiritaliter
1897 1174 2087 1230 reprae-

513 1241 708 1287 sentat.
752 1233 1058 1291 Przeteritos
1099 1239 1263 1309 igitur
1300 1243 1673 1311 parturitiOuis
1697 1245 1813 1313 ejus
1851 1247 2083 1313 dolores,

511 1319 569 1375 in
615 1321 808 1392 vigiliis
854 1335 1192 1394 sanctorum,
1221 1324 1446 1398 jejuniis
1478 1339 1533 1385 et
1576 1331 1862 1389 aﬁlictione
1905 1337 2085 1394 carnis

510 1410 820 1471 imitamur:
848 1425 1161 1485 sequentem
1185 1433 1314 1474 vero
1348 1417 1463 1485 ejus
1486 1420 1600 1489 jam
1625 1421 1797 1478 enixae
1831 1424 2083 1480 alacrita-

509 1506 649 1564 tem,
680 1500 847 1568 ipsius
879 1501 1216 1575 jucunditate
1266 1505 1574 1562 festivitatis
1612 1509 1945 1565 :emulamur.
1978 1513 2082 1568 lm—

2197 358 2360 419 steria
2387 356 2659 415 Paschalis
2686 363 2811 433 agni
2840 368 3122 431 reseravit.
3149 368 3300 436 Quod
3326 371 3355 413 ει
3373 378 3573 434 'enima
3598 356 3751 441 nobis

2196 462 2384 503 cereus
2419 451 2771 537 benedicitur,
2801 446 3046 514 zosimus
3087 475 3225 532 papa
3252 474 3277 503 ο
3302 465 3549 524 instituit.
3577 471 3752 545 Signi-

2195 536 2320 591 ﬁcat
2348 538 2490 592 enim
2517 539 2823 609 Dominum,
2850 545 2941 613 qui
2966 549 3302 615 pmoedebat
3335 552 3475 611 ﬁlios
3498 536 3667 615 Israel
3694 564 3749 620 in
3776 624 3779 627 ,

2193 626 2438 721 columna
2468 628 2625 697 ignis.
2662 630 2798 690 Cera
2827 634 3214 693 humanitatem
3239 630 3438 699 Christi
3482 647 3746 721 designat.

2191 710 2296 769 Mel
2346 716 2543 785 quippe
2582 718 2646 772 in
2694 734 2817 774 cera
2867 731 2951 776 est
2990 723 3244 784 divinitas
3290 730 3345 785 in
3396 710 3744 796 humanitate.

2189 802 2492 857 Concordat
2517 820 2703 863 cereus
2735 808 2823 865 hic
2850 810 2904 864 in
2934 812 3324 884 signiﬁcatione
3349 836 3471 876 cum
3499 825 3745 884 columna

2190 888 2347 956 ignis,
2383 892 2474 963 qui
2523 893 2856 952 illuminabat
2885 902 3138 970 populum
3181 904 3344 962 Israel
3385 909 3460 964 in'
3486 923 3662 982 nocte,
3684 924 3747 973 ut

2188 976 2315 1032 illud
2360 979 2415 1033 in
2445 981 3008 1074 ipsapbenedictione:
3036 989 3140 1045 Sed
3176 994 3294 1071 jam
3332 986 3588 1056 columnis

2184 1071 2445 1135 pra-conia
2472 1072 2724 1128 novimus.
2747 1070 3002 1133 Columna
3030 1081 3119 1136 illa
3157 1070 3431 1143 Christum
3456 1070 3737 1159 signiﬁcat.

2191 1155 2211 1195 τ
2236 1155 2328 1211 Illa
2370 1158 2615 1216 columna
2653 1168 2987 1233 praecedebat
3030 1170 3167 1229 ﬁlios
3206 1174 3402 1232 lsrael:
3435 1155 3620 1237 nostra
3648 1200 3741 1241 co-

2184 1244 2384 1311 lumna,
2427 1249 2479 1304 id
2528 1259 2642 1317 est,
2677 1268 2864 1310 cereus
2903 1262 3153 1326 praecedit
3196 1268 3612 1327 catechumenos
3646 1290 3743 1330 non

2180 1344 2340 1392 stros.
2368 1338 2572 1435 Lumen
2602 1342 2769 1411 ipsius
2795 1344 3064 1435 Christum
3093 1353 3377 1423 signiﬁcat,
3399 1370 3584 1428 quoet
3607 1380 3743 1435 prai-

2178 1436 2303 1477 sens
2331 1438 2438 1479 nox
2459 1425 2772 1495 illustratur,
2799 1434 2970 1502 gratia
2999 1437 3205 1493 scilicet
3230 1425 3655 1515 resunlectionis,
3683 1462 3740 1509 et

2179 1512 2552 1569 catechumeni
2582 1518 2649 1573 ad
2676 1519 2998 1591 baptismum
3021 1528 3252 1582 venturi.
3279 1530 3430 1598 Quod
3455 1551 3488 1589 a
3516 1512 3738 1596 diacono

507 1588 821 1655 portunitati
862 1597 981 1655 tum,
1018 1590 1323 1648 dulcissime
1353 1593 1447 1658 ﬁli,
1478 1595 1580 1649 etsi
1622 1611 1727 1651 non
1754 1594 1865 1668 [utl
1887 1599 2075 1665 debui,
2112 1594 2155 1654 Β
2178 1602 2533 1671 benedicitur,
2555 1588 2766 1665 morem
2784 1614 3058 1682 sequimur
3083 1588 3483 1693 RomanﬁmJn
3508 1641 3573 1681 eo
3593 1632 3735 1688 enim

508 1686 567 1730 ut
599 1680 747 1746 potui
796 1690 991 1745 tamen,
1019 1682 1331 1740 satisfacere
1371 1686 1563 1751 institi,
1593 1703 1901 1758 quanquam
1944 1690 2081 1745 ditii-

506 1766 703 1822 cultale
717 1771 1030 1844 quaestionis
1046 1781 1288 1844 cogente,
1316 1774 1597 1831 verbosior
1628 1776 1851 1833 forsitan
1870 1780 2076 1835 exstiti.

761 1842 766 1846 ’
1091 1842 1318 1919 CAPUT
1355 1864 1495 1919 xxx.

780 1968 845 2005 ne
879 1968 1113 2008 ssssno
1141 1970 1341 2011 ελεγοτο
1369 1944 1531 2011 visit.
1566 1974 1794 2014 ιιλεοιιι.

576 2041 793 2102 Sabbati
836 2039 1109 2097 Paschalis
1152 2045 1428 2099 veneratio
1470 2045 1596 2100 hinc
1639 2047 1960 2115 celebratur,
2009 2066 2073 2105 eo

501 2134 643 2203 quod
684 2134 796 2203 ipso
833 2133 917 2187 die
964 2133 1220 2188 Dominus
1266 2136 1320 2190 in
1365 2138 1611 2206 sepulcro
1654 2142 1877 2210 quievit.
1921 2142 2072 2198 Unde

501 2224 759 2281 llcbraice
802 2227 1034 2295 requies,
1062 2229 1176 2283 sive
1201 2233 1342 2299 quod
1371 2248 1437 2286 eo
1476 2234 1564 2287 die
1598 2236 1797 2289 mundo
1838 2237 2072 2305 perfecto

500 2316 781 2382 requievit.
802 2315 899 2370 llic
918 2325 1095 2371 autem
1122 2318 1237 2373 dies
1261 2320 1400 2374 inter
1425 2333 1652 2377 mortem
1681 2324 1880 2380 Christi
1911 2337 1962 2381 ct
1989 2345 2071 2383 re.

496 2406 889 2461 sui-rectionem
929 2408 1136 2463 medius
1161 2418 1261 2475 est,
1306 2412 1616 2483 signiﬁcans
1658 2419 1945 2485 quamdam
1985 2436 2069 2475 re-

497 2496 677 2569 quiem
708 2496 1007 2551 animarum
1040 2498 1107 2554 ab
1141 2502 1288 2555 omni
1323 2502 1504 2557 labore
1542 2515 1664 2573 post
1694 2516 1946 2572 mortem,
1973 2524 2069 2579 per

396 2613 403 2619 -
496 2599 655 2650 quam
682 2584 739 2637 ﬁt
763 2586 1020 2641 transitus
1043 2604 1139 2657 per
1163 2592 1607 2647 resurrectionem
1634 2597 1813 2650 carnis
1835 2597 1900 2651 ad
1922 2599 2066 2652 illam
2087 2651 2089 2653 ,

496 2671 689 2735 vitam,
736 2689 898 2741 quam
942 2674 1187 2731 Christus
1230 2680 1489 2735 Dominus
1530 2699 1625 2737 sua
1669 2689 2065 2742 resurrectione

495 2768 909 2825 praemonstrare
935 2760 1180 2829 dignatus
1202 2771 1303 2818 est.
1337 2765 1403 2818 Et
1426 2767 1551 2834 quia
1582 2769 1633 2822 in
1668 2778 1813 2824 tanta
1840 2787 2065 2827 venera-

497 2845 640 2900 tione
684 2846 751 2901 ab
799 2849 1045 2903 omnibus
1079 2850 1399 2908 Christianis
1442 2856 1723 2924 excolitur,
1772 2876 1865 2915 seu
1919 2864 2061 2931 quod

493 2950 662 3004 usque
685 2938 751 2991 ad
778 2939 1010 3005 medium
1034 2942 1205 3000 noctis
1232 2943 1422 3014 vigilia:
1443 2950 2061 3017 extenduntur,.sanctus

494 3026 851 3097 Hieronymus
884 3030 958 3084 ita
1001 3031 1194 3087 docet:
1224 3046 1250 3073 α
1288 3032 1525 3091 Traditio
1569 3041 1926 3109 apostolorum
1976 3046 2062 3099 vel

494 3116 796 3172 Judmorum
828 3129 934 3187 est,
983 3120 1255 3177 Christum
1290 3127 1464 3181 media
1503 3138 1659 3189 nocte
1695 3142 1977 3189 venturum
2009 3137 2061 3190 in

496 3209 896 3265 similitudinem
924 3210 1161 3283 [Egyptii
1196 3218 1469 3286 temporis,
1498 3222 1713 3289 quando
1742 3222 1945 3279 Pascha
1976 3244 2063 3283 ce-

494 3300 756 3355 lebratum
786 3311 886 3357 est.
931 3303 1079 3360 Unde
1105 3314 1160 3359 et
1192 3322 1311 3362 reor
1339 3310 1681 3371 traditionem
1715 3317 2061 3383 apostolicam

494 3394 874 3461 permansisse,
900 3403 959 3449 ut
1001 3394 1087 3452 die
1124 3397 1428 3468 vigiliarum
1466 3401 1684 3458 Pascha:
1730 3415 1854 3460 ante
1890 3410 2062 3464 noctis

494 3482 728 3537 medium
776 3486 995 3555 populos
1026 3486 1300 3549 dimittere
1344 3505 1447 3545 non
1478 3491 1655 3557 liceat,
1687 3506 2061 3565 ex_spectantes

494 3572 776 3625 adventum
839 3572 1057 3637 Christi.
1110 3575 1400 3646 Postquam
1466 3569 1594 3635 vero
1660 3562 1802 3639 illud
1851 3595 2060 3658 tempus

496 3659 821 3728 transierit,
851 3662 1135 3717 securitate
1189 3676 1545 3735 praesumpta,
1574 3667 1787 3723 festum
1851 3676 2060 3729 cunctis

490 3763 649 3821 agere
678 3749 837 3804 diem.
867 3750 1173 3815 Manifestat
1201 3754 1380 3809 ethoc
1404 3756 1706 3813 benedictio
1732 3762 1897 3827 cerei,
1930 3762 2058 3819 Ilwc

492 3854 594 3890 nox
622 3846 698 3892 est
724 3852 742 3889 :
764 3848 819 3894 et
852 3840 903 3894 in
918 3841 1169 3897 oratione
1190 3841 1241 3896 in
1275 3844 1437 3899 missa
1463 3864 1475 3899 :
1509 3845 1666 3912 Deus,
1696 3851 1784 3920 qui
1810 3851 1945 3905 hanc
1972 3871 2060 3908 sa-

490 3930 831 3985 cratissimam
861 3943 1077 3987 noctem.
1108 3933 1163 3988 In
1195 3933 1436 3990 Romana
1461 3939 1604 3993 enim
1636 3940 1875 3997 Ecclesia
1918 3944 2056 4000 infra

494 4020 719 4085 Urbem,
753 4038 907 4078 mane
934 4026 1110 4094 primo
1138 4027 1347 4082 sabbati
1376 4031 1522 4084 venit
1566 4032 1974 4094 archidiaconus
2000 4036 2055 4091 in

490 4110 797 4175 ecclesiam,
824 4122 877 4166 et
911 4111 1081 4169 fundit
1106 4132 1284 4172 ceram
1315 4120 1371 4173 in
1396 4135 1526 4174 vase
1556 4124 1775 4187 mundo,
1802 4132 1859 4178 et
1880 4124 2056 4179 misci-

490 4208 569 4253 tat
592 4200 647 4257 in
675 4214 736 4253 ea
763 4200 957 4265 oleum,
982 4204 1105 4258 inde
1134 4205 1400 4262 benedicit
1424 4224 1625 4275 ceram,
1662 4220 1716 4266 et
1743 4227 1811 4266 ex
1835 4228 1900 4267 ea
1931 4214 2053 4270 fun-

488 4294 567 4348 dit
609 4292 1010 4348 similitudinem
1050 4309 1308 4365 agnorum
1334 4297 1385 4361 b,
1418 4306 1475 4352 et
1511 4309 1690 4355 servat
1726 4316 1820 4357 eos
1850 4303 1902 4356 in
1935 4304 2053 4359 loco

489 4388 704 4441 mundo.
736 4386 791 4439 lu
832 4385 1039 4442 octavis
1059 4400 1193 4439 vero
1228 4386 1447 4463 Pascha
1475 4389 1669 4443 dantur
1698 4391 1797 4459 ipsi
1832 4394 1954 4461 agni
1984 4394 2051 4448 ab

488 4478 866 4533 archidiacono
893 4484 1014 4546 post
1058 4476 1253 4533 missas
1281 4478 1335 4532 in
1360 4479 1587 4535 ecclesia
1621 4490 1676 4536 et
1715 4484 2051 4541 communica

489 4587 611 4627 nem
639 4571 855 4641 populo,
880 4579 946 4629 et
970 4585 1035 4625 ex
1069 4570 1149 4625 eis
1194 4569 1396 4631 faciunt
1437 4571 1489 4625 in
1518 4573 1770 4633 domibus
1810 4576 1921 4628 suis
1961 4590 2049 4630 ac-

488 4664 637 4717 cendi
665 4665 961 4727 incensum,
982 4673 1037 4717 et
1066 4650 1132 4717 ad
1173 4662 1535 4734 fumigaudum
1564 4664 1616 4722 in
1649 4664 1896 4725 domibus,
1917 4665 2047 4729 suis,

487 4769 583 4820 pro
608 4766 921 4821 quacunque
946 4753 1023 4806 eis
1056 4753 1376 4808 necessitate
1403 4753 1658 4807 evenerit.
1694 4752 1950 4808 Similiter
1990 4755 2043 4807 in

486 4840 807 4895 suburbanis
836 4839 1141 4895 civitatibus
1165 4842 1229 4896 de
1274 4843 1394 4907 oleo
1435 4841 1661 4897 faciunt.
1692 4854 1713 4882 ο
1745 4842 1878 4914 Agni
1909 4858 2044 4912 quos

487 4930 710 4985 Romani
747 4929 967 4991 faciunt,
1011 4942 1203 4997 agnum
1231 4946 1327 4999 pro
1366 4933 1520 4987 nobis
1563 4934 1763 4988 factum
1795 4935 2044 4988 immacu-

485 5024 648 5077 latum
679 5024 954 5092 designant
981 5034 995 5073 :
1022 5020 1269 5074 omnibus
1300 5024 1443 5075 enim
1473 5026 1635 5079 rebus
1667 5026 1911 5080 Christus
1952 5041 2045 5079 no-

484 5114 564 5169 bis
604 5118 669 5171 ad
689 5085 1012 5173 ‘me‘moriam
1050 5112 1382 5181 frequentius
1418 5117 1751 5172 reducendus
1784 5128 1886 5174 est.
1916 5118 2039 5185 Qui-

553 5265 575 5288 ι’
616 5250 809 5311 Amal.,
836 5266 951 5318 cap.
982 5248 1061 5301 lii.
1358 5317 1366 5318 7
1783 5316 1800 5318 _
1840 5275 1863 5298 ο

554 5320 577 5355 b
621 5320 733 5372 Vill.
766 5316 932 5387 Ilugo.
956 5318 1209 5379 Menard.,
1242 5320 1290 5373 in
1316 5316 1406 5371 lib.
1437 5318 1746 5373 Sacramen.
1776 5316 1832 5369 S.
1876 5316 2035 5385 Greg.

486 5396 593 5439 unt.
622 5390 723 5439 300
750 5391 799 5440 in
830 5390 951 5440 line.

554 5468 573 5494 ο
616 5459 807 5520 Annal,
834 5473 948 5523 cap.
983 5460 1061 5511 17.

2178 1693 2583 1753 archidiaconus
2610 1699 2826 1783 conﬁcit
2850 1716 3035 1772 agnos.
3064 1704 3163 1771 Qui
3191 1722 3381 1765 cereus
3407 1727 3500 1780 per
3527 1726 3732 1785 septem

2175 1781 2289 1837 dies
2315 1785 2702 1855 neopbytorum
2731 1781 2986 1857 praecedit
3006 1794 3335 1867 pontiﬁcem,
3358 1801 3450 1869 qui
3472 1811 3555 1858 est
3576 1781 3737 1876 caput

2172 1874 2373 1942 populi,
2400 1876 2525 1944 quia
2552 1878 2797 1933 columna
2825 1881 2964 1951 ignis
2986 1888 3261 1952 praecessit
3286 1891 3541 1959 populum
3565 1874 3731 1965 ιιεᾷιιθ

2172 1964 2241 2018 ad
2272 1972 2470 2020 terram
2496 1971 2944 2037 repromissionis.

2238 2052 2357 2122 Ipso
2385 2055 2471 2109 die
2500 2057 2631 2119 hora
2665 2061 2889 2129 septima
2918 2068 3214 2139 procedunt
3246 2085 3435 2126 omnes
3461 2075 3528 2129 ad
3558 2077 3730 2133 eccle-

2171 2142 2327 2209 siam,
2351 2150 2407 2199 et
2434 2146 2746 2217 deportatur
2785 2152 2962 2208 lumen
2994 2158 3061 2211 ab
3087 2158 3339 2228 episcopo
3366 2162 3479 2217 sive
3516 2166 3731 2234 abbate,

2168 2243 2525 2304 prosequente
2549 2250 2671 2292 eum
2699 2241 2891 2309 populo
2911 2244 3053 2297 sicut
3076 2262 3259 2316 supra,
3285 2260 3341 2303 et
3366 2251 3732 2311 illuminantur

2169 2332 2371 2393 septem
2396 2326 2687 2397 lampades.
2712 2330 2913 2386 Cereus
2938 2346 3064 2388 vero
3085 2337 3175 2404 qui
3205 2338 3603 2399 benedicendus
3624 2356 3729 2411 est.

2160 2412 2273 2482 jam
2298 2413 2457 2481 debet
2495 2429 2614 2470 esse
2649 2427 2981 2487 praeparatus
3022 2422 3075 2474 in
3105 2425 3279 2478 medio
3306 2427 3564 2495 ecclesiae,
3604 2446 3727 2486 con-

2165 2506 2385 2567 gregato
2414 2501 2537 2554 hinc
2562 2502 2684 2557 inde
2711 2506 2853 2558 omni
2883 2506 3027 2561 clero
3052 2524 3143 2563 seu
3171 2513 3365 2581 populo
3388 2533 3399 2567 :
3428 2518 3618 2573 deinde
3640 2535 3724 2575 ve-

2167 2590 2317 2643 niens
2347 2592 2753 2669 archidiaconus
2796 2594 2925 2651 facit
2953 2608 3165 2669 crucem
3193 2603 3244 2656 in
3272 2620 3360 2669 eo,
3382 2614 3437 2659 et
3464 2607 3728 2665 illuminat

2165 2677 2309 2731 illum
2339 2680 2404 2733 de
2427 2668 2571 2735 novo
2600 2683 2740 2752 igne,
2771 2694 2929 2753 atque
2962 2668 3267 2757 'completur
3308 2668 3374 2747 ab
3404 2708 3469 2747 eo
3506 2695 3724 2753 benedi-

2161 2767 2267 2822 ctio
2302 2771 2463 2823 cerei.
2504 2770 2678 2825 Prima
2712 2775 2863 2842 quasi
2896 2775 2949 2827 in
2982 2778 3193 2830 modum
3221 2779 3443 2849 legentis
3472 2784 3545 2837 ita
3572 2804 3584 2839 :
3616 2787 3728 2841 Ea;-

2160 2854 2314 2909 sullet
2349 2859 2466 2925 jam
2502 2859 2735 2928 angelica
2786 2862 2937 2915 turba
2968 2863 3241 2931 caelorum,
3268 2876 3323 2921 et
3367 2870 3589 2940 reliqua.
3624 2874 3724 2930 Se-

2089 2934 2132 2995 C
2164 2947 2335 3000 cunda
2366 2947 2698 3001 decantanda
2730 2959 2815 3003 est
2842 2951 2895 3004 in
2935 2954 3147 3007 modum
3178 2956 3524 3027 praefationis.
3557 2962 3725 3018 Cerco

2160 3034 2441 3089 benedicto
2468 3035 2608 3090 illico
2634 3037 3085 3110 illuminantur'ab
3108 3044 3299 3101 eodem
3318 3047 3407 3101 alii
3432 3051 3575 3103 cerei
3599 3050 3721 3117 duo,

2160 3132 2421 3178 staturam
2458 3125 2689 3180 hominis
2718 3128 2996 3183 habentes.
3037 3130 3257 3198 Cereus,
3298 3137 3389 3206 qui
3428 3132 3566 3192 novo
3604 3139 3726 3210 igne
3757 3162 3763 3167 ·

2159 3214 2486 3277 accenditur,
2513 3228 2703 3291 novam
2730 3214 2931 3272 Christi
2955 3219 3252 3275 doctrinam
3277 3224 3390 3281 sive
3412 3228 3640 3294 gratiam
3668 3230 3723 3285 in

2161 3318 2298 3357 novo
2336 3290 2677 3369 testamento,
2709 3320 3003 3376 novamque
3033 3311 3285 3380 gratiam,
3318 3328 3423 3391 qua
3465 3332 3567 3390 nos
3613 3319 3721 3379 Do-

2160 3392 2355 3446 minica
2402 3392 2727 3459 illustratur,
2757 3395 3029 3467 designat.
3067 3399 3181 3454 Duo
3223 3402 3312 3469 qui
3354 3402 3724 3467 illuminantur

2160 3479 2228 3533 ab
2255 3495 2342 3545 eo,
2369 3480 2664 3537 doctrinam
2696 3485 3054 3558 apostolorum
3085 3488 3614 3561 designant,,quib_us
3642 3498 3723 3551 di.-

2158 3571 2327 3625 citur:
2364 3569 2462 3624 Vos
2485 3572 2604 3625 estis
2627 3571 2719 3625 lux
2748 3574 2923 3629 mundi
2954 3576 3163 3645 (Matth.
3191 3593 3244 3642 v,
3270 3581 3376 3649 14).
3403 3583 3553 3646 Quod
3576 3586 3719 3639 enim

2158 3659 2571 3712 catechumenos
2618 3662 2926 3732 pratcedunt
2966 3664 3032 3717 ad
3070 3666 3423 3734 baptismum,
3456 3672 3722 3740 signiﬁcat

2157 3749 2280 3813 hoc,
2305 3749 2445 3817 quod
2472 3750 2716 3803 columna
2745 3751 2881 3820 ignis
2907 3755 3243 3821 prmcedebat
3266 3757 3401 3813 ﬁlios
3427 3759 3605 3825 Israel,
3630 3781 3722 3817 an-

2158 3846 2371 3907 tequam
2401 3854 2550 3894 mare
2588 3839 2824 3895 Rubrum
2857 3845 3167 3899 transirent.
3201 3846 3300 3902 Ubi
3327 3843 3487 3905 etiam
3523 3852 3721 3924 ﬁgura-

2156 3928 2278 3982 liter
2303 3929 2511 3983 initium
2537 3932 2766 4001 sumpsit
2802 3933 3095 4002 baptismus
3122 3954 3133 3988 :
3162 3936 3483 4007 Baptizavit,
3512 3942 3715 4013 inquit,

2157 4017 2377 4088 Moyses,
2407 4020 2462 4073 in
2490 4020 2621 4074 nube
2658 4032 2704 4074 et
2749 4023 2880 4075 mari
2912 4022 2962 4093 (Ι
2986 4021 3105 4077 Cor.
3133 4041 3196 4089 ι,
3229 4025 3304 4097 Ξ).
3345 4026 3543 4095 Habuit
3586 4048 3716 4103 ergo

2155 4125 2301 4165 mare
2322 4110 2549 4165 formam
2569 4112 2837 4181 baptismi,
2864 4114 3033 4167 nubes
3053 4114 3282 4181 Spiritus
3302 4121 3492 4184 sancti,
3517 4136 3714 4176 manna

2153 4216 2281 4273 vero
2312 4201 2464 4269 panis
2488 4202 2628 4263 vitae.
2656 4202 2854 4256 Deinde
2881 4201 3173 4269 baptizavit
3198 4201 3431 4260 Joannes
3458 4208 3510 4261 in
3540 4212 3713 4275 poeni-

2084 4269 2130 4326 D
2153 4270 2340 4353 tentia,
2364 4297 2485 4358 post
2516 4290 2659 4342 hunc
2697 4288 2941 4341 Christus
2968 4287 3260 4359 perfectum
3298 4269 3595 4363 baptizavit
3612 4269 3709 4352 bal.

2150 4381 2403 4449 ptismum
2428 4380 2480 4433 in
2498 4377 2698 4446 Spiritu
2714 4386 2899 4432 sancto
2921 4386 2976 4432 et
2995 4380 3132 4449 igne.
3159 4381 3282 4437 Tria
3306 4385 3501 4439 etenim
3516 4402 3709 4455 genera

2152 4477 2277 4521 sunt
2302 4470 2553 4537 baptismi
2580 4466 2593 4519 ξ
2620 4468 2873 4536 primum,
2906 4484 3011 4547 quo
3036 4473 3587 4543 sordes-peccatorum
3616 4494 3712 4547 per

2148 4556 2422 4617 lavacrum
2454 4555 2761 4610 abluuntur.
2794 4544 3120 4626 Secundum,
3147 4578 3253 4636 quo
3290 4564 3409 4631 quis
3452 4544 3710 4636 sanguine

2150 4661 2246 4701 suo
2280 4662 2377 4715 per
2402 4648 2714 4718 martyrium
2758 4649 3078 4725 baptizatur,
3108 4634 3213 4717 quo
3257 4652 3420 4705 etiam
3461 4634 3710 4715 Christus

2146 4736 2406 4804 baptizari
2436 4736 2685 4805 dignatus
2708 4747 2808 4791 est.
2838 4739 3076 4795 Tertium
3104 4738 3494 4810 lacrymarum,
3514 4749 3708 4817 quibus

2148 4825 2311 4879 David
2336 4812 2661 4879 et-Ninivitae
2686 4825 3108 4879 misericordiam
3136 4834 3408 4885 consecuti
3436 4847 3579 4889 sunt.
3612 4838 3708 4892 De-

2145 4916 2304 4986 nique
2332 4917 2384 4969 in
2412 4915 2679 4985 baptismo
2706 4924 2912 4983 septem
2942 4916 3140 4983 gradus
3184 4928 3327 4985 sunt,
3374 4931 3483 4977 tres
3526 4927 3577 4979 in
3608 4928 3705 4982 de-

2143 5022 2353 5070 scensu,
2378 5013 2597 5075 propter
2619 5005 2719 5057 tria
2746 5003 2937 5072 quibus
2959 5007 3329 5064 renuntiamus
3355 5030 3367 5063 ε
3398 5020 3509 5067 tres
3535 5014 3624 5069 alii
3650 5017 3706 5070 in

2143 5112 2385 5160 ascensu,
2403 5078 2624 5166 propter
2646 5096 2746 5153 tria
2769 5108 2886 5161 qua:
2908 5094 3240 5151 conﬁtemur.
3263 5099 3532 5174 Septimus
3549 5121 3701 5171 vero,

2210 5226 2235 5265 ἀ
2276 5226 2471 5299 ᾼηιςιιη
2496 5240 2613 5290 cap.
2648 5222 2811 5299 l8.“
2864 5292 2900 5299 __
3061 5296 3103 5299 __
3262 5298 3271 5299 ί
3634 5294 3639 5299 ι

2216 5308 2236 5334 ο
2277 5295 2512 5369 ζοεξιῃαξ
2535 5310 2686 5369 pupa.
2721 5292 2833 5345 Yid.
2862 5292 3033 5361 llugo-
3058 5296 3318 5363 Mcnard.,
3348 5309 3458 5353 not.
3484 5302 3577 5355 cit.

2220 5364 2233 5399 ί
2278 5364 2471 5429 Amal.,
2503 5365 2599 5415 loc.
2628 5364 2716 5413 Cll.

3678 6189 3784 6198 κ
4038 5796 4160 6202 l
