  <div class='ocr_page' id='page_1' title='image "/cluster/home/n/w/nwhite01/storage/ocr_20150623/101/uva.x000834944/614.png"; bbox 0 0 4232 6248; ppageno 0'>
   <div class='ocr_carea' id='block_1_1' title="bbox 617 314 3818 406">
    <p class='ocr_par' dir='ltr' id='par_1_1' title="bbox 617 314 3818 406">
     <span class='ocr_line' id='line_1_1' title="bbox 617 314 3818 406; baseline -0.002 -1"><span class='ocrx_word' id='word_1_1' title='bbox 617 351 751 405; x_wconf 71' lang='grc'><strong>1217</strong></span> <span class='ocrx_word' id='word_1_2' title='bbox 1152 314 1161 320; x_wconf 34' lang='grc'><strong><em>⁸</em></strong></span> <span class='ocrx_word' id='word_1_3' title='bbox 1410 351 1554 405; x_wconf 86' lang='lat' dir='ltr'><strong>OPP.</strong></span> <span class='ocrx_word' id='word_1_4' title='bbox 1598 348 1988 406; x_wconf 81' lang='lat' dir='ltr'><strong>SUPPOSITA.</strong></span> <span class='ocrx_word' id='word_1_5' title='bbox 2026 376 2098 387; x_wconf 90' lang='lat'><strong>——</strong></span> <span class='ocrx_word' id='word_1_6' title='bbox 2131 345 2258 399; x_wconf 82' lang='lat' dir='ltr'><strong>UB.</strong></span> <span class='ocrx_word' id='word_1_7' title='bbox 2297 345 2382 398; x_wconf 81' lang='lat' dir='ltr'><strong>DE</strong></span> <span class='ocrx_word' id='word_1_8' title='bbox 2421 344 2665 401; x_wconf 70' lang='lat' dir='ltr'><strong>DlVlNlS</strong></span> <span class='ocrx_word' id='word_1_9' title='bbox 2698 345 2995 403; x_wconf 78' lang='lat' dir='ltr'><strong>OFFICIIS.</strong></span> <span class='ocrx_word' id='word_1_10' title='bbox 3687 340 3818 397; x_wconf 76' lang='lat' dir='ltr'><strong>l2l8</strong></span> 
     </span>
    </p>
   </div>
   <div class='ocr_carea' id='block_1_2' title="bbox 613 454 3818 535">
    <p class='ocr_par' dir='ltr' id='par_1_2' title="bbox 613 454 3818 535">
     <span class='ocr_line' id='line_1_2' title="bbox 613 454 3818 535; baseline -0.003 -18"><span class='ocrx_word' id='word_1_11' title='bbox 613 467 701 535; x_wconf 83' lang='lat' dir='ltr'><strong>qui</strong></span> <span class='ocrx_word' id='word_1_12' title='bbox 730 473 951 533; x_wconf 88' lang='lat' dir='ltr'><strong>quartus</strong></span> <span class='ocrx_word' id='word_1_13' title='bbox 975 463 1163 517; x_wconf 84' lang='lat' dir='ltr'><strong>similis</strong></span> <span class='ocrx_word' id='word_1_14' title='bbox 1191 463 1297 517; x_wconf 87' lang='lat' dir='ltr'><strong>ﬁlio</strong></span> <span class='ocrx_word' id='word_1_15' title='bbox 1334 464 1583 523; x_wconf 79' lang='lat' dir='ltr'><strong>hominis,</strong></span> <span class='ocrx_word' id='word_1_16' title='bbox 1615 462 1960 531; x_wconf 72' lang='lat' dir='ltr'><strong>exstinguens</strong></span> <span class='ocrx_word' id='word_1_17' title='bbox 1987 460 2164 512; x_wconf 80' lang='lat' dir='ltr'><strong>forna-</strong></span> <span class='ocrx_word' id='word_1_18' title='bbox 2188 456 2238 513; x_wconf 76' lang='grc' dir='ltr'><strong>Δ</strong></span> <span class='ocrx_word' id='word_1_19' title='bbox 2262 454 2381 508; x_wconf 84' lang='lat' dir='ltr'><strong>oleo</strong></span> <span class='ocrx_word' id='word_1_20' title='bbox 2436 458 2767 527; x_wconf 73' lang='lat' dir='ltr'><strong>perungitur,</strong></span> <span class='ocrx_word' id='word_1_21' title='bbox 2824 467 2882 511; x_wconf 91' lang='lat' dir='ltr'><strong>ut</strong></span> <span class='ocrx_word' id='word_1_22' title='bbox 2929 457 3080 526; x_wconf 88' lang='lat' dir='ltr'><strong>signo</strong></span> <span class='ocrx_word' id='word_1_23' title='bbox 3129 466 3328 511; x_wconf 71' lang='lat' dir='ltr'><strong>sanctae</strong></span> <span class='ocrx_word' id='word_1_24' title='bbox 3380 456 3556 510; x_wconf 78' lang='lat' dir='ltr'><strong>crucis</strong></span> <span class='ocrx_word' id='word_1_25' title='bbox 3607 456 3818 508; x_wconf 72' lang='lat' dir='ltr'><strong>dialmlo</strong></span> 
     </span>
    </p>
   </div>
   <div class='ocr_carea' id='block_1_3' title="bbox 615 544 3813 623">
    <p class='ocr_par' dir='ltr' id='par_1_3' title="bbox 615 544 3813 623">
     <span class='ocr_line' id='line_1_3' title="bbox 615 544 3813 623; baseline -0.003 -15"><span class='ocrx_word' id='word_1_26' title='bbox 615 568 725 608; x_wconf 87' lang='lat' dir='ltr'><strong>cem</strong></span> <span class='ocrx_word' id='word_1_27' title='bbox 751 552 945 623; x_wconf 70' lang='lat' dir='ltr'><strong>ignisI.</strong></span> <span class='ocrx_word' id='word_1_28' title='bbox 969 550 1248 605; x_wconf 78' lang='lat' dir='ltr'><strong>Lectiones</strong></span> <span class='ocrx_word' id='word_1_29' title='bbox 1270 550 1449 619; x_wconf 80' lang='lat' dir='ltr'><strong>itaque</strong></span> <span class='ocrx_word' id='word_1_30' title='bbox 1466 558 1714 618; x_wconf 89' lang='lat' dir='ltr'><strong>quatuor,</strong></span> <span class='ocrx_word' id='word_1_31' title='bbox 1734 561 1851 617; x_wconf 72' lang='lat' dir='ltr'><strong>qua:</strong></span> <span class='ocrx_word' id='word_1_32' title='bbox 1869 554 2164 614; x_wconf 85' lang='lat' dir='ltr'><strong>sequuntur</strong></span> <span class='ocrx_word' id='word_1_33' title='bbox 2257 544 2541 599; x_wconf 84' lang='lat' dir='ltr'><strong>claudatur</strong></span> <span class='ocrx_word' id='word_1_34' title='bbox 2569 546 2867 616; x_wconf 89' lang='lat' dir='ltr'><strong>ingressus.</strong></span> <span class='ocrx_word' id='word_1_35' title='bbox 2898 544 3193 614; x_wconf 82' lang='lat' dir='ltr'><strong>Signantur</strong></span> <span class='ocrx_word' id='word_1_36' title='bbox 3216 554 3271 599; x_wconf 87' lang='lat' dir='ltr'><strong>et</strong></span> <span class='ocrx_word' id='word_1_37' title='bbox 3294 544 3544 614; x_wconf 64' lang='lat' dir='ltr'><strong>seapulrtt,</strong></span> <span class='ocrx_word' id='word_1_38' title='bbox 3570 554 3632 597; x_wconf 91' lang='lat' dir='ltr'><strong>ut</strong></span> <span class='ocrx_word' id='word_1_39' title='bbox 3659 545 3813 599; x_wconf 80' lang='lat' dir='ltr'><strong>tituli-</strong></span> 
     </span>
    </p>
   </div>
   <div class='ocr_carea' id='block_1_4' title="bbox 614 633 2161 708">
    <p class='ocr_par' dir='ltr' id='par_1_4' title="bbox 614 633 2161 708">
     <span class='ocr_line' id='line_1_4' title="bbox 614 633 2161 708; baseline -0.005 -14"><span class='ocrx_word' id='word_1_40' title='bbox 614 649 736 695; x_wconf 81' lang='lat' dir='ltr'><strong>ante</strong></span> <span class='ocrx_word' id='word_1_41' title='bbox 774 640 1095 708; x_wconf 83' lang='lat' dir='ltr'><strong>baptismum</strong></span> <span class='ocrx_word' id='word_1_42' title='bbox 1142 653 1263 693; x_wconf 90' lang='lat' dir='ltr'><strong>cum</strong></span> <span class='ocrx_word' id='word_1_43' title='bbox 1312 639 1536 692; x_wconf 86' lang='lat' dir='ltr'><strong>canticis</strong></span> <span class='ocrx_word' id='word_1_44' title='bbox 1573 652 1668 691; x_wconf 89' lang='lat' dir='ltr'><strong>seu</strong></span> <span class='ocrx_word' id='word_1_45' title='bbox 1713 634 2067 697; x_wconf 84' lang='lat' dir='ltr'><strong>orationibus,</strong></span> <span class='ocrx_word' id='word_1_46' title='bbox 2092 633 2161 687; x_wconf 88' lang='lat' dir='ltr'><strong>ad</strong></span> 
     </span>
    </p>
   </div>
   <div class='ocr_carea' id='block_1_5' title="bbox 614 726 2160 796">
    <p class='ocr_par' dir='ltr' id='par_1_5' title="bbox 614 726 2160 796">
     <span class='ocr_line' id='line_1_5' title="bbox 614 726 2160 796; baseline -0.005 -11"><span class='ocrx_word' id='word_1_47' title='bbox 614 730 1013 785; x_wconf 77' lang='lat' dir='ltr'><strong>instructionem</strong></span> <span class='ocrx_word' id='word_1_48' title='bbox 1043 729 1548 782; x_wconf 88' lang='lat' dir='ltr'><strong>catechumenorum</strong></span> <span class='ocrx_word' id='word_1_49' title='bbox 1587 735 1747 796; x_wconf 90' lang='lat' dir='ltr'><strong>atque</strong></span> <span class='ocrx_word' id='word_1_50' title='bbox 1774 726 2160 796; x_wconf 85' lang='lat' dir='ltr'><strong>neophytorum</strong></span> 
     </span>
    </p>
   </div>
   <div class='ocr_carea' id='block_1_6' title="bbox 610 814 2156 887">
    <p class='ocr_par' dir='ltr' id='par_1_6' title="bbox 610 814 2156 887">
     <span class='ocr_line' id='line_1_6' title="bbox 610 814 2156 887; baseline -0.002 -16"><span class='ocrx_word' id='word_1_51' title='bbox 610 819 894 887; x_wconf 79' lang='lat' dir='ltr'><strong>pertinent.</strong></span> <span class='ocrx_word' id='word_1_52' title='bbox 926 817 952 856; x_wconf 70' lang='grc' dir='ltr'>δ</span> <span class='ocrx_word' id='word_1_53' title='bbox 971 816 1122 884; x_wconf 87' lang='lat' dir='ltr'><strong>Quod</strong></span> <span class='ocrx_word' id='word_1_54' title='bbox 1145 831 1272 871; x_wconf 79' lang='lat' dir='ltr'><strong>vero</strong></span> <span class='ocrx_word' id='word_1_55' title='bbox 1302 831 1405 869; x_wconf 89' lang='lat' dir='ltr'><strong>non</strong></span> <span class='ocrx_word' id='word_1_56' title='bbox 1442 818 1854 884; x_wconf 79' lang='lat' dir='ltr'><strong>pronuntiantur</strong></span> <span class='ocrx_word' id='word_1_57' title='bbox 1880 816 1933 870; x_wconf 92' lang='lat' dir='ltr'><strong>in</strong></span> <span class='ocrx_word' id='word_1_58' title='bbox 1962 814 2156 884; x_wconf 81' lang='lat' dir='ltr'><strong>capite,</strong></span> 
     </span>
    </p>
   </div>
   <div class='ocr_carea' id='block_1_7' title="bbox 610 901 2159 967">
    <p class='ocr_par' dir='ltr' id='par_1_7' title="bbox 610 901 2159 967">
     <span class='ocr_line' id='line_1_7' title="bbox 610 901 2159 967; baseline -0.002 -9"><span class='ocrx_word' id='word_1_59' title='bbox 610 914 668 958; x_wconf 91' lang='lat' dir='ltr'><strong>ut</strong></span> <span class='ocrx_word' id='word_1_60' title='bbox 697 904 812 958; x_wconf 62' lang='lat' dir='ltr'><strong>alia?</strong></span> <span class='ocrx_word' id='word_1_61' title='bbox 841 903 1115 967; x_wconf 76' lang='lat' dir='ltr'><strong>lectiones,</strong></span> <span class='ocrx_word' id='word_1_62' title='bbox 1143 903 1299 956; x_wconf 85' lang='lat' dir='ltr'><strong>sicuti</strong></span> <span class='ocrx_word' id='word_1_63' title='bbox 1322 911 1426 965; x_wconf 89' lang='lat' dir='ltr'><strong>est,</strong></span> <span class='ocrx_word' id='word_1_64' title='bbox 1450 903 1631 957; x_wconf 83' lang='lat' dir='ltr'><strong>Lectio</strong></span> <span class='ocrx_word' id='word_1_65' title='bbox 1656 902 1774 957; x_wconf 85' lang='lat' dir='ltr'><strong>libri</strong></span> <span class='ocrx_word' id='word_1_66' title='bbox 1800 901 2024 958; x_wconf 82' lang='lat' dir='ltr'><strong>Genesis</strong></span> <span class='ocrx_word' id='word_1_67' title='bbox 2046 902 2159 956; x_wconf 90' lang='lat' dir='ltr'><strong>sive</strong></span> 
     </span>
    </p>
   </div>
   <div class='ocr_carea' id='block_1_8' title="bbox 609 986 2157 1060">
    <p class='ocr_par' dir='ltr' id='par_1_8' title="bbox 609 986 2157 1060">
     <span class='ocr_line' id='line_1_8' title="bbox 609 986 2157 1060; baseline -0.003 -13"><span class='ocrx_word' id='word_1_68' title='bbox 609 993 797 1055; x_wconf 81' lang='lat' dir='ltr'><strong>Exodi,</strong></span> <span class='ocrx_word' id='word_1_69' title='bbox 828 1001 883 1047; x_wconf 90' lang='lat' dir='ltr'><strong>et</strong></span> <span class='ocrx_word' id='word_1_70' title='bbox 909 1000 1116 1046; x_wconf 56' lang='lat' dir='ltr'><strong>caeteras</strong></span> <span class='ocrx_word' id='word_1_71' title='bbox 1150 1007 1246 1060; x_wconf 89' lang='lat' dir='ltr'><strong>per</strong></span> <span class='ocrx_word' id='word_1_72' title='bbox 1272 992 1531 1055; x_wconf 86' lang='lat' dir='ltr'><strong>ordinem,</strong></span> <span class='ocrx_word' id='word_1_73' title='bbox 1560 991 1674 1045; x_wconf 68' lang='lat' dir='ltr'><strong>haec</strong></span> <span class='ocrx_word' id='word_1_74' title='bbox 1703 991 1837 1045; x_wconf 81' lang='lat' dir='ltr'><strong>ratio</strong></span> <span class='ocrx_word' id='word_1_75' title='bbox 1869 998 1954 1057; x_wconf 89' lang='lat' dir='ltr'><strong>est</strong></span> <span class='ocrx_word' id='word_1_76' title='bbox 1978 1009 1991 1043; x_wconf 90' lang='lat'><strong>:</strong></span> <span class='ocrx_word' id='word_1_77' title='bbox 2017 986 2157 1045; x_wconf 86' lang='lat' dir='ltr'><strong>Dicit</strong></span> 
     </span>
    </p>
   </div>
   <div class='ocr_carea' id='block_1_9' title="bbox 608 1079 2157 1153">
    <p class='ocr_par' dir='ltr' id='par_1_9' title="bbox 608 1079 2157 1153">
     <span class='ocr_line' id='line_1_9' title="bbox 608 1079 2157 1153; baseline -0.002 -17"><span class='ocrx_word' id='word_1_78' title='bbox 608 1084 751 1137; x_wconf 89' lang='lat' dir='ltr'><strong>enim</strong></span> <span class='ocrx_word' id='word_1_79' title='bbox 771 1082 1084 1151; x_wconf 78' lang='lat' dir='ltr'><strong>Apostolus:</strong></span> <span class='ocrx_word' id='word_1_80' title='bbox 1102 1081 1427 1150; x_wconf 78' lang='lat' dir='ltr'><strong>Sapientibus</strong></span> <span class='ocrx_word' id='word_1_81' title='bbox 1445 1092 1492 1135; x_wconf 89' lang='lat' dir='ltr'><strong>et</strong></span> <span class='ocrx_word' id='word_1_82' title='bbox 1508 1081 1861 1150; x_wconf 73' lang='lat' dir='ltr'><strong>insipientibus</strong></span> <span class='ocrx_word' id='word_1_83' title='bbox 1880 1080 2041 1153; x_wconf 57' lang='lat'><strong>5,83</strong></span> <span class='ocrx_word' id='word_1_84' title='bbox 2066 1079 2157 1133; x_wconf 78' lang='lat' dir='ltr'><strong>de-</strong></span> 
     </span>
    </p>
   </div>
   <div class='ocr_carea' id='block_1_10' title="bbox 607 1168 2157 1239">
    <p class='ocr_par' dir='ltr' id='par_1_10' title="bbox 607 1168 2157 1239">
     <span class='ocr_line' id='line_1_10' title="bbox 607 1168 2157 1239; baseline 0 -17"><span class='ocrx_word' id='word_1_85' title='bbox 607 1171 740 1223; x_wconf 84' lang='lat' dir='ltr'><strong>bitor</strong></span> <span class='ocrx_word' id='word_1_86' title='bbox 752 1186 866 1223; x_wconf 85' lang='lat' dir='ltr'><strong>sum</strong></span> <span class='ocrx_word' id='word_1_87' title='bbox 882 1168 1056 1239; x_wconf 84' lang='lat' dir='ltr'><strong>(Rom.</strong></span> <span class='ocrx_word' id='word_1_88' title='bbox 1071 1186 1116 1234; x_wconf 69' lang='grc' dir='ltr'><strong>ι,</strong></span> <span class='ocrx_word' id='word_1_89' title='bbox 1134 1168 2004 1239; x_wconf 68' lang='lat' dir='ltr'><strong>lt).Catechnmeniinsipientibus</strong></span> <span class='ocrx_word' id='word_1_90' title='bbox 2018 1183 2157 1222; x_wconf 83' lang='lat' dir='ltr'><strong>com-</strong></span> 
     </span>
    </p>
   </div>
   <div class='ocr_carea' id='block_1_11' title="bbox 604 1259 2156 1329">
    <p class='ocr_par' dir='ltr' id='par_1_11' title="bbox 604 1259 2156 1329">
     <span class='ocr_line' id='line_1_11' title="bbox 604 1259 2156 1329; baseline -0.001 -16"><span class='ocrx_word' id='word_1_91' title='bbox 604 1269 893 1329; x_wconf 80' lang='lat' dir='ltr'><strong>parantur,</strong></span> <span class='ocrx_word' id='word_1_92' title='bbox 918 1260 1037 1314; x_wconf 91' lang='lat' dir='ltr'><strong>ideo</strong></span> <span class='ocrx_word' id='word_1_93' title='bbox 1058 1261 1135 1313; x_wconf 88' lang='lat' dir='ltr'><strong>eis</strong></span> <span class='ocrx_word' id='word_1_94' title='bbox 1172 1260 1425 1315; x_wconf 85' lang='lat' dir='ltr'><strong>lectiones</strong></span> <span class='ocrx_word' id='word_1_95' title='bbox 1447 1260 1774 1315; x_wconf 86' lang='lat' dir='ltr'><strong>dissimiliter</strong></span> <span class='ocrx_word' id='word_1_96' title='bbox 1807 1259 2156 1328; x_wconf 82' lang='lat' dir='ltr'><strong>pronuntian-</strong></span> 
     </span>
    </p>
   </div>
   <div class='ocr_carea' id='block_1_12' title="bbox 606 1349 2149 1413">
    <p class='ocr_par' dir='ltr' id='par_1_12' title="bbox 606 1349 2149 1413">
     <span class='ocr_line' id='line_1_12' title="bbox 606 1349 2149 1413; baseline 0 -10"><span class='ocrx_word' id='word_1_97' title='bbox 606 1359 712 1413; x_wconf 86' lang='lat' dir='ltr'><strong>tur,</strong></span> <span class='ocrx_word' id='word_1_98' title='bbox 729 1358 788 1402; x_wconf 88' lang='lat' dir='ltr'><strong>ut</strong></span> <span class='ocrx_word' id='word_1_99' title='bbox 807 1349 1092 1404; x_wconf 85' lang='lat' dir='ltr'><strong>reducatur</strong></span> <span class='ocrx_word' id='word_1_100' title='bbox 1110 1350 1177 1403; x_wconf 89' lang='lat' dir='ltr'><strong>ad</strong></span> <span class='ocrx_word' id='word_1_101' title='bbox 1193 1351 1502 1403; x_wconf 89' lang='lat' dir='ltr'><strong>memoriam</strong></span> <span class='ocrx_word' id='word_1_102' title='bbox 1522 1349 1736 1403; x_wconf 64' lang='lat' dir='ltr'><strong>accitas</strong></span> <span class='ocrx_word' id='word_1_103' title='bbox 1756 1349 1933 1403; x_wconf 87' lang='lat' dir='ltr'><strong>cordis</strong></span> <span class='ocrx_word' id='word_1_104' title='bbox 1944 1363 2149 1413; x_wconf 89' lang='lat' dir='ltr'><strong>eorum,</strong></span> 
     </span>
    </p>
   </div>
   <div class='ocr_carea' id='block_1_13' title="bbox 603 1432 2149 1510">
    <p class='ocr_par' dir='ltr' id='par_1_13' title="bbox 603 1432 2149 1510">
     <span class='ocr_line' id='line_1_13' title="bbox 603 1432 2149 1510; baseline -0.002 -17"><span class='ocrx_word' id='word_1_105' title='bbox 603 1439 693 1507; x_wconf 89' lang='lat' dir='ltr'><strong>qui</strong></span> <span class='ocrx_word' id='word_1_106' title='bbox 717 1432 956 1493; x_wconf 75' lang='lat' dir='ltr'><strong>nondum</strong></span> <span class='ocrx_word' id='word_1_107' title='bbox 995 1452 1321 1510; x_wconf 87' lang='lat' dir='ltr'><strong>cognoscunt</strong></span> <span class='ocrx_word' id='word_1_108' title='bbox 1356 1440 1500 1493; x_wconf 89' lang='lat' dir='ltr'><strong>cives</strong></span> <span class='ocrx_word' id='word_1_109' title='bbox 1537 1438 1772 1492; x_wconf 72' lang='lat' dir='ltr'><strong>caelestis</strong></span> <span class='ocrx_word' id='word_1_110' title='bbox 1795 1437 2149 1492; x_wconf 81' lang='lat' dir='ltr'><strong>Hierusalem.</strong></span> 
     </span>
    </p>
   </div>
   <div class='ocr_carea' id='block_1_14' title="bbox 604 1518 2155 1598">
    <p class='ocr_par' dir='ltr' id='par_1_14' title="bbox 604 1518 2155 1598">
     <span class='ocr_line' id='line_1_14' title="bbox 604 1518 2155 1598; baseline -0.002 -18"><span class='ocrx_word' id='word_1_111' title='bbox 604 1528 823 1583; x_wconf 85' lang='lat' dir='ltr'><strong>Frustra</strong></span> <span class='ocrx_word' id='word_1_112' title='bbox 836 1529 915 1583; x_wconf 89' lang='lat' dir='ltr'><strong>eis</strong></span> <span class='ocrx_word' id='word_1_113' title='bbox 930 1530 1304 1598; x_wconf 88' lang='lat' dir='ltr'><strong>pronuntiatur</strong></span> <span class='ocrx_word' id='word_1_114' title='bbox 1324 1537 1512 1581; x_wconf 89' lang='lat' dir='ltr'><strong>auctor</strong></span> <span class='ocrx_word' id='word_1_115' title='bbox 1528 1518 1845 1595; x_wconf 79' lang='lat' dir='ltr'><strong>incognitus,</strong></span> <span class='ocrx_word' id='word_1_116' title='bbox 1860 1525 2050 1595; x_wconf 89' lang='lat' dir='ltr'><strong>quibus</strong></span> <span class='ocrx_word' id='word_1_117' title='bbox 2067 1524 2155 1577; x_wconf 90' lang='lat' dir='ltr'><strong>ﬁr-</strong></span> 
     </span>
    </p>
   </div>
   <div class='ocr_carea' id='block_1_15' title="bbox 602 1616 2149 1688">
    <p class='ocr_par' dir='ltr' id='par_1_15' title="bbox 602 1616 2149 1688">
     <span class='ocr_line' id='line_1_15' title="bbox 602 1616 2149 1688; baseline -0.004 -15"><span class='ocrx_word' id='word_1_118' title='bbox 602 1618 842 1673; x_wconf 88' lang='lat' dir='ltr'><strong>missima</strong></span> <span class='ocrx_word' id='word_1_119' title='bbox 864 1620 1156 1674; x_wconf 87' lang='lat' dir='ltr'><strong>auctoritas</strong></span> <span class='ocrx_word' id='word_1_120' title='bbox 1176 1626 1351 1688; x_wconf 89' lang='lat' dir='ltr'><strong>potest</strong></span> <span class='ocrx_word' id='word_1_121' title='bbox 1381 1617 1637 1672; x_wconf 83' lang='lat' dir='ltr'><strong>vilescere</strong></span> <span class='ocrx_word' id='word_1_122' title='bbox 1655 1630 1752 1684; x_wconf 89' lang='lat' dir='ltr'><strong>per</strong></span> <span class='ocrx_word' id='word_1_123' title='bbox 1774 1616 2149 1686; x_wconf 76' lang='lat' dir='ltr'><strong>ignorantiam.</strong></span> 
     </span>
    </p>
   </div>
   <div class='ocr_carea' id='block_1_16' title="bbox 670 1694 2181 1779">
    <p class='ocr_par' dir='ltr' id='par_1_16' title="bbox 670 1694 2181 1779">
     <span class='ocr_line' id='line_1_16' title="bbox 670 1694 2181 1779; baseline -0.002 -18"><span class='ocrx_word' id='word_1_124' title='bbox 670 1694 968 1777; x_wconf 81' lang='lat' dir='ltr'><strong>Antequam</strong></span> <span class='ocrx_word' id='word_1_125' title='bbox 998 1710 1139 1763; x_wconf 90' lang='lat' dir='ltr'><strong>enim</strong></span> <span class='ocrx_word' id='word_1_126' title='bbox 1173 1709 1418 1779; x_wconf 87' lang='lat' dir='ltr'><strong>legantur</strong></span> <span class='ocrx_word' id='word_1_127' title='bbox 1445 1708 1719 1773; x_wconf 87' lang='lat' dir='ltr'><strong>lectiones,</strong></span> <span class='ocrx_word' id='word_1_128' title='bbox 1756 1707 2023 1776; x_wconf 89' lang='lat' dir='ltr'><strong>accipiunt</strong></span> <span class='ocrx_word' id='word_1_129' title='bbox 2046 1707 2150 1760; x_wconf 92' lang='lat' dir='ltr'><strong>duo</strong></span> <span class='ocrx_word' id='word_1_130' title='bbox 2178 1736 2181 1779; x_wconf 34' lang='grc' dir='ltr'>ξ</span> 
     </span>
    </p>
   </div>
   <div class='ocr_carea' id='block_1_17' title="bbox 600 1770 2225 1870">
    <p class='ocr_par' dir='ltr' id='par_1_17' title="bbox 600 1770 2225 1870">
     <span class='ocr_line' id='line_1_17' title="bbox 600 1770 2225 1870; baseline -0.004 -17"><span class='ocrx_word' id='word_1_131' title='bbox 600 1801 799 1854; x_wconf 85' lang='lat' dir='ltr'><strong>notarii</strong></span> <span class='ocrx_word' id='word_1_132' title='bbox 846 1802 1236 1870; x_wconf 87' lang='lat' dir='ltr'><strong>suprascriptos</strong></span> <span class='ocrx_word' id='word_1_133' title='bbox 1278 1814 1465 1854; x_wconf 90' lang='lat' dir='ltr'><strong>cereos</strong></span> <span class='ocrx_word' id='word_1_134' title='bbox 1491 1814 1763 1861; x_wconf 89' lang='lat' dir='ltr'><strong>accensos,</strong></span> <span class='ocrx_word' id='word_1_135' title='bbox 1790 1806 1846 1851; x_wconf 89' lang='lat' dir='ltr'><strong>et</strong></span> <span class='ocrx_word' id='word_1_136' title='bbox 1874 1803 2057 1851; x_wconf 90' lang='lat' dir='ltr'><strong>tenent</strong></span> <span class='ocrx_word' id='word_1_137' title='bbox 2085 1793 2146 1848; x_wconf 89' lang='lat' dir='ltr'><strong>il-</strong></span> <span class='ocrx_word' id='word_1_138' title='bbox 2179 1770 2225 1828; x_wconf 68' lang='grc' dir='ltr'><strong>θ</strong></span> 
     </span>
    </p>
   </div>
   <div class='ocr_carea' id='block_1_18' title="bbox 601 1888 2146 1955">
    <p class='ocr_par' dir='ltr' id='par_1_18' title="bbox 601 1888 2146 1955">
     <span class='ocr_line' id='line_1_18' title="bbox 601 1888 2146 1955; baseline -0.003 -11"><span class='ocrx_word' id='word_1_139' title='bbox 601 1892 701 1955; x_wconf 89' lang='lat' dir='ltr'><strong>los,</strong></span> <span class='ocrx_word' id='word_1_140' title='bbox 734 1908 871 1946; x_wconf 89' lang='lat' dir='ltr'><strong>unus</strong></span> <span class='ocrx_word' id='word_1_141' title='bbox 898 1892 952 1945; x_wconf 90' lang='lat' dir='ltr'><strong>in</strong></span> <span class='ocrx_word' id='word_1_142' title='bbox 983 1892 1203 1946; x_wconf 83' lang='lat' dir='ltr'><strong>dextero</strong></span> <span class='ocrx_word' id='word_1_143' title='bbox 1232 1907 1399 1945; x_wconf 89' lang='lat' dir='ltr'><strong>cornu</strong></span> <span class='ocrx_word' id='word_1_144' title='bbox 1427 1892 1629 1955; x_wconf 87' lang='lat' dir='ltr'><strong>altaris,</strong></span> <span class='ocrx_word' id='word_1_145' title='bbox 1679 1889 1812 1943; x_wconf 89' lang='lat' dir='ltr'><strong>alter</strong></span> <span class='ocrx_word' id='word_1_146' title='bbox 1840 1890 1892 1941; x_wconf 89' lang='lat' dir='ltr'><strong>in</strong></span> <span class='ocrx_word' id='word_1_147' title='bbox 1922 1888 2146 1941; x_wconf 80' lang='lat' dir='ltr'><strong>sinistro</strong></span> 
     </span>
    </p>
   </div>
   <div class='ocr_carea' id='block_1_19' title="bbox 600 1977 2169 2056">
    <p class='ocr_par' dir='ltr' id='par_1_19' title="bbox 600 1977 2169 2056">
     <span class='ocr_line' id='line_1_19' title="bbox 600 1977 2169 2056; baseline -0.002 -22"><span class='ocrx_word' id='word_1_148' title='bbox 600 1996 769 2049; x_wconf 91' lang='lat' dir='ltr'><strong>usque</strong></span> <span class='ocrx_word' id='word_1_149' title='bbox 811 1982 877 2035; x_wconf 91' lang='lat' dir='ltr'><strong>ad</strong></span> <span class='ocrx_word' id='word_1_150' title='bbox 905 1980 1097 2035; x_wconf 83' lang='lat' dir='ltr'><strong>fontes.</strong></span> <span class='ocrx_word' id='word_1_151' title='bbox 1151 1980 1351 2037; x_wconf 87' lang='lat' dir='ltr'><strong>Deinde</strong></span> <span class='ocrx_word' id='word_1_152' title='bbox 1375 1983 1613 2035; x_wconf 87' lang='lat' dir='ltr'><strong>ascendit</strong></span> <span class='ocrx_word' id='word_1_153' title='bbox 1649 1980 1817 2056; x_wconf 73' lang='lat' dir='ltr'><strong>lector</strong></span> <span class='ocrx_word' id='word_1_154' title='bbox 1844 1979 1911 2033; x_wconf 90' lang='lat' dir='ltr'><strong>ad</strong></span> <span class='ocrx_word' id='word_1_155' title='bbox 1964 1977 2169 2045; x_wconf 87' lang='lat' dir='ltr'><strong>legen-.</strong></span> 
     </span>
    </p>
   </div>
   <div class='ocr_carea' id='block_1_20' title="bbox 600 2066 2146 2136">
    <p class='ocr_par' dir='ltr' id='par_1_20' title="bbox 600 2066 2146 2136">
     <span class='ocr_line' id='line_1_20' title="bbox 600 2066 2146 2136; baseline -0.002 -15"><span class='ocrx_word' id='word_1_156' title='bbox 600 2068 750 2131; x_wconf 89' lang='lat' dir='ltr'><strong>dum,</strong></span> <span class='ocrx_word' id='word_1_157' title='bbox 781 2069 981 2136; x_wconf 81' lang='lat' dir='ltr'><strong>absque</strong></span> <span class='ocrx_word' id='word_1_158' title='bbox 1001 2069 1443 2136; x_wconf 87' lang='lat' dir='ltr'><strong>.pronuntiatione</strong></span> <span class='ocrx_word' id='word_1_159' title='bbox 1470 2069 1732 2123; x_wconf 88' lang='lat' dir='ltr'><strong>lectionis.</strong></span> <span class='ocrx_word' id='word_1_160' title='bbox 1768 2066 1952 2121; x_wconf 86' lang='lat' dir='ltr'><strong>Lectio</strong></span> <span class='ocrx_word' id='word_1_161' title='bbox 1977 2066 2146 2135; x_wconf 89' lang='lat' dir='ltr'><strong>prima</strong></span> 
     </span>
    </p>
   </div>
   <div class='ocr_carea' id='block_1_21' title="bbox 598 2153 2148 2225">
    <p class='ocr_par' dir='ltr' id='par_1_21' title="bbox 598 2153 2148 2225">
     <span class='ocr_line' id='line_1_21' title="bbox 598 2153 2148 2225; baseline -0.003 -15"><span class='ocrx_word' id='word_1_162' title='bbox 598 2170 665 2210; x_wconf 78' lang='lat' dir='ltr'><strong>ex</strong></span> <span class='ocrx_word' id='word_1_163' title='bbox 697 2155 835 2209; x_wconf 88' lang='lat' dir='ltr'><strong>libro</strong></span> <span class='ocrx_word' id='word_1_164' title='bbox 865 2154 1135 2211; x_wconf 85' lang='lat' dir='ltr'><strong>Geneseos</strong></span> <span class='ocrx_word' id='word_1_165' title='bbox 1162 2156 1236 2209; x_wconf 75' lang='lat' dir='ltr'><strong>ita</strong></span> <span class='ocrx_word' id='word_1_166' title='bbox 1285 2153 1603 2210; x_wconf 84' lang='lat' dir='ltr'><strong>inchoatur:</strong></span> <span class='ocrx_word' id='word_1_167' title='bbox 1636 2154 1701 2208; x_wconf 90' lang='lat' dir='ltr'><strong>In</strong></span> <span class='ocrx_word' id='word_1_168' title='bbox 1724 2155 1975 2225; x_wconf 85' lang='lat' dir='ltr'><strong>principio</strong></span> <span class='ocrx_word' id='word_1_169' title='bbox 2005 2170 2148 2207; x_wconf 77' lang='lat' dir='ltr'><strong>cred-</strong></span> 
     </span>
    </p>
   </div>
   <div class='ocr_carea' id='block_1_22' title="bbox 596 2242 2147 2320">
    <p class='ocr_par' dir='ltr' id='par_1_22' title="bbox 596 2242 2147 2320">
     <span class='ocr_line' id='line_1_22' title="bbox 596 2242 2147 2320; baseline -0.003 -22"><span class='ocrx_word' id='word_1_170' title='bbox 596 2245 666 2298; x_wconf 77' lang='lat' dir='ltr'><strong>vit</strong></span> <span class='ocrx_word' id='word_1_171' title='bbox 700 2243 835 2298; x_wconf 96' lang='lat' dir='ltr'><strong>Deus</strong></span> <span class='ocrx_word' id='word_1_172' title='bbox 862 2243 1043 2297; x_wconf 76' lang='lat' dir='ltr'><strong>caelum</strong></span> <span class='ocrx_word' id='word_1_173' title='bbox 1091 2254 1138 2297; x_wconf 91' lang='lat' dir='ltr'><strong>et</strong></span> <span class='ocrx_word' id='word_1_174' title='bbox 1165 2254 1377 2320; x_wconf 85' lang='lat' dir='ltr'><strong>terram,</strong></span> <span class='ocrx_word' id='word_1_175' title='bbox 1406 2254 1460 2298; x_wconf 91' lang='lat' dir='ltr'><strong>et</strong></span> <span class='ocrx_word' id='word_1_176' title='bbox 1488 2245 1711 2312; x_wconf 89' lang='lat' dir='ltr'><strong>reliqua.</strong></span> <span class='ocrx_word' id='word_1_177' title='bbox 1752 2242 2006 2312; x_wconf 88' lang='lat' dir='ltr'><strong>Sequitur</strong></span> <span class='ocrx_word' id='word_1_178' title='bbox 2028 2256 2147 2296; x_wconf 88' lang='lat' dir='ltr'><strong>ora-</strong></span> 
     </span>
    </p>
   </div>
   <div class='ocr_carea' id='block_1_23' title="bbox 596 2330 2146 2403">
    <p class='ocr_par' dir='ltr' id='par_1_23' title="bbox 596 2330 2146 2403">
     <span class='ocr_line' id='line_1_23' title="bbox 596 2330 2146 2403; baseline -0.003 -15"><span class='ocrx_word' id='word_1_179' title='bbox 596 2333 673 2389; x_wconf 89' lang='lat' dir='ltr'><strong>tio</strong></span> <span class='ocrx_word' id='word_1_180' title='bbox 711 2335 911 2403; x_wconf 88' lang='lat' dir='ltr'><strong>absque</strong></span> <span class='ocrx_word' id='word_1_181' title='bbox 935 2332 1253 2387; x_wconf 87' lang='lat' dir='ltr'><strong>salutatione</strong></span> <span class='ocrx_word' id='word_1_182' title='bbox 1278 2348 1292 2386; x_wconf 88' lang='lat'><strong>:</strong></span> <span class='ocrx_word' id='word_1_183' title='bbox 1322 2333 1471 2387; x_wconf 71' lang='lat' dir='ltr'><strong>Deus</strong></span> <span class='ocrx_word' id='word_1_184' title='bbox 1496 2334 1584 2403; x_wconf 87' lang='lat' dir='ltr'><strong>qui</strong></span> <span class='ocrx_word' id='word_1_185' title='bbox 1628 2331 1933 2386; x_wconf 78' lang='lat' dir='ltr'><strong>mirabiliter</strong></span> <span class='ocrx_word' id='word_1_186' title='bbox 1960 2330 2146 2383; x_wconf 77' lang='lat' dir='ltr'><strong>creasti</strong></span> 
     </span>
    </p>
   </div>
   <div class='ocr_carea' id='block_1_24' title="bbox 596 2417 2145 2496">
    <p class='ocr_par' dir='ltr' id='par_1_24' title="bbox 596 2417 2145 2496">
     <span class='ocr_line' id='line_1_24' title="bbox 596 2417 2145 2496; baseline -0.003 -21"><span class='ocrx_word' id='word_1_187' title='bbox 596 2420 872 2475; x_wconf 78' lang='lat' dir='ltr'><strong>hominem.</strong></span> <span class='ocrx_word' id='word_1_188' title='bbox 912 2419 1097 2475; x_wconf 88' lang='lat' dir='ltr'><strong>Lectio</strong></span> <span class='ocrx_word' id='word_1_189' title='bbox 1142 2421 1375 2476; x_wconf 83' lang='lat' dir='ltr'><strong>secunda</strong></span> <span class='ocrx_word' id='word_1_190' title='bbox 1423 2436 1488 2473; x_wconf 83' lang='lat' dir='ltr'><strong>ex</strong></span> <span class='ocrx_word' id='word_1_191' title='bbox 1517 2420 1654 2474; x_wconf 91' lang='lat' dir='ltr'><strong>libro</strong></span> <span class='ocrx_word' id='word_1_192' title='bbox 1681 2419 1848 2473; x_wconf 82' lang='lat' dir='ltr'><strong>Exodi</strong></span> <span class='ocrx_word' id='word_1_193' title='bbox 1876 2437 1889 2471; x_wconf 90' lang='lat'><strong>:</strong></span> <span class='ocrx_word' id='word_1_194' title='bbox 1924 2417 2145 2496; x_wconf 77' lang='lat' dir='ltr'><strong>Factum</strong></span> 
     </span>
    </p>
   </div>
   <div class='ocr_carea' id='block_1_25' title="bbox 596 2507 2148 2577">
    <p class='ocr_par' dir='ltr' id='par_1_25' title="bbox 596 2507 2148 2577">
     <span class='ocr_line' id='line_1_25' title="bbox 596 2507 2148 2577; baseline -0.001 -17"><span class='ocrx_word' id='word_1_195' title='bbox 596 2509 748 2562; x_wconf 79' lang='lat' dir='ltr'><strong>estin</strong></span> <span class='ocrx_word' id='word_1_196' title='bbox 775 2507 950 2577; x_wconf 79' lang='lat' dir='ltr'><strong>vigilia</strong></span> <span class='ocrx_word' id='word_1_197' title='bbox 973 2509 1248 2562; x_wconf 87' lang='lat' dir='ltr'><strong>matutina.</strong></span> <span class='ocrx_word' id='word_1_198' title='bbox 1280 2507 1408 2562; x_wconf 89' lang='lat' dir='ltr'><strong>Can.</strong></span> <span class='ocrx_word' id='word_1_199' title='bbox 1442 2507 1717 2562; x_wconf 78' lang='lat' dir='ltr'><strong>Cantemus</strong></span> <span class='ocrx_word' id='word_1_200' title='bbox 1750 2507 1987 2561; x_wconf 89' lang='lat' dir='ltr'><strong>Domino.</strong></span> <span class='ocrx_word' id='word_1_201' title='bbox 2019 2509 2148 2561; x_wconf 85' lang='lat' dir='ltr'><strong>Ora-</strong></span> 
     </span>
    </p>
   </div>
   <div class='ocr_carea' id='block_1_26' title="bbox 596 2595 2146 2669">
    <p class='ocr_par' dir='ltr' id='par_1_26' title="bbox 596 2595 2146 2669">
     <span class='ocr_line' id='line_1_26' title="bbox 596 2595 2146 2669; baseline 0.001 -19"><span class='ocrx_word' id='word_1_202' title='bbox 596 2598 673 2652; x_wconf 89' lang='lat' dir='ltr'><strong>tio</strong></span> <span class='ocrx_word' id='word_1_203' title='bbox 700 2615 712 2650; x_wconf 90' lang='lat'><strong>:</strong></span> <span class='ocrx_word' id='word_1_204' title='bbox 749 2597 886 2651; x_wconf 82' lang='lat' dir='ltr'><strong>Deus</strong></span> <span class='ocrx_word' id='word_1_205' title='bbox 903 2599 986 2652; x_wconf 79' lang='lat' dir='ltr'><strong>cui</strong></span> <span class='ocrx_word' id='word_1_206' title='bbox 1009 2597 1262 2651; x_wconf 86' lang='lat' dir='ltr'><strong>miracula</strong></span> <span class='ocrx_word' id='word_1_207' title='bbox 1286 2599 1519 2669; x_wconf 85' lang='lat' dir='ltr'><strong>antiqua.</strong></span> <span class='ocrx_word' id='word_1_208' title='bbox 1543 2597 1789 2651; x_wconf 86' lang='lat' dir='ltr'><strong>Et-lectio</strong></span> <span class='ocrx_word' id='word_1_209' title='bbox 1812 2597 1971 2652; x_wconf 84' lang='lat' dir='ltr'><strong>tertia</strong></span> <span class='ocrx_word' id='word_1_210' title='bbox 1995 2595 2146 2651; x_wconf 68' lang='lat' dir='ltr'><strong>Isaia:</strong></span> 
     </span>
    </p>
   </div>
   <div class='ocr_carea' id='block_1_27' title="bbox 506 2684 2144 2756">
    <p class='ocr_par' dir='ltr' id='par_1_27' title="bbox 506 2684 2144 2756">
     <span class='ocr_line' id='line_1_27' title="bbox 506 2684 2144 2756; baseline -0.001 -18"><span class='ocrx_word' id='word_1_211' title='bbox 506 2750 509 2753; x_wconf 18' lang='grc' dir='ltr'><em>Α</em></span> <span class='ocrx_word' id='word_1_212' title='bbox 594 2686 906 2755; x_wconf 72' lang='lat' dir='ltr'><strong>prophetae:</strong></span> <span class='ocrx_word' id='word_1_213' title='bbox 937 2687 1324 2756; x_wconf 83' lang='lat' dir='ltr'><strong>Apprehendent</strong></span> <span class='ocrx_word' id='word_1_214' title='bbox 1363 2697 1551 2755; x_wconf 81' lang='lat' dir='ltr'><strong>septem</strong></span> <span class='ocrx_word' id='word_1_215' title='bbox 1588 2686 1853 2755; x_wconf 76' lang='lat' dir='ltr'><strong>mulieres.</strong></span> <span class='ocrx_word' id='word_1_216' title='bbox 1881 2685 2011 2739; x_wconf 88' lang='lat' dir='ltr'><strong>Can.</strong></span> <span class='ocrx_word' id='word_1_217' title='bbox 2050 2684 2144 2737; x_wconf 85' lang='lat' dir='ltr'><strong>Vi-</strong></span> 
     </span>
    </p>
   </div>
   <div class='ocr_carea' id='block_1_28' title="bbox 594 2773 2141 2845">
    <p class='ocr_par' dir='ltr' id='par_1_28' title="bbox 594 2773 2141 2845">
     <span class='ocr_line' id='line_1_28' title="bbox 594 2773 2141 2845; baseline -0.002 -16"><span class='ocrx_word' id='word_1_218' title='bbox 594 2794 689 2829; x_wconf 83' lang='lat' dir='ltr'><strong>nea</strong></span> <span class='ocrx_word' id='word_1_219' title='bbox 717 2777 859 2845; x_wconf 81' lang='lat' dir='ltr'><strong>facta</strong></span> <span class='ocrx_word' id='word_1_220' title='bbox 880 2785 974 2829; x_wconf 87' lang='lat' dir='ltr'><strong>est.</strong></span> <span class='ocrx_word' id='word_1_221' title='bbox 1017 2774 1257 2829; x_wconf 84' lang='lat' dir='ltr'><strong>Oremus.</strong></span> <span class='ocrx_word' id='word_1_222' title='bbox 1300 2775 1437 2829; x_wconf 87' lang='lat' dir='ltr'><strong>Deus</strong></span> <span class='ocrx_word' id='word_1_223' title='bbox 1459 2776 1547 2845; x_wconf 82' lang='lat' dir='ltr'><strong>qui</strong></span> <span class='ocrx_word' id='word_1_224' title='bbox 1576 2791 1668 2828; x_wconf 80' lang='lat' dir='ltr'><strong>nos</strong></span> <span class='ocrx_word' id='word_1_225' title='bbox 1690 2775 1757 2827; x_wconf 83' lang='lat' dir='ltr'><strong>ad</strong></span> <span class='ocrx_word' id='word_1_226' title='bbox 1783 2773 2141 2827; x_wconf 83' lang='lat' dir='ltr'><strong>celebrandum</strong></span> 
     </span>
    </p>
   </div>
   <div class='ocr_carea' id='block_1_29' title="bbox 589 2857 2139 2932">
    <p class='ocr_par' dir='ltr' id='par_1_29' title="bbox 589 2857 2139 2932">
     <span class='ocr_line' id='line_1_29' title="bbox 589 2857 2139 2932; baseline 0.002 -18"><span class='ocrx_word' id='word_1_227' title='bbox 589 2861 810 2917; x_wconf 80' lang='lat' dir='ltr'><strong>Pascha:</strong></span> <span class='ocrx_word' id='word_1_228' title='bbox 834 2875 1231 2917; x_wconf 84' lang='lat' dir='ltr'><strong>sacramentum.</strong></span> <span class='ocrx_word' id='word_1_229' title='bbox 1258 2864 1436 2919; x_wconf 84' lang='lat' dir='ltr'><strong>Lectio</strong></span> <span class='ocrx_word' id='word_1_230' title='bbox 1458 2873 1646 2932; x_wconf 86' lang='lat' dir='ltr'><strong>quarta</strong></span> <span class='ocrx_word' id='word_1_231' title='bbox 1664 2857 1816 2917; x_wconf 73' lang='lat' dir='ltr'><strong>lsaiie</strong></span> <span class='ocrx_word' id='word_1_232' title='bbox 1835 2864 2105 2931; x_wconf 66' lang='lat' dir='ltr'><strong>prepbetae</strong></span> <span class='ocrx_word' id='word_1_233' title='bbox 2127 2880 2139 2916; x_wconf 92' lang='lat'>:</span> 
     </span>
    </p>
   </div>
   <div class='ocr_carea' id='block_1_30' title="bbox 598 2946 2139 3023">
    <p class='ocr_par' dir='ltr' id='par_1_30' title="bbox 598 2946 2139 3023">
     <span class='ocr_line' id='line_1_30' title="bbox 598 2946 2139 3023; baseline 0 -22"><span class='ocrx_word' id='word_1_234' title='bbox 598 2948 723 3023; x_wconf 70' lang='lat' dir='ltr'><strong>&quot;(re</strong></span> <span class='ocrx_word' id='word_1_235' title='bbox 753 2959 826 3003; x_wconf 85' lang='lat' dir='ltr'><strong>est</strong></span> <span class='ocrx_word' id='word_1_236' title='bbox 872 2951 1164 3004; x_wconf 53' lang='lat' dir='ltr'><strong>hereditas.</strong></span> <span class='ocrx_word' id='word_1_237' title='bbox 1204 2949 1333 3004; x_wconf 85' lang='lat' dir='ltr'><strong>Can.</strong></span> <span class='ocrx_word' id='word_1_238' title='bbox 1385 2949 1599 3003; x_wconf 83' lang='lat' dir='ltr'><strong>Attende</strong></span> <span class='ocrx_word' id='word_1_239' title='bbox 1643 2949 1843 3018; x_wconf 79' lang='lat' dir='ltr'><strong>caelum.</strong></span> <span class='ocrx_word' id='word_1_240' title='bbox 1899 2946 2139 3002; x_wconf 87' lang='lat' dir='ltr'><strong>Oremus.</strong></span> 
     </span>
    </p>
   </div>
   <div class='ocr_carea' id='block_1_31' title="bbox 596 3038 2138 3109">
    <p class='ocr_par' dir='ltr' id='par_1_31' title="bbox 596 3038 2138 3109">
     <span class='ocr_line' id='line_1_31' title="bbox 596 3038 2138 3109; baseline 0.001 -19"><span class='ocrx_word' id='word_1_241' title='bbox 596 3039 729 3093; x_wconf 88' lang='lat' dir='ltr'><strong>Deus</strong></span> <span class='ocrx_word' id='word_1_242' title='bbox 752 3041 839 3109; x_wconf 87' lang='lat' dir='ltr'><strong>qui</strong></span> <span class='ocrx_word' id='word_1_243' title='bbox 866 3038 1151 3093; x_wconf 80' lang='lat' dir='ltr'><strong>Ecclesium</strong></span> <span class='ocrx_word' id='word_1_244' title='bbox 1178 3050 1339 3092; x_wconf 86' lang='lat' dir='ltr'><strong>tuam.</strong></span> <span class='ocrx_word' id='word_1_245' title='bbox 1370 3039 1443 3093; x_wconf 91' lang='lat' dir='ltr'><strong>De</strong></span> <span class='ocrx_word' id='word_1_246' title='bbox 1482 3038 1686 3107; x_wconf 88' lang='lat' dir='ltr'><strong>psalmo</strong></span> <span class='ocrx_word' id='word_1_247' title='bbox 1714 3054 1800 3100; x_wconf 75' lang='lat' dir='ltr'><strong>xu</strong></span> <span class='ocrx_word' id='word_1_248' title='bbox 1827 3038 2098 3092; x_wconf 88' lang='lat' dir='ltr'><strong>canticum</strong></span> <span class='ocrx_word' id='word_1_249' title='bbox 2125 3056 2138 3091; x_wconf 89' lang='lat'>:</span> 
     </span>
    </p>
   </div>
   <div class='ocr_carea' id='block_1_32' title="bbox 584 3108 2211 3199">
    <p class='ocr_par' dir='ltr' id='par_1_32' title="bbox 584 3108 2211 3199">
     <span class='ocr_line' id='line_1_32' title="bbox 584 3108 2211 3199; baseline -0.002 -16"><span class='ocrx_word' id='word_1_250' title='bbox 584 3127 736 3184; x_wconf 72' lang='lat' dir='ltr'><strong>‘Sicut</strong></span> <span class='ocrx_word' id='word_1_251' title='bbox 765 3108 959 3183; x_wconf 78' lang='lat' dir='ltr'><strong>cervus.</strong></span> <span class='ocrx_word' id='word_1_252' title='bbox 992 3130 1175 3184; x_wconf 82' lang='lat' dir='ltr'><strong>Oratio</strong></span> <span class='ocrx_word' id='word_1_253' title='bbox 1200 3148 1212 3181; x_wconf 89' lang='lat'>:</span> <span class='ocrx_word' id='word_1_254' title='bbox 1253 3129 1507 3193; x_wconf 87' lang='lat' dir='ltr'><strong>Concede,</strong></span> <span class='ocrx_word' id='word_1_255' title='bbox 1534 3128 1848 3199; x_wconf 49' lang='lat' dir='ltr'><strong>qutes’umus.</strong></span> <span class='ocrx_word' id='word_1_256' title='bbox 1874 3128 1996 3180; x_wconf 82' lang='lat' dir='ltr'><strong>Alia</strong></span> <span class='ocrx_word' id='word_1_257' title='bbox 2020 3143 2141 3185; x_wconf 81' lang='lat' dir='ltr'><strong>ora-</strong></span> <span class='ocrx_word' id='word_1_258' title='bbox 2163 3108 2211 3171; x_wconf 67' lang='grc' dir='ltr'><em>ε</em></span> 
     </span>
    </p>
   </div>
   <div class='ocr_carea' id='block_1_33' title="bbox 592 3215 2143 3286">
    <p class='ocr_par' dir='ltr' id='par_1_33' title="bbox 592 3215 2143 3286">
     <span class='ocr_line' id='line_1_33' title="bbox 592 3215 2143 3286; baseline -0.003 -16"><span class='ocrx_word' id='word_1_259' title='bbox 592 3220 684 3282; x_wconf 89' lang='lat' dir='ltr'><strong>tio,</strong></span> <span class='ocrx_word' id='word_1_260' title='bbox 716 3217 770 3271; x_wconf 87' lang='lat' dir='ltr'><strong>in</strong></span> <span class='ocrx_word' id='word_1_261' title='bbox 816 3219 1001 3272; x_wconf 85' lang='lat' dir='ltr'><strong>eodem</strong></span> <span class='ocrx_word' id='word_1_262' title='bbox 1048 3217 1250 3286; x_wconf 88' lang='lat' dir='ltr'><strong>psalmo</strong></span> <span class='ocrx_word' id='word_1_263' title='bbox 1291 3233 1375 3270; x_wconf 82' lang='lat' dir='ltr'><strong>xu</strong></span> <span class='ocrx_word' id='word_1_264' title='bbox 1414 3231 1428 3268; x_wconf 91' lang='lat'>:</span> <span class='ocrx_word' id='word_1_265' title='bbox 1461 3215 1794 3284; x_wconf 87' lang='lat' dir='ltr'><strong>Omnipotens</strong></span> <span class='ocrx_word' id='word_1_266' title='bbox 1838 3216 2143 3283; x_wconf 82' lang='lat' dir='ltr'><strong>sempiterne</strong></span> 
     </span>
    </p>
   </div>
   <div class='ocr_carea' id='block_1_34' title="bbox 589 3293 2136 3373">
    <p class='ocr_par' dir='ltr' id='par_1_34' title="bbox 589 3293 2136 3373">
     <span class='ocr_line' id='line_1_34' title="bbox 589 3293 2136 3373; baseline -0.001 -18"><span class='ocrx_word' id='word_1_267' title='bbox 589 3303 750 3369; x_wconf 85' lang='lat' dir='ltr'><strong>Deus,</strong></span> <span class='ocrx_word' id='word_1_268' title='bbox 781 3304 1253 3373; x_wconf 73' lang='lat' dir='ltr'><strong>respicepropitius</strong></span> <span class='ocrx_word' id='word_1_269' title='bbox 1279 3302 1345 3355; x_wconf 83' lang='lat' dir='ltr'><strong>ad</strong></span> <span class='ocrx_word' id='word_1_270' title='bbox 1371 3303 1687 3355; x_wconf 80' lang='lat' dir='ltr'><strong>devotionem</strong></span> <span class='ocrx_word' id='word_1_271' title='bbox 1716 3293 1891 3371; x_wconf 71' lang='lat' dir='ltr'><strong>populi</strong></span> <span class='ocrx_word' id='word_1_272' title='bbox 1922 3303 2017 3354; x_wconf 82' lang='lat' dir='ltr'><strong>tui.</strong></span> <span class='ocrx_word' id='word_1_273' title='bbox 2048 3301 2136 3354; x_wconf 90' lang='lat' dir='ltr'><strong>ln-</strong></span> 
     </span>
    </p>
   </div>
   <div class='ocr_carea' id='block_1_35' title="bbox 589 3393 2137 3467">
    <p class='ocr_par' dir='ltr' id='par_1_35' title="bbox 589 3393 2137 3467">
     <span class='ocr_line' id='line_1_35' title="bbox 589 3393 2137 3467; baseline -0.002 -19"><span class='ocrx_word' id='word_1_274' title='bbox 589 3406 670 3451; x_wconf 88' lang='lat' dir='ltr'><strong>tcr</strong></span> <span class='ocrx_word' id='word_1_275' title='bbox 704 3397 817 3450; x_wconf 63' lang='lat' dir='ltr'><strong>haec</strong></span> <span class='ocrx_word' id='word_1_276' title='bbox 842 3397 945 3449; x_wconf 91' lang='lat' dir='ltr'><strong>duo</strong></span> <span class='ocrx_word' id='word_1_277' title='bbox 975 3396 1205 3459; x_wconf 87' lang='lat' dir='ltr'><strong>cantica,</strong></span> <span class='ocrx_word' id='word_1_278' title='bbox 1236 3410 1341 3448; x_wconf 89' lang='lat' dir='ltr'><strong>non</strong></span> <span class='ocrx_word' id='word_1_279' title='bbox 1366 3402 1447 3467; x_wconf 79' lang='lat' dir='ltr'><strong>est</strong></span> <span class='ocrx_word' id='word_1_280' title='bbox 1474 3394 1632 3449; x_wconf 89' lang='lat' dir='ltr'><strong>lectio</strong></span> <span class='ocrx_word' id='word_1_281' title='bbox 1654 3394 1982 3455; x_wconf 85' lang='lat' dir='ltr'><strong>necessaria,</strong></span> <span class='ocrx_word' id='word_1_282' title='bbox 2012 3393 2137 3461; x_wconf 87' lang='lat' dir='ltr'><strong>quia</strong></span> 
     </span>
    </p>
   </div>
   <div class='ocr_carea' id='block_1_36' title="bbox 585 3483 2137 3555">
    <p class='ocr_par' dir='ltr' id='par_1_36' title="bbox 585 3483 2137 3555">
     <span class='ocr_line' id='line_1_36' title="bbox 585 3483 2137 3555; baseline -0.003 -16"><span class='ocrx_word' id='word_1_283' title='bbox 585 3497 804 3555; x_wconf 83' lang='lat' dir='ltr'><strong>propter</strong></span> <span class='ocrx_word' id='word_1_284' title='bbox 842 3486 1263 3541; x_wconf 87' lang='lat' dir='ltr'><strong>convenientiam</strong></span> <span class='ocrx_word' id='word_1_285' title='bbox 1312 3484 1551 3538; x_wconf 81' lang='lat' dir='ltr'><strong>lectionis</strong></span> <span class='ocrx_word' id='word_1_286' title='bbox 1574 3492 1627 3539; x_wconf 79' lang='lat' dir='ltr'><strong>et</strong></span> <span class='ocrx_word' id='word_1_287' title='bbox 1656 3486 1877 3538; x_wconf 89' lang='lat' dir='ltr'><strong>duorum</strong></span> <span class='ocrx_word' id='word_1_288' title='bbox 1896 3483 2137 3551; x_wconf 83' lang='lat' dir='ltr'><strong>psalmo-</strong></span> 
     </span>
    </p>
   </div>
   <div class='ocr_carea' id='block_1_37' title="bbox 500 3558 2138 3645">
    <p class='ocr_par' dir='ltr' id='par_1_37' title="bbox 500 3558 2138 3645">
     <span class='ocr_line' id='line_1_37' title="bbox 500 3558 2138 3645; baseline -0.002 -16"><span class='ocrx_word' id='word_1_289' title='bbox 500 3558 503 3563; x_wconf 37' lang='grc'><em>’</em></span> <span class='ocrx_word' id='word_1_290' title='bbox 588 3594 727 3641; x_wconf 83' lang='lat' dir='ltr'><strong>rum,</strong></span> <span class='ocrx_word' id='word_1_291' title='bbox 747 3579 861 3631; x_wconf 88' lang='lat' dir='ltr'><strong>sine</strong></span> <span class='ocrx_word' id='word_1_292' title='bbox 889 3579 1054 3631; x_wconf 89' lang='lat' dir='ltr'><strong>altera</strong></span> <span class='ocrx_word' id='word_1_293' title='bbox 1069 3577 1294 3630; x_wconf 83' lang='lat' dir='ltr'><strong>lectione</strong></span> <span class='ocrx_word' id='word_1_294' title='bbox 1315 3590 1545 3645; x_wconf 79' lang='lat' dir='ltr'><strong>congrue</strong></span> <span class='ocrx_word' id='word_1_295' title='bbox 1569 3575 1978 3643; x_wconf 83' lang='lat' dir='ltr'><strong>conjunguntur.</strong></span> <span class='ocrx_word' id='word_1_296' title='bbox 2000 3571 2138 3625; x_wconf 78' lang='lat' dir='ltr'><strong>Fini-</strong></span> 
     </span>
    </p>
   </div>
   <div class='ocr_carea' id='block_1_38' title="bbox 587 3660 2129 3738">
    <p class='ocr_par' dir='ltr' id='par_1_38' title="bbox 587 3660 2129 3738">
     <span class='ocr_line' id='line_1_38' title="bbox 587 3660 2129 3738; baseline -0.005 -21"><span class='ocrx_word' id='word_1_297' title='bbox 587 3666 654 3718; x_wconf 90' lang='lat' dir='ltr'><strong>tis</strong></span> <span class='ocrx_word' id='word_1_298' title='bbox 682 3666 1001 3719; x_wconf 87' lang='lat' dir='ltr'><strong>lectionibus</strong></span> <span class='ocrx_word' id='word_1_299' title='bbox 1041 3662 1467 3738; x_wconf 79' lang='lat' dir='ltr'><strong>descendendum</strong></span> <span class='ocrx_word' id='word_1_300' title='bbox 1498 3673 1583 3714; x_wconf 89' lang='lat' dir='ltr'><strong>est</strong></span> <span class='ocrx_word' id='word_1_301' title='bbox 1617 3661 1685 3712; x_wconf 89' lang='lat' dir='ltr'><strong>ad</strong></span> <span class='ocrx_word' id='word_1_302' title='bbox 1735 3660 2129 3726; x_wconf 77' lang='lat' dir='ltr'><strong>baptizandum.</strong></span> 
     </span>
    </p>
   </div>
   <div class='ocr_carea' id='block_1_39' title="bbox 652 3745 2134 3818">
    <p class='ocr_par' dir='ltr' id='par_1_39' title="bbox 652 3745 2134 3818">
     <span class='ocr_line' id='line_1_39' title="bbox 652 3745 2134 3818; baseline -0.003 -15"><span class='ocrx_word' id='word_1_303' title='bbox 652 3750 765 3815; x_wconf 86' lang='lat' dir='ltr'><strong>Qua</strong></span> <span class='ocrx_word' id='word_1_304' title='bbox 801 3751 1252 3818; x_wconf 69' lang='lat' dir='ltr'><strong>hora-haptismus</strong></span> <span class='ocrx_word' id='word_1_305' title='bbox 1282 3748 1439 3802; x_wconf 87' lang='lat' dir='ltr'><strong>hodie</strong></span> <span class='ocrx_word' id='word_1_306' title='bbox 1472 3747 1665 3801; x_wconf 79' lang='lat' dir='ltr'><strong>debeat</strong></span> <span class='ocrx_word' id='word_1_307' title='bbox 1712 3745 1990 3807; x_wconf 90' lang='lat' dir='ltr'><strong>celebrari,</strong></span> <span class='ocrx_word' id='word_1_308' title='bbox 2022 3746 2134 3799; x_wconf 85' lang='lat' dir='ltr'><strong>sive</strong></span> 
     </span>
    </p>
   </div>
   <div class='ocr_carea' id='block_1_40' title="bbox 583 3835 2129 3909">
    <p class='ocr_par' dir='ltr' id='par_1_40' title="bbox 583 3835 2129 3909">
     <span class='ocr_line' id='line_1_40' title="bbox 583 3835 2129 3909; baseline -0.005 -16"><span class='ocrx_word' id='word_1_309' title='bbox 583 3840 913 3905; x_wconf 84' lang='lat' dir='ltr'><strong>Pentecoste,</strong></span> <span class='ocrx_word' id='word_1_310' title='bbox 937 3841 1021 3895; x_wconf 88' lang='lat' dir='ltr'><strong>vel</strong></span> <span class='ocrx_word' id='word_1_311' title='bbox 1045 3840 1171 3909; x_wconf 72' lang='lat' dir='ltr'><strong>quid</strong></span> <span class='ocrx_word' id='word_1_312' title='bbox 1193 3839 1493 3894; x_wconf 82' lang='lat' dir='ltr'><strong>sacerdotes</strong></span> <span class='ocrx_word' id='word_1_313' title='bbox 1520 3836 1799 3906; x_wconf 78' lang='lat' dir='ltr'><strong>ncophytis</strong></span> <span class='ocrx_word' id='word_1_314' title='bbox 1818 3835 2129 3902; x_wconf 66' lang='lat' dir='ltr'><strong>praedicent,</strong></span> 
     </span>
    </p>
   </div>
   <div class='ocr_carea' id='block_1_41' title="bbox 582 3926 2129 4001">
    <p class='ocr_par' dir='ltr' id='par_1_41' title="bbox 582 3926 2129 4001">
     <span class='ocr_line' id='line_1_41' title="bbox 582 3926 2129 4001; baseline -0.007 -14"><span class='ocrx_word' id='word_1_315' title='bbox 582 3933 669 3987; x_wconf 90' lang='lat' dir='ltr'><strong>hic</strong></span> <span class='ocrx_word' id='word_1_316' title='bbox 705 3946 993 4001; x_wconf 87' lang='lat' dir='ltr'><strong>parumper</strong></span> <span class='ocrx_word' id='word_1_317' title='bbox 1014 3929 1363 3984; x_wconf 88' lang='lat' dir='ltr'><strong>intimandum</strong></span> <span class='ocrx_word' id='word_1_318' title='bbox 1410 3936 1509 3982; x_wconf 87' lang='lat' dir='ltr'><strong>est.</strong></span> <span class='ocrx_word' id='word_1_319' title='bbox 1552 3945 1567 3975; x_wconf 74' lang='grc' dir='ltr'><strong>ε</strong></span> <span class='ocrx_word' id='word_1_320' title='bbox 1606 3926 1786 3978; x_wconf 89' lang='lat' dir='ltr'><strong>Primo</strong></span> <span class='ocrx_word' id='word_1_321' title='bbox 1814 3936 1835 3963; x_wconf 72' lang='grc' dir='ltr'>α</span> <span class='ocrx_word' id='word_1_322' title='bbox 1870 3938 2129 3994; x_wconf 83' lang='lat' dir='ltr'><strong>paganus,</strong></span> 
     </span>
    </p>
   </div>
   <div class='ocr_carea' id='block_1_42' title="bbox 580 4014 2131 4085">
    <p class='ocr_par' dir='ltr' id='par_1_42' title="bbox 580 4014 2131 4085">
     <span class='ocr_line' id='line_1_42' title="bbox 580 4014 2131 4085; baseline -0.006 -9"><span class='ocrx_word' id='word_1_323' title='bbox 580 4032 638 4077; x_wconf 92' lang='lat' dir='ltr'><strong>ut</strong></span> <span class='ocrx_word' id='word_1_324' title='bbox 665 4014 1082 4078; x_wconf 86' lang='lat' dir='ltr'><strong>catechumenus</strong></span> <span class='ocrx_word' id='word_1_325' title='bbox 1108 4022 1218 4084; x_wconf 88' lang='lat' dir='ltr'><strong>ﬁat,</strong></span> <span class='ocrx_word' id='word_1_326' title='bbox 1264 4020 1524 4075; x_wconf 87' lang='lat' dir='ltr'><strong>accedens</strong></span> <span class='ocrx_word' id='word_1_327' title='bbox 1552 4017 1619 4071; x_wconf 89' lang='lat' dir='ltr'><strong>ad</strong></span> <span class='ocrx_word' id='word_1_328' title='bbox 1667 4017 2009 4085; x_wconf 90' lang='lat' dir='ltr'><strong>baptismum,</strong></span> <span class='ocrx_word' id='word_1_329' title='bbox 2049 4029 2131 4068; x_wconf 89' lang='lat' dir='ltr'><strong>re-</strong></span> 
     </span>
    </p>
   </div>
   <div class='ocr_carea' id='block_1_43' title="bbox 580 4107 2131 4180">
    <p class='ocr_par' dir='ltr' id='par_1_43' title="bbox 580 4107 2131 4180">
     <span class='ocr_line' id='line_1_43' title="bbox 580 4107 2131 4180; baseline -0.001 -17"><span class='ocrx_word' id='word_1_330' title='bbox 580 4113 789 4165; x_wconf 90' lang='lat' dir='ltr'><strong>nuntiet</strong></span> <span class='ocrx_word' id='word_1_331' title='bbox 821 4111 1055 4180; x_wconf 90' lang='lat' dir='ltr'><strong>maligno</strong></span> <span class='ocrx_word' id='word_1_332' title='bbox 1086 4111 1297 4179; x_wconf 87' lang='lat' dir='ltr'><strong>spiritui</strong></span> <span class='ocrx_word' id='word_1_333' title='bbox 1338 4119 1393 4162; x_wconf 88' lang='lat' dir='ltr'><strong>et</strong></span> <span class='ocrx_word' id='word_1_334' title='bbox 1417 4110 1663 4162; x_wconf 90' lang='lat' dir='ltr'><strong>omnibus</strong></span> <span class='ocrx_word' id='word_1_335' title='bbox 1697 4107 1967 4161; x_wconf 87' lang='lat' dir='ltr'><strong>damnosis</strong></span> <span class='ocrx_word' id='word_1_336' title='bbox 2015 4107 2131 4175; x_wconf 87' lang='lat' dir='ltr'><strong>ejus</strong></span> 
     </span>
    </p>
   </div>
   <div class='ocr_carea' id='block_1_44' title="bbox 566 4195 2128 4269">
    <p class='ocr_par' dir='ltr' id='par_1_44' title="bbox 566 4195 2128 4269">
     <span class='ocr_line' id='line_1_44' title="bbox 566 4195 2128 4269; baseline -0.004 -14"><span class='ocrx_word' id='word_1_337' title='bbox 566 4202 821 4269; x_wconf 64' lang='lat' dir='ltr'><strong>pompis;</strong></span> <span class='ocrx_word' id='word_1_338' title='bbox 855 4199 1166 4255; x_wconf 80' lang='lat' dir='ltr'><strong>exsuﬁlatur</strong></span> <span class='ocrx_word' id='word_1_339' title='bbox 1190 4202 1371 4263; x_wconf 89' lang='lat' dir='ltr'><strong>etiam,</strong></span> <span class='ocrx_word' id='word_1_340' title='bbox 1399 4209 1458 4252; x_wconf 89' lang='lat' dir='ltr'><strong>ut</strong></span> <span class='ocrx_word' id='word_1_341' title='bbox 1484 4198 1662 4267; x_wconf 78' lang='lat' dir='ltr'><strong>fugato</strong></span> <span class='ocrx_word' id='word_1_342' title='bbox 1691 4196 1922 4259; x_wconf 84' lang='lat' dir='ltr'><strong>diabolo,</strong></span> <span class='ocrx_word' id='word_1_343' title='bbox 1969 4195 2128 4250; x_wconf 88' lang='lat' dir='ltr'><strong>Chri-</strong></span> 
     </span>
    </p>
   </div>
   <div class='ocr_carea' id='block_1_45' title="bbox 576 4286 2125 4359">
    <p class='ocr_par' dir='ltr' id='par_1_45' title="bbox 576 4286 2125 4359">
     <span class='ocr_line' id='line_1_45' title="bbox 576 4286 2125 4359; baseline -0.005 -15"><span class='ocrx_word' id='word_1_344' title='bbox 576 4302 659 4344; x_wconf 90' lang='lat' dir='ltr'><strong>sto</strong></span> <span class='ocrx_word' id='word_1_345' title='bbox 688 4292 913 4346; x_wconf 90' lang='lat' dir='ltr'><strong>Domino</strong></span> <span class='ocrx_word' id='word_1_346' title='bbox 956 4294 1191 4359; x_wconf 78' lang='lat' dir='ltr'><strong>paretur</strong></span> <span class='ocrx_word' id='word_1_347' title='bbox 1233 4289 1512 4352; x_wconf 89' lang='lat' dir='ltr'><strong>introitus;</strong></span> <span class='ocrx_word' id='word_1_348' title='bbox 1545 4287 1909 4349; x_wconf 82' lang='lat' dir='ltr'><strong>exorcizatur,</strong></span> <span class='ocrx_word' id='word_1_349' title='bbox 1939 4286 1991 4340; x_wconf 92' lang='lat' dir='ltr'><strong>id</strong></span> <span class='ocrx_word' id='word_1_350' title='bbox 2022 4292 2125 4349; x_wconf 88' lang='lat' dir='ltr'><strong>est,</strong></span> 
     </span>
    </p>
   </div>
   <div class='ocr_carea' id='block_1_46' title="bbox 574 4376 2121 4452">
    <p class='ocr_par' dir='ltr' id='par_1_46' title="bbox 574 4376 2121 4452">
     <span class='ocr_line' id='line_1_46' title="bbox 574 4376 2121 4452; baseline -0.003 -19"><span class='ocrx_word' id='word_1_351' title='bbox 574 4380 888 4447; x_wconf 90' lang='lat' dir='ltr'><strong>conjuratur</strong></span> <span class='ocrx_word' id='word_1_352' title='bbox 916 4382 1179 4452; x_wconf 85' lang='lat' dir='ltr'><strong>malignus</strong></span> <span class='ocrx_word' id='word_1_353' title='bbox 1222 4380 1457 4448; x_wconf 90' lang='lat' dir='ltr'><strong>spiritus,</strong></span> <span class='ocrx_word' id='word_1_354' title='bbox 1506 4388 1563 4430; x_wconf 91' lang='lat' dir='ltr'><strong>ut</strong></span> <span class='ocrx_word' id='word_1_355' title='bbox 1595 4384 1752 4430; x_wconf 88' lang='lat' dir='ltr'><strong>exeat</strong></span> <span class='ocrx_word' id='word_1_356' title='bbox 1784 4384 1839 4429; x_wconf 91' lang='lat' dir='ltr'><strong>et</strong></span> <span class='ocrx_word' id='word_1_357' title='bbox 1886 4376 2121 4441; x_wconf 88' lang='lat' dir='ltr'><strong>recedat,</strong></span> 
     </span>
    </p>
   </div>
   <div class='ocr_carea' id='block_1_47' title="bbox 574 4464 2121 4539">
    <p class='ocr_par' dir='ltr' id='par_1_47' title="bbox 574 4464 2121 4539">
     <span class='ocr_line' id='line_1_47' title="bbox 574 4464 2121 4539; baseline -0.001 -20"><span class='ocrx_word' id='word_1_358' title='bbox 574 4468 709 4522; x_wconf 90' lang='lat' dir='ltr'><strong>dans</strong></span> <span class='ocrx_word' id='word_1_359' title='bbox 741 4469 916 4523; x_wconf 89' lang='lat' dir='ltr'><strong>locum</strong></span> <span class='ocrx_word' id='word_1_360' title='bbox 936 4484 1064 4523; x_wconf 90' lang='lat' dir='ltr'><strong>vero</strong></span> <span class='ocrx_word' id='word_1_361' title='bbox 1092 4470 1314 4523; x_wconf 83' lang='lat' dir='ltr'><strong>Domino</strong></span> <span class='ocrx_word' id='word_1_362' title='bbox 1339 4466 1470 4539; x_wconf 83' lang='lat' dir='ltr'><strong>[Al.,</strong></span> <span class='ocrx_word' id='word_1_363' title='bbox 1502 4467 1609 4521; x_wconf 87' lang='lat' dir='ltr'><strong>Deo</strong></span> <span class='ocrx_word' id='word_1_364' title='bbox 1653 4464 1823 4537; x_wconf 85' lang='lat' dir='ltr'><strong>vero].</strong></span> <span class='ocrx_word' id='word_1_365' title='bbox 1855 4465 2121 4520; x_wconf 72' lang='lat' dir='ltr'><strong>Catechu~</strong></span> 
     </span>
    </p>
   </div>
   <div class='ocr_carea' id='block_1_48' title="bbox 516 4554 2123 4641">
    <p class='ocr_par' dir='ltr' id='par_1_48' title="bbox 516 4554 2123 4641">
     <span class='ocr_line' id='line_1_48' title="bbox 516 4554 2123 4641; baseline 0.002 -33"><span class='ocrx_word' id='word_1_366' title='bbox 516 4594 524 4641; x_wconf 24' lang='lat' dir='ltr'><em>L</em></span> <span class='ocrx_word' id='word_1_367' title='bbox 570 4570 761 4610; x_wconf 83' lang='lat' dir='ltr'><strong>menus</strong></span> <span class='ocrx_word' id='word_1_368' title='bbox 786 4558 1005 4621; x_wconf 84' lang='lat' dir='ltr'><strong>audiens</strong></span> <span class='ocrx_word' id='word_1_369' title='bbox 1035 4558 1145 4611; x_wconf 88' lang='lat' dir='ltr'><strong>sive</strong></span> <span class='ocrx_word' id='word_1_370' title='bbox 1173 4558 1399 4626; x_wconf 90' lang='lat' dir='ltr'><strong>adjutor,</strong></span> <span class='ocrx_word' id='word_1_371' title='bbox 1426 4556 1587 4609; x_wconf 88' lang='lat' dir='ltr'><strong>salem</strong></span> <span class='ocrx_word' id='word_1_372' title='bbox 1614 4555 1823 4625; x_wconf 88' lang='lat' dir='ltr'><strong>accipit,</strong></span> <span class='ocrx_word' id='word_1_373' title='bbox 1855 4563 1916 4609; x_wconf 89' lang='lat' dir='ltr'><strong>ut</strong></span> <span class='ocrx_word' id='word_1_374' title='bbox 1946 4554 2123 4624; x_wconf 71' lang='lat' dir='ltr'><strong>putri-z</strong></span> 
     </span>
    </p>
   </div>
   <div class='ocr_carea' id='block_1_49' title="bbox 570 4643 2121 4715">
    <p class='ocr_par' dir='ltr' id='par_1_49' title="bbox 570 4643 2121 4715">
     <span class='ocr_line' id='line_1_49' title="bbox 570 4643 2121 4715; baseline 0.001 -18"><span class='ocrx_word' id='word_1_375' title='bbox 570 4643 636 4697; x_wconf 89' lang='lat' dir='ltr'><strong>da</strong></span> <span class='ocrx_word' id='word_1_376' title='bbox 667 4652 723 4698; x_wconf 93' lang='lat' dir='ltr'><strong>et</strong></span> <span class='ocrx_word' id='word_1_377' title='bbox 746 4644 883 4698; x_wconf 83' lang='lat' dir='ltr'><strong>ﬂuxa</strong></span> <span class='ocrx_word' id='word_1_378' title='bbox 913 4643 1028 4711; x_wconf 78' lang='lat' dir='ltr'><strong>eius</strong></span> <span class='ocrx_word' id='word_1_379' title='bbox 1062 4654 1280 4714; x_wconf 87' lang='lat' dir='ltr'><strong>peccata</strong></span> <span class='ocrx_word' id='word_1_380' title='bbox 1319 4646 1594 4715; x_wconf 73' lang='lat' dir='ltr'><strong>sapientia:</strong></span> <span class='ocrx_word' id='word_1_381' title='bbox 1638 4647 1748 4701; x_wconf 89' lang='lat' dir='ltr'><strong>sale</strong></span> <span class='ocrx_word' id='word_1_382' title='bbox 1799 4646 1978 4700; x_wconf 91' lang='lat' dir='ltr'><strong>divino</strong></span> <span class='ocrx_word' id='word_1_383' title='bbox 2003 4661 2121 4699; x_wconf 91' lang='lat' dir='ltr'><strong>mu-</strong></span> 
     </span>
    </p>
   </div>
   <div class='ocr_carea' id='block_1_50' title="bbox 570 4725 2124 4805">
    <p class='ocr_par' dir='ltr' id='par_1_50' title="bbox 570 4725 2124 4805">
     <span class='ocr_line' id='line_1_50' title="bbox 570 4725 2124 4805; baseline 0 -18"><span class='ocrx_word' id='word_1_384' title='bbox 570 4747 698 4789; x_wconf 90' lang='lat' dir='ltr'><strong>nere</strong></span> <span class='ocrx_word' id='word_1_385' title='bbox 735 4734 1073 4789; x_wconf 89' lang='lat' dir='ltr'><strong>mundentur.</strong></span> <span class='ocrx_word' id='word_1_386' title='bbox 1098 4725 1298 4789; x_wconf 86' lang='lat' dir='ltr'><strong>Deinde</strong></span> <span class='ocrx_word' id='word_1_387' title='bbox 1323 4735 1561 4804; x_wconf 88' lang='lat' dir='ltr'><strong>Symboli</strong></span> <span class='ocrx_word' id='word_1_388' title='bbox 1595 4735 1871 4805; x_wconf 88' lang='lat' dir='ltr'><strong>apostolici</strong></span> <span class='ocrx_word' id='word_1_389' title='bbox 1894 4734 2124 4788; x_wconf 86' lang='lat' dir='ltr'><strong>traditur</strong></span> 
     </span>
    </p>
   </div>
   <div class='ocr_carea' id='block_1_51' title="bbox 568 4823 2118 4893">
    <p class='ocr_par' dir='ltr' id='par_1_51' title="bbox 568 4823 2118 4893">
     <span class='ocr_line' id='line_1_51' title="bbox 568 4823 2118 4893; baseline 0 -15"><span class='ocrx_word' id='word_1_390' title='bbox 568 4823 619 4878; x_wconf 89' lang='lat' dir='ltr'><strong>ei</strong></span> <span class='ocrx_word' id='word_1_391' title='bbox 652 4823 807 4889; x_wconf 86' lang='lat' dir='ltr'><strong>ﬁdes,</strong></span> <span class='ocrx_word' id='word_1_392' title='bbox 836 4831 896 4877; x_wconf 87' lang='lat' dir='ltr'><strong>ut</strong></span> <span class='ocrx_word' id='word_1_393' title='bbox 916 4838 1083 4878; x_wconf 87' lang='lat' dir='ltr'><strong>vacua</strong></span> <span class='ocrx_word' id='word_1_394' title='bbox 1108 4825 1315 4888; x_wconf 87' lang='lat' dir='ltr'><strong>domus,</strong></span> <span class='ocrx_word' id='word_1_395' title='bbox 1364 4832 1419 4877; x_wconf 89' lang='lat' dir='ltr'><strong>et</strong></span> <span class='ocrx_word' id='word_1_396' title='bbox 1443 4839 1475 4876; x_wconf 89' lang='lat' dir='ltr'><strong>a</strong></span> <span class='ocrx_word' id='word_1_397' title='bbox 1495 4825 1675 4893; x_wconf 86' lang='lat' dir='ltr'><strong>prisco</strong></span> <span class='ocrx_word' id='word_1_398' title='bbox 1705 4825 2005 4880; x_wconf 84' lang='lat' dir='ltr'><strong>habitatore</strong></span> <span class='ocrx_word' id='word_1_399' title='bbox 2028 4823 2118 4878; x_wconf 88' lang='lat' dir='ltr'><strong>de-</strong></span> 
     </span>
    </p>
   </div>
   <div class='ocr_carea' id='block_1_52' title="bbox 570 4909 2119 4984">
    <p class='ocr_par' dir='ltr' id='par_1_52' title="bbox 570 4909 2119 4984">
     <span class='ocr_line' id='line_1_52' title="bbox 570 4909 2119 4984; baseline -0.001 -21"><span class='ocrx_word' id='word_1_400' title='bbox 570 4911 754 4965; x_wconf 84' lang='lat' dir='ltr'><strong>relicta</strong></span> <span class='ocrx_word' id='word_1_401' title='bbox 792 4910 899 4965; x_wconf 82' lang='lat' dir='ltr'><strong>ﬁde</strong></span> <span class='ocrx_word' id='word_1_402' title='bbox 934 4920 1173 4984; x_wconf 83' lang='lat' dir='ltr'><strong>ornetur,</strong></span> <span class='ocrx_word' id='word_1_403' title='bbox 1224 4917 1277 4965; x_wconf 85' lang='lat' dir='ltr'><strong>et</strong></span> <span class='ocrx_word' id='word_1_404' title='bbox 1326 4917 1656 4979; x_wconf 70' lang='lat' dir='ltr'><strong>pmparetur</strong></span> <span class='ocrx_word' id='word_1_405' title='bbox 1707 4910 1967 4964; x_wconf 86' lang='lat' dir='ltr'><strong>habitatio</strong></span> <span class='ocrx_word' id='word_1_406' title='bbox 2015 4909 2119 4962; x_wconf 92' lang='lat' dir='ltr'><strong>Do-</strong></span> 
     </span>
    </p>
   </div>
   <div class='ocr_carea' id='block_1_53' title="bbox 568 4990 2115 5070">
    <p class='ocr_par' dir='ltr' id='par_1_53' title="bbox 568 4990 2115 5070">
     <span class='ocr_line' id='line_1_53' title="bbox 568 4990 2115 5070; baseline 0.001 -20"><span class='ocrx_word' id='word_1_407' title='bbox 568 4999 731 5051; x_wconf 90' lang='lat' dir='ltr'><strong>mino.</strong></span> <span class='ocrx_word' id='word_1_408' title='bbox 760 4998 923 5052; x_wconf 84' lang='lat' dir='ltr'><strong>Fiunt</strong></span> <span class='ocrx_word' id='word_1_409' title='bbox 967 5002 1246 5066; x_wconf 88' lang='lat' dir='ltr'><strong>scrutinia,</strong></span> <span class='ocrx_word' id='word_1_410' title='bbox 1299 5010 1357 5055; x_wconf 93' lang='lat' dir='ltr'><strong>ut</strong></span> <span class='ocrx_word' id='word_1_411' title='bbox 1399 4990 1705 5068; x_wconf 74' lang='lat' dir='ltr'><strong>exploretur</strong></span> <span class='ocrx_word' id='word_1_412' title='bbox 1744 5000 1937 5068; x_wconf 76' lang='lat' dir='ltr'><strong>saepius</strong></span> <span class='ocrx_word' id='word_1_413' title='bbox 1984 4998 2115 5070; x_wconf 80' lang='lat' dir='ltr'><strong>[Al.,</strong></span> 
     </span>
    </p>
   </div>
   <div class='ocr_carea' id='block_1_54' title="bbox 566 5084 2115 5157">
    <p class='ocr_par' dir='ltr' id='par_1_54' title="bbox 566 5084 2115 5157">
     <span class='ocr_line' id='line_1_54' title="bbox 566 5084 2115 5157; baseline 0.002 -17"><span class='ocrx_word' id='word_1_414' title='bbox 566 5084 793 5157; x_wconf 81' lang='lat' dir='ltr'><strong>servus],</strong></span> <span class='ocrx_word' id='word_1_415' title='bbox 825 5101 895 5141; x_wconf 91' lang='lat' dir='ltr'><strong>an</strong></span> <span class='ocrx_word' id='word_1_416' title='bbox 914 5098 1034 5157; x_wconf 89' lang='lat' dir='ltr'><strong>post</strong></span> <span class='ocrx_word' id='word_1_417' title='bbox 1056 5092 1495 5146; x_wconf 88' lang='lat' dir='ltr'><strong>renuntiationem</strong></span> <span class='ocrx_word' id='word_1_418' title='bbox 1520 5088 1753 5151; x_wconf 58' lang='lat' dir='ltr'><strong>Satanae,</strong></span> <span class='ocrx_word' id='word_1_419' title='bbox 1775 5102 1932 5142; x_wconf 88' lang='lat' dir='ltr'><strong>saera</strong></span> <span class='ocrx_word' id='word_1_420' title='bbox 1956 5090 2115 5144; x_wconf 90' lang='lat' dir='ltr'><strong>verba</strong></span> 
     </span>
    </p>
   </div>
   <div class='ocr_carea' id='block_1_55' title="bbox 565 5174 2117 5247">
    <p class='ocr_par' dir='ltr' id='par_1_55' title="bbox 565 5174 2117 5247">
     <span class='ocr_line' id='line_1_55' title="bbox 565 5174 2117 5247; baseline 0.002 -18"><span class='ocrx_word' id='word_1_421' title='bbox 565 5176 701 5230; x_wconf 73' lang='lat' dir='ltr'><strong>data:</strong></span> <span class='ocrx_word' id='word_1_422' title='bbox 726 5174 848 5229; x_wconf 88' lang='lat' dir='ltr'><strong>ﬁdei</strong></span> <span class='ocrx_word' id='word_1_423' title='bbox 892 5178 1148 5233; x_wconf 83' lang='lat' dir='ltr'><strong>radicitus</strong></span> <span class='ocrx_word' id='word_1_424' title='bbox 1187 5181 1346 5235; x_wconf 88' lang='lat' dir='ltr'><strong>corde</strong></span> <span class='ocrx_word' id='word_1_425' title='bbox 1371 5178 1670 5235; x_wconf 83' lang='lat' dir='ltr'><strong>deﬁxerint.</strong></span> <span class='ocrx_word' id='word_1_426' title='bbox 1727 5178 2039 5247; x_wconf 76' lang='lat' dir='ltr'><strong>Tanguntur</strong></span> <span class='ocrx_word' id='word_1_427' title='bbox 2063 5188 2117 5232; x_wconf 91' lang='lat' dir='ltr'><strong>et</strong></span> 
     </span>
    </p>
   </div>
   <div class='ocr_carea' id='block_1_56' title="bbox 568 5262 2113 5335">
    <p class='ocr_par' dir='ltr' id='par_1_56' title="bbox 568 5262 2113 5335">
     <span class='ocr_line' id='line_1_56' title="bbox 568 5262 2113 5335; baseline 0.001 -18"><span class='ocrx_word' id='word_1_428' title='bbox 568 5279 741 5328; x_wconf 86' lang='lat' dir='ltr'><strong>nares,</strong></span> <span class='ocrx_word' id='word_1_429' title='bbox 766 5273 821 5318; x_wconf 91' lang='lat' dir='ltr'><strong>ut</strong></span> <span class='ocrx_word' id='word_1_430' title='bbox 865 5262 1100 5334; x_wconf 86' lang='lat' dir='ltr'><strong>quandiu</strong></span> <span class='ocrx_word' id='word_1_431' title='bbox 1142 5266 1386 5335; x_wconf 88' lang='lat' dir='ltr'><strong>spiritum</strong></span> <span class='ocrx_word' id='word_1_432' title='bbox 1434 5267 1651 5321; x_wconf 88' lang='lat' dir='ltr'><strong>naribus</strong></span> <span class='ocrx_word' id='word_1_433' title='bbox 1687 5266 1889 5330; x_wconf 88' lang='lat' dir='ltr'><strong>trahat,</strong></span> <span class='ocrx_word' id='word_1_434' title='bbox 1922 5265 1977 5319; x_wconf 92' lang='lat' dir='ltr'><strong>in</strong></span> <span class='ocrx_word' id='word_1_435' title='bbox 2010 5263 2113 5319; x_wconf 89' lang='lat' dir='ltr'><strong>ﬁde</strong></span> 
     </span>
    </p>
   </div>
   <div class='ocr_carea' id='block_1_57' title="bbox 565 5342 2111 5427">
    <p class='ocr_par' dir='ltr' id='par_1_57' title="bbox 565 5342 2111 5427">
     <span class='ocr_line' id='line_1_57' title="bbox 565 5342 2111 5427; baseline 0 -20"><span class='ocrx_word' id='word_1_436' title='bbox 565 5364 780 5421; x_wconf 70' lang='lat' dir='ltr'><strong>accepta</strong></span> <span class='ocrx_word' id='word_1_437' title='bbox 805 5353 1095 5423; x_wconf 72' lang='lat' dir='ltr'><strong>perduret:</strong></span> <span class='ocrx_word' id='word_1_438' title='bbox 1127 5362 1309 5421; x_wconf 87' lang='lat' dir='ltr'><strong>pectus</strong></span> <span class='ocrx_word' id='word_1_439' title='bbox 1326 5370 1534 5424; x_wconf 88' lang='lat' dir='ltr'><strong>quoque</strong></span> <span class='ocrx_word' id='word_1_440' title='bbox 1550 5356 1739 5411; x_wconf 90' lang='lat' dir='ltr'><strong>eodem</strong></span> <span class='ocrx_word' id='word_1_441' title='bbox 1766 5353 1899 5427; x_wconf 65' lang='grc' dir='ltr'><strong>με..</strong></span> <span class='ocrx_word' id='word_1_442' title='bbox 1914 5342 2111 5426; x_wconf 85' lang='lat' dir='ltr'><strong>eidem]</strong></span> 
     </span>
    </p>
   </div>
   <div class='ocr_carea' id='block_1_58' title="bbox 594 5461 1845 5536">
    <p class='ocr_par' dir='ltr' id='par_1_58' title="bbox 594 5461 1845 5536">
     <span class='ocr_line' id='line_1_58' title="bbox 594 5461 1845 5536; baseline -0.006 -13"><span class='ocrx_word' id='word_1_443' title='bbox 594 5520 598 5523; x_wconf 87' lang='lat'><strong>.</strong></span> <span class='ocrx_word' id='word_1_444' title='bbox 633 5477 655 5536; x_wconf 60' lang='grc' dir='ltr'><strong>ξ</strong></span> <span class='ocrx_word' id='word_1_445' title='bbox 684 5466 872 5536; x_wconf 69' lang='lat' dir='ltr'><strong>Locus</strong></span> <span class='ocrx_word' id='word_1_446' title='bbox 888 5476 1194 5536; x_wconf 84' lang='lat' dir='ltr'><strong>corruptus.</strong></span> <span class='ocrx_word' id='word_1_447' title='bbox 1842 5461 1845 5464; x_wconf 49' lang='grc'><em>⁴</em></span> 
     </span>
    </p>
   </div>
   <div class='ocr_carea' id='block_1_59' title="bbox 634 5534 1445 5605">
    <p class='ocr_par' dir='ltr' id='par_1_59' title="bbox 634 5534 1445 5605">
     <span class='ocr_line' id='line_1_59' title="bbox 634 5534 1445 5605; baseline 0.002 -20"><span class='ocrx_word' id='word_1_448' title='bbox 634 5534 661 5572; x_wconf 72' lang='grc' dir='ltr'><strong>ιι</strong></span> <span class='ocrx_word' id='word_1_449' title='bbox 696 5535 1015 5605; x_wconf 60' lang='grc' dir='ltr'><strong>ᾼιηειθτίιιε,</strong></span> <span class='ocrx_word' id='word_1_450' title='bbox 1045 5534 1162 5605; x_wconf 79' lang='lat' dir='ltr'><strong>cap.</strong></span> <span class='ocrx_word' id='word_1_451' title='bbox 1188 5536 1246 5589; x_wconf 75' lang='lat' dir='ltr'><strong>2i</strong></span> <span class='ocrx_word' id='word_1_452' title='bbox 1260 5574 1275 5590; x_wconf 95' lang='lat'><strong>.</strong></span> <span class='ocrx_word' id='word_1_453' title='bbox 1434 5575 1445 5587; x_wconf 89' lang='lat'><strong>.</strong></span> 
     </span>
    </p>
   </div>
   <div class='ocr_carea' id='block_1_60' title="bbox 630 5600 2112 5675">
    <p class='ocr_par' dir='ltr' id='par_1_60' title="bbox 630 5600 2112 5675">
     <span class='ocr_line' id='line_1_60' title="bbox 630 5600 2112 5675; baseline 0.002 -21"><span class='ocrx_word' id='word_1_454' title='bbox 630 5612 658 5640; x_wconf 63' lang='grc' dir='ltr'><strong>ε</strong></span> <span class='ocrx_word' id='word_1_455' title='bbox 704 5600 818 5656; x_wconf 73' lang='lat' dir='ltr'><strong>Vid.</strong></span> <span class='ocrx_word' id='word_1_456' title='bbox 850 5600 1009 5672; x_wconf 81' lang='lat' dir='ltr'><strong>epist.</strong></span> <span class='ocrx_word' id='word_1_457' title='bbox 1044 5600 1362 5671; x_wconf 65' lang='lat' dir='ltr'><strong>90&#39;Aleuini,</strong></span> <span class='ocrx_word' id='word_1_458' title='bbox 1392 5618 1511 5675; x_wconf 78' lang='lat' dir='ltr'><strong>pag.</strong></span> <span class='ocrx_word' id='word_1_459' title='bbox 1550 5605 1651 5661; x_wconf 73' lang='lat'><strong>109</strong></span> <span class='ocrx_word' id='word_1_460' title='bbox 1685 5608 1825 5661; x_wconf 85' lang='lat' dir='ltr'><strong>circa</strong></span> <span class='ocrx_word' id='word_1_461' title='bbox 1854 5605 2112 5671; x_wconf 88' lang='lat' dir='ltr'><strong>ﬁnem,ct</strong></span> 
     </span>
    </p>
   </div>
   <div class='ocr_carea' id='block_1_61' title="bbox 2256 633 3811 707">
    <p class='ocr_par' dir='ltr' id='par_1_61' title="bbox 2256 633 3811 707">
     <span class='ocr_line' id='line_1_61' title="bbox 2256 633 3811 707; baseline 0.002 -23"><span class='ocrx_word' id='word_1_462' title='bbox 2256 646 2359 701; x_wconf 89' lang='lat' dir='ltr'><strong>que</strong></span> <span class='ocrx_word' id='word_1_463' title='bbox 2387 633 2675 687; x_wconf 89' lang='lat' dir='ltr'><strong>muniatur.</strong></span> <span class='ocrx_word' id='word_1_464' title='bbox 2718 633 2851 688; x_wconf 83' lang='lat' dir='ltr'><strong>Item</strong></span> <span class='ocrx_word' id='word_1_465' title='bbox 2905 635 2958 688; x_wconf 92' lang='lat' dir='ltr'><strong>in</strong></span> <span class='ocrx_word' id='word_1_466' title='bbox 2981 635 3213 703; x_wconf 88' lang='lat' dir='ltr'><strong>pectoris</strong></span> <span class='ocrx_word' id='word_1_467' title='bbox 3248 634 3355 707; x_wconf 83' lang='grc' dir='ltr'><strong>[ΑΙ.</strong></span> <span class='ocrx_word' id='word_1_468' title='bbox 3406 634 3553 697; x_wconf 77' lang='lat' dir='ltr'><strong>add.,</strong></span> <span class='ocrx_word' id='word_1_469' title='bbox 3605 643 3657 688; x_wconf 82' lang='lat' dir='ltr'><strong>et</strong></span> <span class='ocrx_word' id='word_1_470' title='bbox 3692 650 3811 689; x_wconf 85' lang='lat' dir='ltr'><strong>sca-</strong></span> 
     </span>
    </p>
   </div>
   <div class='ocr_carea' id='block_1_62' title="bbox 2254 720 3809 793">
    <p class='ocr_par' dir='ltr' id='par_1_62' title="bbox 2254 720 3809 793">
     <span class='ocr_line' id='line_1_62' title="bbox 2254 720 3809 793; baseline 0.004 -19"><span class='ocrx_word' id='word_1_471' title='bbox 2254 720 2414 793; x_wconf 66' lang='lat' dir='ltr'><strong>pulae]</strong></span> <span class='ocrx_word' id='word_1_472' title='bbox 2459 723 2709 777; x_wconf 90' lang='lat' dir='ltr'><strong>unctione</strong></span> <span class='ocrx_word' id='word_1_473' title='bbox 2749 724 2993 792; x_wconf 79' lang='lat' dir='ltr'><strong>signatur</strong></span> <span class='ocrx_word' id='word_1_474' title='bbox 3026 723 3148 779; x_wconf 88' lang='lat' dir='ltr'><strong>ﬁdei</strong></span> <span class='ocrx_word' id='word_1_475' title='bbox 3199 724 3445 789; x_wconf 87' lang='lat' dir='ltr'><strong>ﬁrmitas,</strong></span> <span class='ocrx_word' id='word_1_476' title='bbox 3480 734 3536 785; x_wconf 82' lang='lat' dir='ltr'><strong>et</strong></span> <span class='ocrx_word' id='word_1_477' title='bbox 3587 740 3809 792; x_wconf 86' lang='lat' dir='ltr'><strong>operum</strong></span> 
     </span>
    </p>
   </div>
   <div class='ocr_carea' id='block_1_63' title="bbox 2253 809 3813 885">
    <p class='ocr_par' dir='ltr' id='par_1_63' title="bbox 2253 809 3813 885">
     <span class='ocr_line' id='line_1_63' title="bbox 2253 809 3813 885; baseline 0.003 -22"><span class='ocrx_word' id='word_1_478' title='bbox 2253 809 2513 864; x_wconf 90' lang='lat' dir='ltr'><strong>bonorum</strong></span> <span class='ocrx_word' id='word_1_479' title='bbox 2566 813 3003 885; x_wconf 87' lang='lat' dir='ltr'><strong>perseverantia:</strong></span> <span class='ocrx_word' id='word_1_480' title='bbox 3038 812 3228 866; x_wconf 87' lang='lat' dir='ltr'><strong>deinde</strong></span> <span class='ocrx_word' id='word_1_481' title='bbox 3278 823 3479 867; x_wconf 80' lang='lat' dir='ltr'><strong>sancta:</strong></span> <span class='ocrx_word' id='word_1_482' title='bbox 3531 814 3813 869; x_wconf 84' lang='lat' dir='ltr'><strong>Trinitatis</strong></span> 
     </span>
    </p>
   </div>
   <div class='ocr_carea' id='block_1_64' title="bbox 2256 898 3810 972">
    <p class='ocr_par' dir='ltr' id='par_1_64' title="bbox 2256 898 3810 972">
     <span class='ocr_line' id='line_1_64' title="bbox 2256 898 3810 972; baseline 0.004 -21"><span class='ocrx_word' id='word_1_483' title='bbox 2256 898 2395 951; x_wconf 87' lang='lat' dir='ltr'><strong>trina</strong></span> <span class='ocrx_word' id='word_1_484' title='bbox 2440 899 2811 954; x_wconf 89' lang='lat' dir='ltr'><strong>submersione</strong></span> <span class='ocrx_word' id='word_1_485' title='bbox 2864 900 3182 968; x_wconf 79' lang='lat' dir='ltr'><strong>baptizatur.</strong></span> <span class='ocrx_word' id='word_1_486' title='bbox 3222 902 3290 955; x_wconf 85' lang='lat' dir='ltr'><strong>Et</strong></span> <span class='ocrx_word' id='word_1_487' title='bbox 3310 910 3455 956; x_wconf 88' lang='lat' dir='ltr'><strong>recte</strong></span> <span class='ocrx_word' id='word_1_488' title='bbox 3492 904 3686 963; x_wconf 79' lang='lat' dir='ltr'><strong>homo,</strong></span> <span class='ocrx_word' id='word_1_489' title='bbox 3718 905 3810 972; x_wconf 91' lang='lat' dir='ltr'><strong>qui</strong></span> 
     </span>
    </p>
   </div>
   <div class='ocr_carea' id='block_1_65' title="bbox 2254 987 3852 1062">
    <p class='ocr_par' dir='ltr' id='par_1_65' title="bbox 2254 987 3852 1062">
     <span class='ocr_line' id='line_1_65' title="bbox 2254 987 3852 1062; baseline 0.004 -21"><span class='ocrx_word' id='word_1_490' title='bbox 2254 987 2322 1042; x_wconf 91' lang='lat' dir='ltr'><strong>ad</strong></span> <span class='ocrx_word' id='word_1_491' title='bbox 2348 988 2635 1056; x_wconf 75' lang='lat' dir='ltr'><strong>imaginem</strong></span> <span class='ocrx_word' id='word_1_492' title='bbox 2676 997 2874 1043; x_wconf 66' lang='lat' dir='ltr'><strong>sancte</strong></span> <span class='ocrx_word' id='word_1_493' title='bbox 2897 989 3178 1046; x_wconf 88' lang='lat' dir='ltr'><strong>Trinitatis</strong></span> <span class='ocrx_word' id='word_1_494' title='bbox 3198 1001 3282 1046; x_wconf 89' lang='lat' dir='ltr'><strong>est</strong></span> <span class='ocrx_word' id='word_1_495' title='bbox 3304 992 3569 1057; x_wconf 82' lang='lat' dir='ltr'><strong>conditus,</strong></span> <span class='ocrx_word' id='word_1_496' title='bbox 3601 1009 3697 1062; x_wconf 89' lang='lat' dir='ltr'><strong>per</strong></span> <span class='ocrx_word' id='word_1_497' title='bbox 3723 995 3804 1047; x_wconf 89' lang='lat' dir='ltr'><strong>in-</strong></span> <span class='ocrx_word' id='word_1_498' title='bbox 3848 1002 3852 1005; x_wconf 87' lang='lat'>&#39;</span> 
     </span>
    </p>
   </div>
   <div class='ocr_carea' id='block_1_66' title="bbox 2252 1077 3810 1138">
    <p class='ocr_par' dir='ltr' id='par_1_66' title="bbox 2252 1077 3810 1138">
     <span class='ocr_line' id='line_1_66' title="bbox 2252 1077 3810 1138; baseline 0.004 -9"><span class='ocrx_word' id='word_1_499' title='bbox 2252 1077 2586 1132; x_wconf 87' lang='lat' dir='ltr'><strong>vocationem</strong></span> <span class='ocrx_word' id='word_1_500' title='bbox 2612 1086 2813 1133; x_wconf 72' lang='lat' dir='ltr'><strong>sancta:</strong></span> <span class='ocrx_word' id='word_1_501' title='bbox 2834 1077 3113 1135; x_wconf 84' lang='lat' dir='ltr'><strong>Trinitatis</strong></span> <span class='ocrx_word' id='word_1_502' title='bbox 3149 1082 3218 1137; x_wconf 91' lang='lat' dir='ltr'><strong>ad</strong></span> <span class='ocrx_word' id='word_1_503' title='bbox 3251 1082 3494 1137; x_wconf 83' lang='lat' dir='ltr'><strong>eamdem</strong></span> <span class='ocrx_word' id='word_1_504' title='bbox 3519 1092 3810 1138; x_wconf 70' lang='lat' dir='ltr'><strong>renovatur</strong></span> 
     </span>
    </p>
   </div>
   <div class='ocr_carea' id='block_1_67' title="bbox 2251 1166 3811 1241">
    <p class='ocr_par' dir='ltr' id='par_1_67' title="bbox 2251 1166 3811 1241">
     <span class='ocr_line' id='line_1_67' title="bbox 2251 1166 3811 1241; baseline 0.005 -21"><span class='ocrx_word' id='word_1_505' title='bbox 2251 1166 2558 1237; x_wconf 75' lang='lat' dir='ltr'><strong>imaginem,</strong></span> <span class='ocrx_word' id='word_1_506' title='bbox 2595 1176 2649 1221; x_wconf 90' lang='lat' dir='ltr'><strong>et</strong></span> <span class='ocrx_word' id='word_1_507' title='bbox 2678 1169 2770 1238; x_wconf 88' lang='lat' dir='ltr'><strong>qui</strong></span> <span class='ocrx_word' id='word_1_508' title='bbox 2800 1170 2961 1222; x_wconf 86' lang='lat' dir='ltr'><strong>tertio</strong></span> <span class='ocrx_word' id='word_1_509' title='bbox 3003 1171 3171 1239; x_wconf 88' lang='lat' dir='ltr'><strong>gradu</strong></span> <span class='ocrx_word' id='word_1_510' title='bbox 3194 1174 3424 1241; x_wconf 77' lang='lat' dir='ltr'><strong>peccati,</strong></span> <span class='ocrx_word' id='word_1_511' title='bbox 3473 1173 3525 1225; x_wconf 91' lang='lat' dir='ltr'><strong>id</strong></span> <span class='ocrx_word' id='word_1_512' title='bbox 3552 1180 3655 1234; x_wconf 89' lang='lat' dir='ltr'><strong>est,</strong></span> <span class='ocrx_word' id='word_1_513' title='bbox 3685 1188 3811 1227; x_wconf 85' lang='lat' dir='ltr'><strong>con-</strong></span> 
     </span>
    </p>
   </div>
   <div class='ocr_carea' id='block_1_68' title="bbox 2252 1256 3808 1323">
    <p class='ocr_par' dir='ltr' id='par_1_68' title="bbox 2252 1256 3808 1323">
     <span class='ocr_line' id='line_1_68' title="bbox 2252 1256 3808 1323; baseline 0.004 -16"><span class='ocrx_word' id='word_1_514' title='bbox 2252 1268 2432 1319; x_wconf 89' lang='lat' dir='ltr'><strong>sensu,</strong></span> <span class='ocrx_word' id='word_1_515' title='bbox 2458 1256 2652 1311; x_wconf 89' lang='lat' dir='ltr'><strong>cecidit</strong></span> <span class='ocrx_word' id='word_1_516' title='bbox 2678 1257 2732 1310; x_wconf 86' lang='lat' dir='ltr'><strong>in</strong></span> <span class='ocrx_word' id='word_1_517' title='bbox 2776 1266 3023 1323; x_wconf 88' lang='lat' dir='ltr'><strong>mortem,</strong></span> <span class='ocrx_word' id='word_1_518' title='bbox 3059 1259 3217 1313; x_wconf 88' lang='lat' dir='ltr'><strong>tertio</strong></span> <span class='ocrx_word' id='word_1_519' title='bbox 3259 1259 3499 1314; x_wconf 85' lang='lat' dir='ltr'><strong>elevatur</strong></span> <span class='ocrx_word' id='word_1_520' title='bbox 3544 1261 3608 1314; x_wconf 89' lang='lat' dir='ltr'><strong>de</strong></span> <span class='ocrx_word' id='word_1_521' title='bbox 3640 1262 3808 1323; x_wconf 79' lang='lat' dir='ltr'><strong>fonto.</strong></span> 
     </span>
    </p>
   </div>
   <div class='ocr_carea' id='block_1_69' title="bbox 2250 1346 3809 1416">
    <p class='ocr_par' dir='ltr' id='par_1_69' title="bbox 2250 1346 3809 1416">
     <span class='ocr_line' id='line_1_69' title="bbox 2250 1346 3809 1416; baseline 0.005 -19"><span class='ocrx_word' id='word_1_522' title='bbox 2250 1352 2310 1398; x_wconf 91' lang='lat' dir='ltr'><strong>ut</strong></span> <span class='ocrx_word' id='word_1_523' title='bbox 2333 1358 2431 1413; x_wconf 90' lang='lat' dir='ltr'><strong>per</strong></span> <span class='ocrx_word' id='word_1_524' title='bbox 2455 1346 2683 1414; x_wconf 76' lang='lat' dir='ltr'><strong>gratiam</strong></span> <span class='ocrx_word' id='word_1_525' title='bbox 2709 1355 2894 1416; x_wconf 87' lang='lat' dir='ltr'><strong>surgat</strong></span> <span class='ocrx_word' id='word_1_526' title='bbox 2917 1347 2984 1401; x_wconf 88' lang='lat' dir='ltr'><strong>ad</strong></span> <span class='ocrx_word' id='word_1_527' title='bbox 3016 1348 3201 1415; x_wconf 84' lang='lat' dir='ltr'><strong>vitam.</strong></span> <span class='ocrx_word' id='word_1_528' title='bbox 3240 1347 3440 1403; x_wconf 87' lang='lat' dir='ltr'><strong>Deinde</strong></span> <span class='ocrx_word' id='word_1_529' title='bbox 3476 1350 3612 1405; x_wconf 87' lang='lat' dir='ltr'><strong>albis</strong></span> <span class='ocrx_word' id='word_1_530' title='bbox 3636 1353 3809 1405; x_wconf 87' lang='lat' dir='ltr'><strong>indui-</strong></span> 
     </span>
    </p>
   </div>
   <div class='ocr_carea' id='block_1_70' title="bbox 2214 1427 3811 1512">
    <p class='ocr_par' dir='ltr' id='par_1_70' title="bbox 2214 1427 3811 1512">
     <span class='ocr_line' id='line_1_70' title="bbox 2214 1427 3811 1512; baseline 0.006 -27"><span class='ocrx_word' id='word_1_531' title='bbox 2214 1427 2228 1438; x_wconf 72' lang='grc'><strong>“</strong></span> <span class='ocrx_word' id='word_1_532' title='bbox 2251 1442 2339 1486; x_wconf 88' lang='lat' dir='ltr'><strong>tur</strong></span> <span class='ocrx_word' id='word_1_533' title='bbox 2363 1434 2697 1488; x_wconf 81' lang='lat' dir='ltr'><strong>vestimentis</strong></span> <span class='ocrx_word' id='word_1_534' title='bbox 2730 1444 2947 1504; x_wconf 89' lang='lat' dir='ltr'><strong>propter</strong></span> <span class='ocrx_word' id='word_1_535' title='bbox 2993 1438 3218 1504; x_wconf 85' lang='lat' dir='ltr'><strong>gratiam</strong></span> <span class='ocrx_word' id='word_1_536' title='bbox 3262 1436 3395 1508; x_wconf 82' lang='grc' dir='ltr'><strong>[Αι.,</strong></span> <span class='ocrx_word' id='word_1_537' title='bbox 3427 1440 3702 1512; x_wconf 84' lang='lat' dir='ltr'><strong>gaudium]</strong></span> <span class='ocrx_word' id='word_1_538' title='bbox 3732 1458 3811 1495; x_wconf 85' lang='lat' dir='ltr'><strong>rc-</strong></span> 
     </span>
    </p>
   </div>
   <div class='ocr_carea' id='block_1_71' title="bbox 2249 1525 3809 1602">
    <p class='ocr_par' dir='ltr' id='par_1_71' title="bbox 2249 1525 3809 1602">
     <span class='ocr_line' id='line_1_71' title="bbox 2249 1525 3809 1602; baseline 0.006 -24"><span class='ocrx_word' id='word_1_539' title='bbox 2249 1525 2627 1593; x_wconf 87' lang='lat' dir='ltr'><strong>generationis,</strong></span> <span class='ocrx_word' id='word_1_540' title='bbox 2674 1534 2728 1580; x_wconf 91' lang='lat' dir='ltr'><strong>et</strong></span> <span class='ocrx_word' id='word_1_541' title='bbox 2752 1528 3054 1581; x_wconf 88' lang='lat' dir='ltr'><strong>castitatem</strong></span> <span class='ocrx_word' id='word_1_542' title='bbox 3087 1529 3229 1592; x_wconf 66' lang='lat' dir='ltr'><strong>vitae,</strong></span> <span class='ocrx_word' id='word_1_543' title='bbox 3271 1527 3337 1584; x_wconf 58' lang='lat' dir='ltr'><strong>et‘</strong></span> <span class='ocrx_word' id='word_1_544' title='bbox 3355 1531 3584 1601; x_wconf 90' lang='lat' dir='ltr'><strong>angelici</strong></span> <span class='ocrx_word' id='word_1_545' title='bbox 3632 1532 3809 1602; x_wconf 82' lang='lat' dir='ltr'><strong>Splen-</strong></span> 
     </span>
    </p>
   </div>
   <div class='ocr_carea' id='block_1_72' title="bbox 2250 1617 3809 1694">
    <p class='ocr_par' dir='ltr' id='par_1_72' title="bbox 2250 1617 3809 1694">
     <span class='ocr_line' id='line_1_72' title="bbox 2250 1617 3809 1694; baseline 0.006 -23"><span class='ocrx_word' id='word_1_546' title='bbox 2250 1618 2396 1671; x_wconf 88' lang='lat' dir='ltr'><strong>doris</strong></span> <span class='ocrx_word' id='word_1_547' title='bbox 2418 1618 2683 1672; x_wconf 87' lang='lat' dir='ltr'><strong>decorem.</strong></span> <span class='ocrx_word' id='word_1_548' title='bbox 2721 1617 2870 1673; x_wconf 87' lang='lat' dir='ltr'><strong>Tunc</strong></span> <span class='ocrx_word' id='word_1_549' title='bbox 2895 1634 3050 1674; x_wconf 85' lang='lat' dir='ltr'><strong>sacro</strong></span> <span class='ocrx_word' id='word_1_550' title='bbox 3086 1620 3382 1676; x_wconf 86' lang='lat' dir='ltr'><strong>chrismate</strong></span> <span class='ocrx_word' id='word_1_551' title='bbox 3423 1632 3582 1693; x_wconf 90' lang='lat' dir='ltr'><strong>caput</strong></span> <span class='ocrx_word' id='word_1_552' title='bbox 3609 1641 3809 1694; x_wconf 89' lang='lat' dir='ltr'><strong>peruu-</strong></span> 
     </span>
    </p>
   </div>
   <div class='ocr_carea' id='block_1_73' title="bbox 2251 1706 3808 1783">
    <p class='ocr_par' dir='ltr' id='par_1_73' title="bbox 2251 1706 3808 1783">
     <span class='ocr_line' id='line_1_73' title="bbox 2251 1706 3808 1783; baseline 0.007 -25"><span class='ocrx_word' id='word_1_553' title='bbox 2251 1706 2414 1773; x_wconf 87' lang='lat' dir='ltr'><strong>gitur,</strong></span> <span class='ocrx_word' id='word_1_554' title='bbox 2450 1714 2506 1759; x_wconf 91' lang='lat' dir='ltr'><strong>et</strong></span> <span class='ocrx_word' id='word_1_555' title='bbox 2530 1708 2759 1777; x_wconf 80' lang='lat' dir='ltr'><strong>mystico</strong></span> <span class='ocrx_word' id='word_1_556' title='bbox 2794 1709 2991 1777; x_wconf 88' lang='lat' dir='ltr'><strong>tegitur</strong></span> <span class='ocrx_word' id='word_1_557' title='bbox 3040 1709 3324 1775; x_wconf 85' lang='lat' dir='ltr'><strong>velamine,</strong></span> <span class='ocrx_word' id='word_1_558' title='bbox 3365 1720 3428 1765; x_wconf 92' lang='lat' dir='ltr'><strong>ut</strong></span> <span class='ocrx_word' id='word_1_559' title='bbox 3460 1713 3725 1783; x_wconf 83' lang='lat' dir='ltr'><strong>intelligat</strong></span> <span class='ocrx_word' id='word_1_560' title='bbox 3751 1731 3808 1769; x_wconf 90' lang='lat' dir='ltr'><strong>sc</strong></span> 
     </span>
    </p>
   </div>
   <div class='ocr_carea' id='block_1_74' title="bbox 2250 1796 3811 1875">
    <p class='ocr_par' dir='ltr' id='par_1_74' title="bbox 2250 1796 3811 1875">
     <span class='ocr_line' id='line_1_74' title="bbox 2250 1796 3811 1875; baseline 0.008 -28"><span class='ocrx_word' id='word_1_561' title='bbox 2250 1796 2492 1860; x_wconf 76' lang='lat' dir='ltr'><strong>diadema</strong></span> <span class='ocrx_word' id='word_1_562' title='bbox 2512 1798 2680 1866; x_wconf 91' lang='lat' dir='ltr'><strong>regni,</strong></span> <span class='ocrx_word' id='word_1_563' title='bbox 2707 1806 2761 1851; x_wconf 91' lang='lat' dir='ltr'><strong>et</strong></span> <span class='ocrx_word' id='word_1_564' title='bbox 2794 1800 3073 1854; x_wconf 84' lang='lat' dir='ltr'><strong>sacerdotii</strong></span> <span class='ocrx_word' id='word_1_565' title='bbox 3095 1800 3406 1870; x_wconf 87' lang='lat' dir='ltr'><strong>dignitatem</strong></span> <span class='ocrx_word' id='word_1_566' title='bbox 3435 1814 3669 1873; x_wconf 87' lang='lat' dir='ltr'><strong>portare,</strong></span> <span class='ocrx_word' id='word_1_567' title='bbox 3690 1806 3811 1875; x_wconf 80' lang='lat' dir='ltr'><strong>jux-</strong></span> 
     </span>
    </p>
   </div>
   <div class='ocr_carea' id='block_1_75' title="bbox 2249 1884 3809 1963">
    <p class='ocr_par' dir='ltr' id='par_1_75' title="bbox 2249 1884 3809 1963">
     <span class='ocr_line' id='line_1_75' title="bbox 2249 1884 3809 1963; baseline 0.008 -26"><span class='ocrx_word' id='word_1_568' title='bbox 2249 1892 2303 1938; x_wconf 90' lang='lat' dir='ltr'><strong>ta</strong></span> <span class='ocrx_word' id='word_1_569' title='bbox 2330 1884 2645 1954; x_wconf 79' lang='lat' dir='ltr'><strong>Apostolum</strong></span> <span class='ocrx_word' id='word_1_570' title='bbox 2699 1904 2711 1939; x_wconf 89' lang='lat'><strong>:</strong></span> <span class='ocrx_word' id='word_1_571' title='bbox 2753 1886 2854 1940; x_wconf 83' lang='lat' dir='ltr'><strong>Vos</strong></span> <span class='ocrx_word' id='word_1_572' title='bbox 2883 1889 3005 1941; x_wconf 83' lang='lat' dir='ltr'><strong>estis</strong></span> <span class='ocrx_word' id='word_1_573' title='bbox 3031 1906 3188 1958; x_wconf 84' lang='lat' dir='ltr'><strong>genus</strong></span> <span class='ocrx_word' id='word_1_574' title='bbox 3219 1891 3457 1956; x_wconf 82' lang='lat' dir='ltr'><strong>electum,</strong></span> <span class='ocrx_word' id='word_1_575' title='bbox 3493 1894 3685 1963; x_wconf 87' lang='lat' dir='ltr'><strong>regale,</strong></span> <span class='ocrx_word' id='word_1_576' title='bbox 3722 1913 3809 1949; x_wconf 82' lang='lat' dir='ltr'><strong>sa-</strong></span> 
     </span>
    </p>
   </div>
   <div class='ocr_carea' id='block_1_76' title="bbox 2248 1973 3803 2050">
    <p class='ocr_par' dir='ltr' id='par_1_76' title="bbox 2248 1973 3803 2050">
     <span class='ocr_line' id='line_1_76' title="bbox 2248 1973 3803 2050; baseline 0.009 -26"><span class='ocrx_word' id='word_1_577' title='bbox 2248 1973 2523 2035; x_wconf 84' lang='lat' dir='ltr'><strong>cerdotale,</strong></span> <span class='ocrx_word' id='word_1_578' title='bbox 2569 1976 2837 2043; x_wconf 80' lang='lat' dir='ltr'><strong>o/l‘erentes</strong></span> <span class='ocrx_word' id='word_1_579' title='bbox 2891 1983 3218 2050; x_wconf 82' lang='lat' dir='ltr'><strong>vosmetipsos</strong></span> <span class='ocrx_word' id='word_1_580' title='bbox 3266 1980 3374 2035; x_wconf 88' lang='lat' dir='ltr'><strong>Deo</strong></span> <span class='ocrx_word' id='word_1_581' title='bbox 3418 1991 3550 2047; x_wconf 72' lang='lat' dir='ltr'><strong>utro,</strong></span> <span class='ocrx_word' id='word_1_582' title='bbox 3580 1984 3803 2039; x_wconf 80' lang='lat' dir='ltr'><strong>hostium</strong></span> 
     </span>
    </p>
   </div>
   <div class='ocr_carea' id='block_1_77' title="bbox 2246 2061 3827 2140">
    <p class='ocr_par' dir='ltr' id='par_1_77' title="bbox 2246 2061 3827 2140">
     <span class='ocr_line' id='line_1_77' title="bbox 2246 2061 3827 2140; baseline 0.01 -29"><span class='ocrx_word' id='word_1_583' title='bbox 2246 2069 2479 2112; x_wconf 88' lang='lat' dir='ltr'><strong>sanctam</strong></span> <span class='ocrx_word' id='word_1_584' title='bbox 2511 2070 2559 2113; x_wconf 85' lang='lat' dir='ltr'><strong>et</strong></span> <span class='ocrx_word' id='word_1_585' title='bbox 2588 2061 2696 2114; x_wconf 89' lang='lat' dir='ltr'><strong>Deo</strong></span> <span class='ocrx_word' id='word_1_586' title='bbox 2728 2064 3009 2129; x_wconf 82' lang='lat' dir='ltr'><strong>placentem</strong></span> <span class='ocrx_word' id='word_1_587' title='bbox 3038 2066 3088 2133; x_wconf 85' lang='grc'><strong>(1</strong></span> <span class='ocrx_word' id='word_1_588' title='bbox 3122 2066 3240 2119; x_wconf 81' lang='lat' dir='ltr'><strong>Pet.</strong></span> <span class='ocrx_word' id='word_1_589' title='bbox 3264 2083 3323 2132; x_wconf 82' lang='grc' dir='ltr'><strong>ιι,</strong></span> <span class='ocrx_word' id='word_1_590' title='bbox 3350 2068 3425 2139; x_wconf 87' lang='lat'><strong>9).</strong></span> <span class='ocrx_word' id='word_1_591' title='bbox 3459 2069 3550 2125; x_wconf 90' lang='lat' dir='ltr'><strong>Sic</strong></span> <span class='ocrx_word' id='word_1_592' title='bbox 3576 2086 3827 2140; x_wconf 55' lang='lat' dir='ltr'><strong>corpore.</strong></span> 
     </span>
    </p>
   </div>
   <div class='ocr_carea' id='block_1_78' title="bbox 2246 2149 3807 2223">
    <p class='ocr_par' dir='ltr' id='par_1_78' title="bbox 2246 2149 3807 2223">
     <span class='ocr_line' id='line_1_78' title="bbox 2246 2149 3807 2223; baseline 0.011 -22"><span class='ocrx_word' id='word_1_593' title='bbox 2246 2156 2302 2223; x_wconf 90' lang='lat' dir='ltr'><strong>et</strong></span> <span class='ocrx_word' id='word_1_594' title='bbox 2333 2150 2588 2219; x_wconf 85' lang='lat' dir='ltr'><strong>sanguine</strong></span> <span class='ocrx_word' id='word_1_595' title='bbox 2634 2149 2911 2207; x_wconf 91' lang='lat' dir='ltr'><strong>Dominico</strong></span> <span class='ocrx_word' id='word_1_596' title='bbox 2942 2154 3309 2221; x_wconf 85' lang='lat' dir='ltr'><strong>conﬁrmatur,</strong></span> <span class='ocrx_word' id='word_1_597' title='bbox 3349 2167 3409 2212; x_wconf 90' lang='lat' dir='ltr'><strong>ut</strong></span> <span class='ocrx_word' id='word_1_598' title='bbox 3451 2160 3593 2215; x_wconf 89' lang='lat' dir='ltr'><strong>illius</strong></span> <span class='ocrx_word' id='word_1_599' title='bbox 3621 2163 3691 2217; x_wconf 88' lang='lat' dir='ltr'><strong>sit</strong></span> <span class='ocrx_word' id='word_1_600' title='bbox 3715 2179 3807 2217; x_wconf 87' lang='lat' dir='ltr'><strong>ea-</strong></span> 
     </span>
    </p>
   </div>
   <div class='ocr_carea' id='block_1_79' title="bbox 2246 2238 3802 2327">
    <p class='ocr_par' dir='ltr' id='par_1_79' title="bbox 2246 2238 3802 2327">
     <span class='ocr_line' id='line_1_79' title="bbox 2246 2238 3802 2327; baseline 0.01 -37"><span class='ocrx_word' id='word_1_601' title='bbox 2246 2238 2371 2327; x_wconf 83' lang='lat' dir='ltr'><strong>pitis</strong></span> <span class='ocrx_word' id='word_1_602' title='bbox 2400 2240 2717 2304; x_wconf 88' lang='lat' dir='ltr'><strong>membrum,</strong></span> <span class='ocrx_word' id='word_1_603' title='bbox 2743 2242 2834 2310; x_wconf 88' lang='lat' dir='ltr'><strong>qui</strong></span> <span class='ocrx_word' id='word_1_604' title='bbox 2861 2257 2959 2311; x_wconf 89' lang='lat' dir='ltr'><strong>pro</strong></span> <span class='ocrx_word' id='word_1_605' title='bbox 2986 2242 3259 2327; x_wconf 41' lang='lat' dir='ltr'><strong>eo‘passus</strong></span> <span class='ocrx_word' id='word_1_606' title='bbox 3282 2256 3382 2308; x_wconf 86' lang='lat' dir='ltr'><strong>est.</strong></span> <span class='ocrx_word' id='word_1_607' title='bbox 3401 2256 3455 2302; x_wconf 84' lang='lat' dir='ltr'><strong>et</strong></span> <span class='ocrx_word' id='word_1_608' title='bbox 3484 2254 3802 2309; x_wconf 73' lang='lat' dir='ltr'><strong>resurrexit.</strong></span> 
     </span>
    </p>
   </div>
   <div class='ocr_carea' id='block_1_80' title="bbox 2246 2324 3911 2405">
    <p class='ocr_par' dir='ltr' id='par_1_80' title="bbox 2246 2324 3911 2405">
     <span class='ocr_line' id='line_1_80' title="bbox 2246 2324 3911 2405; baseline 0.011 -25"><span class='ocrx_word' id='word_1_609' title='bbox 2246 2324 2545 2382; x_wconf 87' lang='lat' dir='ltr'><strong>Novissime</strong></span> <span class='ocrx_word' id='word_1_610' title='bbox 2571 2343 2666 2397; x_wconf 90' lang='lat' dir='ltr'><strong>per</strong></span> <span class='ocrx_word' id='word_1_611' title='bbox 2685 2324 3077 2400; x_wconf 84' lang='lat' dir='ltr'><strong>impositionem</strong></span> <span class='ocrx_word' id='word_1_612' title='bbox 3109 2350 3301 2405; x_wconf 85' lang='lat' dir='ltr'><strong>manus</strong></span> <span class='ocrx_word' id='word_1_613' title='bbox 3326 2351 3356 2390; x_wconf 94' lang='lat' dir='ltr'><strong>a</strong></span> <span class='ocrx_word' id='word_1_614' title='bbox 3378 2353 3590 2393; x_wconf 90' lang='lat' dir='ltr'><strong>summo</strong></span> <span class='ocrx_word' id='word_1_615' title='bbox 3625 2356 3806 2397; x_wconf 89' lang='lat' dir='ltr'><strong>saccr-</strong></span> <span class='ocrx_word' id='word_1_616' title='bbox 3906 2400 3911 2405; x_wconf 72' lang='grc'><strong>,</strong></span> 
     </span>
    </p>
   </div>
   <div class='ocr_carea' id='block_1_81' title="bbox 2247 2418 3855 2497">
    <p class='ocr_par' dir='ltr' id='par_1_81' title="bbox 2247 2418 3855 2497">
     <span class='ocr_line' id='line_1_81' title="bbox 2247 2418 3855 2497; baseline 0.008 -25"><span class='ocrx_word' id='word_1_617' title='bbox 2247 2418 2369 2473; x_wconf 89' lang='lat' dir='ltr'><strong>dote</strong></span> <span class='ocrx_word' id='word_1_618' title='bbox 2398 2418 2723 2487; x_wconf 85' lang='lat' dir='ltr'><strong>septiformis</strong></span> <span class='ocrx_word' id='word_1_619' title='bbox 2746 2423 2930 2490; x_wconf 71' lang='lat' dir='ltr'><strong>gratiae</strong></span> <span class='ocrx_word' id='word_1_620' title='bbox 2956 2422 3215 2492; x_wconf 87' lang='lat' dir='ltr'><strong>Spiritum</strong></span> <span class='ocrx_word' id='word_1_621' title='bbox 3255 2427 3469 2497; x_wconf 88' lang='lat' dir='ltr'><strong>accipit,</strong></span> <span class='ocrx_word' id='word_1_622' title='bbox 3510 2437 3568 2482; x_wconf 90' lang='lat' dir='ltr'><strong>ut</strong></span> <span class='ocrx_word' id='word_1_623' title='bbox 3595 2430 3807 2486; x_wconf 89' lang='lat' dir='ltr'><strong>roborc-</strong></span> <span class='ocrx_word' id='word_1_624' title='bbox 3849 2466 3855 2471; x_wconf 89' lang='lat'><em>-</em></span> 
     </span>
    </p>
   </div>
   <div class='ocr_carea' id='block_1_82' title="bbox 2247 2506 3804 2589">
    <p class='ocr_par' dir='ltr' id='par_1_82' title="bbox 2247 2506 3804 2589">
     <span class='ocr_line' id='line_1_82' title="bbox 2247 2506 3804 2589; baseline 0.008 -29"><span class='ocrx_word' id='word_1_625' title='bbox 2247 2515 2336 2561; x_wconf 90' lang='lat' dir='ltr'><strong>tur</strong></span> <span class='ocrx_word' id='word_1_626' title='bbox 2360 2522 2455 2576; x_wconf 90' lang='lat' dir='ltr'><strong>per</strong></span> <span class='ocrx_word' id='word_1_627' title='bbox 2479 2506 2737 2577; x_wconf 85' lang='lat' dir='ltr'><strong>Spiritum</strong></span> <span class='ocrx_word' id='word_1_628' title='bbox 2758 2518 3000 2564; x_wconf 87' lang='lat' dir='ltr'><strong>sanctum</strong></span> <span class='ocrx_word' id='word_1_629' title='bbox 3030 2512 3095 2565; x_wconf 91' lang='lat' dir='ltr'><strong>ad</strong></span> <span class='ocrx_word' id='word_1_630' title='bbox 3116 2514 3546 2580; x_wconf 63' lang='lat' dir='ltr'><strong>praedicandum,</strong></span> <span class='ocrx_word' id='word_1_631' title='bbox 3568 2518 3688 2572; x_wconf 90' lang='lat' dir='ltr'><strong>aliis</strong></span> <span class='ocrx_word' id='word_1_632' title='bbox 3714 2520 3804 2589; x_wconf 89' lang='lat' dir='ltr'><strong>qui</strong></span> 
     </span>
    </p>
   </div>
   <div class='ocr_carea' id='block_1_83' title="bbox 2245 2597 3801 2669">
    <p class='ocr_par' dir='ltr' id='par_1_83' title="bbox 2245 2597 3801 2669">
     <span class='ocr_line' id='line_1_83' title="bbox 2245 2597 3801 2669; baseline 0.006 -18"><span class='ocrx_word' id='word_1_633' title='bbox 2245 2597 2345 2652; x_wconf 91' lang='lat' dir='ltr'><strong>fuit</strong></span> <span class='ocrx_word' id='word_1_634' title='bbox 2376 2598 2728 2667; x_wconf 66' lang='lat' dir='ltr'><strong>imbaptismo</strong></span> <span class='ocrx_word' id='word_1_635' title='bbox 2755 2614 2852 2667; x_wconf 90' lang='lat' dir='ltr'><strong>per</strong></span> <span class='ocrx_word' id='word_1_636' title='bbox 2876 2600 3105 2669; x_wconf 81' lang='lat' dir='ltr'><strong>gratiam</strong></span> <span class='ocrx_word' id='word_1_637' title='bbox 3131 2603 3241 2655; x_wconf 89' lang='lat' dir='ltr'><strong>vita</strong></span> <span class='ocrx_word' id='word_1_638' title='bbox 3265 2604 3498 2659; x_wconf 84' lang='lat' dir='ltr'><strong>donatus</strong></span> <span class='ocrx_word' id='word_1_639' title='bbox 3521 2615 3741 2660; x_wconf 76' lang='lat' dir='ltr'><strong>:eterna.</strong></span> <span class='ocrx_word' id='word_1_640' title='bbox 3781 2628 3801 2659; x_wconf 70' lang='grc' dir='ltr'><strong><em>ι</em></strong></span> 
     </span>
    </p>
   </div>
   <div class='ocr_carea' id='block_1_84' title="bbox 2314 2682 3808 2757">
    <p class='ocr_par' dir='ltr' id='par_1_84' title="bbox 2314 2682 3808 2757">
     <span class='ocr_line' id='line_1_84' title="bbox 2314 2682 3808 2757; baseline 0.007 -20"><span class='ocrx_word' id='word_1_641' title='bbox 2314 2682 2485 2737; x_wconf 78' lang='lat' dir='ltr'><strong>Hodie</strong></span> <span class='ocrx_word' id='word_1_642' title='bbox 2506 2691 2682 2737; x_wconf 87' lang='lat' dir='ltr'><strong>autem</strong></span> <span class='ocrx_word' id='word_1_643' title='bbox 2712 2684 2843 2738; x_wconf 87' lang='lat' dir='ltr'><strong>hora</strong></span> <span class='ocrx_word' id='word_1_644' title='bbox 2867 2700 3006 2739; x_wconf 88' lang='lat' dir='ltr'><strong>nona</strong></span> <span class='ocrx_word' id='word_1_645' title='bbox 3037 2686 3331 2755; x_wconf 88' lang='lat' dir='ltr'><strong>baptismus</strong></span> <span class='ocrx_word' id='word_1_646' title='bbox 3358 2692 3678 2757; x_wconf 87' lang='lat' dir='ltr'><strong>celebratur,</strong></span> <span class='ocrx_word' id='word_1_647' title='bbox 3708 2699 3808 2749; x_wconf 89' lang='lat' dir='ltr'><strong>sic-</strong></span> 
     </span>
    </p>
   </div>
   <div class='ocr_carea' id='block_1_85' title="bbox 2244 2769 3804 2848">
    <p class='ocr_par' dir='ltr' id='par_1_85' title="bbox 2244 2769 3804 2848">
     <span class='ocr_line' id='line_1_85' title="bbox 2244 2769 3804 2848; baseline 0.008 -23"><span class='ocrx_word' id='word_1_648' title='bbox 2244 2780 2303 2825; x_wconf 90' lang='lat' dir='ltr'><strong>ut</strong></span> <span class='ocrx_word' id='word_1_649' title='bbox 2332 2771 2384 2824; x_wconf 89' lang='lat' dir='ltr'><strong>in</strong></span> <span class='ocrx_word' id='word_1_650' title='bbox 2410 2769 2746 2836; x_wconf 88' lang='lat' dir='ltr'><strong>Pentecoste,</strong></span> <span class='ocrx_word' id='word_1_651' title='bbox 2777 2788 2839 2827; x_wconf 90' lang='lat' dir='ltr'><strong>ea</strong></span> <span class='ocrx_word' id='word_1_652' title='bbox 2866 2775 2931 2827; x_wconf 87' lang='lat' dir='ltr'><strong>de</strong></span> <span class='ocrx_word' id='word_1_653' title='bbox 2966 2789 3150 2837; x_wconf 88' lang='lat' dir='ltr'><strong>causa,</strong></span> <span class='ocrx_word' id='word_1_654' title='bbox 3196 2777 3320 2844; x_wconf 90' lang='lat' dir='ltr'><strong>quia</strong></span> <span class='ocrx_word' id='word_1_655' title='bbox 3348 2779 3568 2848; x_wconf 84' lang='lat' dir='ltr'><strong>angelus</strong></span> <span class='ocrx_word' id='word_1_656' title='bbox 3591 2781 3804 2838; x_wconf 87' lang='lat' dir='ltr'><strong>Domini</strong></span> 
     </span>
    </p>
   </div>
   <div class='ocr_carea' id='block_1_86' title="bbox 2244 2861 3806 2943">
    <p class='ocr_par' dir='ltr' id='par_1_86' title="bbox 2244 2861 3806 2943">
     <span class='ocr_line' id='line_1_86' title="bbox 2244 2861 3806 2943; baseline 0.009 -29"><span class='ocrx_word' id='word_1_657' title='bbox 2244 2862 2392 2916; x_wconf 88' lang='lat' dir='ltr'><strong>venit</strong></span> <span class='ocrx_word' id='word_1_658' title='bbox 2414 2862 2481 2915; x_wconf 91' lang='lat' dir='ltr'><strong>ad</strong></span> <span class='ocrx_word' id='word_1_659' title='bbox 2507 2861 2810 2917; x_wconf 84' lang='lat' dir='ltr'><strong>Cornelium</strong></span> <span class='ocrx_word' id='word_1_660' title='bbox 2845 2863 2979 2919; x_wconf 89' lang='lat' dir='ltr'><strong>hora</strong></span> <span class='ocrx_word' id='word_1_661' title='bbox 3008 2875 3149 2919; x_wconf 85' lang='lat' dir='ltr'><strong>nona</strong></span> <span class='ocrx_word' id='word_1_662' title='bbox 3179 2867 3314 2938; x_wconf 78' lang='lat' dir='ltr'><strong>(Act.</strong></span> <span class='ocrx_word' id='word_1_663' title='bbox 3353 2885 3408 2934; x_wconf 84' lang='lat' dir='ltr'><strong>x,</strong></span> <span class='ocrx_word' id='word_1_664' title='bbox 3438 2872 3472 2925; x_wconf 70' lang='grc' dir='ltr'>ὅ</span> <span class='ocrx_word' id='word_1_665' title='bbox 3502 2872 3633 2943; x_wconf 87' lang='lat' dir='ltr'><strong>seq.)</strong></span> <span class='ocrx_word' id='word_1_666' title='bbox 3662 2912 3677 2937; x_wconf 91' lang='lat'><strong>,</strong></span> <span class='ocrx_word' id='word_1_667' title='bbox 3714 2889 3806 2929; x_wconf 90' lang='lat' dir='ltr'><strong>au-</strong></span> 
     </span>
    </p>
   </div>
   <div class='ocr_carea' id='block_1_87' title="bbox 2245 2954 3804 3034">
    <p class='ocr_par' dir='ltr' id='par_1_87' title="bbox 2245 2954 3804 3034">
     <span class='ocr_line' id='line_1_87' title="bbox 2245 2954 3804 3034; baseline 0.008 -27"><span class='ocrx_word' id='word_1_668' title='bbox 2245 2955 2497 3009; x_wconf 89' lang='lat' dir='ltr'><strong>nuntians</strong></span> <span class='ocrx_word' id='word_1_669' title='bbox 2534 2954 2587 3008; x_wconf 89' lang='lat' dir='ltr'><strong>ei</strong></span> <span class='ocrx_word' id='word_1_670' title='bbox 2638 2956 2780 3025; x_wconf 89' lang='lat' dir='ltr'><strong>quod</strong></span> <span class='ocrx_word' id='word_1_671' title='bbox 2844 2956 3115 3011; x_wconf 87' lang='lat' dir='ltr'><strong>orationes</strong></span> <span class='ocrx_word' id='word_1_672' title='bbox 3179 2958 3295 3025; x_wconf 86' lang='lat' dir='ltr'><strong>ejus</strong></span> <span class='ocrx_word' id='word_1_673' title='bbox 3342 2974 3410 3014; x_wconf 88' lang='lat' dir='ltr'><strong>ac</strong></span> <span class='ocrx_word' id='word_1_674' title='bbox 3452 2960 3804 3034; x_wconf 78' lang='lat' dir='ltr'><strong>eleemosyna:</strong></span> 
     </span>
    </p>
   </div>
   <div class='ocr_carea' id='block_1_88' title="bbox 2244 3044 3804 3123">
    <p class='ocr_par' dir='ltr' id='par_1_88' title="bbox 2244 3044 3804 3123">
     <span class='ocr_line' id='line_1_88' title="bbox 2244 3044 3804 3123; baseline 0.007 -26"><span class='ocrx_word' id='word_1_675' title='bbox 2244 3044 2583 3099; x_wconf 88' lang='lat' dir='ltr'><strong>ascenderint</strong></span> <span class='ocrx_word' id='word_1_676' title='bbox 2628 3045 2680 3098; x_wconf 89' lang='lat' dir='ltr'><strong>in</strong></span> <span class='ocrx_word' id='word_1_677' title='bbox 2718 3054 3057 3115; x_wconf 89' lang='lat' dir='ltr'><strong>conspectum</strong></span> <span class='ocrx_word' id='word_1_678' title='bbox 3100 3046 3328 3123; x_wconf 88' lang='lat' dir='ltr'><strong>Domini.</strong></span> <span class='ocrx_word' id='word_1_679' title='bbox 3373 3050 3473 3117; x_wconf 87' lang='lat' dir='ltr'><strong>Qui</strong></span> <span class='ocrx_word' id='word_1_680' title='bbox 3508 3066 3630 3106; x_wconf 85' lang='lat' dir='ltr'><strong>mox</strong></span> <span class='ocrx_word' id='word_1_681' title='bbox 3658 3054 3804 3108; x_wconf 90' lang='lat' dir='ltr'><strong>misit</strong></span> 
     </span>
    </p>
   </div>
   <div class='ocr_carea' id='block_1_89' title="bbox 2242 3133 3798 3213">
    <p class='ocr_par' dir='ltr' id='par_1_89' title="bbox 2242 3133 3798 3213">
     <span class='ocr_line' id='line_1_89' title="bbox 2242 3133 3798 3213; baseline 0.008 -29"><span class='ocrx_word' id='word_1_682' title='bbox 2242 3134 2309 3186; x_wconf 91' lang='lat' dir='ltr'><strong>ad</strong></span> <span class='ocrx_word' id='word_1_683' title='bbox 2337 3133 2575 3197; x_wconf 88' lang='lat' dir='ltr'><strong>Petrum,</strong></span> <span class='ocrx_word' id='word_1_684' title='bbox 2626 3143 2681 3188; x_wconf 93' lang='lat' dir='ltr'><strong>et</strong></span> <span class='ocrx_word' id='word_1_685' title='bbox 2726 3138 3023 3213; x_wconf 77' lang='lat' dir='ltr'><strong>promeruit</strong></span> <span class='ocrx_word' id='word_1_686' title='bbox 3080 3150 3474 3194; x_wconf 82' lang='lat' dir='ltr'><strong>sacramentum</strong></span> <span class='ocrx_word' id='word_1_687' title='bbox 3527 3142 3798 3211; x_wconf 87' lang='lat' dir='ltr'><strong>baptismi.</strong></span> 
     </span>
    </p>
   </div>
   <div class='ocr_carea' id='block_1_90' title="bbox 2242 3220 3799 3296">
    <p class='ocr_par' dir='ltr' id='par_1_90' title="bbox 2242 3220 3799 3296">
     <span class='ocr_line' id='line_1_90' title="bbox 2242 3220 3799 3296; baseline 0.008 -22"><span class='ocrx_word' id='word_1_688' title='bbox 2242 3220 2346 3275; x_wconf 90' lang='lat' dir='ltr'><strong>Sed</strong></span> <span class='ocrx_word' id='word_1_689' title='bbox 2373 3229 2426 3274; x_wconf 92' lang='lat' dir='ltr'><strong>et</strong></span> <span class='ocrx_word' id='word_1_690' title='bbox 2468 3223 2567 3275; x_wconf 89' lang='lat' dir='ltr'><strong>hoc</strong></span> <span class='ocrx_word' id='word_1_691' title='bbox 2600 3222 3035 3277; x_wconf 83' lang='lat' dir='ltr'><strong>decentissimum</strong></span> <span class='ocrx_word' id='word_1_692' title='bbox 3082 3237 3183 3289; x_wconf 90' lang='lat' dir='ltr'><strong>est,</strong></span> <span class='ocrx_word' id='word_1_693' title='bbox 3213 3238 3270 3281; x_wconf 93' lang='lat' dir='ltr'><strong>ut</strong></span> <span class='ocrx_word' id='word_1_694' title='bbox 3324 3230 3449 3296; x_wconf 81' lang='lat' dir='ltr'><strong>quia</strong></span> <span class='ocrx_word' id='word_1_695' title='bbox 3500 3231 3631 3284; x_wconf 90' lang='lat' dir='ltr'><strong>hora</strong></span> <span class='ocrx_word' id='word_1_696' title='bbox 3658 3248 3799 3287; x_wconf 87' lang='lat' dir='ltr'><strong>nona</strong></span> 
     </span>
    </p>
   </div>
   <div class='ocr_carea' id='block_1_91' title="bbox 2240 3311 3801 3382">
    <p class='ocr_par' dir='ltr' id='par_1_91' title="bbox 2240 3311 3801 3382">
     <span class='ocr_line' id='line_1_91' title="bbox 2240 3311 3801 3382; baseline 0.008 -19"><span class='ocrx_word' id='word_1_697' title='bbox 2240 3320 2427 3365; x_wconf 87' lang='lat' dir='ltr'><strong>auctor</strong></span> <span class='ocrx_word' id='word_1_698' title='bbox 2447 3311 2570 3365; x_wconf 65' lang='lat' dir='ltr'><strong>vita:</strong></span> <span class='ocrx_word' id='word_1_699' title='bbox 2592 3312 2772 3365; x_wconf 87' lang='lat' dir='ltr'><strong>emisit</strong></span> <span class='ocrx_word' id='word_1_700' title='bbox 2795 3312 3059 3382; x_wconf 88' lang='lat' dir='ltr'><strong>spiritum,</strong></span> <span class='ocrx_word' id='word_1_701' title='bbox 3084 3320 3271 3369; x_wconf 67' lang='lat' dir='ltr'><strong>eadem</strong></span> <span class='ocrx_word' id='word_1_702' title='bbox 3294 3317 3422 3369; x_wconf 87' lang='lat' dir='ltr'><strong>hora</strong></span> <span class='ocrx_word' id='word_1_703' title='bbox 3450 3334 3586 3371; x_wconf 92' lang='lat' dir='ltr'><strong>nona</strong></span> <span class='ocrx_word' id='word_1_704' title='bbox 3618 3320 3801 3376; x_wconf 83' lang='lat' dir='ltr'><strong>Eccle-</strong></span> 
     </span>
    </p>
   </div>
   <div class='ocr_carea' id='block_1_92' title="bbox 2238 3401 3801 3474">
    <p class='ocr_par' dir='ltr' id='par_1_92' title="bbox 2238 3401 3801 3474">
     <span class='ocr_line' id='line_1_92' title="bbox 2238 3401 3801 3474; baseline 0.008 -21"><span class='ocrx_word' id='word_1_705' title='bbox 2238 3403 2317 3453; x_wconf 85' lang='lat' dir='ltr'><strong>sia</strong></span> <span class='ocrx_word' id='word_1_706' title='bbox 2352 3409 2537 3454; x_wconf 87' lang='lat' dir='ltr'><strong>sancta</strong></span> <span class='ocrx_word' id='word_1_707' title='bbox 2566 3401 2826 3470; x_wconf 88' lang='lat' dir='ltr'><strong>percipiat</strong></span> <span class='ocrx_word' id='word_1_708' title='bbox 2870 3411 3115 3456; x_wconf 87' lang='lat' dir='ltr'><strong>sanetum</strong></span> <span class='ocrx_word' id='word_1_709' title='bbox 3166 3405 3446 3474; x_wconf 87' lang='lat' dir='ltr'><strong>baptisma.</strong></span> <span class='ocrx_word' id='word_1_710' title='bbox 3489 3408 3640 3473; x_wconf 81' lang='lat' dir='ltr'><strong>Quod</strong></span> <span class='ocrx_word' id='word_1_711' title='bbox 3669 3425 3801 3466; x_wconf 84' lang='lat' dir='ltr'><strong>vero</strong></span> 
     </span>
    </p>
   </div>
   <div class='ocr_carea' id='block_1_93' title="bbox 2236 3489 3801 3566">
    <p class='ocr_par' dir='ltr' id='par_1_93' title="bbox 2236 3489 3801 3566">
     <span class='ocr_line' id='line_1_93' title="bbox 2236 3489 3801 3566; baseline 0.008 -23"><span class='ocrx_word' id='word_1_712' title='bbox 2236 3503 2341 3543; x_wconf 87' lang='lat' dir='ltr'><strong>non</strong></span> <span class='ocrx_word' id='word_1_713' title='bbox 2373 3489 2533 3543; x_wconf 87' lang='lat' dir='ltr'><strong>liceat</strong></span> <span class='ocrx_word' id='word_1_714' title='bbox 2550 3499 2746 3559; x_wconf 70' lang='lat' dir='ltr'><strong>prmter</strong></span> <span class='ocrx_word' id='word_1_715' title='bbox 2794 3490 2951 3545; x_wconf 80' lang='lat' dir='ltr'><strong>hodie</strong></span> <span class='ocrx_word' id='word_1_716' title='bbox 2979 3501 3034 3545; x_wconf 90' lang='lat' dir='ltr'><strong>et</strong></span> <span class='ocrx_word' id='word_1_717' title='bbox 3084 3491 3435 3548; x_wconf 90' lang='lat' dir='ltr'><strong>Pentecosten</strong></span> <span class='ocrx_word' id='word_1_718' title='bbox 3479 3498 3801 3566; x_wconf 88' lang='lat' dir='ltr'><strong>generaliter</strong></span> 
     </span>
    </p>
   </div>
   <div class='ocr_carea' id='block_1_94' title="bbox 2235 3575 3799 3660">
    <p class='ocr_par' dir='ltr' id='par_1_94' title="bbox 2235 3575 3799 3660">
     <span class='ocr_line' id='line_1_94' title="bbox 2235 3575 3799 3660; baseline 0.004 -29"><span class='ocrx_word' id='word_1_719' title='bbox 2235 3577 2557 3644; x_wconf 88' lang='lat' dir='ltr'><strong>baptismum</strong></span> <span class='ocrx_word' id='word_1_720' title='bbox 2609 3575 2890 3639; x_wconf 83' lang='lat' dir='ltr'><strong>celebrari,</strong></span> <span class='ocrx_word' id='word_1_721' title='bbox 2925 3585 3141 3631; x_wconf 84' lang='lat' dir='ltr'><strong>sanctus</strong></span> <span class='ocrx_word' id='word_1_722' title='bbox 3189 3577 3296 3630; x_wconf 90' lang='lat' dir='ltr'><strong>Leo</strong></span> <span class='ocrx_word' id='word_1_723' title='bbox 3324 3593 3463 3647; x_wconf 88' lang='lat' dir='ltr'><strong>papa</strong></span> <span class='ocrx_word' id='word_1_724' title='bbox 3489 3582 3619 3635; x_wconf 87' lang='lat' dir='ltr'><strong>satis</strong></span> <span class='ocrx_word' id='word_1_725' title='bbox 3643 3584 3799 3660; x_wconf 74' lang='lat' dir='ltr'><strong>dene-</strong></span> 
     </span>
    </p>
   </div>
   <div class='ocr_carea' id='block_1_95' title="bbox 2234 3661 3800 3733">
    <p class='ocr_par' dir='ltr' id='par_1_95' title="bbox 2234 3661 3800 3733">
     <span class='ocr_line' id='line_1_95' title="bbox 2234 3661 3800 3733; baseline 0.005 -18"><span class='ocrx_word' id='word_1_726' title='bbox 2234 3673 2341 3730; x_wconf 89' lang='lat' dir='ltr'><strong>gat,</strong></span> <span class='ocrx_word' id='word_1_727' title='bbox 2370 3664 2469 3716; x_wconf 89' lang='lat' dir='ltr'><strong>nisi</strong></span> <span class='ocrx_word' id='word_1_728' title='bbox 2498 3661 2640 3718; x_wconf 84' lang='lat' dir='ltr'><strong>forte</strong></span> <span class='ocrx_word' id='word_1_729' title='bbox 2660 3662 2941 3717; x_wconf 87' lang='lat' dir='ltr'><strong>inﬁrmitas</strong></span> <span class='ocrx_word' id='word_1_730' title='bbox 2962 3662 3284 3717; x_wconf 89' lang='lat' dir='ltr'><strong>interfuerit.</strong></span> <span class='ocrx_word' id='word_1_731' title='bbox 3312 3664 3495 3733; x_wconf 86' lang='lat' dir='ltr'><strong>Neque</strong></span> <span class='ocrx_word' id='word_1_732' title='bbox 3520 3667 3621 3722; x_wconf 90' lang='lat' dir='ltr'><strong>hoc</strong></span> <span class='ocrx_word' id='word_1_733' title='bbox 3641 3671 3800 3723; x_wconf 85' lang='lat' dir='ltr'><strong>omit-</strong></span> 
     </span>
    </p>
   </div>
   <div class='ocr_carea' id='block_1_96' title="bbox 2235 3749 3791 3821">
    <p class='ocr_par' dir='ltr' id='par_1_96' title="bbox 2235 3749 3791 3821">
     <span class='ocr_line' id='line_1_96' title="bbox 2235 3749 3791 3821; baseline 0.004 -16"><span class='ocrx_word' id='word_1_734' title='bbox 2235 3752 2449 3805; x_wconf 88' lang='lat' dir='ltr'><strong>tendum</strong></span> <span class='ocrx_word' id='word_1_735' title='bbox 2482 3761 2565 3805; x_wconf 90' lang='lat' dir='ltr'><strong>est</strong></span> <span class='ocrx_word' id='word_1_736' title='bbox 2610 3750 2752 3818; x_wconf 92' lang='lat' dir='ltr'><strong>quod</strong></span> <span class='ocrx_word' id='word_1_737' title='bbox 2782 3749 3008 3804; x_wconf 81' lang='lat' dir='ltr'><strong>Romani</strong></span> <span class='ocrx_word' id='word_1_738' title='bbox 3035 3749 3173 3805; x_wconf 88' lang='lat' dir='ltr'><strong>infra</strong></span> <span class='ocrx_word' id='word_1_739' title='bbox 3200 3750 3672 3821; x_wconf 84' lang='lat' dir='ltr'><strong>Quadragesimam</strong></span> <span class='ocrx_word' id='word_1_740' title='bbox 3699 3772 3791 3812; x_wconf 83' lang='lat' dir='ltr'><strong>sex</strong></span> 
     </span>
    </p>
   </div>
   <div class='ocr_carea' id='block_1_97' title="bbox 2233 3825 3801 3908">
    <p class='ocr_par' dir='ltr' id='par_1_97' title="bbox 2233 3825 3801 3908">
     <span class='ocr_line' id='line_1_97' title="bbox 2233 3825 3801 3908; baseline 0.002 -12"><span class='ocrx_word' id='word_1_741' title='bbox 2233 3841 2489 3896; x_wconf 88' lang='lat' dir='ltr'><strong>scrutinia</strong></span> <span class='ocrx_word' id='word_1_742' title='bbox 2540 3840 2834 3903; x_wconf 73' lang='lat' dir='ltr'><strong>celebrant,</strong></span> <span class='ocrx_word' id='word_1_743' title='bbox 2873 3849 2927 3892; x_wconf 83' lang='lat' dir='ltr'><strong>et</strong></span> <span class='ocrx_word' id='word_1_744' title='bbox 2963 3825 3122 3894; x_wconf 79' lang='lat' dir='ltr'><strong>hodie</strong></span> <span class='ocrx_word' id='word_1_745' title='bbox 3163 3840 3466 3908; x_wconf 89' lang='lat' dir='ltr'><strong>septimum.</strong></span> <span class='ocrx_word' id='word_1_746' title='bbox 3505 3843 3562 3897; x_wconf 88' lang='lat' dir='ltr'><strong>in</strong></span> <span class='ocrx_word' id='word_1_747' title='bbox 3588 3844 3691 3899; x_wconf 87' lang='lat' dir='ltr'><strong>isto</strong></span> <span class='ocrx_word' id='word_1_748' title='bbox 3715 3860 3801 3899; x_wconf 90' lang='lat' dir='ltr'><strong>se-</strong></span> 
     </span>
    </p>
   </div>
   <div class='ocr_carea' id='block_1_98' title="bbox 2232 3928 3791 4000">
    <p class='ocr_par' dir='ltr' id='par_1_98' title="bbox 2232 3928 3791 4000">
     <span class='ocr_line' id='line_1_98' title="bbox 2232 3928 3791 4000; baseline 0.004 -17"><span class='ocrx_word' id='word_1_749' title='bbox 2232 3930 2476 4000; x_wconf 88' lang='lat' dir='ltr'><strong>ptenario</strong></span> <span class='ocrx_word' id='word_1_750' title='bbox 2512 3928 2875 3997; x_wconf 86' lang='lat' dir='ltr'><strong>intelliguntur</strong></span> <span class='ocrx_word' id='word_1_751' title='bbox 2908 3936 3110 3997; x_wconf 90' lang='lat' dir='ltr'><strong>septem</strong></span> <span class='ocrx_word' id='word_1_752' title='bbox 3159 3930 3297 3984; x_wconf 87' lang='lat' dir='ltr'><strong>dona</strong></span> <span class='ocrx_word' id='word_1_753' title='bbox 3339 3929 3570 4000; x_wconf 89' lang='lat' dir='ltr'><strong>Spiritus</strong></span> <span class='ocrx_word' id='word_1_754' title='bbox 3618 3938 3791 3990; x_wconf 89' lang='lat' dir='ltr'><strong>sancti</strong></span> 
     </span>
    </p>
   </div>
   <div class='ocr_carea' id='block_1_99' title="bbox 2234 4018 3789 4089">
    <p class='ocr_par' dir='ltr' id='par_1_99' title="bbox 2234 4018 3789 4089">
     <span class='ocr_line' id='line_1_99' title="bbox 2234 4018 3789 4089; baseline 0.005 -17"><span class='ocrx_word' id='word_1_755' title='bbox 2234 4021 2286 4073; x_wconf 90' lang='lat' dir='ltr'><strong>in</strong></span> <span class='ocrx_word' id='word_1_756' title='bbox 2312 4021 2631 4089; x_wconf 88' lang='lat' dir='ltr'><strong>baptismate</strong></span> <span class='ocrx_word' id='word_1_757' title='bbox 2686 4020 2830 4073; x_wconf 88' lang='lat' dir='ltr'><strong>data.</strong></span> <span class='ocrx_word' id='word_1_758' title='bbox 2884 4018 3013 4074; x_wconf 82' lang='lat' dir='ltr'><strong>Post</strong></span> <span class='ocrx_word' id='word_1_759' title='bbox 3062 4019 3247 4073; x_wconf 89' lang='lat' dir='ltr'><strong>horam</strong></span> <span class='ocrx_word' id='word_1_760' title='bbox 3288 4021 3517 4089; x_wconf 73' lang='lat' dir='ltr'><strong>denique</strong></span> <span class='ocrx_word' id='word_1_761' title='bbox 3573 4024 3789 4079; x_wconf 88' lang='lat' dir='ltr'><strong>tertiam</strong></span> 
     </span>
    </p>
   </div>
   <div class='ocr_carea' id='block_1_100' title="bbox 2230 4109 3791 4183">
    <p class='ocr_par' dir='ltr' id='par_1_100' title="bbox 2230 4109 3791 4183">
     <span class='ocr_line' id='line_1_100' title="bbox 2230 4109 3791 4183; baseline 0.006 -22"><span class='ocrx_word' id='word_1_762' title='bbox 2230 4109 2452 4161; x_wconf 90' lang='lat' dir='ltr'><strong>sabbato</strong></span> <span class='ocrx_word' id='word_1_763' title='bbox 2504 4116 2873 4177; x_wconf 65' lang='lat' dir='ltr'><strong>praeparantur</strong></span> <span class='ocrx_word' id='word_1_764' title='bbox 2930 4109 2997 4162; x_wconf 89' lang='lat' dir='ltr'><strong>ad</strong></span> <span class='ocrx_word' id='word_1_765' title='bbox 3034 4109 3315 4163; x_wconf 89' lang='lat' dir='ltr'><strong>ecclesiam</strong></span> <span class='ocrx_word' id='word_1_766' title='bbox 3351 4113 3442 4180; x_wconf 87' lang='lat' dir='ltr'><strong>qui</strong></span> <span class='ocrx_word' id='word_1_767' title='bbox 3484 4113 3791 4183; x_wconf 86' lang='lat' dir='ltr'><strong>baptizandi</strong></span> 
     </span>
    </p>
   </div>
   <div class='ocr_carea' id='block_1_101' title="bbox 2228 4196 3790 4266">
    <p class='ocr_par' dir='ltr' id='par_1_101' title="bbox 2228 4196 3790 4266">
     <span class='ocr_line' id='line_1_101' title="bbox 2228 4196 3790 4266; baseline 0.006 -16"><span class='ocrx_word' id='word_1_768' title='bbox 2228 4205 2372 4260; x_wconf 88' lang='lat' dir='ltr'><strong>sunt,</strong></span> <span class='ocrx_word' id='word_1_769' title='bbox 2402 4196 2559 4250; x_wconf 90' lang='lat' dir='ltr'><strong>simul</strong></span> <span class='ocrx_word' id='word_1_770' title='bbox 2600 4212 2721 4250; x_wconf 91' lang='lat' dir='ltr'><strong>cum</strong></span> <span class='ocrx_word' id='word_1_771' title='bbox 2750 4197 2977 4266; x_wconf 89' lang='lat' dir='ltr'><strong>patrinis</strong></span> <span class='ocrx_word' id='word_1_772' title='bbox 3018 4208 3072 4251; x_wconf 91' lang='lat' dir='ltr'><strong>et</strong></span> <span class='ocrx_word' id='word_1_773' title='bbox 3096 4198 3359 4263; x_wconf 87' lang='lat' dir='ltr'><strong>matrinis,</strong></span> <span class='ocrx_word' id='word_1_774' title='bbox 3388 4210 3444 4254; x_wconf 90' lang='lat' dir='ltr'><strong>et</strong></span> <span class='ocrx_word' id='word_1_775' title='bbox 3477 4204 3790 4261; x_wconf 84' lang='lat' dir='ltr'><strong>ordinantur</strong></span> 
     </span>
    </p>
   </div>
   <div class='ocr_carea' id='block_1_102' title="bbox 2227 4278 3789 4353">
    <p class='ocr_par' dir='ltr' id='par_1_102' title="bbox 2227 4278 3789 4353">
     <span class='ocr_line' id='line_1_102' title="bbox 2227 4278 3789 4353; baseline 0.008 -18"><span class='ocrx_word' id='word_1_776' title='bbox 2227 4283 2296 4337; x_wconf 89' lang='lat' dir='ltr'><strong>ab</strong></span> <span class='ocrx_word' id='word_1_777' title='bbox 2324 4284 2568 4353; x_wconf 87' lang='lat' dir='ltr'><strong>acolyto:</strong></span> <span class='ocrx_word' id='word_1_778' title='bbox 2602 4284 2824 4338; x_wconf 88' lang='lat' dir='ltr'><strong>masculi</strong></span> <span class='ocrx_word' id='word_1_779' title='bbox 2870 4278 2937 4338; x_wconf 89' lang='lat' dir='ltr'><strong>ad</strong></span> <span class='ocrx_word' id='word_1_780' title='bbox 2966 4285 3261 4349; x_wconf 86' lang='lat' dir='ltr'><strong>dexteram,</strong></span> <span class='ocrx_word' id='word_1_781' title='bbox 3304 4285 3517 4343; x_wconf 69' lang='lat' dir='ltr'><strong>femina:</strong></span> <span class='ocrx_word' id='word_1_782' title='bbox 3565 4307 3693 4345; x_wconf 88' lang='lat' dir='ltr'><strong>vero</strong></span> <span class='ocrx_word' id='word_1_783' title='bbox 3722 4296 3789 4347; x_wconf 85' lang='lat' dir='ltr'><strong>ad</strong></span> 
     </span>
    </p>
   </div>
   <div class='ocr_carea' id='block_1_103' title="bbox 2228 4366 3788 4449">
    <p class='ocr_par' dir='ltr' id='par_1_103' title="bbox 2228 4366 3788 4449">
     <span class='ocr_line' id='line_1_103' title="bbox 2228 4366 3788 4449; baseline 0.005 -22"><span class='ocrx_word' id='word_1_784' title='bbox 2228 4374 2521 4436; x_wconf 88' lang='lat' dir='ltr'><strong>sinistram,</strong></span> <span class='ocrx_word' id='word_1_785' title='bbox 2566 4381 2621 4425; x_wconf 91' lang='lat' dir='ltr'><strong>et</strong></span> <span class='ocrx_word' id='word_1_786' title='bbox 2650 4380 2776 4426; x_wconf 91' lang='lat' dir='ltr'><strong>tunc</strong></span> <span class='ocrx_word' id='word_1_787' title='bbox 2795 4373 2885 4442; x_wconf 85' lang='lat' dir='ltr'><strong>qui</strong></span> <span class='ocrx_word' id='word_1_788' title='bbox 2932 4383 3175 4442; x_wconf 89' lang='lat' dir='ltr'><strong>possunt,</strong></span> <span class='ocrx_word' id='word_1_789' title='bbox 3224 4366 3452 4449; x_wconf 86' lang='lat' dir='ltr'><strong>reddunt</strong></span> <span class='ocrx_word' id='word_1_790' title='bbox 3479 4378 3788 4436; x_wconf 89' lang='lat' dir='ltr'><strong>Orationem</strong></span> 
     </span>
    </p>
   </div>
   <div class='ocr_carea' id='block_1_104' title="bbox 2225 4461 3798 4537">
    <p class='ocr_par' dir='ltr' id='par_1_104' title="bbox 2225 4461 3798 4537">
     <span class='ocr_line' id='line_1_104' title="bbox 2225 4461 3798 4537; baseline 0.005 -21"><span class='ocrx_word' id='word_1_791' title='bbox 2225 4462 2559 4517; x_wconf 89' lang='lat' dir='ltr'><strong>Dominicam</strong></span> <span class='ocrx_word' id='word_1_792' title='bbox 2593 4471 2649 4517; x_wconf 88' lang='lat' dir='ltr'><strong>et</strong></span> <span class='ocrx_word' id='word_1_793' title='bbox 2683 4461 3018 4533; x_wconf 79' lang='lat' dir='ltr'><strong>Symbolum,</strong></span> <span class='ocrx_word' id='word_1_794' title='bbox 3050 4466 3163 4519; x_wconf 83' lang='lat' dir='ltr'><strong>sive</strong></span> <span class='ocrx_word' id='word_1_795' title='bbox 3200 4466 3397 4536; x_wconf 89' lang='lat' dir='ltr'><strong>patrini</strong></span> <span class='ocrx_word' id='word_1_796' title='bbox 3422 4482 3521 4536; x_wconf 89' lang='lat' dir='ltr'><strong>pro</strong></span> <span class='ocrx_word' id='word_1_797' title='bbox 3554 4468 3687 4537; x_wconf 90' lang='lat' dir='ltr'><strong>ipsis</strong></span> <span class='ocrx_word' id='word_1_798' title='bbox 3714 4478 3798 4524; x_wconf 86' lang='lat' dir='ltr'><strong>at-</strong></span> 
     </span>
    </p>
   </div>
   <div class='ocr_carea' id='block_1_105' title="bbox 2222 4552 3787 4625">
    <p class='ocr_par' dir='ltr' id='par_1_105' title="bbox 2222 4552 3787 4625">
     <span class='ocr_line' id='line_1_105' title="bbox 2222 4552 3787 4625; baseline 0.003 -19"><span class='ocrx_word' id='word_1_799' title='bbox 2222 4567 2326 4623; x_wconf 88' lang='lat' dir='ltr'><strong>que</strong></span> <span class='ocrx_word' id='word_1_800' title='bbox 2347 4552 2603 4605; x_wconf 66' lang='lat' dir='ltr'><strong>matrima</strong></span> <span class='ocrx_word' id='word_1_801' title='bbox 2631 4567 2840 4617; x_wconf 84' lang='lat' dir='ltr'><strong>eorum,</strong></span> <span class='ocrx_word' id='word_1_802' title='bbox 2874 4553 2967 4621; x_wconf 90' lang='lat' dir='ltr'><strong>qui</strong></span> <span class='ocrx_word' id='word_1_803' title='bbox 3011 4569 3105 4608; x_wconf 86' lang='lat' dir='ltr'><strong>eos</strong></span> <span class='ocrx_word' id='word_1_804' title='bbox 3156 4556 3453 4625; x_wconf 88' lang='lat' dir='ltr'><strong>suscepturi</strong></span> <span class='ocrx_word' id='word_1_805' title='bbox 3502 4565 3646 4610; x_wconf 88' lang='lat' dir='ltr'><strong>sunt.</strong></span> <span class='ocrx_word' id='word_1_806' title='bbox 3680 4556 3787 4612; x_wconf 79' lang='lat' dir='ltr'><strong>De—</strong></span> 
     </span>
    </p>
   </div>
   <div class='ocr_carea' id='block_1_106' title="bbox 2223 4639 3787 4711">
    <p class='ocr_par' dir='ltr' id='par_1_106' title="bbox 2223 4639 3787 4711">
     <span class='ocr_line' id='line_1_106' title="bbox 2223 4639 3787 4711; baseline 0.003 -17"><span class='ocrx_word' id='word_1_807' title='bbox 2223 4641 2346 4696; x_wconf 92' lang='lat' dir='ltr'><strong>inde</strong></span> <span class='ocrx_word' id='word_1_808' title='bbox 2369 4639 2499 4693; x_wconf 82' lang='lat' dir='ltr'><strong>facit</strong></span> <span class='ocrx_word' id='word_1_809' title='bbox 2520 4639 2806 4710; x_wconf 83' lang='lat' dir='ltr'><strong>presbyter</strong></span> <span class='ocrx_word' id='word_1_810' title='bbox 2846 4656 2969 4695; x_wconf 88' lang='lat' dir='ltr'><strong>cum</strong></span> <span class='ocrx_word' id='word_1_811' title='bbox 3000 4641 3189 4711; x_wconf 88' lang='lat' dir='ltr'><strong>pollice</strong></span> <span class='ocrx_word' id='word_1_812' title='bbox 3234 4643 3288 4696; x_wconf 92' lang='lat' dir='ltr'><strong>in</strong></span> <span class='ocrx_word' id='word_1_813' title='bbox 3316 4642 3579 4697; x_wconf 80' lang='lat' dir='ltr'><strong>frontibus</strong></span> <span class='ocrx_word' id='word_1_814' title='bbox 3600 4644 3787 4699; x_wconf 83' lang='lat' dir='ltr'><strong>eorum</strong></span> 
     </span>
    </p>
   </div>
   <div class='ocr_carea' id='block_1_107' title="bbox 2221 4722 3786 4802">
    <p class='ocr_par' dir='ltr' id='par_1_107' title="bbox 2221 4722 3786 4802">
     <span class='ocr_line' id='line_1_107' title="bbox 2221 4722 3786 4802; baseline 0.001 -16"><span class='ocrx_word' id='word_1_815' title='bbox 2221 4732 2432 4802; x_wconf 88' lang='lat' dir='ltr'><strong>signum</strong></span> <span class='ocrx_word' id='word_1_816' title='bbox 2458 4725 2653 4793; x_wconf 82' lang='lat' dir='ltr'><strong>crucis,</strong></span> <span class='ocrx_word' id='word_1_817' title='bbox 2680 4729 2907 4785; x_wconf 89' lang='lat' dir='ltr'><strong>dicendo</strong></span> <span class='ocrx_word' id='word_1_818' title='bbox 2938 4748 2949 4782; x_wconf 94' lang='lat'>:</span> <span class='ocrx_word' id='word_1_819' title='bbox 2990 4729 3056 4783; x_wconf 91' lang='lat' dir='ltr'><strong>In</strong></span> <span class='ocrx_word' id='word_1_820' title='bbox 3091 4733 3297 4785; x_wconf 80' lang='lat' dir='ltr'><strong>nomine</strong></span> <span class='ocrx_word' id='word_1_821' title='bbox 3322 4731 3521 4796; x_wconf 83' lang='lat' dir='ltr'><strong>Patris,</strong></span> <span class='ocrx_word' id='word_1_822' title='bbox 3558 4722 3607 4786; x_wconf 82' lang='lat' dir='ltr'><strong>et</strong></span> <span class='ocrx_word' id='word_1_823' title='bbox 3631 4731 3786 4801; x_wconf 74' lang='lat' dir='ltr'><strong>Filii,</strong></span> 
     </span>
    </p>
   </div>
   <div class='ocr_carea' id='block_1_108' title="bbox 2220 4819 3784 4891">
    <p class='ocr_par' dir='ltr' id='par_1_108' title="bbox 2220 4819 3784 4891">
     <span class='ocr_line' id='line_1_108' title="bbox 2220 4819 3784 4891; baseline 0.002 -16"><span class='ocrx_word' id='word_1_824' title='bbox 2220 4832 2269 4875; x_wconf 88' lang='lat' dir='ltr'><strong>et</strong></span> <span class='ocrx_word' id='word_1_825' title='bbox 2298 4822 2524 4890; x_wconf 76' lang='lat' dir='ltr'><strong>Spiritus</strong></span> <span class='ocrx_word' id='word_1_826' title='bbox 2577 4822 2763 4875; x_wconf 82' lang='lat' dir='ltr'><strong>sancti.</strong></span> <span class='ocrx_word' id='word_1_827' title='bbox 2800 4819 2929 4874; x_wconf 86' lang='lat' dir='ltr'><strong>Post</strong></span> <span class='ocrx_word' id='word_1_828' title='bbox 2957 4820 3071 4873; x_wconf 68' lang='grc' dir='ltr'><strong>ιλωο</strong></span> <span class='ocrx_word' id='word_1_829' title='bbox 3096 4820 3246 4888; x_wconf 90' lang='lat' dir='ltr'><strong>ponit</strong></span> <span class='ocrx_word' id='word_1_830' title='bbox 3287 4836 3478 4875; x_wconf 89' lang='lat' dir='ltr'><strong>manus</strong></span> <span class='ocrx_word' id='word_1_831' title='bbox 3507 4836 3667 4891; x_wconf 89' lang='lat' dir='ltr'><strong>super</strong></span> <span class='ocrx_word' id='word_1_832' title='bbox 3689 4839 3784 4878; x_wconf 88' lang='lat' dir='ltr'><strong>ca-</strong></span> 
     </span>
    </p>
   </div>
   <div class='ocr_carea' id='block_1_109' title="bbox 2218 4896 3784 4981">
    <p class='ocr_par' dir='ltr' id='par_1_109' title="bbox 2218 4896 3784 4981">
     <span class='ocr_line' id='line_1_109' title="bbox 2218 4896 3784 4981; baseline 0.002 -16"><span class='ocrx_word' id='word_1_833' title='bbox 2218 4912 2331 4981; x_wconf 92' lang='lat' dir='ltr'><strong>pita</strong></span> <span class='ocrx_word' id='word_1_834' title='bbox 2377 4925 2583 4973; x_wconf 89' lang='lat' dir='ltr'><strong>eorum,</strong></span> <span class='ocrx_word' id='word_1_835' title='bbox 2620 4921 2675 4963; x_wconf 88' lang='lat' dir='ltr'><strong>et</strong></span> <span class='ocrx_word' id='word_1_836' title='bbox 2730 4909 2859 4963; x_wconf 91' lang='lat' dir='ltr'><strong>dicit</strong></span> <span class='ocrx_word' id='word_1_837' title='bbox 2899 4908 3196 4962; x_wconf 89' lang='lat' dir='ltr'><strong>orationem</strong></span> <span class='ocrx_word' id='word_1_838' title='bbox 3232 4908 3299 4961; x_wconf 87' lang='lat' dir='ltr'><strong>ad</strong></span> <span class='ocrx_word' id='word_1_839' title='bbox 3345 4896 3784 4968; x_wconf 83' lang='lat' dir='ltr'><strong>catechumenum</strong></span> 
     </span>
    </p>
   </div>
   <div class='ocr_carea' id='block_1_110' title="bbox 2219 4994 3783 5069">
    <p class='ocr_par' dir='ltr' id='par_1_110' title="bbox 2219 4994 3783 5069">
     <span class='ocr_line' id='line_1_110' title="bbox 2219 4994 3783 5069; baseline 0.003 -16"><span class='ocrx_word' id='word_1_840' title='bbox 2219 5000 2521 5055; x_wconf 81' lang='lat' dir='ltr'><strong>faciendum</strong></span> <span class='ocrx_word' id='word_1_841' title='bbox 2550 5016 2565 5052; x_wconf 87' lang='lat'>:</span> <span class='ocrx_word' id='word_1_842' title='bbox 2598 4995 2931 5064; x_wconf 86' lang='lat' dir='ltr'><strong>Omnipotens</strong></span> <span class='ocrx_word' id='word_1_843' title='bbox 2966 4996 3269 5065; x_wconf 73' lang='lat' dir='ltr'><strong>sempiterna</strong></span> <span class='ocrx_word' id='word_1_844' title='bbox 3307 4994 3463 5051; x_wconf 90' lang='lat' dir='ltr'><strong>Deus.</strong></span> <span class='ocrx_word' id='word_1_845' title='bbox 3496 4998 3594 5053; x_wconf 80' lang='lat' dir='ltr'><strong>Hic</strong></span> <span class='ocrx_word' id='word_1_846' title='bbox 3627 5000 3783 5069; x_wconf 75' lang='lat' dir='ltr'><strong>juxta</strong></span> 
     </span>
    </p>
   </div>
   <div class='ocr_carea' id='block_1_111' title="bbox 2219 5084 3783 5158">
    <p class='ocr_par' dir='ltr' id='par_1_111' title="bbox 2219 5084 3783 5158">
     <span class='ocr_line' id='line_1_111' title="bbox 2219 5084 3783 5158; baseline -0.001 -12"><span class='ocrx_word' id='word_1_847' title='bbox 2219 5100 2461 5147; x_wconf 88' lang='lat' dir='ltr'><strong>sanctum</strong></span> <span class='ocrx_word' id='word_1_848' title='bbox 2497 5086 2815 5158; x_wconf 86' lang='lat' dir='ltr'><strong>Gregorium</strong></span> <span class='ocrx_word' id='word_1_849' title='bbox 2868 5085 3094 5140; x_wconf 89' lang='lat' dir='ltr'><strong>reddunt</strong></span> <span class='ocrx_word' id='word_1_850' title='bbox 3140 5084 3451 5155; x_wconf 87' lang='lat' dir='ltr'><strong>Symbolum</strong></span> <span class='ocrx_word' id='word_1_851' title='bbox 3487 5098 3542 5142; x_wconf 90' lang='lat' dir='ltr'><strong>et</strong></span> <span class='ocrx_word' id='word_1_852' title='bbox 3569 5091 3783 5145; x_wconf 80' lang='lat' dir='ltr'><strong>Oratio-</strong></span> 
     </span>
    </p>
   </div>
   <div class='ocr_carea' id='block_1_112' title="bbox 2217 5174 3781 5245">
    <p class='ocr_par' dir='ltr' id='par_1_112' title="bbox 2217 5174 3781 5245">
     <span class='ocr_line' id='line_1_112' title="bbox 2217 5174 3781 5245; baseline -0.001 -7"><span class='ocrx_word' id='word_1_853' title='bbox 2217 5198 2339 5238; x_wconf 89' lang='lat' dir='ltr'><strong>nem</strong></span> <span class='ocrx_word' id='word_1_854' title='bbox 2391 5178 2749 5240; x_wconf 89' lang='lat' dir='ltr'><strong>Dominicam,</strong></span> <span class='ocrx_word' id='word_1_855' title='bbox 2803 5183 2896 5228; x_wconf 90' lang='lat' dir='ltr'><strong>aut</strong></span> <span class='ocrx_word' id='word_1_856' title='bbox 2927 5174 3125 5243; x_wconf 78' lang='lat' dir='ltr'><strong>patriai</strong></span> <span class='ocrx_word' id='word_1_857' title='bbox 3172 5191 3269 5245; x_wconf 90' lang='lat' dir='ltr'><strong>pro</strong></span> <span class='ocrx_word' id='word_1_858' title='bbox 3304 5176 3455 5244; x_wconf 90' lang='lat' dir='ltr'><strong>ipsis.</strong></span> <span class='ocrx_word' id='word_1_859' title='bbox 3504 5175 3632 5233; x_wconf 87' lang='lat' dir='ltr'><strong>Post</strong></span> <span class='ocrx_word' id='word_1_860' title='bbox 3666 5180 3781 5236; x_wconf 63' lang='lat' dir='ltr'><strong>ha‘e</strong></span> 
     </span>
    </p>
   </div>
   <div class='ocr_carea' id='block_1_113' title="bbox 2216 5264 3780 5343">
    <p class='ocr_par' dir='ltr' id='par_1_113' title="bbox 2216 5264 3780 5343">
     <span class='ocr_line' id='line_1_113' title="bbox 2216 5264 3780 5343; baseline -0.004 -16"><span class='ocrx_word' id='word_1_861' title='bbox 2216 5279 2513 5343; x_wconf 84' lang='lat' dir='ltr'><strong>sequuntur</strong></span> <span class='ocrx_word' id='word_1_862' title='bbox 2540 5268 2814 5323; x_wconf 87' lang='lat' dir='ltr'><strong>orationes</strong></span> <span class='ocrx_word' id='word_1_863' title='bbox 2838 5265 2890 5319; x_wconf 93' lang='lat' dir='ltr'><strong>in</strong></span> <span class='ocrx_word' id='word_1_864' title='bbox 2938 5264 3161 5318; x_wconf 87' lang='lat' dir='ltr'><strong>sabbato</strong></span> <span class='ocrx_word' id='word_1_865' title='bbox 3202 5273 3387 5320; x_wconf 85' lang='lat' dir='ltr'><strong>sancto</strong></span> <span class='ocrx_word' id='word_1_866' title='bbox 3431 5264 3498 5318; x_wconf 89' lang='lat' dir='ltr'><strong>ad</strong></span> <span class='ocrx_word' id='word_1_867' title='bbox 3546 5270 3780 5322; x_wconf 81' lang='lat' dir='ltr'><strong>catechi-</strong></span> 
     </span>
    </p>
   </div>
   <div class='ocr_carea' id='block_1_114' title="bbox 2216 5353 3779 5421">
    <p class='ocr_par' dir='ltr' id='par_1_114' title="bbox 2216 5353 3779 5421">
     <span class='ocr_line' id='line_1_114' title="bbox 2216 5353 3779 5421; baseline -0.006 -4"><span class='ocrx_word' id='word_1_868' title='bbox 2216 5362 2445 5417; x_wconf 83' lang='lat' dir='ltr'><strong>zandum</strong></span> <span class='ocrx_word' id='word_1_869' title='bbox 2471 5356 2751 5411; x_wconf 87' lang='lat' dir='ltr'><strong>infantem.</strong></span> <span class='ocrx_word' id='word_1_870' title='bbox 2781 5354 2906 5407; x_wconf 87' lang='lat' dir='ltr'><strong>inde</strong></span> <span class='ocrx_word' id='word_1_871' title='bbox 2940 5366 3068 5407; x_wconf 74' lang='lat' dir='ltr'><strong>vero</strong></span> <span class='ocrx_word' id='word_1_872' title='bbox 3112 5353 3282 5421; x_wconf 88' lang='lat' dir='ltr'><strong>tangit</strong></span> <span class='ocrx_word' id='word_1_873' title='bbox 3320 5353 3399 5407; x_wconf 89' lang='lat' dir='ltr'><strong>eis</strong></span> <span class='ocrx_word' id='word_1_874' title='bbox 3423 5368 3580 5408; x_wconf 88' lang='lat' dir='ltr'><strong>nares</strong></span> <span class='ocrx_word' id='word_1_875' title='bbox 3606 5362 3659 5408; x_wconf 89' lang='lat' dir='ltr'><strong>et</strong></span> <span class='ocrx_word' id='word_1_876' title='bbox 3685 5370 3779 5408; x_wconf 83' lang='lat' dir='ltr'><strong>au-</strong></span> 
     </span>
    </p>
   </div>
   <div class='ocr_carea' id='block_1_115' title="bbox 2215 5462 3774 5550">
    <p class='ocr_par' dir='ltr' id='par_1_115' title="bbox 2215 5462 3774 5550">
     <span class='ocr_line' id='line_1_115' title="bbox 2215 5462 3774 5550; baseline -0.005 -23"><span class='ocrx_word' id='word_1_877' title='bbox 2215 5476 2372 5550; x_wconf 74' lang='lat' dir='ltr'><strong>epist.</strong></span> <span class='ocrx_word' id='word_1_878' title='bbox 2406 5471 2471 5525; x_wconf 88' lang='lat' dir='ltr'><strong>ad</strong></span> <span class='ocrx_word' id='word_1_879' title='bbox 2498 5469 2765 5550; x_wconf 76' lang='lat' dir='ltr'><strong>Oudinum</strong></span> <span class='ocrx_word' id='word_1_880' title='bbox 2806 5466 2873 5521; x_wconf 86' lang='lat' dir='ltr'><strong>de</strong></span> <span class='ocrx_word' id='word_1_881' title='bbox 2900 5463 3197 5519; x_wconf 69' lang='lat' dir='ltr'><strong>Crcrcmon.</strong></span> <span class='ocrx_word' id='word_1_882' title='bbox 3226 5462 3502 5532; x_wconf 87' lang='lat' dir='ltr'><strong>Baptismi,</strong></span> <span class='ocrx_word' id='word_1_883' title='bbox 3538 5463 3641 5519; x_wconf 85' lang='lat' dir='ltr'><strong>col.</strong></span> <span class='ocrx_word' id='word_1_884' title='bbox 3676 5465 3774 5519; x_wconf 77' lang='lat' dir='ltr'><strong>0H</strong></span> 
     </span>
    </p>
   </div>
   <div class='ocr_carea' id='block_1_116' title="bbox 2216 5545 3085 5614">
    <p class='ocr_par' dir='ltr' id='par_1_116' title="bbox 2216 5545 3085 5614">
     <span class='ocr_line' id='line_1_116' title="bbox 2216 5545 3085 5614; baseline -0.008 -15"><span class='ocrx_word' id='word_1_885' title='bbox 2216 5545 2433 5614; x_wconf 83' lang='lat' dir='ltr'><strong>hujusce</strong></span> <span class='ocrx_word' id='word_1_886' title='bbox 2468 5545 2615 5595; x_wconf 86' lang='lat' dir='ltr'><strong>tcmi.</strong></span> <span class='ocrx_word' id='word_1_887' title='bbox 3080 5557 3085 5562; x_wconf 82' lang='lat'>&#39;</span> 
     </span>
    </p>
   </div>
  </div>
