4232 6208
588 307 714 358 iam
1370 306 1427 357 Β.
1470 304 1529 356 r.
1570 302 1790 357 suum
1828 301 1955 356 seu
1995 300 2265 354 ALCUlNl
2304 300 2583 356 osseum
2620 301 2796 355 mas
2834 303 2925 356 ix.
3184 282 3189 285 ’
3624 303 3758 357 1220
3816 286 3821 289 ’

579 433 664 469 res
694 417 756 469 de
784 425 956 484 sputo,
992 426 1044 469 et
1070 415 1288 483 dicit.“
1336 429 1517 467 aurem
1548 415 1822 467 dexteram
1864 432 1874 465 ι
1910 412 2114 481 Εριιαια
2143 412 2193 469 Α
2219 409 2398 503 Amen.
2440 411 2588 476 Quod
2619 400 2756 503 enim
2809 412 2969 503 aliqui
3006 415 3199 483 patrini
3244 414 3416 468 solent
3439 430 3468 469 a
3498 414 3643 494 fonte
3668 430 3763 503 exf-

579 502 912 572 lEplipheta],
929 501 1065 569 quod
1093 510 1187 562 est,
1212 502 1509 568 adaperire;
1528 500 1593 553 ad
1618 516 1788 561 nares,
1820 499 1885 551 In
1908 500 2117 559 odorem

575 591 877 649 suavitatis;
902 590 965 641 ad
993 588 1277 649 sinistram,
1312 587 1386 637 Tu
1416 600 1585 638 autem
1608 587 1854 655 e/fugare,
1892 586 2114 648 diabole,

576 677 997 745 appropmquabit
1020 676 1152 727 enim
1169 676 1429 742 judicium
1454 675 1571 726 Dei.
1598 674 1785 727 Postea
1805 686 1931 726 vero
1951 674 2117 742 tangit

577 766 622 816 ei
642 771 841 831 pectus,
862 771 909 815 et
936 763 1074 814 inter
1095 760 1335 829 scapulas
1358 761 1421 813 de
1439 761 1556 815 oleo
1577 762 1880 813 exercitato
1901 775 2114 813 crucem

574 853 815 908 faciendo
835 868 957 906 cum
978 851 1181 918 pollice,
1213 859 1265 903 et
1285 859 1472 902 vocali
1494 850 1706 902 nomine
1728 847 1861 915 ejus,
1888 849 2110 902 dicitur:

574 942 909 994 Abrenuntias
963 938 1222 992 Saturne?
1268 937 1611 1005 Respondet:
1662 935 1995 989 Abrenuntio.
2045 937 2113 989 Et

572 1026 804 1078 omnibus
827 1024 1059 1091 operibus
1114 1022 1224 1088 ejus
1248 1022 1271 1072 Ρ
1299 1019 1601 1088 Respondet
1632 1038 1642 1070 :
1672 1020 2005 1089 Abrenuntio.
2046 1020 2113 1073 Et

572 1113 803 1163 omnibus
830 1112 1024 1178 pompis
1066 1111 1175 1177 ejus
1204 1110 1226 1161 ἵ)
1258 1108 1556 1176 Respondet
1584 1121 1598 1158 :
1625 1107 1961 1159 Abrcnuntio.
1990 1107 2113 1162 inde

570 1198 807 1265 sequitur
857 1196 1177 1266 Symbolum.
1212 1194 1309 1248 ltic
1349 1195 1636 1247 secundum
1687 1193 1997 1262 Gregorium
2029 1211 2113 1248 se—

568 1292 799 1352 quuntur
820 1286 1072 1341 lectiones
1101 1296 1155 1338 et
1176 1288 1398 1339 cantica.

636 1371 728 1425 llis
762 1373 1000 1440 expletis,
1029 1375 1267 1442 procedit
1306 1375 1542 1443 pontifex
1570 1376 1633 1428 ad
1684 1376 1855 1430 fontes
1894 1378 2110 1430 benedi-

478 1480 487 1489 κ
567 1459 761 1511 cendos
804 1475 923 1513 cum
966 1462 1106 1513 omni
1157 1463 1365 1525 decore,
1401 1472 1774 1532 prosequente
1802 1481 1922 1518 eum
1968 1466 2109 1521 clero

567 1559 657 1597 seu
682 1547 893 1613 populo,
919 1550 1161 1616 prmccdit
1196 1551 1354 1602 etiam
1405 1552 1713 1605 benedictus
1762 1569 1966 1619 cereus,
1997 1558 2108 1609 sive

565 1637 669 1684 duo
690 1634 759 1686 illi
785 1637 945 1699 cerei,
981 1652 1114 1704 quos
1148 1647 1327 1691 tenent
1354 1642 1565 1705 notarii,
1595 1642 1660 1693 ab
1689 1643 1875 1696 eodem
1903 1645 2108 1698 scilicet

563 1720 866 1786 illuminati,
902 1734 955 1777 et
990 1726 1214 1793 ampulla
1260 1743 1378 1781 cum
1431 1729 1547 1782 oleo
1570 1737 1623 1782 et
1649 1730 1887 1782 balsamo
1915 1732 1967 1784 in
1994 1748 2106 1785 ma-
2140 1714 2182 1771 Β

563 1825 662 1877 gna
703 1814 1013 1881 reverentia.
1064 1814 1194 1866 Nam
1257 1823 1310 1867 et
1338 1815 1409 1867 illi
1456 1817 1560 1869 duo
1608 1818 1750 1870 cerei
1806 1821 2109 1887 praecedunt

564 1889 756 1957 ubique
786 1892 1083 1959 pontiﬁcem
1122 1911 1286 1962 usque
1310 1897 1360 1947 in
1393 1906 1610 1951 octavas
1640 1899 1873 1953 Paschaa.
1908 1902 2107 1956 Enntes

562 1979 627 2031 ad
664 1977 849 2042 fontes,
889 1992 1082 2037 canunt
1117 1985 1328 2039 litanias
1357 1994 1435 2039 ter
1481 1992 1845 2044 tantummodo
1866 2003 2108 2060 repeten-

480 2044 495 2061 ’
560 2068 626 2120 (10
650 2107 663 2119 .
695 2068 858 2139 ᾗ.εᾷ
881 2071 1080 2136 Quibus
1107 2074 1269 2127 ﬁnitis
1315 2085 1437 2130 ante
1462 2072 1657 2141 fontes,
1685 2088 1740 2133 et
1769 2044 2106 2135 factolsilen-

560 2154 653 2218 tio,
706 2164 878 2210 stante
930 2162 1219 2223 sacerdote,
1270 2165 1509 2231 sequitur
1559 2168 1858 2223 benedictio
1901 2168 2102 2224 fontis:

565 2238 893 2311 Omnipotens
938 2250 1236 2317 sempiterna
1282 2251 1442 2317 Deus,
1500 2262 1553 2307 et
1594 2256 1815 2324 reliqua.
1856 2256 2108 2327 Sequitur

561 2334 888 2386 consecratio
944 2333 1122 2399 fontis,
1157 2338 1210 2389 in
1261 2340 1475 2394 modum
1530 2343 1858 2409 praefationis
1908 2346 2103 2400 decan-

557 2416 751 2471 tanda:
793 2418 1009 2473 /Eterne
1048 2422 1205 2485 Deus,
1237 2427 1324 2492 qui
1363 2428 1607 2481 invisibili
1653 2433 1881 2497 potentia
1924 2450 2103 2487 sacra—

558 2512 845 2557 mentorum
894 2516 1119 2562 tuorum.
1156 2512 1236 2565 Ad
1280 2514 1663 2570 invocationem
1713 2535 1840 2573 vero
1875 2520 2105 2589 Spiritus

558 2593 748 2655 sancti,
781 2608 937 2661 quem
963 2601 1208 2653 sacerdos
1230 2602 1372 2655 celsa
1404 2619 1531 2659 voce
1568 2607 1891 2674 proclamat,
1926 2611 1975 2663 id
2000 2621 2101 2675 est,

554 2676 664 2731 alto
708 2682 900 2735 mentis
945 2684 1153 2749 affectu,
1182 2686 1464 2756 deponitur
1498 2707 1685 2747 cereus
1713 2695 2020 2750 benedictus
2050 2699 2103 2752 in

555 2778 773 2833 aquam,
821 2769 931 2822 sive
964 2771 1057 2833 illi,
1108 2776 1197 2842 qui
1229 2776 1294 2829 ab
1330 2792 1393 2831 eo
1417 2778 1698 2834 illuminati
1734 2793 1878 2846 sunt,
1917 2786 1983 2837 ad
2014 2787 2104 2839 de—

559 2848 951 2901 monstrandam
1002 2852 1202 2907 scilicet
1248 2853 1477 2922 Spiritus
1521 2860 1691 2912 sancti
1743 2864 2099 2928 pnesentiam.

555 2932 833 2985 sacerdote
853 2934 964 3001 jam
987 2937 1193 3007 dicente
1220 2959 1232 2992 :
1262 2943 1547 2997 Descendat
1578 2947 1631 2998 in
1653 2948 1784 3000 hanc
1821 2949 2101 3017 plenitudi-
2160 2976 2164 2981 λ

557 3031 671 3068 nem
698 3015 872 3084 fontis.
899 3021 1062 3077 Fonte
1093 3026 1388 3093 benedieto,
1442 3033 1633 3108 accipit
1678 3015 1913 3103 pontifex
1953 3039 2098 3092 chri-
2129 3035 2172 3095 C

555 3120 670 3158 sma
711 3123 830 3162 cum
881 3111 996 3165 oleo
1044 3116 1209 3169 mixto
1261 3118 1312 3169 in
1348 3135 1474 3174 vase
1503 3123 1570 3174 ab
1622 3125 2009 3183 archidiacono.
2050 3137 2104 3181 et

554 3361 753 3429 pulum.
774 3364 887 3429 Quo
911 3367 1066 3434 facto,
1098 3374 1523 3446 accipitpopulus
1538 3370 1600 3434 de
1622 3361 1733 3453 ipsa
1757 3361 1969 3453 aqua-in
1987 3361 2103 3444 vas-

555 3450 687 3503 culis
717 3451 782 3504 ad
819 3457 1162 3525 spargendum
1191 3460 1244 3513 in
1274 3462 1517 3519 domibus
1546 3450 1655 3522 suis
1687 3471 1797 3524 sive
1832 3475 1991 3543 agris.

623 3540 818 3597 Deinde
862 3552 1068 3601 tenente
1091 3550 1297 3617 patrino
1320 3553 1595 3621 infantem,
1620 3573 1649 3612 a
1681 3575 1783 3629 quo
1814 3540 2098 3635 suscipien-

552 3626 651 3681 dus
674 3637 755 3688 est
774 3670 788 3693 ,
822 3630 1108 3703 interrogat
1133 3652 1251 3691 cum
1276 3643 1525 3697 sacerdos
1552 3645 1625 3698 ita
1656 3666 1667 3699 :
1696 3626 1833 3712 —Quis
1859 3626 2098 3709 vocaris?

551 3713 850 3785 Respondet
908 3722 1011 3776 ille.
1075 3725 1141 3779 Et
1199 3732 1438 3795 sequitur
1498 3739 1784 3792 sacerdos:
1838 3739 2016 3797 Credis
2040 3746 2094 3798 in

550 3800 715 3856 Deum
745 3804 951 3861 Patrem
990 3815 1381 3882 omnipotentem
1404 3820 1427 3871 ἲ
1454 3821 1519 3874 Ει
1550 3829 1835 3893 respondet
1862 3847 1874 3882 :
1905 3831 2092 3887 Credo.

552 3888 618 3941 Et
647 3892 700 3943 in
721 3893 899 3947 Iesum
951 3896 1210 3955 Christum
1252 3902 1469 3971 Filium,
1500 3888 1686 3981 usque,
1714 3934 1921 3985 passum
1944 3922 1967 3973 ?
1992 3922 2094 3975 Re-

551 3982 771 4045 spondet
798 4002 809 4035 :
845 3983 1028 4040 Credo.
1063 3988 1240 4047 Credis
1269 4006 1315 4048 et
1344 3998 1401 4051 in
1427 3998 1676 4069 Spiritum
1708 3982 2095 4074 sanctum,san-

549 4080 683 4123 ctam
710 4072 997 4163 Ecclesiam
1022 4081 1047 4133 ?
1074 4081 1379 4153 Respondet
1403 4106 1419 4142 :
1459 4089 1642 4148 Credo.
1702 4098 1899 4153 Deinde
1921 4072 2091 4172 bapti-

549 4170 633 4215 zat
656 4178 775 4218 eum
802 4161 1064 4226 sacerdos
1087 4174 1184 4228 sub
1222 4178 1357 4231 trina
1410 4186 1691 4251 mersione,
1729 4198 1932 4247 tantum
1968 4211 2092 4249 san—

545 4260 685 4304 etam
735 4254 1044 4315 Trinitatem
1092 4267 1255 4327 semel
1305 4271 1616 4335 invocando.
1664 4279 1734 4331 ita
1763 4282 1985 4338 dicens:
2018 4284 2087 4340 Et

545 4356 636 4407 ego
656 4352 703 4393 te
728 4343 929 4413 baptiso
976 4351 1029 4404 in
1076 4358 1277 4411 nomine
1320 4360 1517 4427 Patris,
1546 4374 1601 4419 et
1628 4380 1833 4438 mergat
1882 4376 2044 4429 semel
2071 4393 2083 4444 ;
2116 4362 2169 4421 Β

537 4446 591 4486 et
617 4433 762 4503 Filii,
786 4449 839 4491 et
864 4452 1069 4514 mergat
1093 4447 1282 4505 iterum
1306 4470 1320 4516 ;
1353 4464 1400 4506 et
1431 4454 1657 4525 Spiritus
1675 4466 1858 4528 sancti,
1887 4476 1941 4520 et
1956 4484 2089 4523 mer-

541 4534 631 4595 gat
660 4530 836 4583 tertio.
866 4531 933 4585 Ut
953 4544 1131 4591 autem
1177 4548 1467 4601 surrexerit
1497 4564 1525 4602 a
1555 4550 1716 4619 fonte,
1753 4556 1911 4613 faciat
1940 4578 2087 4630 pres-

542 4616 694 4685 byter
742 4621 953 4691 signum
1001 4633 1175 4685 crucis
1209 4635 1274 4687 de
1318 4638 1608 4695 chrismate
1648 4662 1768 4699 cum
1810 4616 1998 4717 pollice
2032 4656 2085 4709 in

536 4711 737 4765 vertice
761 4714 875 4781 ejus
902 4720 1106 4787 dicens,
1140 4724 1289 4779 hanc
1318 4732 1612 4787 orationem
1642 4755 1653 4787 :
1686 4738 1825 4792 Deus
1854 4746 2085 4812 omnipo-

536 4804 669 4857 tens,
704 4798 863 4854 Pater
884 4805 1093 4859 Domini
1133 4814 1293 4864 nostri
1320 4813 1448 4869 Iesu
1480 4817 1687 4874 Christi.
1739 4824 1887 4882 Tunc
1918 4798 2085 4885 susci-

536 4882 717 4947 piatur
756 4888 822 4940 ab
863 4892 976 4959 ipso
1012 4910 1041 4946 a
1069 4911 1172 4963 quo
1217 4902 1581 4971 suscipiendus
1615 4916 1734 4973 est;
1766 4922 1946 4979 postea
1990 4882 2084 4972 ve-

534 4971 696 5024 stitur
746 4974 918 5029 infans
964 4984 1294 5040 vestimentis
1350 4991 1479 5044 suis.
1519 4993 1573 5047 Si
1628 5012 1756 5051 vero
1805 5003 2084 5073 episcopus

538 5058 706 5122 adest,
740 5064 917 5114 statim
966 5067 1266 5125 confirmari
1292 5091 1411 5129 eum
1460 5091 1667 5148 oportet
1703 5058 2005 5154 chrismate:
2033 5104 2086 5145 et

537 5158 717 5214 postea
755 5157 1183 5225 communicare;
1217 5173 1270 5215 et
1299 5167 1341 5217 si
1366 5169 1641 5239 episcopus
1662 5176 1824 5241 deest,
1853 5197 2085 5237 commu-

538 5237 744 5315 nicetur
794 5246 1163 5315 apresbytero
1221 5252 1427 5309 dicente
1477 5237 1587 5312 ita:
1628 5237 1824 5333 Corpus
1874 5270 2097 5326 Domini.

538 5328 698 5379 nostri
747 5329 875 5386 Jesu
919 5334 1111 5391 Christi
1140 5344 1395 5396 custodiat
1442 5355 1488 5399 te
1512 5328 1768 5408 invitam
1816 5370 2079 5427 ceternam,

606 5446 635 5529 ἰ
906 5461 959 5529 re
987 5446 1468 5529 sipostolicus._Vid.
1500 5459 1795 5529 Menardus,
1821 5482 1929 5525 not.
1960 5476 2079 5528 354.

600 5500 635 5537 ἀ)
674 5504 738 5557 Et
766 5508 939 5564 daein
965 5500 1196 5585 siliquas.
1257 5523 1477 5591 Siliqua,
1525 5544 1585 5582 cx
1621 5500 2079 5598 lsiilloi'ouli’lir.o::i

2219 497 2427 550 trahere
2466 514 2589 552 suos
2626 500 2777 563 ﬁlios,
2805 516 2908 553 non
2931 501 3120 571 legitur
3142 504 3193 555 in
3215 503 3507 557 ordinibus.

2284 586 2359 637 De
2380 586 2478 639 hac
2527 601 2583 640 re
2612 588 2932 655 apostolicus
2966 603 2991 627 α
3022 592 3158 657 apud
3209 591 3476 645 Romanos
3528 593 3600 645 ita
3630 594 3756 664 agit.

2213 675 2498 747 Postquam
2546 679 2782 747 pontifex
2829 681 3302 751 baptizaverit,'vel
3326 684 3515 751 quibus
3538 684 3762 751 jusserit

2212 746 2347 833 ipse,
2384 746 2561 818 levant
2599 768 2742 835 ipsos
2784 746 3016 822 infantes
3043 770 3097 822 in
3133 771 3394 833 manibus,
3433 780 3488 825 et
3533 771 3761 826 offerunt

2211 868 2305 906 eos
2332 855 2421 907 uni
2451 857 2513 908 de
2543 857 2885 927 presbyteris.
2934 860 3052 926 lpse
3099 875 3225 913 vero
3278 860 3407 915 facit
3453 877 3664 917 crucem
3694 864 3760 948 de

2211 943 2497 998 chrismate
2544 961 2665 999 eum
2713 946 2900 1014 pollice
2946 950 2997 1001 in
3044 951 3242 1004 vertice
3283 964 3488 1015 eorum,
3532 943 3754 1007 dicens:

2208 1035 2348 1088 Deus
2375 1036 2713 1105 omnipotens,
2758 1036 2917 1092 Pater
2950 1042 3159 1095 Domini
3202 1045 3364 1097 nostri
3388 1044 3514 1097 Iesu
3545 1044 3755 1108 Christi,

2210 1132 2271 1175 ut
2293 1138 2470 1191 supra.
2508 1121 2619 1186 Qua
2648 1124 2814 1190 ﬁnita,
2842 1137 2966 1181 sunt
3006 1132 3175 1197 parati
3220 1131 3310 1198 qui
3339 1146 3431 1185 eos
3463 1133 3754 1201 suscepturi

2210 1222 2352 1275 sunt,
2383 1228 2502 1265 cum
2538 1212 2712 1267 linteis
2744 1216 2794 1267 in
2824 1219 3067 1272 inanibus
3105 1221 3234 1273 suis.
3268 1222 3465 1276 Deinde
3494 1224 3757 1291 accipiunt

2210 1301 2351 1369 ipsos
2380 1317 2408 1353 a
2442 1305 2691 1369 pontiﬁce
2732 1306 2815 1357 vel
2869 1322 2897 1359 a
2932 1308 3242 1364 diaconibus
3278 1311 3369 1378 qui
3396 1325 3488 1365 eos
3518 1312 3755 1380 baptiza-

2208 1400 2415 1442 verunt.
2465 1392 2751 1461 Postquam
2798 1410 2924 1448 vero
2952 1398 3130 1451 vestiti
3167 1398 3380 1461 fuerint,
3411 1400 3757 1467 deportantur
3812 1445 3817 1450 .

2207 1487 2328 1531 ante
2374 1481 2679 1548 pontiﬁcem
2711 1483 2776 1535 ad
2820 1484 3261 1539 confirmandum.
3294 1488 3497 1554 Quibus
3531 1490 3621 1544 dat
3646 1492 3755 1543 sin—

2206 1564 2340 1633 gulis
2375 1566 2562 1619 stolam
2583 1559 2905 1635 'candidam,
2945 1572 3300 1637 chrismalem,
3334 1584 3385 1628 et
3437 1579 3619 1630 decem
3646 1578 3755 1631 sili-

2206 1665 2337 1717 quas
2363 1652 2410 1716 δ,
2438 1662 2491 1707 et
2518 1655 2594 1709 sic
2623 1657 2931 1711 vestiuntur.
2955 1660 3019 1712 Et
3044 1670 3321 1730 postquam
3346 1665 3512 1719 induti
3537 1665 3750 1730 fuerint,

2209 1742 2299 1795 dat
2322 1744 2555 1812 pontifex
2582 1762 2743 1818 super
2796 1764 2889 1803 eos
2933 1752 3245 1817 orationem,
3282 1754 3527 1824 imposita
3552 1759 3755 1822 scilicet

2207 1844 2366 1884 manu
2417 1847 2577 1902 super
2623 1836 2797 1903 capita
2847 1851 3053 1904 eorum,
3082 1856 3201 1894 cum
3228 1843 3563 1899 invocatione
3597 1848 3755 1915 septi-

2208 1909 2394 1975 formis
2426 1924 2612 1992 gratiae
2667 1923 2896 1994 Spiritus
2940 1930 3131 1982 sancti.
3161 1930 3383 1985 Oratio:
3418 1931 3751 2005 Omnipotens

2188 2012 2502 2080 sempiterne
2548 2014 2707 2079 Deus,
2759 2018 2847 2087 qui
2890 2035 3205 2088 regenerare.
3262 2023 3371 2079 Hac
3414 2025 3581 2093 ﬁnita,
3626 2028 3753 2083 facit

2205 2114 2415 2152 crucem
2460 2102 2524 2154 de
2576 2103 2863 2160 chrismate
2912 2116 3033 2162 eum
3086 2110 3273 2179 pollice
3323 2114 3377 2167 in
3426 2117 3749 2186 singulorum

2206 2187 2485 2253 frontibus,
2524 2191 2595 2245 ita
2638 2194 2895 2249 dicendo:
2931 2197 2996 2250 In
3048 2201 3247 2254 nomine
3298 2200 3491 2271 Patris,
3524 2218 3572 2260 et
3600 2206 3741 2273 Filii.

2202 2287 2248 2328 et
2276 2276 2498 2345 Spiritus
2528 2282 2715 2347 sancti,
2752 2299 2856 2351 pax
2880 2285 2990 2337 tibi.
3021 2287 3395 2356 Respondeant
3424 2307 3609 2349 omnes
3640 2314 3654 2347 :
3680 2296 3748 2350 Et

2203 2383 2319 2418 cum
2347 2368 2527 2436 spiritu
2566 2380 2674 2424 tuo.
2708 2371 2829 2427 Haec
2855 2376 3013 2429 verba
3041 2386 3165 2430 sunt
3202 2379 3537 2437 salutationis
3565 2386 3632 2438 ad
3652 2399 3748 2439 no-

2203 2470 2327 2507 vum
2378 2456 2662 2523 hominem,
2688 2465 2777 2528 qui
2824 2475 3183 2532 regeneratur.
3222 2466 3362 2524 Sane
3394 2470 3520 2525 illud
3547 2488 3747 2542 praeca-

2182 2544 2428 2597 vendum
2467 2554 2569 2609 est,
2622 2558 2681 2600 ut
2730 2549 2831 2603 hoc
2855 2566 2959 2604 non
3014 2554 3326 2624 negligatur.
3369 2558 3502 2623 Quia
3545 2561 3598 2613 in
3646 2563 3744 2616 hoc

2203 2644 2359 2685 omne
2386 2632 2705 2701 baptismum
2739 2636 3025 2707 legitimum
3068 2642 3480 2701 Christianitatis
3534 2651 3744 2705 nomine

2201 2718 2565 2774 conﬁrmatur.
2595 2722 2695 2777 Sed
2724 2734 2777 2779 et
2816 2728 2915 2782 hoc
2966 2733 3365 2798 prtevidendum
3420 2745 3520 2801 est,
3548 2747 3607 2793 ut
3633 2740 3743 2792 nul-

2202 2807 2311 2861 lum
2354 2810 2530 2864 cibum
2580 2816 2864 2883 accipiant,
2923 2834 3096 2888 neque
3146 2822 3411 2883 laetentur
3460 2839 3743 2898 antequam

2202 2900 2612 2953 communicent.
2643 2900 2798 2955 Omni
2852 2913 3029 2959 autem
3085 2908 3191 2971 die,
3235 2926 3402 2979 usque
3425 2913 3480 2965 in
3504 2923 3743 2981 octavas,

2207 2984 2271 3035 ad
2300 2985 2515 3040 missam
2573 2990 2786 3044 veniant
2813 3000 2865 3045 et
2889 2999 3301 3061 communicent,
3341 3011 3587 3068 parentes
3610 3021 3740 3061 vero

2204 3072 2495 3129 oblationes
2530 3092 2625 3145 pro
2662 3079 2791 3147 ipsis
2842 3074 3058 3137 faciant.
3096 3085 3351 3141 Similiter
3385 3099 3440 3144 et
3464 3092 3515 3145 in
3552 3093 3742 3148 Pente-

2202 3169 2348 3214 coste
2372 3166 2548 3217 omnia
2587 3165 2733 3220 ﬁant.
2786 3168 2860 3223 De
2888 3171 2987 3225 hac
3013 3189 3140 3228 vero
3191 3178 3593 3238 conﬁrmatione
3618 3200 3742 3240 san-

2204 3256 2322 3302 ctus
2354 3249 2691 3307 Innocentius
2716 3272 2855 3326 papa
2878 3276 2981 3314 non
3004 3262 3069 3317 ab
3093 3264 3198 3319 alio
3224 3282 3383 3336 quam
3409 3271 3476 3324 ab
3495 3275 3740 3344 episcopo

2202 3336 2333 3389 ﬁeri-
2359 3338 2520 3393 licere
2569 3345 2776 3397 asserit.
2814 3346 3066 3412 Quamvis
3116 3354 3258 3407 enim
3288 3336 3607 3429 presbyteri
3635 3336 3743 3418 sint

2198 3428 2519 3511 sacerdotes,
2569 3435 2904 3500 pontiﬁcatus
2952 3448 3126 3495 tamen
3157 3446 3361 3513 apicem
3390 3428 3493 3503 non
3522 3453 3737 3515 habent,

2198 3523 2252 3567 et
2281 3516 2398 3571 ideo
2435 3508 2561 3573 solis
2588 3524 2925 3600 pontiﬁcibus
2960 3508 3263 3597 debetur,ut
3298 3538 3628 3607 consignant,
3658 3542 3740 3594 vel

2196 3608 2519 3673 paracletum
2552 3612 2806 3681 Spiritum
2859 3614 3099 3685 tradant,
3122 3624 3261 3678 sicut
3288 3626 3445 3681 lectio
3488 3632 3741 3699 apostoli-

2195 3709 2378 3749 eorum
2404 3698 2631 3754 Actuum
2663 3704 3013 3773 demonstrat,
3062 3726 3182 3779 quae
3229 3717 3419 3777 asserit
3444 3717 3660 3774 Petrum
3689 3731 3744 3775 et

2193 3781 2449 3839 Joannem
2479 3804 2597 3843 esse
2627 3792 2875 3858 directos,
2910 3806 2969 3851 ut
2993 3788 3272 3869 baptizatis
3317 3813 3591 3861 traderent
3619 3809 3741 3880 Spi-

2194 3873 2355 3926 ritum
2384 3889 2647 3933 sanctum.
2696 3883 3023 3955 Presbyteris
3050 3879 3177 3945 vero
3201 3893 3311 3947 sive
3358 3904 3507 3951 extra
3534 3900 3739 3968 episco-

2192 3977 2340 4029 pum,
2372 3966 2483 4019 sive
2514 3982 2777 4035 przesente
2804 3976 3076 4045 episcopo,
3130 3996 3251 4033 cum
3280 3966 3575 4053 baptizant,
3605 3989 3741 4043 chri-

2192 4060 2359 4106 smate
2386 4055 2685 4122 baptizatos
2716 4076 2911 4131 ungere
2937 4064 3079 4130 licet,
3111 4069 3201 4142 sed
3226 4072 3366 4140 quod
3392 4074 3459 4129 ab
3487 4077 3737 4145 episcopo

2190 4135 2351 4191 fuerit
2388 4150 2782 4212 consecratum,
2813 4166 2915 4205 non
2972 4135 3170 4211 tamen!
3200 4158 3429 4215 frontem
3457 4179 3525 4218 ex
3552 4167 3736 4220 eodem

2190 4228 2309 4281 oleo
2339 4230 2571 4311 signare,
2602 4239 2741 4295 quod
2769 4240 2893 4295 solis
2921 4244 3144 4299 debetur
3174 4249 3454 4321 episcopis,
3484 4271 3603 4309 cum
3630 4266 3736 4310 tra-

2190 4314 2319 4368 dunt
2358 4317 2613 4387 Spiritum
2639 4329 2961 4393 paracletum
2994 4314 3295 4402 baptizatis.
3344 4314 3566 4407 Quando
3592 4346 3736 4399 inﬁr-

2190 4420 2308 4461 mus
2334 4413 2477 4464 venit
2515 4414 2580 4465 ad
2635 4417 3029 4489 baptizandum,
3061 4443 3163 4481 non
3194 4428 3358 4485 facies
3413 4449 3575 4503 supra
3600 4437 3734 4491 scri-

2187 4502 2336 4560 ptum
2368 4500 2631 4567 ordinem,
2679 4507 2773 4560 sed
2817 4518 3020 4565 tantum
3039 4524 3167 4582 post
3192 4534 3205 4568 :
3235 4500 3510 4575 xEternam
3530 4540 3592 4577 ac
3612 4524 3734 4593 jus-

2186 4584 2436 4639 tissimam
2464 4591 2729 4657 pietatem,
2775 4597 2937 4653 addes
2985 4606 3279 4659 orationem
3333 4608 3485 4664 istam
3519 4630 3531 4665 :
3565 4584 3737 4668 Mede-

2187 4670 2293 4726 lam
2319 4684 2462 4728 tuam
2491 4677 2753 4747 deprecor,
2784 4684 3000 4742 Domine
3044 4702 3219 4746 sancte
3266 4693 3445 4761 Pater,
3476 4714 3644 4769 usque
3667 4702 3745 4755 ad.

2186 4763 2409 4828 gratiam
2437 4763 2678 4833 baptismi
2709 4772 2799 4824 tui.
2838 4774 2959 4828 Per.
2991 4777 3102 4832 Hac
3138 4780 3308 4845 ﬁnita,
3352 4784 3483 4838 dicis
3512 4763 3736 4855 Sinho-

2190 4848 2298 4900 lum
2326 4858 2380 4901 et
2437 4856 2731 4911 orationem
2786 4860 3139 4930 Dominicam,
3188 4870 3376 4937 deinde
3430 4860 3731 4931 catechizas

2189 4954 2311 4991 eum
2342 4940 2423 4993 his
2449 4947 2625 4999 verbis
2654 4965 2666 5001 :
2704 4949 2811 5002 Nec
2856 4962 2905 5003 te
2931 4953 3055 5008 latet
3108 4958 3352 5023 Satanas,
3395 4972 3449 5017 et
3474 4966 3678 5036 reliqua
3712 4986 3724 5021 :

2187 5037 2245 5081 et
2269 5046 2373 5084 non
2408 5035 2555 5088 dicas
2583 5038 2726 5091 illam
2756 5041 3175 5101 benedictionem
3238 5035 3598 5121 majorem‘ad
3615 5058 3732 5125 {on-

2187 5122 2282 5177 tes,
2313 5120 2403 5171 sed
2434 5118 2591 5174 istam
2625 5126 2881 5193 minorem
2936 5133 3003 5183 ad
3051 5118 3472 5196 succurrendum.
3520 5143 3733 5199 Exaudi

2188 5220 2301 5268 nos,
2333 5211 2670 5277 omnipotens,
2700 5225 2746 5265 et
2771 5216 2923 5285 hujus
2954 5238 3101 5289 aqua:
3119 5226 3461 5282 substantiam
3494 5232 3731 5300 immitte,

2189 5306 2376 5358 usque,
2404 5298 2557 5349 vitam
2586 5312 2842 5355 mereatur
2864 5316 3129 5363 wternam.
3158 5312 3280 5377 Per,
3308 5324 3411 5369 etc.
3442 5298 3731 5388 Postquam

2189 5391 2307 5431 eum
2337 5384 2764 5451 eatechizaveris,
2810 5393 3097 5452 benedices
3143 5416 3331 5468 aquam
3379 5404 3463 5458 bis
3512 5384 3726 5463 verbis:

2188 5484 2621 5584 Sag—E4,
2653 5506 2744 5584 est
2781 5502 3029 5584 vigesima
3066 5518 3258 5584 quarta
3295 5527 3420 5581 pars
3463 5496 3634 5584 solidi,
3662 5521 3730 5574 ab

2190 5556 2393 5612 arboris
2426 5556 2624 5617 semine
2653 5556 3189 5632 vocabiilumtenens.
3222 5556 3468 5640 (Iugulus;
