4232 6230
445 287 569 343 l2‘2l

1241 286 1389 339 OI’P.
1434 284 1831 341 SUPPOSITA.
1864 314 1928 322 --
1969 282 2093 335 LIB.
2139 282 2223 334 DE
2263 281 2504 336 DIVINIS
2542 280 2844 336 OFFICIIS.

2549 33 2574 44 Ὁ

3519 284 3660 337 1222

444 403 700 457 Exorcizo
723 411 790 463 te,
819 408 1056 465 creatura
1079 415 1246 468 aqum,
1272 400 1324 451 in
1348 400 1554 452 nomine
1582 395 1780 460 Patris,
1810 404 1857 449 et
1889 394 1991 446 Do-
2021 398 2064 454 Α
2096 403 2322 458 tantum,
2347 403 2571 462 possunt
2603 395 2824 464 intelligi
2851 403 3090 448 aromata
3128 395 3238 457 illa,
3263 411 3380 464 qua:
3410 397 3660 452 mulieres

439 492 568 544 mini
601 489 764 543 nostri
814 486 943 540 Iesu
979 486 1169 540 Christi
1225 485 1349 538 Filii
1394 485 1491 538 Dei
1520 486 1639 549 vivi,
1675 495 1723 537 et
1771 482 1996 552 Spiritus

439 579 628 644 sancti,
660 578 704 631 si
750 577 886 646 quod
928 577 1256 646 phantasma,
1310 589 1498 642 usque,
1541 575 1597 626 in
1648 573 1998 626 remissionem

336 709 345 715 .
441 668 671 721 omnium
712 675 1055 736 peccatorum,
1116 665 1170 716 in
1202 665 1408 716 nomine
1438 662 1647 715 Domini
1675 661 1837 714 nostri
1867 659 1997 712 Jesu

441 754 654 818 Christi,
690 755 779 823 qui
831 763 1071 806 venturus
1107 761 1180 805 est
1222 751 1466 820 judicare
1500 751 1634 804 vivos
1666 759 1712 802 et
1746 759 1996 811 mortuos,

441 853 489 898 et
520 843 768 898 swculum
789 859 896 912 per.
934 841 1182 910 Baptieas
1201 856 1343 902 eum,
1384 847 1440 894 et
1465 839 1588 894 linis
1622 839 1685 893 de
1712 838 2000 892 chrismate

413 932 496 986 .in
520 933 765 996 cerebro,
803 939 857 986 et
904 931 1037 985 dicis
1081 930 1156 984 illi
1188 946 1201 983 :
1239 928 1458 998 Baptizo
1492 939 1538 982 te
1564 929 1618 982 in
1648 929 1853 981 nomine
1885 925 1994 978 Pa-

441 1023 558 1085 tris,
591 1030 640 1074 et
675 1019 819 1083 Filii,
853 1029 900 1072 et
925 1018 1150 1089 Spiritus
1200 1018 1386 1070 sancti.
1432 1015 1624 1070 Postea
1676 1015 1850 1084 tangis
1874 1028 1998 1067 eum

443 1115 508 1170 de
530 1114 819 1169 chrismate
867 1111 920 1163 in
954 1110 1149 1178 capite,
1183 1115 1237 1162 et
1283 1107 1416 1161 dicis
1468 1107 1764 1159 orationem
1818 1105 1995 1158 hanc:

442 1203 581 1258 Deus
604 1203 938 1272 omnipotens,
991 1200 1150 1252 Pater
1174 1197 1383 1250 Domini
1425 1197 1585 1250 nostri
1619 1193 1747 1248 Iesu
1783 1192 1994 1246 Christi.

441 1293 814 1349 Communieas
834 1298 887 1345 et
907 1289 1195 1344 conﬁrmas
1223 1303 1367 1349 eum,
1399 1295 1459 1339 ut
1493 1299 1671 1355 supra.

509 1392 686 1446 Finito
707 1391 867 1445 etiam
901 1388 1205 1458 supradicto
1231 1385 1496 1454 baptismo
1531 1384 1584 1436 in
1609 1382 1846 1436 Sabbato
1872 1396 1999 1434 san-

441 1491 551 1547 cto,
599 1481 731 1535 ﬁunt
760 1481 956 1533 litanias
1002 1493 1066 1531 ex
1115 1476 1273 1546 jussu
1306 1475 1575 1546 pontiﬁcis
1609 1483 1733 1526 ante
1787 1472 1994 1525 altare:

438 1577 613 1643 primo
662 1582 916 1642 septemc;
939 1571 1225 1640 quintenae,
1263 1575 1318 1621 et
1360 1575 1544 1627 ternae,
1612 1564 1747 1618 ﬁunt
1799 1561 1998 1616 litanias

439 1664 583 1718 circa
611 1661 904 1730 baptisterii
932 1658 1403 1719 consecrationem,
1438 1653 1848 1707 intercessiones
1870 1666 1993 1703 san-

439 1760 644 1807 ctorum
702 1765 800 1819 pro
851 1747 1284 1802 renascentibus:
1315 1745 1393 1797 ita
1430 1743 1570 1796 enim
1633 1741 1992 1814 inchoantur:

440 1843 558 1897 Stat
587 1840 919 1911 primicerius
954 1835 1091 1910 unus
1124 1837 1178 1889 in
1233 1834 1454 1889 dextero
1508 1833 1698 1894 choro,
1756 1839 1812 1883 et
1862 1829 1997 1884 dicit

439 1946 560 1986 cum
583 1931 718 1999 ipso,
753 1927 914 1999 Kyrie
943 1927 1153 1989 eleison,
1184 1932 1237 1980 et
1260 1923 1544 1992 respondet
1597 1920 1998 1978 secundicerius

441 2035 562 2074 cum
593 2020 810 2073 sinistro
859 2017 1046 2078 choro,
1113 2013 1268 2084 Kyrie
1319 2013 1529 2073 eleison,
1581 1999 1759 2076 usque
1787 2015 1994 2076 quater.

437 2107 640 2163 Deinde
670 2105 871 2159 Christe
894 2104 1102 2168 eleison,
1126 2116 1296 2172 usque
1321 2109 1422 2164 ter,
1457 2100 1512 2154 id
1537 2099 1671 2152 ﬁunt
1696 2105 1896 2165 septem
1921 2097 2000 2149 vi-

434 2214 532 2254 ces
563 2197 820 2267 repetitae,
851 2195 991 2248 unde
1018 2201 1073 2246 et
1093 2200 1323 2260 septena:
1358 2190 1623 2249 dicuntur.
1671 2185 1782 2240 Hoc
1809 2183 1999 2239 ordine

441 2287 576 2342 ﬁunt
595 2287 864 2356 quintena:
885 2291 940 2337 et
963 2291 1140 2336 ternas.
1171 2279 1296 2333 Post
1317 2279 1451 2340 hzec,
1479 2275 1704 2339 Christe,
1727 2274 1852 2356 audi
1880 2289 1995 2336 nos,

433 2355 849 2446 usqueisepties,
898 2379 952 2425 et
983 2370 1059 2424 sic
1093 2382 1188 2437 per
1213 2365 1455 2420 ordinem
1489 2355 1770 2416 intervallo
1832 2357 1992 2413 facto.

433 2467 750 2536 «Sequuntur
793 2461 991 2516 litanias
1046 2457 1220 2527 quinte
1262 2453 1546 2523 quinquies
1601 2449 1864 2518 repetitae.
1904 2447 1998 2502 His

445 2533 628 2619 ﬁnitis,
663 2551 942 2622 pulsantur
994 2548 1142 2617 signa
1178 2544 1245 2598 ad
1277 2544 1494 2597 missam
1543 2537 1833 2608 publicam.
1861 2533 1996 2588 Nam

421 2624 672 2697 ministri
698 2641 772 2694 ita
815 2632 1009 2693 debe'nt
1063 2648 1180 2688 esse
1217 2629 1502 2700 praeparati
1532 2635 1656 2681 ante
1681 2625 1876 2678 ostium
1907 2638 1998 2678 sa-

434 2729 685 2796 crarii,ut
707 2744 827 2784 cum
850 2735 1036 2781 cantor
1057 2724 1280 2778 dixerit:
1299 2719 1593 2781 Accendite,
1611 2717 1812 2784 absque
1848 2728 1999 2768 mora

437 2813 733 2892 procedant
765 2832 936 2886 usque
965 2816 1032 2868 ad
1059 2814 1246 2883 altare.
1279 2807 1795 2879 Sequunturlitanim
1821 2806 1993 2867 trinae,

440 2913 604 2985 Hyrie
632 2910 859 2972 eleison,
903 2914 958 2961 et
1003 2905 1225 2973 reliqua,
1262 2914 1449 2970 usque,
1475 2896 1582 2951 Fili
1618 2895 1733 2959 Dei,
1772 2904 1818 2948 te
1850 2910 2000 2962 roga-

349 3015 360 3019 '
441 2983 577 3060 mus.
596 3002 745 3056 Tunc
768 2998 1037 3070 egreditur
1056 2991 1294 3064 pontifex
1321 2991 1386 3044 de
1408 2987 1644 3044 sacrario
1667 3001 1785 3057 cum
1811 2983 1997 3053 ingen-

439 3094 482 3147 ti
522 3093 735 3154 decore,
781 3096 836 3142 et
889 3085 1142 3155 praadicta
1173 3087 1502 3136 cereostrata
1542 3085 1666 3131 ante
1692 3075 1839 3129 illum
1873 3089 1995 3128 cum

433 3179 604 3252 485
635 3174 1098 3248 thymiamateriis,
1121 3180 1175 3224 et
1201 3185 1322 3223 cum
1358 3167 1551 3222 dixerit
1579 3163 1782 3252 schola,
1815 3163 1993 3232 Agnus

440 3248 559 3332 Dei,
593 3265 735 3320 dicat
764 3270 951 3316 cantor
984 3257 1191 3324 excelsa
1212 3268 1363 3317 voce,
1388 3252 1678 3306 Accendite.
1713 3248 1864 3303 Tunc
1885 3248 1997 3318 pri-

439 3372 586 3411 mum
621 3353 988 3410 illuminantur
1010 3361 1194 3403 omnes
1237 3344 1378 3399 cerei
1427 3343 1833 3412 neophytorum,
1859 3354 1995 3408 quos

439 3446 686 3500 manibus
709 3450 912 3506 tenent,
949 3441 1373 3495 demonstrantes
1406 3433 1508 3488 hoc
1556 3432 1696 3501 quod
1719 3445 1814 3500 per
1844 3429 1994 3483 illum

437 3534 668 3604 Agnum,
706 3533 798 3601 qui
853 3529 990 3583 tollit
1025 3534 1242 3596 peccata
1271 3522 1469 3584 mundi,
1520 3519 1886 3587 unusquisque
1910 3517 1996 3570 lu-

440 3634 562 3676 men
585 3623 828 3689 accipere
851 3618 1055 3672 debeat.
1083 3613 1234 3680 Quod
1264 3625 1394 3666 vero
1420 3610 1490 3663 ab
1515 3608 1775 3679 imperitis
1800 3607 1998 3660 exstin-

436 3720 678 3783 guuntur
711 3712 763 3764 in
796 3706 1199 3763 consecratione
1225 3703 1405 3766 fontis,
1428 3702 1636 3769 quando
1668 3699 1744 3752 illi
1767 3697 1998 3765 majores

439 3802 722 3858 illuminati
756 3801 1114 3869 deponuntur,
1149 3794 1225 3848 nil
1253 3791 1584 3855 auctoritatis
1629 3797 1729 3844 est.
1767 3787 1895 3842 Sine
1919 3788 1999 3841 lu-

441 3892 585 3945 mine
616 3889 759 3944 enim
794 3896 917 3941 sunt
942 3899 1112 3952 usque
1158 3882 1223 3937 ad
1272 3882 1413 3936 hanc
1439 3881 1645 3941 horam,
1681 3893 1787 3948 qua
1815 3877 1995 3931 (επιειοί

437 3979 582 4033 cerei
614 3976 976 4051 illuminantur
1029 3970 1288 4036 ccclesiai,
1318 3983 1382 4023 ea
1429 3967 1676 4022 videlicet
1727 3980 1912 4028 causa,
1941 3974 1998 4017 ut

439 4071 588 4139 prius
620 4068 884 4136 accipiant
907 4063 1300 4131 impositionem
1333 4075 1523 4114 manus
1555 4057 1810 4126 episcopi,
1846 4065 1900 4110 et
1921 4057 1998 4110 sic

440 4172 533 4212 eos
557 4143 837 4212 credamus
861 4152 1152 4206 illuminari
1188 4145 1390 4219 Spiritu
1421 4155 1646 4201 sancto:
1679 4155 1840 4214 atque
1862 4146 2000 4199 sicut

439 4248 608 4318 gloria
632 4242 1038 4299 resurrectionis
1087 4239 1348 4301 illustrata
1375 4244 1459 4291 est
1489 4249 1616 4298 nox,
1649 4235 1701 4287 in
1726 4247 1832 4302 qua
1861 4232 1998 4286 cele—

439 4339 659 4392 bramus
693 4336 932 4398 missam,
961 4332 1035 4386 ita
1062 4329 1353 4384 illustretur
1381 4332 1436 4379 et
1472 4323 1672 4376 lumine
1691 4335 1989 4375 cereorum.
2023 4347 2070 4406 ι)

437 4426 695 4494 Sequitur
722 4425 897 4494 Agnus
923 4423 1014 4476 Dei
1037 4439 1056 4486 ;
1092 4435 1154 4474 ea
1177 4435 1305 4474 vero
1328 4431 1444 4485 quae
1465 4419 1777 4482 sequuntur,
1806 4411 1992 4465 tandiu

440 4514 633 4569 debent
658 4529 866 4567 morose
896 4513 1082 4580 repeti,
1108 4519 1165 4564 ut
1187 4506 1415 4563 ministri
1458 4512 1656 4574 queant
1682 4501 1990 4573 procedere.

399 4595 402 4597 Α
443 4587 716 4671 Sequitur,
748 4594 948 4653 Christe
972 4595 1095 4650 audi
1133 4613 1246 4660 nos,
1275 4594 1434 4664 Kyrie
1465 4592 1676 4646 eleison.
1702 4586 1796 4644 His
1818 4587 1997 4656 exple-

442 4691 533 4754 tis,
565 4689 694 4743 dicit
719 4684 980 4757 pontifex,
1005 4683 1184 4753 Gloria
1218 4684 1273 4735 in
1300 4680 1513 4735 excelsis
1540 4680 1669 4734 Deo.
1696 4678 1775 4732 Ex
1807 4677 1996 4730 Decre-

442 4778 637 4831 talibus
682 4772 970 4828 lnnoeentii
1024 4784 1172 4839 papae
1214 4764 1480 4832 diximus,
1510 4767 1733 4820 sabbato
1778 4765 1994 4832 missam

442 4882 548 4921 non
581 4864 840 4920 celebrari
871 4879 883 4914 :
909 4861 1049 4930 quod
1071 4859 1144 4912 ita
1169 4871 1288 4911 esse
1304 4855 1664 4924 comperimus
1697 4869 1761 4907 ex
1787 4852 1989 4916 Olﬁcio,

443 4956 583 5025 quod
632 4961 800 5008 totam
837 4961 1044 5007 noctem
1078 4948 1311 5002 illustrat
1342 4944 1596 5007 futuram,
1632 4952 1692 4996 ut
1743 4944 1795 4996 in
1822 4944 1992 5010 prima

441 5043 686 5100 oratione
725 5042 942 5094 missae:
977 5039 1114 5092 Deus
1155 5038 1244 5108 qui
1291 5037 1425 5088 hanc
1451 5031 1864 5087 sacratissimum
1898 5046 1993 5083 no-

443 5144 590 5188 ctem.
629 5129 765 5185 Nota
797 5143 927 5182 voce
955 5127 1318 5180 ministrorum
1345 5126 1408 5178 ad
1423 5122 1716 5191 neophytos
1738 5131 1908 5188 usque
1929 5116 1996 5170 ad

444 5221 805 5290 Evangelium,
839 5216 1042 5271 utillud
1069 5227 1090 5268 ε’
1119 5215 1175 5269 Si
1201 5212 1596 5269 consurrexistis
1625 5225 1741 5263 cum
1767 5207 1992 5262 Christo.

442 5295 706 5366 Cantatur
725 5309 872 5379 prius
903 5304 1147 5367 Alleluia,
1184 5303 1324 5372 quod
1343 5309 1424 5357 est
1460 5301 1741 5356 Hebraeum
1777 5303 1998 5367 propter

444 5403 734 5472 primatum
773 5385 932 5468 hujus
951 5397 1144 5466 lingua!
1165 5411 1178 5446 :
1200 5393 1326 5447 hinc
1356 5393 1582 5447 Tractus
1614 5391 1822 5445 Latine.
1849 5389 1998 5454 Quod

447 5471 623 5546 autem
647 5497 770 5543 ante
791 5485 1136 5557 Evangelium
1166 5498 1268 5537 non
1290 5489 1556 5551 portatur,
1580 5481 1687 5534 nisi
1705 5478 1998 5548 thymiama

519 5614 540 5639 ι
579 5597 899 5661 Amalarius,
917 5611 1034 5666 cap.
1059 5594 1147 5649 54.

2099 491 2220 536 ante
2238 482 2410 535 lucem
2433 483 2499 536 ad
2512 483 2813 552 ungendum
2847 483 3128 537 Dominum
3152 485 3475 539 detulerunt.
3505 487 3658 552 Quod

2097 578 2272 622 autem
2296 577 2414 638 post
2456 568 2800 639 Evangelium
2847 586 2952 625 non
2989 581 3238 625 cantatur
3273 571 3578 639 Oﬁ‘erenda,
3603 584 3660 630 et

2097 666 2345 711 cantores
2365 666 2605 727 tempore
2621 659 2868 712 sacriﬁcii
2889 660 3065 723 silent,
3085 661 3151 714 ad
3168 662 3483 716 memoriam
3499 664 3656 716 redu-

2097 743 2238 796 citur
2257 742 2580 797 sacriﬁcium
2602 757 2704 798 seu
2721 745 2989 799 silentium
3013 747 3293 800 mulierum
3319 767 3330 799 :
3358 741 3485 816 ἱρείη
3512 750 3656 804 enim

2101 841 2226 886 tunc
2242 838 2609 890 tantummodo
2628 848 2895 906 unguenta
2914 840 3238 892 detulerunt.
3264 839 3505 904 Sanctus,
3525 841 3660 894 San-

2099 926 2232 980 ctus,
2251 916 2489 985 Sanctus,
2507 921 2646 988 quod
2666 931 2749 974 est
2769 923 3075 990 angelorum
3100 934 3308 988 cantus,
3326 927 3445 980 ideo
3469 936 3654 981 canta-

2100 1012 2207 1076 tur,
2230 1005 2351 1072 quia
2370 1006 2542 1076 angeli
2566 1022 2670 1060 non
2700 1015 2981 1063 tacuerunt
2998 1012 3062 1063 de
3083 1009 3198 1076 ejus
3235 1017 3649 1068 resurrectione.

2098 1089 2294 1144 lterum
2333 1094 2448 1146 vice
2487 1094 2768 1148 mulierum
2804 1099 3029 1150 reticent
3052 1107 3314 1170 cantores
3335 1101 3511 1169 Agnus
3534 1102 3654 1164 Dei,

2099 1181 2221 1247 quia
2237 1182 2451 1248 quando
2470 1181 2819 1252 interrogavit
2837 1185 2996 1239 Maria
3020 1186 3358 1240 hortulanum
3379 1208 3388 1240 :
3416 1190 3654 1252 Domine,

2098 1270 2144 1321 si
2161 1278 2215 1321 tu
2236 1270 2492 1323 sustulisti
2513 1288 2649 1336 eum,
2685 1274 2843 1326 dicito
2865 1276 2988 1328 mihi
3013 1275 3191 1343 (Joan.
3234 1294 3330 1342 xx,
3355 1279 3464 1350 15),
3485 1281 3659 1348 magis

2098 1359 2351 1412 credebat
2374 1359 2520 1411 illum
2543 1359 2686 1413 furto
2708 1376 2826 1417 esse
2850 1365 3142 1428 sublatum,
3168 1383 3327 1435 quam
3347 1369 3529 1422 tollere
3542 1385 3658 1437 pec-

2099 1453 2216 1499 cata
2232 1447 2412 1504 mundi
2434 1463 2524 1502 :ac
2543 1459 2821 1517 propterea
2835 1453 3056 1519 audivit,
3079 1456 3262 1510 volens
3277 1474 3396 1511 eum
3418 1467 3653 1526 tangere,

2101 1533 2227 1586 Noli
2245 1551 2323 1586 me
2336 1545 2562 1603 tangere.
2584 1536 2845 1593 Sacerdos
2861 1542 3047 1607 quiest
3071 1545 3302 1598 vicarius
3323 1546 3542 1610 Christi,
3561 1549 3658 1602 im-

2101 1621 2372 1689 pletsuum
2394 1624 2649 1678 ofﬁcium.
2677 1626 2930 1696 Sequitur
2968 1631 3035 1685 ad
3056 1634 3425 1701 complcndam
3463 1639 3652 1690 oratio.

2033 1711 2073 1768 Β
2100 1711 2386 1780 Postquam
2416 1727 2604 1770 omnes
2626 1721 3159 1786 communicaverint,
3187 1724 3315 1777 dicit
3354 1726 3612 1781 diaconus
3641 1743 3654 1780 :

2098 1802 2196 1867 Ite,
2218 1806 2378 1858 missa
2391 1816 2484 1859 est.
2507 1805 2906 1877 Respondetur:
2931 1813 3035 1866 Deo
3060 1816 3278 1883 gratias.
3305 1816 3361 1885 In
3385 1818 3483 1870 hac
3500 1827 3654 1873 nocte

2096 1891 2164 1946 de
2175 1895 2514 1962 vespertinali
2531 1899 2718 1967 synaxi
2737 1899 2873 1968 apud
2885 1900 3153 1958 Romanos
3175 1906 3247 1958 nil
3263 1906 3457 1974 agitur,
3481 1924 3656 1978 neque

2097 1989 2220 2034 ante
2233 1982 2469 2045 missam,
2494 2000 2668 2052 neque
2683 1989 3060 2055 postmissam,
3085 1993 3210 2059 quia
3229 1996 3520 2048 secundum
3544 1997 3654 2052 Au-

2095 2073 2365 2141 gustinum
2391 2083 2446 2128 et
2459 2076 2592 2129 alios
2613 2077 2880 2143 doctores,
2898 2081 3038 2135 istud
3056 2081 3350 2137 Sabbatum
3375 2101 3479 2138 non
3497 2087 3659 2142 habet

2094 2174 2392 2230 vesperam.-

2668 2234 2896 2292 CAPUT
2924 2237 3019 2291 XX
3049 2275 3062 2289 .

2524 2351 2590 2387 DE
2628 2351 2714 2388 DIE
2753 2351 2953 2390 SANCTO
2991 2352 3216 2391 PASCllzﬁ.

2165 2432 2190 2461 ι
2224 2423 2317 2477 Die
2336 2432 2523 2478 sancto
2546 2424 2786 2490 Paschae,
2811 2427 2863 2479 in
2884 2427 3230 2498 introitu'per
3248 2445 3342 2484 ora
3374 2433 3659 2501 propheta-

2096 2524 2213 2562 rum
2241 2521 2528 2578 praesentat
2552 2528 2610 2565 se
2634 2513 2878 2568 Christus
2911 2516 2963 2569 in
2993 2515 3230 2571 Ecclesia
3256 2518 3409 2573 Patri
3431 2535 3550 2584 suo,
3580 2521 3661 2574 di—

2093 2611 2222 2651 cens
2245 2615 2258 2650 :
2281 2598 2577 2653 Resurrexi.
2601 2601 2785 2657 Oratio
2805 2605 2977 2672 prima
3005 2615 3267 2660 monstrat
3285 2607 3488 2662 aditum
3510 2611 3659 2679 regni

2095 2687 2327 2742 caelestis
2348 2697 2588 2757 apertum
2613 2690 2764 2744 nobis
2783 2705 2920 2756 esse;
2948 2699 3045 2760 per
3070 2695 3263 2762 capitis
3285 2698 3455 2749 nostri
3483 2713 3663 2751 resur-

2098 2778 2407 2832 rectionem.
2439 2779 2673 2849 Epistola
2722 2781 2973 2834 admonet
3015 2797 3112 2836 nos
3150 2785 3386 2852 separari
3429 2799 3461 2838 a
3490 2787 3653 2847 vitiis,

2096 2876 2281 2922 contra
2327 2865 2446 2936 qua:
2495 2872 2819 2923 certavimus
2867 2885 2962 2938 per
2992 2871 3483 2942 quadragesimales
3524 2876 3656 2928 dies.

2101 2957 2513 3027 Responsorium
2563 2970 2846 3026 monstrat,
2903 2973 3163 3038 quantum
3209 2965 3378 3022 laetari
3419 2977 3661 3036 Oporteat

2097 3062 2190 3101 eos
2217 3049 2308 3116 qui
2335 3056 2631 3116 purgantur
2655 3065 2684 3102 a
2727 3052 2890 3104 Vitiis.
2917 3052 2974 3105 In
3003 3053 3228 3108 Alleluia
3255 3058 3574 3120 ostenditur,
3605 3059 3656 3112 in

2097 3153 2202 3206 quo
2229 3137 2298 3190 sit
2319 3139 2482 3191 totius
2509 3153 2672 3192 causa
2693 3139 2911 3212 laetitias.
2939 3143 3279 3212 Evangelium
3303 3149 3522 3213 exponit
3545 3164 3659 3215 per-

2095 3228 2287 3283 fectius
2309 3243 2526 3282 causam
2557 3230 2718 3283 totius
2756 3229 2972 3286 lmtitiae.
3003 3231 3202 3287 Eodem
3247 3235 3334 3288 die
3365 3237 3430 3289 ad
3461 3219 3657 3303 Vespe-

2096 3334 2183 3372 ras
2210 3317 2274 3371 ad
2304 3317 2558 3372 Sanctum
2589 3317 2849 3394 Joannem
2878 3313 3232 3392 congregata
3261 3327 3520 3380 maturius
3545 3328 3660 3380 uni-

2095 3423 2291 3462 versus.
2326 3408 2524 3477 gradus
2573 3395 2968 3464 ecclesiasticus
3004 3411 3057 3464 in
3086 3413 3310 3468 ecclesia
3352 3414 3575 3483 majore,
3606 3418 3661 3471 in

2095 3497 2212 3550 loco
2257 3497 2350 3565 qui
2377 3505 2600 3550 vocatur
2633 3496 2924 3552 Cruciﬁxio
2955 3513 2968 3551 :
2996 3500 3176 3568 ibique
3210 3490 3430 3557 inchoat
3456 3505 3658 3568 schola,

2098 3584 2144 3636 Κ
2149 3587 2258 3654 yrie
2291 3585 2481 3638 eleison
2509 3599 2532 3641 ς
2554 3592 2610 3639 et
2652 3600 2719 3638 eo
2761 3595 3018 3640 concentu
3054 3590 3372 3655 perveniunt
3399 3607 3566 3659 usque
3588 3593 3659 3646 ad

2097 3675 2284 3727 altare.
2305 3674 2554 3728 Posthac
2572 3675 2855 3727 inchoatur
2871 3673 3095 3727 Alleluia
3117 3676 3182 3729 ad
3205 3677 3490 3745 psalmum,
3516 3680 3658 3733 Dixit

2099 3765 2347 3818 Dominus
2369 3764 2610 3817 Domino.
2637 3763 2763 3818 Inde
2785 3762 3097 3836 Cpnﬁtebar,
3123 3781 3242 3819 cum
3268 3766 3495 3831 Alleluia
3522 3785 3540 3820 :
3571 3771 3659 3835 Et,

2095 3855 2288 3910 Beatus
2307 3857 2401 3922 vir,
2417 3871 2537 3909 cum
2555 3852 2801 3906 Alleluia.
2829 3853 2944 3919 Quo
2959 3854 3129 3919 ﬁnito,
3155 3859 3657 3928 scquiturAlleluiu.

2099 3947 2303 4002 Pascha
2323 3957 2578 4010 nostrum,
2600 3961 2716 3999 cum
2735 3961 2914 4008 versu,
2938 3945 3241 4014 Epulemur.
3260 3949 3386 4004 lnde
3409 3950 3657 4012 melodia.

2097 4041 2219 4093 inde
2248 4032 2482 4109 Epistula
2510 4039 2800 4092 secundum
2825 4035 3364 4107 Romanos.“Antiph.
3390 4039 3504 4093 Cito
3541 4058 3662 4095 eun-

2095 4140 2188 4181 tes.
2222 4129 2375 4183 Vers.
2415 4128 2551 4184 Ecce
2577 4127 2828 4198 praecedet
2855 4145 2963 4182 vos.
3006 4128 3136 4181 item
3165 4129 3443 4195 antiphon.
3487 4128 3554 4180 Et
3585 4145 3660 4182 re-

2096 4234 2335 4286 spiciens.

2164 4307 2220 4359 In
2248 4307 2349 4360 hac
2385 4303 2718 4360 hebdomada
2759 4319 2864 4359 non
2893 4303 3136 4371 sequitur
3162 4312 3282 4373 post
3311 4305 3657 4374 Evangelium
3733 4342 3747 4350 .

2098 4395 2259 4465 Kyrie
2279 4394 2495 4458 eleison,
2518 4394 2609 4448 sed
2635 4393 2885 4448 sacerdos
2913 4393 3041 4446 dicit
3062 4395 3381 4460 orationem,
3411 4409 3516 4464 qua
3547 4394 3666 4449 ﬁni.

2101 4494 2174 4549 ta,
2197 4483 2524 4538 descendunt
2550 4483 2617 4536 ad
2642 4483 2819 4538 fontes
2845 4498 2964 4538 cum
2982 4477 3270 4555 Antiphon.
3297 4484 3363 4538 In
3383 4484 3465 4537 die
3491 4501 3662 4538 resur-

2101 4575 2361 4628 rectionis.
2411 4572 2664 4642 Sequitur
2713 4573 2950 4642 psalmus
2982 4591 2993 4625 :
3025 4571 3261 4646 Laudate
3319 4575 3487 4643 pueri,
3534 4586 3666 4627 cum

2098 4662 2342 4717 Alleluia.
2367 4662 2494 4716 Inde
2522 4660 2746 4716 Alleluia
2763 4703 2778 4726 ,
2807 4662 3059 4716 Dominus
3084 4664 3333 4731 regnarit.
3368 4663 3519 4717 Vers.
3546 4660 3660 4714 Pa-

2101 4763 2214 4806 rata
2236 4752 2378 4805 sedes
2400 4762 2508 4804 tua.
2536 4751 2665 4805 Item
2689 4766 2829 4822 vers.
2848 4751 3209 4804 Elevauerunt.
3253 4749 3379 4821 Inde
3402 4738 3656 4813 melodia,

2099 4845 2220 4897 inde
2269 4841 2628 4910 Evangelium.
2681 4839 2898 4908 Antiph.
2970 4825 3113 4890 Venit
3163 4837 3356 4890 Maria.
3403 4838 3662 4906 Sequitur

2097 4935 2299 4989 Oratio.
2330 4932 2454 4986 Inde
2480 4931 2679 4984 vadunt
2703 4930 2769 4983 ad
2798 4928 3053 4994 Sanctum
3077 4926 3334 4982 Joannem
3365 4929 3432 4982 ad
3460 4929 3660 4985 Fontes

2097 5040 2190 5080 seu
2213 5025 2278 5078 ad
2304 5021 2540 5084 Vestem,
2563 5034 2684 5074 cum
2707 5019 2908 5086 antiph.
2937 5016 3203 5086 Lapidem.
3236 5015 3492 5088 Sequitur
3513 5020 3656 5087 psal—

2102 5130 2250 5183 mus,
2290 5112 2356 5166 In
2391 5112 2562 5173 exitu,
2601 5123 2721 5162 cum
2768 5107 2992 5161 Alleluia
3020 5119 3170 5176 :quo
3215 5107 3386 5174 ﬁnito,
3417 5111 3663 5178 sequitur

2099 5204 2341 5258 Alleluia.
2381 5196 2579 5271 venite,
2623 5195 2968 5250 exsultemus-
3011 5195 3163 5271 Vers.
3207 5193 3654 5264 Prteoccupemus.

2096 5297 2224 5349 Item
2255 5304 2397 5343 vers.
2432 5285 2601 5361 Hodie
2621 5287 2666 5338 si
2687 5301 2872 5345 vocem.
2906 5284 3034 5339 Inde
3059 5285 3311 5348 melodia,
3340 5284 3393 5337 in
3422 5284 3662 5351 Evange-

2097 5386 2168 5439 lio
2195 5380 2481 5448 antiphona
2507 5393 2520 5427 :
2552 5373 2650 5437 Ite,
2677 5375 2927 5428 nuntiate.
2959 5374 3111 5428 Vers.
3141 5373 3222 5426 Ibi
3249 5389 3384 5426 eum.
3408 5372 3541 5425 item
3568 5386 3660 5424 an-

2101 5477 2336 5546 tiphona,
2388 5464 2562 5520 Nolite
2604 5480 2955 5535 expavescere.
3007 5462 3262 5530 Sequitur
3308 5460 3500 5514 oratio.
3545 5459 3663 5526 Qua.
