4232 6206
678 310 696 360 Ι
709 309 808 360 2‘23

1490 316 1544 373 Β.
1586 317 1645 370 F.
1692 317 1908 371 ALBlNl
1945 316 2076 373 SEU
2114 317 2390 374 ALCUINI
2425 315 2707 376 OPERUM
2745 318 2923 376 PARS
2963 315 3047 376 IX.

3747 327 3882 384 Im

671 421 837 485 ﬁnita,
891 432 1117 492 pergunt
1166 424 1230 477 ad
1279 441 1490 492 crucem
1549 442 1668 481 cum
1733 407 2046 497 antiphona,
2102 427 2220 481 Vidi
2249 431 2290 486 Α
2320 439 2626 484 canuntur:
2662 432 2912 500 primum,
2951 434 3074 501 quia
3115 434 3222 488 vita
3267 437 3531 500 redditur;
3565 443 3875 511 secundum,

669 524 876 577 aquam.
919 508 1100 577 Ibique
1151 521 1347 564 canunt
1393 514 1583 566 iterum
1629 516 1895 583 psalmum
1933 531 1947 568 :
1981 514 2045 568 In
2081 516 2222 569 exitu

670 595 867 665 Israel,
889 604 941 650 et
969 597 1206 652 Alleluia.
1246 599 1418 654 Venite
1446 603 1777 666 exsultemus,
1802 612 1861 656 ut
1888 619 2068 673 supra.
2097 604 2224 659 Inde

669 683 918 753 Evangel.
965 686 1176 755 Antiph.
1220 686 1520 743 Prin-edam
1559 709 1668 756 vos,
1699 701 1753 746 et
1779 695 2019 762 sequitur
2052 697 2224 750 oratio

670 772 974 826 sacerdotis.
1003 772 1095 827 llis
1119 775 1303 838 finitis,
1326 783 1379 828 et
1398 776 1623 848 eulogiis
1651 781 1903 848 acceptis,
1931 782 2224 836 remittitur

671 862 1032 929 unusquisque
1062 864 1126 916 ad
1170 863 1380 917 titulum
1423 881 1594 930 suum,
1646 876 1703 920 ut
1737 868 1932 923 ibidem
1962 869 2222 939 Vesperas

668 948 918 1004 celebret.
979 949 1082 1017 Ipsi
1128 952 1269 1005 enim
1301 966 1483 1029 .super
1531 955 1790 1022 psalmum
1857 959 2222 1012 tantummodo

580 1028 585 1032 ’
668 1034 890 1088 Alleluia
921 1036 1117 1098 dicunt,
1147 1047 1201 1090 et
1229 1028 1350 1094 ante
1375 1041 1714 1112 Evangelium
1741 1044 1921 1098 dicunt
1945 1059 2222 1113 responso-

669 1124 806 1175 rium
841 1141 856 1178 :
892 1123 1016 1178 Herc
1053 1127 1180 1191 dies,
1213 1130 1326 1182 sine
1365 1147 1542 1185 versu.
1577 1130 1699 1187 Hmc
1735 1136 1906 1188 oratio
1933 1152 2026 1204 per
2057 1146 2220 1191 totam

669 1212 1050 1268 hebdomadam
1106 1228 1350 1272 servatur
1405 1237 1572 1288 usque
1621 1223 1672 1275 in
1723 1223 2052 1279 Dominicam
2102 1239 2221 1295 post

667 1301 848 1366 Albas,
888 1303 1132 1368 Alleluia,
1162 1316 1214 1360 et
1242 1310 1546 1377 antiphonis
1571 1307 1786 1366 mutatis
1813 1322 2014 1368 tantum
2042 1317 2220 1387 singu-

668 1389 734 1445 lis
758 1393 962 1457 diebus,
995 1396 1223 1462 psa‘lmos
1249 1413 1374 1452 vero
1394 1397 1604 1453 eosdem
1635 1410 1856 1457 canunt.

1215 1519 1239 1545 ο
1291 1482 1510 1562 CAPUT
1549 1507 1688 1562 XXI.

1132 1613 1196 1649 DE
1235 1613 1467 1653 SABBATO
1499 1617 1550 1652 IN
1590 1616 1755 1654 Αιωε,

739 1684 904 1740 Hodie
935 1686 1128 1749 Albati,
1157 1690 1279 1755 quia
1328 1689 1379 1740 in
1413 1690 1643 1744 Sabbato
1683 1691 1933 1759 baptizati
1979 1691 2211 1758 fuerunt,
2247 1689 2264 1759 ς

668 1776 906 1829 vestibus
927 1777 1060 1829 albis
1085 1787 1368 1831 exuuntur.
1396 1779 1569 1833 Albati
1596 1789 1774 1834 autem
1803 1791 2020 1849 propter
2042 1791 2216 1839 vestes

669 1860 816 1913 albas
858 1861 1012 1929 vulgo
1042 1862 1371 1930 appellantur
1399 1865 1444 1917 δ.
1478 1866 1628 1920 Sicut
1663 1876 1860 1936 septem
1912 1869 2024 1923 dies
2051 1871 2214 1938 perti-

672 1958 799 2002 nent
827 1950 893 2002 ad
938 1959 1088 2003 vetus
1128 1960 1500 2020 testamentum
1538 1965 1753 2024 propter
1791 1959 2102 2023 sabbatum,
2144 1960 2216 2011 ita

671 2044 791 2089 octo
813 2037 925 2090 dies
961 2039 1038 2092 ad.
1054 2055 1246 2091 novum
1288 2033 1505 2110 propter
1531 2051 1774 2097 octavum
1815 2048 2220 2104 resurrectionis

670 2126 833 2180 diem.
860 2128 904 2180 A
932 2129 1152 2182 sabbato
1177 2145 1345 2196 usque
1378 2132 1446 2182 ad
1474 2133 1750 2184 sabbatum
1781 2142 2059 2201 portantur
2088 2135 2220 2189 alba:

669 2225 867 2279 vestes,
896 2231 1013 2284 quae
1036 2217 1187 2270 nobis
1217 2219 1445 2285 speciem
1473 2228 1747 2288 pnestant,
1776 2222 1958 2289 quales
1981 2238 2097 2277 esse
2122 2223 2216 2277 de-

669 2305 886 2356 beamus
916 2303 967 2354 in
1011 2319 1146 2357 novo
1175 2312 1508 2370 testamento,
1535 2317 1588 2361 et
1617 2310 1795 2378 qualia
1824 2326 2046 2378 corpora
2073 2327 2220 2366 rece-

669 2393 810 2459 pturi
853 2393 905 2444 in
955 2401 1141 2446 octava
1170 2395 1296 2459 'die,
1325 2396 1378 2447 in
1407 2412 1509 2464 qua
1554 2400 1864 2465 praesentari
1896 2414 1991 2452 nos
2013 2409 2222 2468 oportet

604 2526 610 2531 .
670 2490 792 2534 ante
816 2482 1094 2536 Dominum
1114 2498 1236 2536 cum
1265 2484 1379 2551 ipso
1400 2485 1640 2554 pignore,
1673 2487 1811 2552 quod
1843 2488 2146 2555 accepimus
2166 2489 2217 2541 in

669 2571 950 2637 baptismo.
977 2569 1108 2623 Alba
1135 2579 1310 2624 autem
1360 2573 1670 2626 vestimenta
1711 2574 2025 2639 albatorum,
2058 2590 2218 2644 opera

670 2665 793 2711 sunt
830 2658 1114 2725 justorum,
1148 2660 1338 2714 munda
1367 2668 1420 2714 et
1457 2663 1678 2716 candida
1706 2662 1874 2734 486
1909 2667 2052 2718 omni
2087 2676 2221 2742 tem-

669 2761 815 2816 pore.
845 2746 994 2812 Quod
1019 2762 1144 2801 vero
1171 2748 1222 2800 in
1245 2749 1464 2802 sabbato
1483 2759 1748 2802 exuuntur
1769 2751 1881 2818 ipsa
1901 2754 2220 2807 vestimenta

668 2841 768 2892 hoc
809 2838 1088 2906 signiﬁcat,
1131 2838 1270 2906 quod
1308 2839 1482 2891 anima
1526 2826 1882 2907 cujuscunque
1928 2841 2098 2898 ﬁdelis
2122 2846 2220 2898 mia

669 2942 828 2993 grans
847 2941 1136 2993 ecerpore,
1165 2927 1394 2979 inveniet
1413 2927 1707 2987 sabbatum,
1740 2928 1790 2979 id
1813 2937 1911 2992 est,
1938 2933 2175 2998 requiem
2201 2949 2214 2986 :

670 3020 726 3063 et
748 3012 1058 3064 vestimenta
1102 3026 1196 3063 sua
1220 3011 1307 3063 hic
1328 3012 1575 3076 dimittet,
1610 3013 1659 3065 id
1683 3022 1786 3076 est,
1816 3029 2025 3084 corpus,
2056 3025 2112 3069 ut
2137 3032 2217 3069 re-

670 3100 831 3167 cipiat
857 3099 982 3152 illud
1011 3101 1200 3153 iterum
1230 3101 1280 3152 in
1313 3101 1596 3154 novissima
1631 3103 1732 3155 die.
1771 3103 1901 3156 Octo
1931 3106 2042 3158 dies
2092 3123 2215 3159 neo-

670 3190 951 3257 phytornm
994 3201 1207 3242 cursum
1245 3192 1517 3256 praesentis
1560 3191 1681 3244 vita:
1709 3201 2026 3246 monstrant.
2069 3192 2216 3248 Sicut

669 3278 810 3328 enim
851 3276 1142 3329 Hebraicus
1183 3277 1271 3330 ille
1303 3277 1544 3345 populus,
1585 3279 1804 3332 transito
1834 3282 1966 3334 mari
2013 3282 2211 3345 Rubro,

671 3363 918 3415 columna
949 3364 1085 3432 ignis
1112 3364 1209 3417 sibi
1235 3367 1560 3434 praecedente
1596 3377 1773 3431 noctu,
1801 3385 1895 3437 per
1918 3384 2074 3426 omne
2116 3375 2216 3427 iter
2249 3363 2252 3366 ’

672 3457 726 3508 in
773 3462 968 3509 terram
1015 3458 1438 3526 repromissionis
1487 3462 1817 3530 triumphans
1865 3466 1927 3518 de
1979 3469 2217 3540 hostibus

669 3543 876 3598 introiit
901 3563 912 3596 :
938 3546 1010 3599 ita
1035 3547 1206 3624 nostri
1232 3548 1505 3615 baptizati,
1529 3551 1808 3605 exstinctis
1827 3556 2060 3620 peccatis
2083 3572 2214 3624 prte-

670 3633 860 3694 teritis,
912 3616 1178 3689 ducuntur
1219 3637 1452 3704 quotidie
1505 3639 1569 3692 ad
1620 3616 1932 3707 Ecclesiam,
1972 3616 2213 3701 colu-mna

669 3723 808 3776 cerei
838 3723 1130 3779 illuminata
1171 3727 1499 3794 prtecedente
1536 3744 1644 3782 eos.
1685 3731 1834 3786 Unde
1884 3735 2210 3804 intelligitur.

671 3811 738 3863 ad
765 3811 933 3864 nullos
972 3812 1103 3865 alios
1145 3829 1272 3867 usus
1300 3815 1353 3867 in
1377 3811 1850 3882 quibuslibet'locis
1879 3836 1994 3874 eam
2024 3825 2217 3879 debere

672 3900 910 3964 accendi,
939 3901 1038 3953 nisi
1066 3901 1118 3953 in
1145 3902 1508 3976 recordatione
1533 3905 1748 3959 luminis
1772 3907 2002 3976 Spiritus
2022 3914 2214 3974 saneti,

671 3993 794 4044 dum
826 3993 930 4043 itur
972 3993 1037 4044 ad
1063 3994 1358 4047 ecclesiam.
1391 3995 1521 4047 Octo
1548 3997 1662 4049 dies
1697 4001 2079 4068 neopbytorum
2105 4005 2214 4057 dis-

670 4075 980 4152 tinguuntur
1009 4099 1037 4136 a
1086 4085 1309 4148 caeteris,
1340 4087 1390 4139 id
1420 4095 1518 4149 est,
1561 4098 1802 4154 octavus,
1830 4089 2010 4146 Primo
2047 4099 2217 4149 conci-

670 4176 762 4226 nil.
787 4175 1263 4244 0cto'ofﬁcia,qua3
1283 4176 1413 4231 ﬁunt
1437 4179 1487 4231 in
1513 4184 2066 4240 commemorationem
2089 4203 2215 4241 neo-

668 4266 972 4333 phytorum,
996 4267 1391 4336 distinguuntur
1409 4285 1437 4323 a
1462 4273 1667 4325 caneris
1686 4275 2026 4340 sequentibus
2049 4293 2214 4344 usque

671 4354 721 4406 in
754 4353 1118 4407 Pentecosten.
1167 4355 1403 4408 Primum
1447 4357 1605 4410 habet
1643 4358 1773 4412 duas
1802 4353 2002 4423 laudes,
2031 4364 2082 4415 id
2110 4372 2214 4427 est,
2243 4384 2292 4441 ι)

669 4441 916 4504 Alleluia,
945 4441 1289 4510 Conﬁtemini,
1313 4453 1366 4497 et
1393 4454 1640 4510 tractum,
1665 4447 1895 4501 Laudate
1919 4451 2211 4507 Dominum.

668 4533 925 4586 Octavum
967 4533 1096 4587 duas
1138 4534 1410 4596 similiter,
1443 4537 1492 4590 id
1519 4546 1628 4600 est,
1669 4523 1770 4592 duo
1809 4541 2059 4608 Alleluia,
2089 4545 2216 4599 Παῖς

669 4623 800 4687 dies,
831 4629 886 4676 et
910 4621 1142 4674 Laudate
1164 4626 1326 4691 pueri.
1357 4625 1506 4690 Quod
1537 4645 1640 4681 non
1671 4628 1729 4681 fit
1754 4631 1804 4683 in
1837 4632 1942 4686 ullo
1969 4634 2072 4688 alio
2097 4636 2217 4688 sab-

669 4711 792 4765 bato
815 4728 982 4781 usque
998 4714 1050 4766 in
1073 4713 1437 4768 Pentecosten.
1465 4717 1566 4769 Sex
1596 4720 1765 4772 media
1787 4720 1984 4774 habent
2005 4739 2218 4792 respon-

669 4802 868 4855 sorium
896 4812 950 4857 et
971 4803 1214 4856 Alleluia.
1243 4803 1301 4856 In
1327 4807 1635 4858 memoriam
1665 4809 1840 4876 itaque
1863 4813 2048 4878 primae
2071 4815 2211 4877 vitae,

669 4904 826 4957 quam
846 4891 1028 4945 habuit
1061 4892 1251 4956 Adam,
1272 4893 1445 4961 primo
1470 4895 1680 4972 canitur
1706 4896 1927 4950 Alleluia
1954 4917 1972 4952 :
1998 4908 2053 4953 et
2089 4904 2212 4968 quia

673 4995 774 5033 non
816 4979 915 5032 fuit
944 4983 1283 5049 sempiterna,
1312 4992 1513 5037 tractus
1541 4984 1777 5051 sequitur
1810 4985 2093 5044 humiliore
2117 4990 2216 5042 lin-

670 5083 794 5136 gua,
822 5076 879 5119 ut
905 5068 1172 5123 humilitas
1194 5071 1505 5138 posterioris
1539 5071 1660 5123 vitae
1689 5074 2011 5126 recordetur.
2042 5075 2099 5127 ln
2132 5091 2215 5129 re-

670 5157 976 5211 cordatione
1003 5172 1130 5210 vero
1155 5160 1443 5225 potissima:
1464 5162 1886 5226 restaurationis,
1916 5164 1968 5217 id
1992 5173 2076 5218 est
2093 5166 2215 5218 ulti-

672 5262 771 5300 mze
804 5232 1028 5314 requiei,
1055 5253 1172 5314 qua:
1195 5247 1431 5300 redditur
1455 5249 1506 5301 in
1547 5250 1767 5318 septima
1796 5252 1899 5315 die,
1927 5262 1980 5306 et
2004 5253 2212 5321 perﬁci-

670 5344 754 5388 tur
797 5334 849 5388 in
891 5320 1075 5389 octavo
1120 5336 1205 5389 die
1249 5343 1303 5388 et
1346 5345 1533 5390 octavo
1579 5339 1785 5401 ofﬁcio,
1837 5341 1939 5394 duo
1993 5320 2214 5395 Alleluia

739 5457 763 5484 α
801 5447 857 5499 1η
895 5462 994 5499 ms.
1029 5455 1130 5512 est,
1170 5445 1248 5499 De
1274 5447 1486 5500 sabbato
1513 5449 1719 5516 quando
1762 5449 1904 5502 albas
1934 5452 2211 5519 deponunt.

673 5512 1012 5577 Quancsns.

742 5583 767 5621 δ
805 5585 1126 5650 Amalat'ius,
1157 5584 1384 5654 cap.29.

2323 517 2446 584 quia
2474 519 2815 586 sempiterna.
2847 520 3106 581 Similiter
3133 522 3186 575 in
3221 522 3511 582 Dominicis
3554 530 3740 587 diebus
3773 535 3878 592 duo

2321 604 2546 658 Alleluia
2586 609 2958 674 terminantur,
2983 626 3150 680 usque
3179 613 3230 666 in
3259 611 3628 674 Pentecosten.

2389 691 2504 747 Duo
2533 704 2677 760 sunt,
2724 697 2866 751 unde
2917 700 3093 754 anima
3119 702 3172 755 in
3213 706 3438 774 septima
3475 709 3581 774 die,
3610 711 3664 766 id
3690 723 3791 780 est,
3817 709 3875 772 in

2319 782 2503 850 requie
2531 782 2709 838 laudet
2729 780 3013 841 Dominum
3045 806 3057 841 :
3091 787 3275 857 unum,
3305 795 3370 848 de
3393 808 3641 868 percepta
3664 802 3828 872 gloria
3851 821 3868 870 ;

2319 867 2568 934 alterum,
2600 872 2664 924 de
2684 875 3028 943 percipienda
3061 872 3449 938 resurrectiOne
3473 900 3488 938 :
3515 867 3870 948 bomo‘autem

2320 953 2379 1014 in
2405 958 2792 1014 resurrectione
2819 965 3089 1019 constabit
3126 981 3191 1020 ex
3236 981 3457 1039 corpore
3495 983 3549 1028 et
3582 979 3786 1046 anima;
3819 991 3870 1036 et

2316 1045 2440 1111 quia
2486 1050 2808 1105 resurrectio
2837 1051 3110 1108 Domini‘ca
3138 1062 3409 1123 prmssit
3452 1063 3505 1116 in
3539 1074 3729 1121 octava
3762 1070 3866 1135 die,

2318 1133 2456 1197 quod
2495 1131 2731 1189 futurum
2759 1149 2842 1190 est
2870 1139 2923 1191 in
2968 1145 3373 1212 resurrectione,
3413 1146 3516 1202 hoc
3546 1153 3753 1222 agimus
3777 1131 3870 1224 per

2315 1219 2622 1277 Dominicos
2646 1215 2758 1280 dies
2774 1243 2942 1297 usque
2966 1232 3017 1284 in
3038 1232 3407 1306 Pentecosten,
3433 1241 3486 1295 id
3507 1253 3612 1305 est,
3645 1254 3702 1298 ut
3723 1262 3868 1303 mens

2316 1321 2371 1364 et
2395 1328 2590 1382 corpus
2614 1316 2794 1371 laudet
2813 1320 3123 1399 Dominum;
3155 1329 3352 1396 et-quia
3379 1331 3594 1388 interim
3617 1337 3734 1391 sine
3752 1352 3867 1393 cor-

2314 1415 2443 1467 pore
2471 1405 2644 1457 anima
2669 1406 2847 1462 laudat
2869 1410 3172 1477 Dominum;
3196 1429 3291 1483 per
3312 1420 3547 1489 singulos
3569 1419 3683 1480 dies
3707 1443 3866 1482 unum

2316 1488 2536 1544 Alleluia
2579 1494 2898 1550 celebratur.
2941 1499 3010 1553 At
3050 1505 3222 1557 media
3250 1523 3359 1560 .sex
3390 1488 3565 1566 Ofﬁcia
3600 1513 3869 1576 Paschalis

2314 1575 2655 1635 hebdomadas
2690 1589 3084 1652 responsorium
3125 1601 3305 1648 tenent
3333 1606 3387 1651 et
3432 1601 3676 1659 Alleluia.
3723 1607 3868 1663 Sicut

2315 1671 2647 1743 septenarius
2670 1687 2923 1729 numerus
2945 1680 3181 1747 requiem
3208 1684 3492 1754 signiﬁcat,
3521 1691 3594 1745 ita
3625 1682 3866 1753 senarius

2316 1766 2477 1820 opera
2510 1771 2524 1809 :
2553 1767 2606 1810 et
2649 1760 2700 1813 in
2744 1762 2846 1816 hac
2881 1765 2990 1818 vita
3035 1765 3187 1824 bonis
3228 1775 3478 1841 operibus
3519 1778 3868 1838 insistendum

2316 1849 2414 1905 est,
2441 1852 2496 1898 et
2520 1860 2550 1898 a
2577 1847 2672 1901 Dei
2702 1848 2856 1905 laude
2896 1868 3000 1907 non
3041 1847 3376 1914 cessandum.
3400 1858 3458 1917 In
3489 1864 3593 1920 ﬁne
3620 1864 3866 1925 Versuuni

2316 1934 2656 1998 responsorii,
2704 1935 2832 1990 Haec
2860 1939 2989 2001 dies,
3035 1952 3390 2013 praeposterus
3416 1952 3547 2005 ordo
3575 1961 3677 2008 est.
3706 1956 3867 2012 Bene-

2315 2015 2482 2070 dictus
2513 2021 2600 2088 qui
2628 2025 2782 2087 venit,
2808 2031 3132 2095 praeponitur
3163 2032 3220 2085 in
3259 2036 3442 2102 quinta
3494 2038 3628 2094 feria
3668 2048 3864 2112 versui,

2318 2104 2563 2203 Lapidem
2590 2127 2737 2180 quem
2758 2117 3170 2186 reprobaeerunt,
3199 2124 3287 2192 qui
3313 2133 3396 2179 est
3420 2127 3472 2181 in
3504 2130 3695 2191 ondine
3730 2104 3870 2203 psal;

2318 2193 2390 2245 mi
2417 2196 2564 2263 prior
2590 2212 2604 2250 :
2635 2201 2728 2253 sed
2751 2213 2899 2256 sexta
2928 2205 3061 2259 feria
3089 2219 3352 2278 cantatur,
3392 2216 3690 2284 quia.inter
3714 2193 3869 2278 caste-

2319 2297 2405 2336 ros
2447 2287 2710 2353 praecipue
2739 2303 2890 2346 sonat
2930 2295 2995 2349 de
3021 2300 3268 2364 passione
3311 2303 3543 2371 Domini,
3571 2323 3690 2376 quas
3725 2311 3862 2367 facta

2317 2381 2399 2425 est
2425 2385 2573 2428 sexta
2598 2376 2749 2432 feria.
2769 2380 2826 2433 In
2853 2381 2939 2435 illa
2962 2388 3381 2454 reprobaverunt
3396 2392 3678 2452 Dominum
3701 2399 3864 2456 Judmi

2316 2460 2661 2529 zedifieantes,
2694 2468 2747 2519 in
2789 2469 2876 2522 illa
2904 2470 3078 2528 factus
3110 2487 3190 2530 est
3221 2478 3273 2531 in
3303 2491 3462 2552 caput
3485 2488 3685 2554 anguli.
3715 2490 3864 2556 Quod

2318 2557 2493 2618 autem
2535 2553 2698 2606 semel
2725 2556 2898 2624 agitur
2925 2560 3237 2630 baptismus,
3265 2569 3535 2644 signiﬁcat
3563 2553 3686 2642 quia
3714 2553 3866 2632 (ibri-

2317 2645 2430 2690 stus
2457 2642 2618 2694 semel
2653 2659 2749 2712 pro
2800 2649 2952 2734 nobis
2985 2663 3225 2710 mortuus
3255 2642 3355 2712 est.
3387 2659 3443 2714 In
3474 2665 3870 2736 quo-baptismo

2318 2727 2450 2783 dnas
2469 2733 2740 2799 pactiones
2765 2736 2880 2792 fieri
2921 2727 3024 2794 non
3051 2745 3264 2800 dubium
3294 2758 3394 2814 est,
3424 2727 3657 2822 primum
3674 2727 3868 2816 videli—

2318 2828 2401 2874 cet
2441 2823 2814 2882 abrenuntiare
2865 2831 3071 2886 diabolo
3115 2844 3172 2888 et”
3213 2841 3419 2909 pompis
3459 2843 3604 2910 ejus;
3637 2851 3869 2906 secundo

2317 2915 2536 2983 credere
2557 2917 2607 2969 in
2633 2922 2941 2987 mysterium
2972 2935 3167 2979 sanctze
3190 2936 3241 2980 et
3265 2928 3547 3003 individua:
3569 2935 3865 2996 Trinitatis.
3885 2933 3897 2941 ’

2315 3002 2526 3057 Parvuli
2556 3016 2751 3072 autem,
2781 3009 2883 3062 alio
2910 3012 3192 3084 profitente
3223 3002 3378 3072 fidem
3408 3021 3640 3088 illorum,
3672 3027 3871 3084 idcirco

2317 3091 2669 3159 baptizantur,
2703 3097 2823 3164 quia
2850 3100 3023 3155 adhuc
3049 3101 3191 3172 loqui
3219 3103 3297 3158 vel
3331 3111 3548 3166 credere
3577 3128 3863 3184 nequeunt.

2313 3179 2434 3244 Qui,
2466 3183 2510 3237 si
2550 3185 2856 3253 priuSquam
2895 3204 3293 3260 regenerentur,
3323 3179 3867 3273 transierint,vprocul

2313 3269 2473 3325 dubio
2501 3287 2529 3325 a
2559 3290 2722 3344 regno
2770 3275 3153 3337 Christi'alieni
3199 3287 3454 3342 existunt.
3489 3269 3698 3347 Patrini‘
3738 3311 3868 3352 vero

2313 3357 2520 3422 illorum
2550 3367 2839 3430 praevidere
2883 3369 3097 3437 debent,
3133 3382 3191 3427 ut
3223 3392 3343 3429 cum
3371 3379 3436 3432 ad
3465 3380 3865 3452 .intelligibilem

2314 3460 2522 3504 :etatem
2548 3452 2903 3530 pervenerint,
2932 3460 3034 3516 ﬁde
3061 3469 3114 3515 et
3138 3462 3292 3520 bonis
3320 3471 3560 3530 moribus.
3578 3473 3864 3539 instruant,

2314 3537 2616 3592 Orationem
2659 3540 2985 3599 Dominicam
3029 3557 3082 3602 et
3118 3549 3424 3619 Symbolum
3470 3571 3563 3612 eos
3606 3537 3868 3617 instanter

2315 3627 2578 3680 erudiant.
2629 3628 2776 3695 Quod
2812 3633 2854 3686 si
2895 3636 3239 3707 neglexerint,
3276 3643 3454 3697 norint
3497 3661 3555 3701 se
3604 3647 3863 3706 rationem

2313 3729 2410 3780 pro
2429 3717 2505 3770 eis
2536 3719 2835 3776 reddituros
2859 3733 2980 3779 ante
3005 3711 3304 3794 Dominum,
3327 3747 3553 3800 quorum
3580 3751 3862 3807 sponsores

2314 3804 2631 3859 exstiterint.
2682 3809 2889 3873 Quanto
2925 3823 3098 3870 autem
3151 3829 3384 3888 tempore
3436 3804 3754 3893 generaliter
3799 3831 3864 3884 ab

2316 3893 2550 3949 Ecclesia
2601 3898 2898 3954 celebratur
2947 3904 3203 3962 adventus
3239 3905 3467 3979 Spiritus
3508 3919 3677 3971 sancti
3707 3934 3866 3989 super

2317 3984 2614 4051 apostolos,
2661 3995 2808 4044 tanto
2855 4000 3093 4063 tempore
3143 3998 3298 4053 debet
3351 4001 3625 4058 observari
3684 3984 3866 4063 unctio

2316 4075 2622 4130 chrismatis
2657 4081 2793 4148 apud
2829 4097 3279 4155 unumquemque,
3318 4092 3408 4160 qui
3455 4095 3651 4163 accipit
3680 4112 3869 4153 manus

2313 4161 2724 4231 impositionem,
2765 4178 2817 4222 et
2865 4187 2965 4229 non
2997 4175 3263 4232 immerito
3296 4194 3309 4231 :
3341 4161 3590 4248 quoniam
3639 4183 3868 4252 Spiritus

2314 4262 2531 4306 sanctus
2577 4256 2638 4307 in.
2676 4265 2876 4325 septem
2907 4259 3236 4329 mulieribus,
3267 4267 3368 4321 hoc
3392 4275 3496 4332 est,
3532 4279 3732 4339 septem
3761 4274 3870 4327 vir-

2316 4339 2513 4392 tutibus
2534 4343 2677 4394 venit
2698 4345 2760 4397 ad
2783 4344 3041 4415 hospitem
3066 4365 3237 4403 suum.
3262 4353 3534 4411 Dominiea
3555 4369 3674 4432 post
3696 4360 3864 4426 albas,

2319 4429 2369 4482 id
2390 4439 2490 4494 est,
2515 4431 2568 4485 in
2595 4435 2795 4488 octavis
2823 4437 3055 4502 Pascbze,
3093 4441 3262 4495 danda
3304 4453 3387 4498 est
3429 4429 3866 4502 ceravbenedicta

2315 4537 2434 4593 post
2475 4527 2687 4582 Missam
2715 4529 2781 4580 ad
2808 4530 3271 4598 suffumigandum,
3301 4536 3503 4589 scilicet
3533 4537 3585 4589 in
3622 4536 3867 4595 domibus

2315 4617 2445 4679 suis,
2491 4633 2582 4671 seu
2607 4619 2906 4686 ponendum
2933 4621 2982 4672 in
3011 4623 3152 4690 agris
3174 4623 3252 4675 vel
3282 4625 3468 4690 vineis,
3500 4637 3716 4697 propter
3744 4627 3863 4682 illu-

2316 4704 2493 4757 siones
2520 4704 2828 4769 diabolicas,
2859 4710 2969 4761 sive
2992 4718 3175 4763 contra
3205 4711 3409 4780 fulgura
3433 4715 3516 4767 vel
3542 4717 3794 4769 tonitrua.

2802 4880 2816 4889 Α
2885 4819 3106 4873 CAPUT
3145 4821 3300 4873 xxn.

2813 4923 2876 4960 DE
2910 4923 3123 4961 LITANIA
3160 4923 3376 4962 lAJORE.

2388 5004 2408 5029 ε
2436 4993 2673 5049 Romana
2708 4998 3035 5052 consuetudo
3059 5015 3222 5053 unum
3261 5001 3422 5066 diem,
3459 5002 3664 5066 scilicet
3704 5004 3866 5072 septi-

2315 5096 2456 5135 mum
2489 5083 2752 5138 Kalendas
2780 5086 2920 5150 Maii,
2949 5087 3255 5157 interponit,
3285 5105 3442 5158 quem
3467 5100 3622 5145 vocat
3643 5091 3699 5150 in
3719 5091 3865 5145 Lita-

2315 5166 2400 5219 nia
2439 5170 2667 5237 majore,
2718 5187 2824 5224 non
2861 5172 2915 5224 in
2955 5172 3171 5242 jejunio.
3200 5181 3432 5232 Αιτανιὶα
3460 5190 3637 5232 autem
3661 5175 3860 5244 Grece;

2315 5255 2502 5308 Latine
2527 5258 2830 5325 deprecatio
2851 5260 2931 5313 vel
2953 5263 3157 5330 rogatio
3179 5265 3540 5329 dicitur,,inde
3561 5274 3615 5322 et
3637 5267 3867 5334 rogatio—

2317 5361 2428 5400 nes.
2469 5346 2647 5401 Potest
2672 5349 2812 5403 enim
2840 5365 3025 5405 serena
3055 5369 3204 5408 mens
3232 5365 3286 5410 et
3326 5355 3497 5409 aliena
3533 5370 3564 5409 a
3596 5343 3884 5412 voluntate'

2389 5467 2408 5538 ς
2439 5456 2755 5538 Amalarius,
2781 5475 2896 5538 ca_p_.
2913 5441 3016 5525 ’δὴ
3034 5471 3166 5538 tom.
3187 5463 3302 5538 xiv
3336 5463 3437 5538 B_B_.
3456 5465 3567 5538 rp.
3592 5456 3712 5538 ρέα.

2319 5524 2441 5606 Inde
2468 5525 2726 5606 defectus
2765 5524 3307 5606 qui'damsupplendi.
3357 5534 3504 5589 Adde
3552 5524 3691 5606 qua;
3725 5537 3865 5590 idem

2322 5591 2484 5645 refert
2513 5594 2631 5648 libr.
2659 5613 2730 5662 iv,
2756 5591 2872 5666 cap.
2899 5599 2977 5659 24,
3005 5610 3058 5654 et
3084 5591 3238 5666 seqq.
