4232 6202
378 380 512 437 im

1195 376 1342 433 OPP.
1385 373 1782 432 SUPPOSITA.
1818 403 1887 413 -—-
1923 372 2052 427 [ΑΒ.
2096 371 2183 425 DE
2221 370 2468 425 DlVlNlS
2506 368 2809 426 OFFlCllS.

3471 370 3605 424 £226

370 494 513 558 mala
540 494 750 564 precari
770 492 1090 556 Dominum,
1131 488 1379 560 quamvis
1417 486 1703 541 manducet
1735 483 1931 539 sobrie.
1965 500 2010 552 Α
2040 490 2227 537 sancto
2248 480 2489 535 Paschaz.
2518 482 2821 551 Antequam
2846 480 2989 535 enim
3019 479 3373 535 descendatur
3394 479 3460 533 ad
3490 481 3605 533 fon-

371 585 451 640 Eo
471 584 615 639 enim
636 592 895 651 tempore,
919 581 974 635 id
999 588 1101 645 est,
1127 578 1355 649 septimo
1382 574 1650 631 Kalendas
1672 573 1817 640 Maii,
1845 589 1934 628 so-

369 674 483 729 lent
509 673 711 728 inimici
746 685 1081 726 commovere
1114 666 1311 723 bellum
1336 669 1591 723 adversus
1629 665 1807 719 vicina
1852 679 1936 718 re-

364 766 507 835 gn‘a;
539 762 665 816 hinc
698 776 819 816 reor
857 769 1013 814 caute
1051 760 1152 813 hoc
1177 772 1296 811 esse
1338 749 1630 827 provisum.
1678 753 1778 807 Vel
1810 754 1937 822 quia

368 861 503 907 tunc
535 853 717 907 omnia
744 852 801 905 in
828 851 1058 922 quodam
1094 848 1335 919 profectu
1361 855 1504 913 sunt,
1536 860 1741 902 messes
1768 844 1941 916 pullu-

370 941 507 1006 lant,
533 941 745 996 arborei
767 940 971 994 fructus
990 952 1055 992 ex
1076 936 1205 992 ﬂore
1223 936 1505 1006 prodeunt,
1524 936 1692 989 vineae
1710 941 1767 988 et
1785 932 1961 987 olivae

371 1031 485 1086 suis
513 1029 793 1084 arboribus
812 1036 1120 1096 erumpunt,
1146 1024 1398 1080 animalia
1429 1037 1647 1093 campos
1694 1022 1934 1077 tondent.

371 1119 635 1187 Quoniam
654 1118 961 1174 necessaria
982 1118 1098 1172 haec
1126 1125 1253 1171 sunt
1280 1114 1715 1185 nostris'usibus,
1749 1122 1937 1184 peten—

365 1212 498 1265 dum
525 1219 610 1264 est
636 1218 751 1264 uta
771 1208 999 1264 Domino
1020 1214 1429 1263 conserventur.

925 1315 1151 1371 CAPUT
1188 1314 1371 1369 XXIII.

796 1420 821 1448 ⁸
846 1422 911 1461 ne
948 1412 1134 1461 uissus
1154 1421 1510 1461 BOGAT-IONUI.

435 1496 471 1536 δ
506 1492 638 1551 Tres
662 1504 840 1551 autem
889 1494 1005 1549 dies
1046 1495 1424 1565 Bogationum,
1461 1494 1553 1563 qui
1599 1494 1940 1550 celebrantur

366 1594 496 1657 ante
527 1584 907 1639 Ascensionem
943 1583 1177 1649 Domini,
1214 1583 1371 1652 juxta
1406 1600 1612 1640 morem
1634 1583 1939 1641 “Gallicana:

372 1673 628 1730 Ecclesia!
653 1673 934 1729 constituit
956 1682 1177 1728 sanctus
1194 1674 1539 1729 Mammertus
1564 1684 1586 1714 ο
1619 1673 1939 1729 Viennensis

366 1764 674 1834 episcopus,
716 1764 787 1818 ob
823 1764 1193 1819 incursionem
1221 1766 1425 1820 scilicet
1450 1759 1937 1819 malarum-bestia-

2035 580 2119 629 tes
2157 573 2225 627 ad
2260 571 2658 643 baptizandum,
2709 571 2905 641 legitur
2930 570 3092 625 lectio
3136 571 3330 640 prima,
3372 570 3606 626 Tentavit

2033 661 2176 716 Deus
2203 662 2485 716 Abraham.
2531 661 2680 717 Orat.
2710 660 2857 717 Deus
2888 662 2977 731 qui
3019 660 3245 715 Abralur
3270 661 3477 729 famuli.
3507 662 3608 735 μου

2034 750 2145 805 ctio
2162 750 2416 814 secunda,
2446 748 2667 819 Scripsit
2698 748 2903 819 Moyses
2926 750 3365 805 canticum-Cen.
3394 744 3615 804 Attende

2035 841 2237 895 caelum.
2274 840 2616 905 OraLDeus,
2646 842 2735 911 qui
2764 841 2910 894 nobis
2959 858 3050 911 per
3077 842 3444 910 prophetarum
3486 858 3606 895 ora-

2035 930 2175 995 cula,
2198 939 2305 984 etc.
2334 930 2520 985 Lectio
2554 930 2733 994 tertia,
2769 929 3161 999 Apprehendent
3204 939 3395 998 septem
3424 929 3609 982 mulie-

2038 1035 2137 1075 res.
2161 1020 2292 1075 Can.
2336 1019 2374 1072 γ
2378 1022 2498 1074 inea
2529 1020 2673 1089 facta
2697 1028 2790 1073 est.
2818 1018 2968 1073 Orat.
2994 1019 3160 1083 Deus,
3183 1020 3269 1091 qui
3307 1036 3398 1073 nos
3424 1019 3491 1071 ad
3527 1034 3607 1072 ce.

2034 1109 2359 1164 lebrandum.
2387 1109 2571 1165 Lectio
2591 1119 2810 1178 quarta,
2834 1104 3433 1178 Audi,Israel.pra'cepta
3456 1110 3605 1169 vitae;

2036 1198 2177 1253 Deus
2222 1199 2675 1253 incommutabilis.
2704 1196 2833 1253 Cau.
2867 1197 3016 1253 Sicut
3055 1215 3251 1253 cervus.
3295 1198 3445 1254 Orat.
3472 1200 3610 1255 Con-

2036 1289 2177 1354 cede,
2196 1306 2513 1359 quaesumus,
2540 1290 2857 1359 omnipotens
2877 1288 3038 1353 Deus,
3061 1298 3116 1342 ut
3135 1290 3223 1359 qui
3244 1289 3375 1357 festa
3395 1290 3599 1359 pascha-

2035 1380 2110 1435 lia
2137 1382 2354 1451 egimus.
2385 1379 2580 1435 Finitis
2604 1380 2944 1445 lectionibus,
2973 1379 3404 1435 descendendum
3436 1389 3520 1435 est
3542 1382 3604 1433 ad

2037 1471 2215 1528 fontes
2258 1486 2381 1526 cum
2424 1479 2614 1526 sancto
2655 1472 2949 1526 chrismate
2996 1480 3053 1525 et
3078 1472 3271 1535 cereis,
3320 1473 3372 1526 in
3410 1487 3602 1543 magna

2039 1561 2337 1615 reverentia
2374 1559 2706 1616 decantando
2743 1560 3006 1627 litaniam.
3038 1560 3134 1615 His
3160 1562 3405 1631 expletis,
3435 1561 3605 1632 bapti-

2038 1652 2269 1706 zandum
2294 1660 2398 1717 est,
2430 1653 2570 1706 sicut
2594 1654 2647 1707 in
2673 1650 2852 1723 vigilia
2883 1647 3121 1706 Paschze.
3158 1652 3288 1707 Post
3323 1667 3606 1707 ascensum

2038 1758 2167 1800 vero
2192 1742 2375 1807 fontis,
2412 1743 2818 1814 ingrediendum
2860 1752 2945 1800 est
2984 1743 3051 1797 ad
3078 1744 3297 1797 missam
3339 1742 3603 1810 publicam

367 1830 517 1917 rum,
539 1830 660 1922 qua
680 1862 807 1908 tunc
828 1854 1084 1923 temporis
1104 1854 1420 1924 gravissime
1443 1852 1752 1909 al‘tlciebant
1773 1869 1939 1925 popu-
1966 1831 2014 1892 Β
2038 1833 2107 1888 ad
2136 1831 2392 1925 saucii"?
2436 1832 2819 1925 Joannem-d1“
2865 1834 3053 1925 Primis
3094 1831 3229 1886 “um
3243 1830 3466 1925 Fiam?
3503 1830 3606 1884 ίίθτ

375 1942 486 1996 lum
514 1942 628 1997 Dei.
673 1942 808 1996 Nam
850 1957 971 1997 cum
1016 1942 1351 2013 exigentibus
1382 1944 1618 2012 peccatis
1644 1941 1938 1997 Galliarum

372 2033 553 2104 populi
579 2033 820 2103 luporum
843 2033 991 2088 rabie
1012 2034 1209 2088 acriter
1233 2034 1689 2100 interimerentur,
1713 2047 1815 2088 nec
1841 2033 1939 2087 bu-

362 2125 455 2193 jus
488 2123 678 2195 ﬂagelli
708 2123 920 2194 aliquod
947 2124 1241 2179 remedium
1262 2124 1613 2191 inveniretur,
1626 2122 1791 2195 487
1809 2138 1940 2178 con-

369 2216 575 2287 gregati
604 2215 889 2270 traduntur
911 2214 1203 2270 Galliarum
1237 2216 1473 2287 episcopi
1500 2216 1639 2286 apud
1676 2214 1937 2270 Viennam

364 2306 697 2378 praecipuam
720 2304 906 2360 Gallia:
948 2307 1154 2372 urbem,
1185 2300 1361 2376 quiin
1404 2320 1687 2361 commune
1730 2312 1934 2359 statue-

371 2405 520 2463 runt,
558 2405 617 2451 ut
640 2397 891 2451 triduano
909 2394 1114 2464 jejunio
1139 2396 1569 2451 misericordiam
1597 2395 1807 2449 Domini
1831 2395 1933 2449 im-

364 2490 667 2560 plorarent,
702 2488 1046 2557 antiquorum
1096 2486 1588 2557 Patrum,vestigia
1625 2494 1932 2555 sequentes.

366 2580 612 2649 Cumque
645 2580 711 2635 ad
751 2593 936 2633 eorum
960 2591 1150 2649 preces
1176 2576 1361 2632 oculus
1390 2576 1585 2631 divinae
1602 2575 1823 2645 pietatis
1849 2589 1935 2629 re-

370 2670 621 2739 spiciens,
653 2668 843 2736 ﬂagelli
875 2666 1033 2736 hujus
1060 2674 1265 2737 pestem
1300 2665 1723 2721 misericorditer
1752 2663 1935 2718 abstu-

361 2759 538 2822 lisset,
563 2758 619 2811 hi
654 2758 769 2811 dies
814 2756 867 2811 in
891 2755 1331 2811 consuetudinem
1375 2769 1567 2808 annua:
1606 2753 1935 2808 celebritatis

367 2858 651 2909 venerunt,
680 2835 739 2899 ut
766 2860 863 2915 per
902 2842 1194 2900 Galliarum
1239 2845 1543 2913 provincias
1573 2852 1701 2898 ante
1732 2844 1932 2900 Ascen—

370 2938 536 2994 sionis
576 2938 718 2993 diem
762 2937 1161 2992 celebrarentur
1197 2953 1210 2989 :
1248 2950 1369 3004 qua:
1413 2936 1741 2990 consuetudo
1792 2937 1932 3004 apud

368 3044 467 3083 nos
501 3044 670 3099 usque
695 3029 852 3084 hodie
878 3028 977 3098 pro
1002 3028 1228 3083 diversis
1265 3027 1661 3083 calamitatibus
1702 3028 1935 3085 devotis-

362 3120 506 3174 sime
530 3112 803 3175 recolitur.

442 3186 448 3193 ’
927 3189 1150 3246 CAPUT
1181 3190 1367 3245 XXIV.
1392 3204 1400 3210 '

834 3289 899 3329 D8
933 3292 1242 3332 ASCENSIONE
1276 3294 1477 3335 DOIINI.

436 3366 776 3422 Ascensionis
804 3365 1090 3421 Dominicis
1129 3368 1440 3421 solemnitas
1467 3370 1585 3423 ideo
1608 3366 1933 3432 celebratur,

358 3460 507 3532 quia
536 3459 722 3513 eodem
752 3458 845 3528 die
877 3466 997 3527 post
1024 3459 1203 3512 mundi
1230 3459 1543 3537 ,victoriam,
1573 3467 1695 3527 post
1740 3458 1934 3514 inferni

362 3559 667 3615 regressum
689 3546 979 3605 ascendere
1000 3548 1327 3601 memoratur
1348 3548 1413 3603 ad
1436 3548 1619 3611 caelos,
1644 3548 1782 3602 sicut
1800 3549 1937 3603 scri-

366 3646 515 3707 ptum
538 3645 622 3691 est
645 3656 658 3690 :
690 3636 931 3691 Ascendit
953 3638 1009 3690 in
1031 3636 1214 3707 altum,
1242 3638 1371 3707 cepit
1400 3638 1764 3706 captivitatem,
1790 3638 1933 3700 dedit

361 3729 509 3778 dona
546 3725 835 3777 hominibus
877 3723 1090 3792 (Ep/tes.
1116 3738 1187 3789 tv,
1210 3723 1287 3794 8).
1337 3724 1467 3789 Quae
1510 3723 1770 3780 festivitas
1815 3726 1935 3781 ideo

367 3826 467 3882 per
482 3810 780 3865 revolutum
801 3825 1063 3864 annorum
1089 3810 1350 3865 circulum
1376 3809 1701 3877 celebratur,
1729 3821 1788 3866 ut
1816 3814 1934 3868 uni-

368 3913 453 3956 tas
480 3907 766 3979 assumpta
789 3900 967 3954 carnis
990 3900 1326 3956 ascendentis
1350 3899 1417 3955 ad
1436 3901 1713 3957 dexteram
1734 3900 1933 3970 Patris,

371 3995 426 4047 in
453 3992 766 4047 memoriam
797 3999 1115 4047 revocetur:
1168 3991 1319 4061 cujus
1364 4008 1557 4062 corpus
1598 3994 1672 4048 ita
1716 3995 1769 4049 in
1797 3996 1935 4052 caelo

374 4096 495 4138 esse
523 4082 811 4147 credimus,
836 4090 892 4136 ut
912 4090 1048 4146 erat,
1071 4084 1282 4152 quando
1303 4083 1560 4144 ascendit.
1587 4083 1737 4150 Quod
1761 4094 1816 4140 et
1836 4102 1935 4141 vox

367 4170 601 4242 angelica
616 4178 964 4243 protestatur,
986 4172 1198 4226 dicens:
1225 4171 1313 4227 Sic
1326 4174 1489 4227 ueniet
1504 4174 1934 4243 quemadmodum

364 4263 566 4317 uidistis
594 4242 711 4317 eum
734 4270 935 4315 euntem
960 4261 1015 4314 in
1053 4261 1235 4314 celum
1265 4262 1404 4331 (Act.
1430 4280 1472 4325 ι,
1504 4242 1613 4333 ll),
1657 4264 1713 4318 id
1746 4272 1848 4327 est,
1882 4266 1931 4319 in

366 4356 554 4409 eadem
579 4359 755 4411 carnis
793 4356 971 4427 specie
1000 4366 1158 4423 atque
1194 4355 1528 4409 substantia:
1580 4357 1666 4409 cui
1696 4356 1934 4427 profecto

368 4444 521 4497 carni
542 4444 1000 4501 immortalitatem
1024 4445 1257 4508 donavit,
1282 4452 1528 4497 naturam
1556 4459 1662 4497 non
1690 4445 1929 4502 abstulit.

2040 1922 2330 1991 repetendo
2363 1920 2415 1988 ἀ,
2440 1930 2498 1977 et
2541 1937 2664 1977 cum
2713 1922 2965 1988 dixerint,
3008 1923 3186 1992 Agnus
3231 1920 3351 1985 Dei,
3396 1920 3605 1974 dicatur

2037 2012 2249 2068 excelsa
2263 2027 2414 2078 voce,
2438 2014 2731 2067 Accendite.
2749 2014 3010 2069 Accensis
3025 2014 3275 2069 omnibus
3288 2012 3602 2074 luminibus,

2034 2102 2281 2171 procedit
2305 2102 2546 2171 pontifex
2572 2119 2693 2158 cum
2721 2105 2868 2159 omni
2894 2113 3089 2159 ornatu
3118 2118 3287 2172 usque
3316 2104 3383 2157 ad
3412 2104 3601 2163 altare.

2031 2201 2093 2247 et
2117 2192 2286 2247 dicit:
2332 2190 2513 2247 Gloria
2549 2195 2605 2249 in
2646 2194 2860 2249 excelsis
2898 2194 3029 2260 Deo,
3058 2204 3113 2251 et
3139 2195 3415 2266 peragitur
3439 2194 3603 2250 missa

2037 2282 2089 2337 in
2112 2282 2298 2336 ordine
2322 2298 2438 2337 suo.

2604 2354 2829 2410 CAPUT
2858 2354 3045 2410 XXVI.

2595 2460 2661 2498 DE
2682 2460 3032 2521 ρεατεεοετε.

2070 2533 2321 2588 initium
2374 2548 2504 2590 sane
2554 2542 2611 2589 et
2662 2550 2823 2589 causa
2878 2534 3188 2589 festivitatis
3239 2535 3603 2599 Pentecostes,

2033 2623 2191 2692 paulo
2220 2624 2381 2679 latius
2428 2624 2717 2694 repetenda
2751 2633 2866 2696 est.
2914 2624 3259 2679 Pentecostes
3302 2618 3444 2679 enim
3478 2625 3607 2702 dics

2033 2711 2157 2765 hinc
2182 2713 2325 2783 cepit
2345 2713 2647 2778 exordium,
2672 2715 2885 2785 quando
2914 2713 3008 2767 Dei
3040 2729 3139 2768 vox
3185 2714 3238 2767 in
3267 2712 3395 2767 Sina
3426 2721 3606 2767 monte

2035 2801 2262 2872 desuper
2289 2802 2583 2859 intonantis
2610 2804 2792 2857 audita
2819 2810 2922 2868 est,
2963 2810 3018 2856 et
3046 2802 3128 2856 lex
3152 2802 3274 2857 data
3300 2810 3384 2855 est
3414 2801 3600 2872 Moysi.

2034 2890 2089 2950 In
2116 2891 2263 2948 Novo
2291 2903 2471 2949 autem
2498 2894 2840 2949 Testamento
2860 2893 3202 2948 Pentecostcs
3224 2892 3405 2961 coepit,
3436 2907 3607 2962 quan-

2026 2983 2103 3043 do
2124 2984 2414 3039 adventum
2444 2985 2613 3039 sancti
2648 2983 2899 3053 Spiritus,
2940 2998 3099 3053 quem
3128 2982 3377 3036 Christus
3402 2983 3603 3052 promi-

2034 3072 2125 3139 sit,
2156 3072 2420 3139 exhibuit,
2445 3090 2607 3143 quem
2644 3075 2720 3129 ait
2744 3090 2851 3129 non
2879 3089 2999 3130 esse
3024 3082 3331 3139 venturum,
3369 3074 3470 3129 nisi
3496 3075 3607 3145 ipse

1958 3155 2003 3243 ς
2036 3162 2349 3216 ascenderet
2396 3162 2450 3215 in
2498 3163 2715 3217 emtum.
2766 3164 3007 3233 Denique
3059 3165 3184 3219 dum
3224 3172 3440 3233 portam
3485 3165 3606 3217 ςαξιὶ

2035 3249 2282 3305 Christus
2309 3250 2581 3315 intrasset,
2628 3251 2811 3305 decem
2839 3251 3028 3306 diebus
3054 3252 3401 3320 interpositis,
3442 3252 3607 3305 intre-

2036 3339 2171 3392 muit
2218 3339 2416 3404 subito,
2466 3340 2745 3394 orantibus
2788 3340 3062 3409 apostolis,
3107 3340 3273 3402 locus,
3302 3351 3353 3394 et
3381 3340 3603 3394 descen-

2034 3431 2194 3511 dente
2218 3438 2405 3486 sancto
2436 3430 2638 3500 Spiritu
2666 3447 2826 3501 super
2851 3447 2963 3497 eos,
2998 3430 3311 3485 inﬂammati
3349 3438 3473 3485 sunt
3508 3432 3602 3494 ita,

2033 3510 2300 3593 utlinguis
2314 3524 2552 3578 omnium
2569 3524 2803 3593 gentium
2833 3510 3222 3594 Dei~magnalia
3237 3522 3602 3593 loquerentur.

2030 3616 2309 3673 Adventus
2334 3618 2515 3689 itaque
2542 3619 2714 3673 sancti
2738 3616 2970 3686 Spiritus
2996 3630 3158 3686 super
3180 3616 3470 3684 apostolos,
3488 3634 3606 3705 ειεξι-

2034 3704 2107 3757 tia
2164 3705 2218 3758 in
2272 3705 2532 3758 varietate
2582 3704 2887 3778 linguarum
2940 3701 3152 3767 dill'usa,
3210 3701 3606 3760 solemnitatem

2033 3791 2337 3845 transmisit
2366 3791 2421 3845 in
2450 3801 2716 3860 posteros,
2746 3806 2919 3862 caque
2948 3792 3015 3847 de
3056 3806 3217 3846 causa
3264 3792 3607 3850 Peutecostes

2034 3880 2355 3946 celebratur,
2403 3889 2457 3936 et
2504 3882 2618 3936 dies
2667 3882 2778 3951 ipse
2825 3882 3040 3951 proprie
3082 3881 3307 3953 insignis
3356 3884 3602 3943 habetur.

2033 3971 2335 4027 Concordat
2358 3982 2536 4027 autem
2573 3974 2686 4029 huic
2712 3972 2974 4028 festivitas
3004 3973 3280 4045 Evangelii
3304 3990 3425 4030 cum
3452 3975 3604 4031 festi-

2033 4066 2199 4121 vitate
2244 4067 2419 4138 Legis.
2458 4068 2569 4123 lllic
2616 4067 2758 4123 enim
2798 4078 3146 4138 posteaquam
3192 4086 3365 4141 agnus
3411 4073 3603 4129 immo-

2034 4155 2174 4211 latus
2201 4165 2302 4220 est,
2335 4159 2664 4228 interpositis
2703 4159 3088 4229 quinquaginta
3130 4160 3337 4226 diebus,
3370 4162 3494 4217 data
3526 4176 3609 4219 cst

2036 4250 2118 4303 lex
2153 4248 2317 4319 Moysi
2341 4251 2543 4319 scripta
2579 4252 2746 4319 digito
2766 4252 2898 4305 Dei:
2947 4253 3035 4306 hic
3076 4260 3361 4322 postquam
3396 4256 3608 4311 occisus

2033 4349 2117 4397 est
2139 4340 2408 4406 Christus,
2439 4342 2530 4411 qui
2560 4352 2813 4411 tanquam
2851 4342 2966 4397 ovis
2992 4343 3058 4396 ad
3088 4342 3469 4421 immolandum
3507 4346 3595 4400 dn-

2034 4441 2152 4487 ctus
2178 4440 2284 4496 est,
2324 4432 2628 4487 celebratur
2657 4448 2843 4487 verum
2892 4432 3136 4496 Pascha;
3184 4442 3253 4509 et|
3277 4434 3605 4502 interpositis

374 4532 603 4588 Dextera
645 4542 821 4587 autem
868 4534 1061 4599 Ριιιιίε,
1090 4534 1160 4589 ad
1190 4549 1348 4603 quam
1384 4533 1523 4587 idem
1553 4532 1719 4587 Filius
1746 4536 1931 4590 sedere
1958 4527 2013 4587 υ
2032 4512 2413 4593 quinquaginta
2440 4522 2648 4587 diebus,
2678 4523 2833 4577 datur
2872 4523 3101 4593 Spiritus
3142 4520 3379 4588 sanctus,
3408 4526 3497 4593 qui
3522 4539 3607 4582 est

338 4676 341 4677 ν
374 4622 630 4686 caeditur,
675 4637 784 4677 non
812 4629 894 4676 est
925 4638 1204 4701 corporea,
1251 4624 1396 4693 quod
1442 4622 1593 4678 nefas
1622 4630 1705 4677 est
1733 4624 1798 4678 de
1824 4624 1943 4678 Deo.

370 4713 590 4778 sentire,
631 4712 728 4766 sed
754 4711 971 4765 dextera
1014 4710 1190 4766 Patris
1227 4723 1311 4767 est
1343 4714 1616 4769 beatitudo
1658 4722 1930 4783 perpetua,

373 4817 493 4871 qua:
518 4802 719 4857 sanctis
746 4801 799 4854 in
821 4802 1214 4855 resurrectione
1250 4803 1601 4870 promittitur,
1630 4804 1684 4859 id
1707 4812 1811 4867 est,
1840 4804 1935 4858 Ec-

376 4892 573 4956 clesia,
621 4909 741 4963 qua
782 4901 867 4972 est
906 4908 1100 4961 corpus
1142 4892 1379 4948 Christi:
1433 4896 1573 4949 sicut
1609 4904 1679 4949 et
1718 4897 1935 4952 sinistra

373 4980 697 5049 ejusmodi
739 4982 1057 5052 intelligitur
1098 4982 1311 5037 miseria
1356 4991 1412 5035 et
1451 4996 1611 5050 pana
1655 4996 1932 5055 perpetua,

376 5089 495 5144 qute
524 5072 698 5140 impiis
724 5071 956 5126 dabitur.

944 5160 1169 5217 CAPUT
1204 5163 1367 5217 XXV.

473 5312 479 5317 _
652 5288 655 5291 ι
902 5278 911 5285 α
1004 5265 1069 5305 ns
1099 5267 1313 5307 victus.

445 5343 503 5397 In
532 5344 711 5415 vigilia
738 5342 1081 5395 Pentecostes
1110 5342 1185 5395 ita
1224 5344 1417 5411 agitur,
1450 5342 1588 5397 sicut
1618 5341 1669 5419 in
1701 5340 1935 5397 Sabbato

449 5504 479 5600 ξ
646 5494 731 5575 De
756 5481 1147 5614 Romanius.
1184 5488 1203 5563 ξ
1264 5564 1271 5581 1

500 5561 800 5614 Amalanns
941 5600 980 5614 ..
1005 5575 1127 5614 nam
1156 5556 1271 5614 964.

452 5556 1303 5684 ξΑῴὼῆυξῶωοεφῇ-,θδιι
1382 5612 1385 5613 κ
1630 5633 1635 5637 .
1718 5628 1775 5643 ..
1831 5628 1881 5644 ,ς

515 5624 575 5686 S.
608 5626 970 5713 HMrtus.
1020 5708 1031 5713 Δ
1065 5620 1673 5713 t_;'|iugo,.b.lenardu§_
1716 5624 1931 5713 lithfil‘ill'.

382 5698 623 5755 Sacram.
657 5698 713 5751 S.
755 5699 913 5767 Greg.
946 5708 1055 5754 not.
1092 5698 1225 5762 393;
1270 5698 1323 5751 ct
1370 5700 1606 5753 Martenc
1643 5699 1708 5753 de
1734 5698 1931 5770 'Ahth.

776 5793 1045 5851 Parnot.
1098 5789 1197 5849 Cl.

2033 4614 2231 4683 digitus
2260 4616 2374 4679 Dei,
2392 4630 2568 4684 super
2593 4626 2807 4671 centum
2836 4617 3024 4687 viginti
3050 4616 3353 4685 discipulos,
3404 4616 3587 4673 Mosai-

2032 4717 2113 4756 cae
2136 4703 2311 4757 :etatis
2338 4718 2563 4758 numero
2586 4705 2930 4761 constitutos.

2583 4812 2810 4868 CAPUT
2847 4813 3055 4868 XXVII.

2551 4938 2557 4942 >
2582 4918 2644 4957 οε
2672 4918 2919 4957 DOIINICA
2948 4917 3052 4955 IIS.

2108 4988 2463 5057 Dominicumr
2494 4995 2634 5049 diem
2679 4994 2902 5063 apostoli
2950 4992 3070 5046 ideo
3117 4992 3363 5062 religiosa
3410 4997 3599 5050 solem—

2036 5084 2203 5139 nitate
2223 5089 2534 5145 sanxerunt,
2563 5082 2687 5151 quia
2718 5083 2772 5136 in
2800 5082 2988 5135 eodem
3015 5080 3270 5136 Dominus
3292 5091 3347 5136 et
3377 5082 3622 5137 Μόρυν

2036 5182 2159 5243 ptor
2191 5179 2372 5226 noster
2389 5185 2419 5224 a
2450 5170 2676 5223 mortuis
2696 5169 3027 5223 resurrexit:
3053 5170 3251 5239 quique
3284 5165 3401 5224 ideo
3424 5170 3603 5225 Domio

2037 5264 2191 5318 uicus
2233 5260 2549 5331 appellatur,
2590 5266 2650 5313 ut
2696 5260 2749 5313 in
2796 5274 2863 5314 eo
2893 5276 2923 5314 a
2954 5260 3188 5316 terrenis
3226 5261 3477 5330 operibus
3521 5262 3600 5315 vel

2036 5352 2220 5407 mundi
2246 5349 2510 5404 illecebris
2534 5348 2883 5415 abstinentes,
2914 5358 3121 5404 tantum
3150 5349 3346 5403 divinis
3372 5350 3603 5403 cultibus

2034 5503 2176 5556 Eccl.
2208 5499 2449 5569 Discipl.,
2482 5514 2603 5569 cap.
2632 5499 2722 5565 27,
2754 5514 2902 5569 num.
2932 5498 2983 5553 2.

2103 5569 2281 5689 Odiis,
2319 5564 2478 5623 lernae
2521 5564 2777 5635 petendo;
2817 5564 2955 5621 forte
2998 5565 3298 5634 legendum,
3332 5573 3410 5615 ter
3454 5573 3597 5634 πρέ.

2036 5650 2117 5691 ten
2159 5655 2207 5691 ο.
2749 5642 2760 5656 ⁸

3133 5788 3208 5846 39
