4232 6206
524 206 531 209 ⁴
604 230 750 285 1227
1404 225 1463 277 Β.
1505 222 1565 276 ιε.
1606 219 1829 276 ALBlNl
1867 218 1996 275 seu
2034 215 2313 273 ALCUINI
2349 204 2631 272 onstum
2672 212 2852 267 rans
2890 211 2983 276 ix.
3508 266 3513 270 μ
3693 206 3832 262 ms

605 344 922 404 serviamus,
954 340 1143 393 dantes
1169 333 1368 389 scilicet
1396 333 1521 386 huic
1560 331 1664 385 diei
1703 333 1959 385 honorem
1985 336 2039 383 et
2074 340 2159 381 re-
2194 334 2237 393 Α
2262 323 2443 394 phetia
2477 324 2529 376 in
2558 338 2663 377 uno
2685 320 2973 391 Evangelio
3003 317 3439 389 recapitulantur,
3466 317 3610 389 quod
3640 316 3834 408 legitur

598 433 897 490 verendam
921 437 1138 500 propter
1157 440 1303 496 spem
1328 422 1739 479 resurrectionis
1763 431 1980 483 nostrae,
2003 433 2161 487 quam
2262 414 2317 470 in
2344 424 2495 469 sexta
2516 421 2673 467 aetate
2698 412 2907 467 mundi:

604 523 865 578 habemus
891 519 943 573 in
966 516 1074 572 illa.
1102 515 1232 569 Nam
1254 514 1390 569 sicut
1408 514 1521 582 ipse
1546 512 1804 565 Dominus
1828 508 1984 564 Jesus
2010 506 2163 562 Chri-
2824 516 3049 573 CAPUT
3072 516 3265 571 χχιχ,

603 619 720 667 stus
742 618 797 663 et
821 608 1068 663 Salvator
1105 614 1285 659 noster
1321 604 1480 659 tertia
1523 603 1611 656 die
1639 600 1933 657 resurrexit
1962 615 1992 652 a
2020 612 2161 651 mor-

2592 626 2657 665 DE
2688 625 2921 686 ωειλ-ι·οο
2948 625 3001 663 IN
3041 625 3118 665 ιιι
3144 624 3506 665 ιεετιοιιιδυε.

604 701 747 757 tuis:
774 699 845 753 ita
883 705 937 752 et
963 710 1060 751 nos
1088 703 1487 749 resurrecturos
1527 692 1580 745 in
1610 690 1900 745 novissimo
1928 688 2013 742 die
2038 701 2161 756 spe-

604 803 803 845 ramus.
835 786 984 843 Unde
1005 786 1169 840 etiam
1204 784 1257 837 in
1284 782 1560 837 Dominico
1580 781 1665 835 die
1693 787 1895 834 stantes
1922 792 2159 842 oramus,

604 879 745 949 quod
762 877 1068 946 estsignum
1088 872 1278 927 futurae
1300 870 1719 926 resurrectionis.
1745 868 1979 938 Apparet
1997 865 2165 937 5.88

604 975 785 1024 autem
830 966 973 1020 hunc
1002 962 1143 1018 diem
1182 962 1347 1017 etiam
1382 960 1439 1014 in
1479 959 1681 1016 sanctis
1709 956 2004 1026 Scripturis
2046 968 2165 1008 esse

602 1056 911 1112 solemnem.
936 1052 1055 1123 Ipse
1079 1060 1163 1107 est
1182 1051 1324 1106 enim
1366 1050 1480 1104 dies
1505 1050 1711 1117 primus
1738 1046 1938 1109 saeculi,
1969 1046 2024 1099 in
2050 1044 2164 1112 ipso

604 1146 831 1202 formata
879 1138 1003 1200 sunt
1044 1143 1305 1198 elementa
1349 1141 1552 1204 mundi,
1585 1140 1638 1193 in
1684 1139 1801 1207 ipso
1842 1136 2009 1209 creati
2040 1143 2165 1191 sunt

604 1237 798 1307 angeli,
844 1236 898 1291 in
945 1237 1061 1306 ipso
1104 1249 1316 1304 quoque
1344 1247 1373 1286 a
1402 1232 1627 1286 mortuis
1673 1228 1967 1284 resurrexit
2008 1225 2165 1281 Chri-

604 1336 739 1393 stus,
772 1326 827 1380 in
865 1326 981 1393 ipso
1009 1324 1078 1377 de
1117 1322 1272 1377 caelis
1313 1336 1471 1390 super
1519 1318 1786 1388 apostolos
1826 1324 2041 1371 sanctus
2069 1315 2163 1369 de-

605 1415 813 1471 scendit
838 1413 1091 1483 Spiritus,
1118 1426 1312 1465 manna
1342 1410 1527 1464 eodem
1562 1409 1616 1461 in
1639 1422 1821 1461 eremo
1844 1406 2076 1475 primum
2102 1404 2167 1458 de

2330 718 2610 774 Lectiones
2632 718 2912 772 duodecim
2937 724 3155 787 propter
3184 718 3462 774 duodecim
3496 717 3727 774 lectores
3747 717 3836 774 di-

2262 818 2475 873 cuntur,
2500 809 2626 878 quia
2650 808 2715 863 ab
2736 808 2971 877 antiquis
2994 808 3251 862 Romanis
3270 797 3356 863 bis
3372 807 3707 878 legebantur,
3733 808 3838 864 hoc
3870 798 3873 799 ν

2262 908 2363 963 est,
2394 898 2579 954 Graece
2605 906 2660 954 et
2699 897 2908 963 Latine,
2952 898 3070 970 (sex
3110 897 3252 953 enim
3294 900 3665 954 tantummodo
3690 897 3835 969 sunt)

2263 988 2365 1043 nisi
2397 987 2427 1027 δ
2455 986 2635 1053 fallor,
2664 987 2801 1043 duas
2831 988 2900 1043 ob
2929 1003 3154 1042 causas:
3204 1002 3332 1051 una,
3379 987 3505 1057 quia
3531 987 3755 1043 aderant
3776 996 3835 1042 et

2260 1077 2452 1140 Graeci,
2478 1077 2672 1145 quibus
2699 1077 2878 1147 ignota
2908 1083 3026 1130 erat
3048 1076 3228 1145 lingua
3257 1074 3447 1129 Latina
3471 1091 3486 1141 ;
3524 1076 3751 1129 aderant
3774 1083 3834 1130 et

2262 1167 2460 1229 Latini,
2504 1162 2698 1236 quibus
2743 1166 3016 1236 incognita
3044 1176 3161 1220 erat
3206 1163 3433 1220 Graeca:
3478 1164 3645 1220 altera
3674 1180 3837 1220 causa

2261 1265 2483 1326 propter
2536 1257 2942 1311 unanimitatem
2994 1256 3278 1324 utriusque
3336 1254 3533 1324 populi.
3582 1253 3684 1320 Qui
3719 1269 3838 1311 mos

2264 1347 2405 1415 apud
2444 1346 2940 1414 Constantinopolin
2987 1347 3185 1412 ubique
3221 1345 3378 1400 hodie
3418 1337 3683 1399 servatur.
3727 1344 3839 1400 Nec

1672 1434 1821 1507 f‘m"
1844 1434 2167 1507 ιξξ¹¹¹¹ιξξ¹ξυ⁰
2266 1435 2333 1489 ab
2360 1450 2418 1489 re
2441 1443 2542 1499 est,
2568 1436 2708 1503 quod
2730 1434 2783 1487 in
2810 1449 3128 1503 unoquoque
3166 1434 3370 1504 jejunio
3394 1442 3504 1489 tres
3540 1435 3655 1489 dies
3684 1445 3829 1499 sunt,

605 1504 744 1602 caelo
770 1505 951 1557 datum
977 1510 1078 1555 est.
1114 1499 1203 1554 Sic
1219 1500 1364 1602 enim
1384 1499 1512 1551 dicit
1535 1496 1826 1602 Dominus':
1859 1494 1963 1549 Sex
1987 1493 2167 1602 diebus
2263 1520 2389 1602 quia
2413 1493 2831 1589 unuingluodque
2876 1493 3085 1590 ιεξηριίε
3115 1493 3238 1574 ηδε*
3266 1535 3478 1576 menses
3512 1521 3690 1585 habet,
3738 1493 3837 1590 νώ

605 1592 852 1663 colligetis
880 1608 1095 1679 manna,
1134 1592 1189 1679 in
1210 1589 1293 1642 die
1318 1597 1488 1679 autent
1512 1596 1656 1679 serta
1682 1584 1895 1679 duplum
1919 1582 2166 1652 colligetis
2264 1582 2799 1678 δηξηυοηυεήιρηξθ
2828 1582 3019 1677 εἰπευῂ
3055 1609 3169 1663 dies
3194 1606 3402 1679 jejunio
3431 1582 3834 1665 οοηεεοι-άηίυτ,

606 1682 801 1751 (Exod.
831 1680 1018 1745 χιιι,
1046 1678 1122 1750 5).
1167 1678 1331 1733 Sexta
1374 1678 1515 1731 enim
1559 1675 1675 1729 dies
1719 1682 1802 1728 est
1844 1672 2160 1736 Parasceve,
2194 1687 2240 1746 Β
2435 1712 2459 1754 ε

2435 1672 2531 1754 cur
2551 1700 2605 1753 in
2628 1700 2851 1754 sabbato
2878 1672 3215 1768 potissimum
3245 1672 3360 1754 base
3383 1700 3720 1755 consecratio
3745 1714 3837 1754 ce—

2268 1791 2525 1857 lebretur,
2539 1790 2869 1861 Augustinus
2891 1791 3079 1846 scribit
3092 1791 3156 1844 ad
3172 1789 3486 1845 Januarium
3499 1791 3572 1845 ita
3587 1802 3609 1830 ο
3631 1808 3644 1844 :
3664 1808 3684 1842 ι
3707 1789 3844 1846 Sab-

2266 1879 2453 1934 batum
2484 1881 2915 1935 commendatum
2937 1888 3020 1934 est
3061 1880 3227 1948 priori
3259 1879 3452 1949 populo
3489 1879 3542 1933 in
3584 1880 3697 1934 otio
3718 1894 3845 1935 cor-

2268 1968 2524 2037 poraliter
2548 1968 2945 2033 celebrandum,
2977 1976 3035 2021 ut
3070 1969 3240 2038 ﬁgura
3268 1976 3411 2023 esset
3452 1966 3839 2022 sanctiﬁcatio-

2270 2060 2355 2115 nis
2391 2058 2442 2113 in
2488 2059 2671 2128 requie
2705 2058 2937 2127 Spiritus
2980 2060 3170 2113 sancti.
3219 2058 3489 2128 Scriptum
3528 2065 3611 2112 est
3655 2058 3837 2111 enim:

2271 2148 2629 2217 Sanctiﬁcavit
2677 2149 2816 2204 Deus
2867 2150 3002 2204 diem
3050 2151 3322 2220 septimum
3370 2148 3519 2220 (Gen.
3553 2164 3615 2214 ιι,
3646 2150 3742 2217 3);
3787 2156 3843 2202 et

2270 2244 2414 2313 quia,
2449 2242 2677 2296 charitas
2706 2240 2802 2295 Dei
2826 2241 3131 2310 di/I'usaest
3160 2243 3215 2296 in
3252 2239 3493 2294 cordibus
3532 2241 3723 2293 nostris
3752 2255 3846 2308 per

2273 2330 2526 2400 Spiritum
2546 2339 2782 2384 sanctum
2813 2328 2983 2402 (Rom.
3009 2346 3063 2397 v,
3101 2330 3178 2400 5),
3225 2336 3681 2385 commemoratur
3719 2343 3845 2382 san-

2273 2420 2529 2475 ctiﬁcatio
2560 2419 2614 2474 in
2652 2421 2879 2488 septimo
2923 2421 3028 2475 die.
3062 2439 3081 2473 ι
3116 2420 3361 2491 Episcopi
3390 2435 3517 2474 vero
3563 2432 3847 2474 consecra-

1144 2506 1368 2563 CAPUT
1402 2505 1633 2562 XXVIII.
2274 2508 2369 2571 tio,
2404 2509 2495 2576 qui
2524 2514 2609 2561 est
2632 2507 2866 2562 vicarius
2893 2510 3278 2578 apostolorum,
3307 2511 3414 2564 imo
3440 2517 3495 2563 et
3538 2507 3761 2573 Christi,
3787 2508 3847 2561 iit

1032 2614 1097 2653 ne
1118 2612 1341 2652 manus
1366 2612 1419 2651 Iv
1447 2608 1752 2651 reurosuu.
2274 2597 2329 2650 in
2358 2590 2653 2663 Dominica,
2691 2597 2817 2665 quia
2866 2597 3054 2651 eodem
3100 2598 3185 2652 die
3218 2612 3314 2666 per
3362 2597 3560 2651 donum
3612 2594 3849 2664 Spiritus

682 2688 920 2756 Quatuor
942 2696 1066 2742 sunt
1092 2695 1328 2755 tempora
1353 2685 1497 2750 anni,
1534 2683 1586 2737 id
1605 2692 1707 2748 est,
1733 2698 1845 2747 ver,
1874 2691 2052 2747 aestas,
2082 2697 2175 2736 au-
2276 2685 2447 2739 sancti
2489 2686 2733 2756 dignatus
2780 2694 2862 2740 est
2914 2686 3181 2741 illustrare
3234 2686 3395 2740 corda
3455 2668 3843 2755 apostolorum.

614 2789 830 2833 tumnus
877 2785 931 2833 et
961 2776 1152 2831 hiems.
1200 2774 1325 2829 limo
1357 2782 1595 2842 tempora
1628 2773 1801 2827 solent
1824 2786 1922 2825 nos
1958 2787 2054 2842 per
2080 2772 2173 2853 de-
2279 2774 2518 2830 Sabbato
2560 2776 2723 2845 igitur
2768 2785 2999 2846 quatuor
3037 2776 3286 2848 leguntur
3326 2778 3606 2842 lectiones,
3634 2777 3851 2849 quando

614 2867 933 2921 lectamenta
960 2879 1054 2918 sua
1079 2876 1331 2917 revocare
1358 2863 1424 2915 ab
1447 2875 1629 2915 amore
1659 2860 1949 2915 charitatis.
1975 2860 2033 2914 In
2061 2861 2179 2929 qui—
2277 2866 2581 2921 benedictio
2606 2866 2855 2936 largitur,
2881 2867 3005 2937 quia
3039 2866 3067 2906 ἀ
3111 2878 3343 2937 quatuor
3369 2875 3493 2922 sunt
3522 2869 3738 2923 ordines
3757 2867 3853 2922 be-

616 2953 716 3008 bus
751 2959 961 3022 oportet
996 2949 1371 3019 nosjejuuare,
1400 2947 1609 3002 etiamsi
1635 2948 1841 3007 venerit
1880 2948 2018 3002 infra
2042 2949 2177 3002 Pen-
2216 3016 2249 3022 _
2280 2956 2637 3009 nedicentium
2686 2956 2992 3021 Dominum,
3046 2965 3105 3010 ut
3154 2958 3281 3011 illud
3336 2958 3551 3012 Davidis
3586 2976 3599 3011 :
3657 2958 3850 3013 Domus

620 3016 879 3105 tecosten,
918 3016 1495 3108 aquandovcelebratur
1543 3035 1805 3090 festivitas
1854 3016 2252 3104 septii‘ormisc
2281 3043 2468 3108 Israel,
2516 3043 2795 3097 benedicite
2838 3016 3120 3097 Dominum
3165 3043 3337 3115 (Psal.
3388 3060 3606 3111 cxxxxv,
3639 3046 3748 3117 l9),
3796 3046 3849 3099 id

621 3130 875 3199 Spiritus,
900 3135 959 3181 ut
984 3126 1110 3181 illud
1147 3123 1524 3179 Dominicum:
1587 3121 1796 3177 Venient
1837 3135 2008 3178 autem
2049 3124 2179 3188 dies,
2278 3142 2380 3196 est,
2410 3132 2458 3186 ls

2278 3142 2380 3196 est,
2410 3132 2731 3187 lsraeliticus
2753 3131 2977 3201 populus
3004 3151 3015 3185 :
3046 3132 3243 3186 Domus
3273 3135 3469 3198 Aaron,
3506 3135 3559 3188 id
3591 3142 3691 3197 est,
3720 3125 3859 3202 pne:

608 1879 697 1918 ma
722 1863 837 1919 dies
870 1869 973 1925 est,
999 1873 1159 1930 quam
1188 1856 1427 1926 sequitur
1470 1852 1778 1909 Dominicus
1814 1850 1944 1913 dies,
1975 1850 2028 1902 in
2062 1862 2173 1917 quo

608 1954 835 2023 primum
880 1965 1073 2006 manna
1115 1949 1183 2006 de
1223 1948 1360 2004 caelo
1402 1947 1566 2001 venit.
1602 1944 1755 2000 Unde
1789 1942 2037 2011 colligant
2078 1939 2171 1995 Ju—

606 2044 705 2098 daei
736 2044 849 2114 jam
892 2050 1021 2097 tunc
1062 2040 1340 2111 praelatam
1388 2051 1506 2091 esse
1551 2035 1769 2089 Iudaico
1812 2032 2032 2089 sabbato
2087 2032 2168 2101 ip-

607 2148 790 2187 sorum
834 2132 1185 2195 Dominicam,
1220 2137 1453 2183 nostram
1488 2146 1500 2180 :
1544 2125 1658 2194 jam
1698 2133 1821 2180 tunc
1860 2124 2169 2188 indicatum,

610 2222 751 2292 quod
779 2222 962 2292 gratia
978 2220 1072 2274 Dei
1101 2222 1167 2275 ad
1211 2235 1303 2274 eos
1332 2218 1410 2273 de
1453 2216 1587 2271 ccelo
1627 2214 1770 2270 nulla
1814 2214 2170 2280 descenderit,

609 2312 703 2367 sed
732 2312 787 2365 in
810 2320 991 2366 sancta
1019 2309 1295 2365 Dominica
1325 2316 1530 2373 nostra,
1558 2306 1611 2361 in
1638 2321 1743 2376 qua
1773 2305 2004 2374 primum
2031 2319 2173 2358 eam-

610 2403 731 2457 dem
758 2400 1014 2456 Dominus
1041 2398 1195 2468 pluit.

619 3236 735 3273 cum
788 3217 1053 3287 auferent?
1097 3216 1161 3270 ab
1207 3216 1280 3268 είε
1333 3230 1571 3284 εροηεαε,
1621 3222 1669 3267 εί
1700 3222 1821 3266 tunc
1865 3213 2181 3283 ieiunabant
2280 3222 2371 3275 lati
2409 3239 2421 3274 :
2468 3221 2663 3273 Domus
2708 3220 2850 3285 Levi,
2879 3221 2933 3274 id
2972 3230 3074 3286 est,
3103 3221 3335 3275 ministri
3362 3221 3492 3276 Dei:
3528 3220 3631 3285 Qui
3662 3222 3853 3274 timetis
3950 3266 3951 3269 η

623 3306 836 3378 (Matth.
860 3320 936 3368 ix,
968 3303 1076 3373 15).
1122 3301 1200 3357 De
1220 3302 1305 3356 his
1344 3300 1671 3370 Augustinus
1700 3319 1716 3358 :
1743 3301 1997 3368 Quamvis
2037 3302 2186 3355 ordi—
2280 3310 2577 3372 Dominum,
2604 3309 2667 3363 de
2691 3311 2900 3380 caeteris
2930 3312 3258 3365 nationibus.
3290 3311 3345 3363 lu
3391 3311 3509 3365 istis
3536 3310 3858 3365 lectionibus

623 3394 768 3450 natio
794 3407 900 3447 non
926 3390 1037 3457 tiat,
1075 3389 1437 3446 necessarium
1481 3392 1659 3443 tamen
1689 3396 1770 3442 est
1818 3396 2016 3441 nostra:
2056 3387 2184 3441 reli-
2282 3400 2459 3452 imbuu

2282 3400 2594 3452 imbuuntur
2619 3396 2901 3453 ordinandi
2924 3399 2989 3453 ad
3015 3398 3257 3467 exempla
3276 3408 3584 3455 sanctorum
3611 3398 3851 3453 Patrum.

624 3485 769 3557 gioni
797 3491 1025 3554 quatuor
1055 3490 1351 3549 temporum
1373 3476 1571 3549 ieiunia
1592 3478 1878 3531 celebrare.
1904 3476 1978 3529 De
2000 3474 2185 3529 ‘30de
2282 3486 2537 3541 Proxima
2562 3486 2720 3541 lectio
2743 3487 3095 3541 ordinationis
3135 3488 3197 3541 de
3226 3490 3429 3543 camino
3469 3489 3602 3558 ignis
3642 3488 3853 3559 legitur,

622 3575 821 3647 jejunio
842 3574 969 3628 dicit
993 3572 1101 3626 Leo
1127 3586 1262 3640 papa
1294 3570 1346 3623 in
1375 3568 1617 3623 Homiliis
1638 3580 1663 3609 ι
1689 3586 1700 3621 :
1730 3566 2071 3638 Uljejunium
2094 3581 2185 3621 Ce-
2284 3578 2405 3646 quia
2442 3592 2547 3632 non
2568 3585 2744 3647 potest
2784 3578 2884 3631 rite
2915 3579 3074 3633 homo
3113 3579 3181 3632 ad
3211 3580 3666 3634 consecrationem
3694 3593 3854 3634 acce-

628 3665 872 3745 lebl‘etlll:
909 3663 961 3716 in
993 3660 1278 3729 largitione
1308 3672 1581 3745 Sacrorum
1623 3656 1890 3745 Ordinum,
1936 3656 2185 3745 Εεοιέξξτε
2285 3668 2435 3731 dere,
2477 3668 2580 3721 nisi
2620 3675 2854 3721 transeat
2902 3682 2996 3735 per
3024 3668 3318 3735 fornacem,
3359 3676 3413 3722 et
3457 3669 3530 3723 ibi
3574 3667 3856 3723 benedicat

626 3743 910 3823 primitivze
931 3766 1046 3804 mos
1071 3747 1315 3810 obtinuit,
1348 3755 1404 3800 ut
1432 3744 1558 3798 illud
1583 3764 1594 3797 :
1636 3744 2053 3798 Ministrantibus
2079 3743 2183 3797 illis
2285 3759 2469 3820 Deum,
2500 3767 2560 3810 ιιι
2585 3757 2709 3810 illud
2736 3775 2747 3809 :
2789 3756 2927 3810 Vasa
2955 3757 3104 3829 figuli
3125 3759 3305 3827 probat
3329 3759 3535 3825 famam,
3572 3765 3626 3811 et
3651 3757 3855 3825 reliqua

631 3843 851 3895 Domino
881 3850 926 3892 et
946 3836 1325 3906 jejunantibus,
1348 3836 1478 3887 dixit
1506 3834 1729 3903 Spiritus
1755 3842 1961 3911 sanctus
1986 3846 2001 3883 :
2028 3832 2188 3901 Sepa-
2288 3844 2473 3913 (Εεειί,
2524 3861 2692 3909 xxv",
2733 3846 2805 3916 6),
2856 3846 3187 3917 Quapropter
3233 3846 3424 3901 debem
3475 3846 3706 3900 ιηηδίη
3756 3860 3852 3914 ρει-

634 3941 745 3986 rate
770 3931 897 3984 mihi
922 3929 1141 3983 Saulum
1185 3938 1233 3979 et
1260 3925 1554 3978 Barnabam
1582 3926 1637 3989 in
1667 3940 1790 3993 Opus
1819 3923 2109 3986 ministerii,
2136 3930 2190 3977 et
2288 3920 2575 3997 fornacem,
2624 3934 2766 4001 quod
2798 3943 2965 3987 δοηειμ
2985 3935 3141 3987 lectio
3171 3934 3374 4002 quinm,
3404 3941 3461 3988 ιιι
3503 3933 3579 3988 sic
3620 3934 3853 4003 probati.

635 4023 836 4089 reliqua
866 4019 1001 4089 (Act.
1031 4033 1146 4081 xm,
1180 4014 1255 4088 2).
1289 4014 1429 4067 Tunc
1448 4015 1746 4083 jejunantes
1774 4023 1818 4067 et
1846 4022 2068 4077 orantes,
2096 4013 2191 4065 im-
2289 4022 2543 4075 accedere
2584 4022 2651 4074 ad
2677 4036 2887 4075 sacrum
2936 4023 3246 4091 mysterium
3276 4023 3507 4089 valeam,
3544 4023 3681 4087 sicut
3719 4022 3854 4091 legi-

634 4119 972 4179 ponentcsque
1014 4108 1084 4159 eis
1132 4120 1336 4169 manus,
1379 4104 1682 4156 dimiserunt
1707 4102 1839 4156 illos.
1870 4102 1974 4157 Isto
2006 4103 2107 4167 die,
2139 4103 2190 4155 id
2291 4120 2378 4164 ιυιι
2403 4112 2458 4164 in
2479 4120 2627 4185 sexta
2656 4112 2880 4166 lectione
2910 4132 2921 4165 ε
2963 4113 3190 4168 sciente,
3215 4116 3348 4185 quod
3369 4113 3634 4167 ιτίιηιιαεξο
3657 4114 3859 4182 pars“-

636 4210 737 4263 est,
764 4209 952 4268 quarta
979 4197 1131 4261 feria,
1176 4196 1422 4263 leguntur
1453 4194 1887 4249 dumicctiones:
1939 4195 2191 4263 quoniam
2291 4201 2417 4251 tiam
2447 4214 2708 4270 operatur,
2754 4211 2808 4255 et
2850 4203 3051 4271 reliqua
3102 4203 3275 4273 (Rom.
3311 4218 3363 4266 v,
3389 4203 3465 4271 5).
3518 4202 3591 4255 De
3636 4216 3857 4270 respona

639 4289 690 4341 lii
726 4289 815 4356 qui
847 4288 911 4340 ad
940 4302 1147 4341 sacrum
1176 4286 1420 4351 ordinem
1466 4291 1761 4348 transeunt,
1791 4284 1984 4337 debent
2010 4284 2267 4392 admo—“D
2294 4289 2451 4342 soriis
2486 4304 2591 4343 non
2617 4299 2699 4343 est
2740 4305 2956 4345 necesse
2983 4291 3125 4345 aliud
3151 4291 3351 4355 dicere,
3382 4306 3540 4359 quam
3571 4290 3714 4358 quod
3746 4288 3859 4343 sin-

738 4378 749 4389 ·
860 4384 872 4392 Α
923 4376 936 4392 1
968 4376 1008 4392 Al
1036 4381 1148 4392 _A_.
1204 4373 1439 4392 --.ε.ε-..-
1492 4372 1513 4392 1
1542 4372 1643 4392 --1-
1695 4380 1740 4392 ,ι
1784 4370 2164 4392 η..-..ι.-ι,....-...
2364 4378 2395 4392 ιο
2472 4379 2483 4392 ι
2559 4381 2588 4392 ,ι
2670 4379 2700 4392 οι
3124 4382 3134 4392 ι
3257 4382 3267 4392 .
3382 4381 3393 4392 ι
3690 4379 3705 4392 1
3815 4388 3825 4392 -

640 4378 772 4439 ueri,
822 4384 878 4428 ut
923 4376 1152 4427 habeant
1203 4373 1444 4425 notitiam
1492 4372 1646 4439 Legis
1691 4380 1744 4424 et
1784 4370 2189 4438 Prophetarum.
2219 4370 2265 4392 "
2293 4378 2429 4447 gulis
2471 4379 2786 4432 lectionibus
2836 4382 3172 4448 responsoria
3225 4381 3430 4449 singula
3480 4379 3853 4448 respondeant.

639 4466 838 4531 Quarta
884 4466 1027 4518 enim
1072 4470 1226 4517 etate
1258 4460 1363 4513 Lex
1407 4469 1459 4515 et
1486 4460 1761 4529 Propheta;
1810 4460 2109 4530 viguerunt,
2140 4472 2193 4515 et
2293 4468 2621 4523 Gravitatem
2672 4484 2834 4538 quam
2880 4471 3035 4525 debet
3087 4479 3329 4524 sacratus
3377 4483 3609 4533 servare,
3654 4477 3859 4528 tractus

642 4551 1284 4643 Dav'id_beUicosissirnus,
1309 4551 1397 4619 qui
1424 4550 1801 4618 interpretatur
1828 4566 1989 4639 manu
2019 4550 2193 4618 fortis,
2294 4567 2576 4621 monstrat,
2609 4574 2676 4612 ne
2716 4559 2855 4613 forte
2893 4560 2948 4613 in
2994 4562 3239 4629 superbia
3262 4560 3432 4615 elatus
3469 4560 3670 4643 incidat
3695 4560 3748 4612 in
3774 4559 3853 4612 lav

642 4644 692 4695 in
728 4638 914 4695 eadem
950 4650 1105 4703 aetate
1132 4638 1366 4703 Goliatb,
1391 4639 1441 4692 id
1472 4646 1572 4703 est,
1596 4638 1879 4701 humilitas
1894 4640 2194 4707 superbiam
2295 4660 2489 4714 quenm
2512 4645 2704 4699 diaboli
2730 4662 2743 4709 ;
2775 4654 2974 4700 tractus
2995 4649 3133 4701 enim
3178 4656 3386 4715 semper
3415 4649 3468 4702 in
3488 4638 3853 4701 causa'liumin

643 4730 947 4795 prostravit.
979 4727 1176 4781 Contra
1217 4743 1375 4795 quem
1413 4725 1643 4789 Goliath,
1685 4726 1737 4779 id
1762 4733 1865 4788 est,
1906 4726 2193 4793 diabolum,
2298 4736 2462 4789 litatis
2490 4736 2721 4803 ponitur.
2756 4734 2857 4789 Per
2877 4737 3110 4805 singulas
3137 4737 3408 4790 orationes
3429 4736 3678 4790 debemus
3702 4749 3854 4789 men-

644 4815 836 4868 debent
858 4816 911 4868 in
933 4814 1233 4869 humilitate
1267 4814 1542 4875 dimicare,
1567 4813 1655 4881 qui
1682 4813 1747 4865 ad
1772 4828 1953 4866 sacros
1981 4814 2192 4868 ordines
2296 4822 2367 4875 tis
2414 4823 2459 4876 hi

2296 4822 2367 4875 tis
2414 4823 2761 4877 humilitatem
2806 4837 2901 4892 per
2943 4821 3361 4892 genuﬂexionem
3411 4823 3713 4889 ostendere,
3758 4836 3857 4878 ex-

644 4902 1023 4971 provehuntur.
1072 4903 1267 4971 Quinta
1302 4902 1431 4957 feria
1460 4902 1607 4957 deest
1645 4901 1873 4955 ofﬁcium
1918 4911 1970 4955 et
2011 4902 2190 4966 missa,
2297 4919 2449 4976 cepto
2484 4910 2621 4963 intra
2648 4902 3015 4963 Peutecosten,
3576 4932 3579 4933 ν
3614 4964 3623 4971 κ

647 4992 766 5047 ideo
800 4990 956 5047 debet
992 4996 1195 5049 cantari
1231 4994 1297 5049 de
1338 4993 1609 5047 Dominica
1639 4991 1996 5046 Peutecostes.
2038 4990 2192 5045 Feria
2372 5010 2395 5037 ο
2425 4996 2684 5069 [Quatuor
2705 4996 3032 5065 temporibus
3051 5012 3222 5052 annus
3250 4998 3495 5064 volvitur,
3521 5000 3859 5068 unumquod.

648 5090 797 5190 stesta
836 5097 943 5136 una
978 5090 1182 5135 tantum
1221 5082 1408 5153 legitur
1440 5082 1616 5147 lectio,
1663 5082 1789 5151 quia
1838 5081 1944 5134 Lex
1980 5090 2035 5134 et
2064 5078 2193 5133 Pro-
2300 5101 2402 5155 que
2431 5096 2639 5156 tempus
2662 5095 2771 5140 tres
2794 5102 3003 5142 menses
3027 5086 3206 5143 habet.
3235 5086 3338 5143 Pro
3363 5101 3683 5156 unoquoque
3709 5102 3861 5153 men-

719 5243 747 5270 ι
785 5230 909 5287 llaec
959 5240 1177 5299 accepta
1215 5230 1459 5285 videntur
1507 5246 1574 5285 ex
1620 5231 1776 5299 epist.
1826 5231 1859 5286 9
1901 5238 2023 5285 nov".
2070 5229 2195 5281 edit.
2380 5245 2402 5273 ο
2432 5232 2560 5299 Quae
2599 5241 2893 5302 sumuntur
2918 5234 3139 5302 _uncinis
3177 5236 3400 5299 inclusa,
3432 5243 3611 5290 assuta
3649 5243 3775 5292 sunt
3804 5237 3863 5292 iu

652 5301 863 5372 Ve_ue_t.,
886 5317 1003 5372 cap.
1043 5302 1088 5353 l.
1507 5370 1516 5372 _
1633 5368 1661 5372 _
2309 5317 2408 5355 ms.
2457 5315 2563 5369 quo
2597 5300 2729 5372 usus
2768 5312 2852 5372 est
2884 5300 3309 5369 ‘Quercetanus;
3360 5306 3498 5372 apud
3531 5303 3863 5372 Amaiarium

724 5369 750 5407 δ
781 5368 1082 5442 inualidus
1110 5368 1230 5421 libr.
1262 5382 1327 5442 ιιὶ
1348 5370 1521 5442 eam}
1552 5378 1606 5423 et
1632 5368 1685 5422 3.
1712 5435 1763 5442 Ἀ
2306 5368 2522 5433 omissa,
2559 5370 2666 5442 ubi
2689 5371 2875 5442 statim
2914 5380 3033 5442 post
3074 5376 3252 5442 priora
3291 5368 3449 5426 verba
3487 5373 3629 5441 infra
3674 5370 3868 5428 Pente-

724 5450 745 5513 ξ
778 5435 835 5513 S_.
864 5441 1004 5513 Aug._
1019 5438 1135 5493 libr.
1157 5448 1219 5513 ιι,
1248 5435 1519 5513 ερίςιέὸδ,
1556 5451 1670 5510 cup.
1705 5435 1789 5489 lo.
2306 5449 2497 5513 eastern,
2524 5440 2763 5507 sequitur
2786 5460 2803 5490 ;
2846 5435 2931 5493 ιη’
2956 5435 3161 5494 sola-ds
3207 5443 3409 5495 camino
3455 5435 3609 5513 ignis,
3650 5451 3784 5508 etc.,
3805 5452 3867 5498 ut

724 5506 751 5544 ἀ
786 5501 1091 5560 Δωθιῗιορ.
1122 5507 1213 5559 cit.
1396 5502 1446 5558 ὅ.
1506 5501 1511 5503 “
1615 5501 1643 5510 “
2303 5501 2459 5561 infra.
