4232 6202
469 242 605 295 ηερ
1264 242 1418 298 ΌΡΡ.
1459 242 1853 299 SUPPOSITA.
1895 274 1962 282 —-
2000 243 2126 297 LIB.
2164 244 2251 298 DE
2293 243 2537 299 DIVINIS
2575 244 2875 303 OFFllillS.
3558 252 3694 309 {250
3762 226 3775 237 ὴ

456 377 517 415 se
565 356 754 428 singuli
791 356 903 411 dies
947 355 1150 426 jejunio
1190 365 1590 412 consecrantur.
1642 357 1746 410 Per
1792 354 2026 425 singulas
2058 362 2101 418 Α
2130 370 2284 408 cam:
2322 353 2386 408 In
2411 356 2503 409 illo
2536 366 2800 427 tempore:
2835 357 3066 429 Snrgens
3109 357 3263 415 Iesus
3303 362 3367 416 de
3410 344 3692 435 synagoga.

455 448 730 503 orationes
760 446 812 499 in
844 460 917 500 sn
958 445 1276 501 lectionibus
1309 461 1447 517 genu
1478 441 1762 508 ilectimns,
1797 453 2022 513 excepto
2127 442 2364 498 Oremus.
2397 445 2637 512 Domine,
2680 448 2822 502 Deus
2863 450 3066 503 salutis.
3097 449 3315 507 Secreta
3345 472 3358 507 :
3395 451 3461 508 Ut
3482 466 3715 526 accepta.

459 540 514 593 in
545 545 735 593 octava
760 534 897 590 infra
925 535 1295 591 Pentecosten.
1322 535 1380 590 In
1408 535 1519 590 sola
1558 544 1737 589 autem
1778 535 2022 589 oratione
2120 536 2215 615 tibi
2256 537 2358 590 sint
2405 547 2581 592 nostra
2612 539 2841 609 jejunio.
2874 542 3025 597 Com.
3083 541 3204 598 Non
3250 562 3337 600 uos
3383 546 3689 617 relinquam.

456 628 521 682 de
544 628 746 682 camino
768 627 903 696 ignis
927 642 1097 697 genua
1126 640 1232 682 non
1266 625 1543 689 flectimus,
1575 625 1742 697 589
1768 626 1820 680 in
1850 626 2023 680 omni-

456 717 557 773 bus
580 733 660 771 nn
686 716 1056 786 Temporibus.
1099 714 1156 771 Si
1178 724 1355 771 autem
1384 718 1496 787 ipsa
1520 715 1851 772 hebdomada
1878 715 2020 770 Pen-

452 816 686 863 tecostes
701 807 757 863 in
779 821 965 862 mense
997 814 1190 877 quarto
1211 808 1470 871 evenerit,
1493 805 1753 877 jejunium
1777 805 1871 860 ﬁat
1892 822 1944 860 iv
1968 815 2022 860 es

452 911 508 950 vr
532 896 661 953 etin
705 894 948 951 sabbato.
992 895 1147 951 Feria
1176 911 1248 952 tv.
1288 895 1506 966 Antiph.
1536 895 1677 949 Deus
1713 894 1837 948 dum
1879 912 2020 966 egre-

344 977 350 985 ’
453 986 667 1042 deret-is.
716 985 902 1042 Oratio
939 988 1055 1044 sine
1087 986 1409 1043 Flectamus.
1439 976 1669 1051 Prwsta,
1698 1000 2016 1057 qutesumus,

452 1086 509 1131 ut
554 1076 786 1147 Spiritus
832 1076 1128 1133 adveniens.
1181 1078 1366 1133 Lectio
1408 1075 1553 1132 Libri
1602 1075 1910 1147 Sapientiae.
1951 1075 2020 1131 In

445 1165 629 1219 diebus
658 1164 785 1231 illis,
812 1160 946 1220 dixit
987 1164 1238 1222 Salomon
1263 1167 1388 1236 filiis
1413 1166 1597 1229 Israel,
1632 1162 1844 1236 Diligite
1860 1166 2021 1237 justi-

445 1258 597 1320 tiam,
632 1271 822 1325 usque,
865 1258 1135 1313 scientiam
1159 1258 1309 1312 habet
1334 1260 1494 1314 vocis.
1521 1258 1679 1313 Feria
1701 1274 1754 1312 ν.
1792 1258 2014 1329 Antiph.

449 1344 643 1399 Emitte
667 1345 906 1417 spiritum
926 1355 1090 1401 tuum.
1116 1345 1358 1414 Oremus,
1388 1348 1505 1403 sine
1529 1345 1848 1404 Flectamus.
1871 1348 2020 1403 Hen-

446 1446 522 1491 tes
562 1445 786 1491 nostras.
818 1437 999 1493 Lectio
1026 1437 1257 1493 Actuum
1286 1437 1684 1509 Apostolorum.
1731 1436 1797 1490 In
1836 1437 2018 1492 diebus

444 1526 574 1589 illis,
600 1535 746 1581 stans
782 1523 971 1581 Petrus
1000 1542 1119 1581 cum
1142 1542 1219 1581 xu
1241 1526 1455 1581 eleuarit
1480 1541 1651 1581 vocent
1678 1542 1850 1580 suam.
1875 1525 2019 1580 Alle-

2121 612 2388 679 PoStcom.
2421 624 2601 681 Sancti
2632 627 2879 699 Spiritus,
2906 630 3146 698 Domine,
3176 636 3334 688 corda
3363 612 3588 709 nostra.]
3692 650 3695 653 ‘

2190 714 2245 769 In
2277 716 2386 769 sola
2416 720 2479 769 de
2529 720 2733 771 camino
2780 720 2913 789 ignis
2945 734 2991 787 τι,
3038 738 3142 777 non
3188 722 3453 788 ﬂectimus
3497 742 3689 797 genua,

2120 803 2332 872 quando
2356 802 2849 862 Nabuchodonosor
2885 809 3238 881 compellebat
3272 815 3524 883 populum
3565 818 3692 872 ado-

2120 909 2243 950 rare
2284 904 2540 963 statuam,
2567 913 2728 968 quam
2767 899 3005 968 fecerat;
3036 911 3095 957 ut
3133 914 3379 975 separata
3405 905 3474 961 sit
3505 918 3688 963 nostra

2117 985 2313 1049 oratio,
2343 1001 2462 1056 quae
2489 998 2570 1047 est
2601 990 2666 1044 ad
2691 1006 2855 1044 unum
2880 991 3068 1059 Deum,
3091 992 3160 1049 ab
3181 1008 3366 1051 errore
3390 998 3685 1067 gentilium.

2115 1072 2303 1129 Oratio
2342 1087 2463 1145 post
2495 1082 2924 1137 communionem
2964 1099 3126 1154 super
3162 1086 3413 1155 populum
3459 1105 3563 1145 non
3591 1089 3688 1145 lia-

2116 1160 2293 1228 betur,
2337 1166 2462 1234 quia
2505 1167 2647 1222 istud
2679 1166 2911 1225 cilicium
2940 1171 3247 1242 frequenter
3288 1174 3433 1231 circa
3473 1187 3684 1235 noctem

2117 1251 2448 1311 Dominicam
2481 1257 2617 1311 solet
2646 1258 2783 1325 ﬁeri,
2812 1261 2865 1315 in
2900 1276 3005 1331 qua
3037 1263 3258 1319 minime
3290 1264 3682 1334 genuflectitur.

2689 1354 2915 1433 CAPUT
2938 1380 3106 1435 xxx.

2432 1462 2462 1503 δ
2499 1481 2564 1519 ns
2597 1480 2799 1521 ελδετο
2841 1483 3037 1521 ιολκκε
3074 1485 3351 1528 ΒΑιιτιετΑ.

2183 1552 2307 1608 Ideo
2355 1562 2466 1610 tres
2513 1556 2691 1612 missa:
2719 1558 3059 1613 celebrantur
3086 1560 3139 1615 in
3171 1560 3462 1621 festivitate
3510 1572 3683 1625 sancti

445 1619 579 1721 ίιάαο
634 1617 988 1721 Veﬂitfaff“
1032 1618 1296 1721 sitim”;
1329 1618 1672 1721 Ιςένξιιεειίιξξη
1694 1618 2013 1721 ἐθξξυηάιξηὶ
2050 1707 2090 1721 _
2112 1637 2359 1708 Joannis,
2386 1644 2512 1713 quia
2548 1645 2723 1699 tribus
2762 1646 3062 1717 insignibus
3106 1617 3685 1721 triumphisﬁﬁevxcellen‘:

438 1709 701 1766 ³⁰³¹¹¹¹θ¹¹¹
725 1735 740 1765 ³
773 1709 841 1766 Ῐη
858 1709 950 1765 mo
975 1719 1221 1804 εεπιηονθο
1243 1709 1375 1804 dif”?
1401 1708 1556 1804 im“
1576 1708 2013 1804 ἀίδίξραιξῆδυίκ
2048 1707 2091 1768 Β
2118 1741 2202 1787 ter
2230 1707 2455 1788 refulsit.
2486 1734 2568 1789 Ad
2606 1736 2707 1790 hoc
2755 1707 2899 1791 enim
2948 1739 3115 1804 venit,
3162 1749 3223 1794 nt
3264 1707 3406 1798 iiam
3459 1746 3685 1804 Domino

446 1799 614 1854 Nemo
646 1809 813 1876 potest
834 1802 1004 1855 venire
1030 1800 1097 1853 ad
1134 1816 1235 1865 me,
1274 1798 1373 1853 nisi
1401 1798 1584 1865 Pater,
1612 1801 1702 1871 qui
1736 1800 1877 1854 misit
1911 1816 2013 1863 me,

438 1892 660 1944 traxerit
702 1906 839 1944 eum.
888 1886 1125 1943 Oremus.
1170 1887 1481 1943 Meditabor.
1527 1888 1701 1958 Super
1739 1888 2010 1943 oblatam:

442 1979 652 2049 Accipe,
682 1992 998 2051 quasumus,
1044 1978 1286 2045 Domine,
1332 1994 1535 2034 munus
1563 1978 1832 2034 oblatum.”
1858 1977 2010 2034 Com.

444 2068 637 2124 Pacem
665 2079 828 2136 tuam.
858 2069 1124 2125 Postcom.
1153 2067 1334 2125 Sancti
1360 2068 1607 2141 Spiritus,
1630 2069 1871 2135 Domine,
1896 2087 2014 2124 cor-

436 2160 531 2217 da.
554 2160 726 2217 “Feria
754 2176 809 2216 vt
848 2160 1067 2230 Antiph.
1117 2158 1396 2230 Repleatur
1420 2178 1496 2215 os.
1550 2162 1787 2216 Versus:
1836 2160 1903 2215 In
1939 2172 2009 2227 te,

445 2250 684 2317 Domine,
716 2251 939 2321 speravi,
983 2266 1105 2304 non.
1152 2249 1398 2315 Oremus,
1434 2250 1551 2306 sine
1591 2248 1892 2304 Flectamus
1919 2267 2008 2320 ge—

439 2339 700 2406 nuasDa,
726 2356 1043 2412 quiesmnus,
1083 2337 1329 2399 Ecclesiw
1353 2346 1474 2403 tuar,
1516 2339 1807 2396 misericors
1845 2339 2009 2405 Deus,

438 2440 495 2484 ut
527 2428 729 2501 Spiritu
757 2438 935 2499 sancto
962 2438 1291 2498 congregata.
1322 2427 1505 2484 Lectio
1530 2427 1760 2482 Actuum
1783 2427 2009 2499 Aposto-

439 2519 634 2576 lorum.
660 2519 726 2575 In
746 2520 929 2574 diebus
955 2518 1079 2584 illis,
1108 2518 1352 2590 Aperiens
1380 2514 1567 2573 Petrus
1593 2536 1648 2573 os
1670 2534 1820 2572 suum
1838 2518 1969 2591 dixit
1988 2533 2006 2570 :

446 2607 557 2664 Viri
583 2607 858 2677 Israelita.
887 2608 1128 2664 Alleluia.
1153 2608 1383 2679 Spiritus
1402 2609 1628 2663 Domini.
1656 2610 2004 2681 Evangelium

434 2700 727 2756 secundum
757 2698 1107 2755 Manliana):
1152 2699 1221 2754 In
1249 2698 1340 2754 illo
1390 2708 1635 2770 tempore,
1676 2702 1808 2757 dixit
1849 2702 2005 2758 Iesus

387 2829 399 2849 κ
436 2790 600 2845 turbis
623 2788 929 2844 Iudaeorum
957 2803 974 2841 :
999 2788 1058 2845 Si
1081 2806 1173 2861 ego
1200 2790 1256 2844 in
1278 2788 1479 2860 Spiritu
1509 2789 1602 2843 Dei
1631 2791 1780 2861 ejicio
1810 2793 2006 2846 daemo-

436 2898 547 2945 nes,
571 2896 762 2951 usque,
790 2897 951 2953 neque
978 2881 1032 2935 in
1069 2880 1267 2949 futuro.
1303 2878 1542 2935 Oremus.
1567 2878 1770 2947 Lauda,
1801 2882 1997 2935 anima.

436 2969 691 3025 Secreta:
751 2968 1045 3036 Sacriﬁcio,
1094 2967 1329 3031 Domine,
1367 2969 1469 3022 tuis
1506 2968 1678 3023 oblata
1715 2971 1999 3037 conspecti.

434 3061 546 3115 bus.
579 3060 728 3115 Com.
749 3060 976 3131 Spiritus
1002 3059 1089 3112 ubi
1103 3059 1232 3112 vult.
1252 3059 1518 3115 Postcom.
1547 3059 1725 3115 Sancti
1748 3060 1996 3131 Spiritus,
2024 3049 2070 3113 C

433 3153 653 3207 Domine
684 3152 861 3205 corda.
898 3149 1131 3204 Sabbato
1177 3147 1394 3221 Antiph.
1445 3146 1687 3204 Charitas
1717 3150 1833 3204 Dei.
1867 3151 2001 3206 Ver-

433 3259 561 3300 sus:
589 3243 808 3299 Domine
834 3243 973 3301 Deus
1011 3239 1212 3295 salutis.
1255 3239 1497 3305 Oremus,
1529 3242 1643 3295 sine
1675 3238 1994 3297 Flectamus.

435 3335 691 3391 Mentibus
730 3335 937 3398 nostris,
962 3349 1280 3406 quiesumus,
1308 3326 1546 3395 Domine,
1588 3331 1840 3402 Spiritum
1878 3347 1999 3385 san-

342 3417 346 3421 ’
431 3437 571 3481 ctum
618 3428 885 3496 benignus.
936 3426 1122 3481 Lectio
1157 3425 1320 3481 Joelis
1362 3428 1665 3496 prophetre:
1701 3424 1831 3479 Iimc
1872 3426 1998 3479 dicit

430 3514 706 3580 Dominus,
749 3516 929 3570 Deus:
973 3515 1259 3584 Effundam
1291 3515 1543 3584 Spiritum
1585 3532 1774 3568 meum.
1829 3514 1993 3571 Grad.

432 3605 703 3662 Pratector
727 3617 918 3661 noster.
960 3603 1202 3671 Oremus,
1238 3606 1354 3659 sine
1393 3603 1713 3659 Flectamus.
1748 3605 1851 3659 Illo
1878 3622 1988 3667 nos,

429 3713 745 3765 quaesumus,
780 3697 1018 3761 Domine,
1055 3697 1191 3767 igne.
1227 3695 1413 3750 Lectio
1460 3695 1581 3751 libri
1618 3694 1878 3750 Leviiici:
1927 3693 1993 3748 In

431 3787 606 3841 diebus
636 3787 740 3841 illis
769 3786 971 3841 locutus
998 3797 1073 3841 est
1102 3786 1359 3840 Dominus
1394 3787 1464 3839 ad
1505 3784 1740 3855 Moysen,
1776 3785 1991 3841 dicens:

428 3872 659 3944 Loquere
684 3875 809 3943 ﬁliis
853 3875 1041 3931 Israel.
1073 3872 1237 3930 Grad.
1273 3873 1558 3945 Propitius.
1610 3874 1849 3940 Oremus,
1878 3878 1994 3932 sine

427 3960 745 4042 Flectamus.
774 3964 912 4035 Deus
948 3964 1035 4034 qui
1072 3966 1141 4017 ad
1181 3964 1473 4019 animarum
1499 3966 1773 4021 medelam.
1808 3964 1993 4027 Lectio

428 4052 546 4109 libri
573 4054 969 4109 Deuteronomii
996 4074 1006 4107 :
1037 4055 1185 4108 Dixit
1208 4055 1409 4125 Moyses
1433 4072 1451 4107 :
1483 4058 1639 4122 Audi,
1662 4056 1850 4123 Israel.
1876 4074 1992 4131 qua:

426 4162 516 4215 ego
543 4146 784 4213 prwcipio
824 4146 935 4199 tibi.
976 4144 1138 4199 Grad.
1171 4143 1433 4209 Converte,
1477 4134 1713 4201 Domine.
1748 4146 1988 4212 Oremus,

426 4234 540 4288 sine
561 4229 878 4287 Flectamus.
901 4230 1129 4295 Praesta,
1144 4249 1459 4302 qutrsumus,
1484 4236 1805 4304 omnipotens
1823 4235 1988 4302 Deus,

424 4334 480 4377 ut
505 4324 842 4380 sacularibus
860 4326 1077 4396 jejuniis
1111 4326 1319 4381 eruditi.
1363 4326 1542 4381 Lectio
1568 4327 1693 4383 libri
1719 4329 1942 4386 Levitici
1972 4351 1984 4385 :

2116 1822 2444 1891 praepararet
2469 1824 2715 1893 exemplo
2741 1839 2851 1879 sua:
2895 1830 3339 1898 conversationis,
3369 1836 3460 1904 qui
3497 1838 3684 1892 trium-

2113 1910 2255 1978 phus
2306 1910 2606 1967 celebratur
2652 1914 2705 1966 in
2757 1915 2933 1986 vigilia
2972 1918 3230 1986 ejusdem.
3304 1921 3408 1977 Per
3440 1926 3685 1983 ministco

2114 2000 2254 2055 rium
2297 2001 2548 2073 baptismi
2597 2003 2790 2060 claruit
2848 2006 2899 2060 in
2940 2007 3126 2079 signis.
3192 2009 3359 2080 Hujus
3396 2015 3678 2072 ministerii

2114 2091 2417 2163 triumphus
2449 2094 2500 2149 in
2527 2094 2700 2165 prima
2743 2097 2906 2153 missa
2943 2100 3214 2154 recolitur.
3264 2101 3536 2161 Nazarcus
3552 2124 3679 2178 pcr-

2112 2183 2309 2238 mansit
2332 2198 2398 2238 ex
2426 2194 2577 2239 utero
2602 2189 2821 2244 matris:
2849 2190 2951 2246 hoc
2982 2191 3180 2247 donum
3207 2195 3461 2251 recolitur
3496 2200 3548 2253 in
3569 2201 3677 2256 die.

2670 2297 2894 2356 CAPUT
2917 2301 3106 2359 XXXI.

2324 2394 2347 2423 ε
2379 2401 2447 2439 DE
2473 2402 2757 2445 NOIINIBUS
2783 2406 3030 2454 QUA‘I'UOR
3053 2411 3464 2459 εοηοκλτοιιυιι.

2178 2471 2423 2539 Quatuor
2446 2475 2837 2536 Coronatorum
2858 2485 3074 2540 nomina
3096 2488 3209 2544 haec
3229 2503 3355 2547 sunt
3378 2513 3390 2547 :
3418 2493 3672 2563 Severus,

2108 2559 2450 2630 Severianus,
2478 2567 2786 2625 Victorinus
2819 2582 2874 2627 et
2899 2572 3294 2646 Carpophorus.
3320 2580 3555 2650 Quorum
3580 2559 3677 2642 no;

2106 2652 2273 2719 mina,
2326 2662 2381 2709 et
2420 2656 2535 2712 dies
2567 2659 2759 2716 natalis
2790 2677 2889 2732 per
2930 2665 3194 2724 incuriam
3237 2673 3532 2744 neglectus,
3575 2681 3675 2733 mi-

2106 2741 2249 2796 nime
2277 2746 2496 2813 reperiri
2513 2756 2723 2816 poterat
2746 2767 2760 2803 :
2794 2751 2915 2808 ideo
2942 2752 3198 2812 statutum
3215 2741 3460 2827 cst,‘utin
3484 2741 3673 2824 eorum

2104 2832 2330 2888 ecclesia
2351 2836 2586 2906 quinque
2616 2846 2931 2896 caeterorum
2962 2856 3269 2905 sanctorum
3298 2853 3389 2923 qui
3426 2855 3478 2909 in
3508 2857 3669 2913 missa

2106 2922 2424 2989 recitantur,
2465 2928 2662 2984 natalis
2707 2932 3029 3001 celebretur,
3074 2938 3127 2993 id
3165 2948 3269 3008 est,
3310 2922 3541 3013 Claudii,
3582 2948 3671 3003 Ni-

2104 3013 2344 3076 costrati,
2387 3013 2783 3085 Symphoriani,
2814 3021 3045 3079 Castorii
3076 3036 3238 3097 atque
3279 3030 3564 3103 Simplicii,
3608 3051 3673 3099 ut

2101 3115 2225 3155 cum
2272 3103 2389 3159 istis
2423 3120 2610 3160 eorum
2648 3123 2860 3179 quoque
2905 3117 3162 3171 memoria
3216 3123 3421 3190 pariter
3471 3124 3663 3182 fieret:

2099 3204 2283 3263 postea
2326 3214 2453 3253 vero
2480 3215 2664 3256 eorum
2692 3206 2906 3261 nomina
2935 3210 3170 3267 revelata
3201 3223 3345 3273 sunt.
3396 3216 3665 3277 Solemni-

2101 3292 2183 3339 tas
2214 3294 2413 3353 tamen,
2454 3298 2513 3344 ut
2540 3300 2740 3348 statuta
2768 3294 2963 3363 fuerat,
2996 3300 3050 3354 in
3081 3302 3309 3360 aliorum
3356 3319 3662 3366 sanctorum

2099 3378 2313 3434 nomine
2339 3380 2566 3437 celebris
2592 3389 2903 3453 permansit.

2648 3492 2873 3550 CAPUT
2899 3497 3109 3554 XXXII.

2306 3578 2332 3621 δ
2375 3595 2437 3633 οε
2462 3592 2830 3639 somnum“:
2865 3602 3071 3645 OllNlUtt
3107 3606 3440 3650 ssscronuu.

2166 3666 2437 3737 Scriptum
2467 3681 2549 3725 est
2580 3673 2633 3726 in
2679 3678 2843 3744 gestis
2880 3678 3301 3749 Pontificalibus,
3335 3688 3476 3755 quod
3502 3703 3657 3745 sanc-

2094 3766 2180 3812 tus
2200 3757 2506 3817 Bonifacius
2530 3778 2665 3833 papa
2700 3767 2987 3834 quamdam
3019 3771 3237 3828 domum
3269 3774 3474 3843 Romae,
3511 3776 3655 3834 Pan-

2092 4124 2188 4187 cis,
2228 4126 2573 4195 omniumque
2600 4125 2939 4189 Sanctorum.
2986 4134 3139 4193 Unde
3170 4139 3516 4199 constitutum
3545 4156 3655 4215 est.

2092 4224 2149 4269 ut
2177 4218 2326 4285 plebs
2354 4220 2601 4277 universa
2632 4238 2727 4294 per
2754 4235 2921 4282 totum
2960 4230 3146 4285 orbem
3180 4231 3233 4285 in
3258 4231 3509 4291 Kalendis
3536 4238 3645 4295 No-

2091 4306 2419 4372 vembribus,
2462 4310 2599 4366 sicut
2641 4313 2695 4367 in
2725 4315 2809 4369 die
2854 4317 3046 4372 natalis
3085 4320 3326 4387 Domini,
3367 4323 3435 4379 ad
3477 4330 3650 4385 eccle-

424 4413 491 4469 In
516 4416 695 4471 diebus
714 4417 840 4485 illis,
866 4395 995 4473 dixit
1026 4418 1281 4474 Dominus
1310 4422 1378 4474 ad
1406 4419 1619 4491 Moysen
1643 4434 1661 4471 :
1692 4420 1753 4475 Si
1778 4420 1830 4476 in
1858 4435 1987 4491 prae.
2012 4413 2061 4472 υ
2089 4395 2223 4491 Si?”
2354 4400 2558 4455 honore
2592 4405 2832 4460 omnium
2880 4407 3220 4477 Sancmmm'
3251 4413 3319 4468 ad
3362 4415 3649 4474 missarum

423 4506 577 4577 ceptis
601 4508 726 4561 meis
752 4507 1159 4564 ambulaveritis.
1203 4510 1366 4566 Grad.
1403 4510 1690 4582 Dirigatur.
1741 4510 1981 4577 Oremus,

423 4598 537 4652 sine
558 4595 876 4673 lectamus.
910 4598 1131 4669 Presta,
1149 4616 1464 4669 qocesumus,
1483 4604 1803 4673 omnipotens
1819 4601 1980 4665 Deus,

423 4688 498 4742 sic
527 4672 617 4743 nos
649 4680 712 4743 ab
733 4690 896 4759 epulis
918 4689 1215 4743 carnalibus
1239 4690 1511 4745 abstinere.
1539 4672 1725 4747 Lectio
1741 4692 1980 4747 Danielis

421 4778 721 4845 prophetae:
751 4778 817 4832 In
844 4779 1020 4847 diebus
1041 4778 1186 4842 ’illis,
1215 4777 1428 4849 angelus
1469 4778 1681 4834 Domini
1720 4784 1982 4838 descendit

420 4882 537 4919 cum
591 4866 803 4920 Azaria.
857 4868 1163 4922 Benedictus
1214 4885 1299 4922 es:
1338 4867 1485 4921 Hanc
1532 4866 1981 4939 benedictionem,

420 4956 565 5010 nulla
590 4956 810 5010 collecta
836 4958 1171 5027 interposita,
1198 4958 1459 5029 sequitur,
1487 4949 1667 5012 Gloria
1697 4958 1753 5012 in
1769 4961 1982 5017 exceisit

419 5042 545 5107 Deo,
576 5044 645 5098 ob
671 5037 1065 5098 solemnitatem
1106 5044 1471 5103 Pentecoste‘s.
1510 5046 1710 5103 Deinde
1744 5048 1977 5105 dicitur:

2084 4485 2347 4540 solemnia
2388 4492 2675 4546 convenire
2722 4495 2972 4549 studeat:
3020 4497 3148 4555 illud
3186 4503 3540 4570 attendentes,
3594 4518 3654 4563 ut
3726 4552 3735 4559 .

2089 4574 2348 4645 quidquid
2380 4575 2644 4659 fragilitas
2670 4582 2901 4638 humans
2927 4601 3024 4655 per
3049 4581 3525 4659 ignorantiam'aut
3552 4614 3647 4654 ne—

2089 4667 2399 4738 gligentiam
2434 4669 2487 4723 in
2509 4671 2940 4731 solemnitatibus
2961 4688 3269 4735 sanctorum
3296 4684 3470 4743 minus
3494 4678 3649 4758 plene

2089 4762 2403 4832 peregisset,
2434 4761 2486 4815 in
2511 4763 2613 4817 hac
2647 4776 2834 4823 sancta
2859 4770 3236 4828 obsemtione
3255 4775 3574 4834 solveretur.

2519 4872 2683 4945 49o
2721 4876 2947 4935 CAPUT
2974 4880 3208 4937 xxxm.

2352 4977 2373 5005 ε
2406 4982 2475 5019 ne
2498 4980 2850 5035 orrsnromo,
2883 4969 2978 5025 Vir
3002 4983 3112 5026 erat
3138 4974 3194 5027 in
3222 4982 3383 5029 terra.

2150 5042 2327 5111 'V'crba
2362 5054 2619 5111 historica
2666 5059 3010 5116 continentur
3052 5062 3106 5116 in
3140 5060 3449 5131 oﬂ'ertorio;
3480 5068 3643 5125 verba

417 5124 559 5187 Deus
604 5134 693 5205 qui
740 5133 900 5187 tribus
938 5134 1131 5203 pueris.
1174 5135 1357 5193 Lectio
1382 5138 1631 5211 Epistolis
1657 5139 1799 5194 beati
1830 5139 1979 5197 Pauli
2082 5144 2181 5198 Job
2235 5144 2418 5213 aegroti
2477 5152 2533 5198 et
2592 5145 2824 5203 dolentis
2881 5151 3223 5208 continentur
3268 5170 3319 5208 tn
3374 5124 3641 5215 versibus.

417 5219 643 5292 apostoli
674 5223 740 5279 ad
778 5222 1092 5279 Romanos:
1145 5222 1385 5293 Fratres,
1425 5226 1707 5298 justiﬁeati
1752 5241 1816 5283 ea:
1850 5230 1973 5298 ﬁde.

418 5311 569 5367 Allel.
595 5308 891 5371 Paraclitus
921 5312 1163 5386 Spiritus.
1193 5316 1535 5389 Evangeiinm
1562 5320 1849 5375 secundum
1878 5314 1979 5375 Lu-

486 5476 514 5507 ι
540 5464 844 5521 Αωιαι-ῑιη
869 5468 973 5525 loc.
1008 5469 1098 5524 cit.
1132 5468 1184 5522 in
1206 5437 1332 5523 at...

487 5533 516 5575 δ
705 5537 995 5612 capitulum
1029 5539 1175 5612 citat
1222 5540 1488 5611 integrum
1540 5542 1690 5612 Ηυεο
1734 5543 1971 5598 Mcnard.

420 5612 529 5657 not.
556 5600 677 5659 418.
709 5600 805 5662 vra
833 5606 1003 5663 Amal.
1029 5607 1149 5662 libr.
1181 5600 1260 5675 nr,
1287 5600 1405 5680 ca'p.
1441 5612 1526 5665 38.

2082 5225 2359 5303 Egrot'ns,
2391 5233 2544 5303 cujus
2564 5236 2831 5293 anhelitus
2865 5255 2971 5294 non
3014 5249 3095 5296 est
3123 5257 3303 5306 sanus,
3336 5259 3507 5315 neque
3534 5248 3642 5304 for-

2083 5326 2170 5390 tis,
2220 5322 2355 5378 solet
2393 5325 2553 5379 verba
2580 5326 2893 5397 imperfecta
2918 5330 3111 5400 saepius
3158 5342 3416 5405 repetere.
3468 5337 3639 5395 Oiiicii

2152 5487 2176 5514 ε
2206 5476 2326 5529 V'id.
2358 5476 2689 5543 Meaux-dum,
2718 5488 2829 5535 not.
2858 5480 2979 5536 ιω.

2152 5543 2174 5582 δ
2210 5546 2622 5621 _Vid._eu_mdem,
2644 5558 2755 5604 not.
2796 5550 2919 5613 ωδ,
2949 5559 3002 5621 et
3030 5554 3181 5621 epist.
3225 5554 3282 5609 9i
3314 5555 3544 5613 Alcuini.

2157 5628 2177 5652 ο
2207 5616 2507 5670 Amalarius
2534 5616 2655 5673 libr.
2686 5636 2766 5687 ιιι,
2804 5635 2919 5689 cap.
2951 5620 3037 5675 59.
