  <div class='ocr_page' id='page_1' title='image "/cluster/home/n/w/nwhite01/storage/ocr_20150623/101/uva.x000834944/621.png"; bbox 0 0 4232 6210; ppageno 0'>
   <div class='ocr_carea' id='block_1_1' title="bbox 601 345 727 397">
    <p class='ocr_par' dir='ltr' id='par_1_1' title="bbox 601 345 727 397">
     <span class='ocr_line' id='line_1_1' title="bbox 601 345 727 397; baseline -0.016 0"><span class='ocrx_word' id='word_1_1' title='bbox 601 345 727 397; x_wconf 67' lang='grc'><strong>1231</strong></span> 
     </span>
    </p>
   </div>
   <div class='ocr_carea' id='block_1_2' title="bbox 1435 323 2994 390">
    <p class='ocr_par' dir='ltr' id='par_1_2' title="bbox 1435 323 2994 390">
     <span class='ocr_line' id='line_1_2' title="bbox 1435 323 2994 390; baseline -0.007 0"><span class='ocrx_word' id='word_1_2' title='bbox 1435 339 1491 390; x_wconf 85' lang='grc' dir='ltr'><strong>Β.</strong></span> <span class='ocrx_word' id='word_1_3' title='bbox 1535 338 1595 390; x_wconf 65' lang='grc' dir='ltr'><strong>ι’.</strong></span> <span class='ocrx_word' id='word_1_4' title='bbox 1636 334 1856 390; x_wconf 75' lang='lat' dir='ltr'><strong>ALBlNl</strong></span> <span class='ocrx_word' id='word_1_5' title='bbox 1897 334 2023 389; x_wconf 84' lang='lat' dir='ltr'><strong>SEU</strong></span> <span class='ocrx_word' id='word_1_6' title='bbox 2061 329 2331 386; x_wconf 77' lang='lat' dir='ltr'><strong>ALCL&#39;INI</strong></span> <span class='ocrx_word' id='word_1_7' title='bbox 2370 327 2650 386; x_wconf 74' lang='lat' dir='ltr'><strong>OPERUM</strong></span> <span class='ocrx_word' id='word_1_8' title='bbox 2689 326 2866 380; x_wconf 72' lang='lat' dir='ltr'><strong>PARS</strong></span> <span class='ocrx_word' id='word_1_9' title='bbox 2905 323 2994 381; x_wconf 68' lang='lat' dir='ltr'><strong>KX.</strong></span> 
     </span>
    </p>
   </div>
   <div class='ocr_carea' id='block_1_3' title="bbox 3679 328 3814 383">
    <p class='ocr_par' dir='ltr' id='par_1_3' title="bbox 3679 328 3814 383">
     <span class='ocr_line' id='line_1_3' title="bbox 3679 328 3814 383; baseline 0.007 -1"><span class='ocrx_word' id='word_1_10' title='bbox 3679 328 3814 383; x_wconf 65' lang='grc' dir='ltr'><strong>ηδε</strong></span> 
     </span>
    </p>
   </div>
   <div class='ocr_carea' id='block_1_4' title="bbox 595 435 3813 514">
    <p class='ocr_par' dir='ltr' id='par_1_4' title="bbox 595 435 3813 514">
     <span class='ocr_line' id='line_1_4' title="bbox 595 435 3813 514; baseline -0.003 -9"><span class='ocrx_word' id='word_1_11' title='bbox 595 458 802 514; x_wconf 85' lang='lat' dir='ltr'><strong>auctor,</strong></span> <span class='ocrx_word' id='word_1_12' title='bbox 845 459 903 502; x_wconf 89' lang='lat' dir='ltr'><strong>ut</strong></span> <span class='ocrx_word' id='word_1_13' title='bbox 939 445 1246 501; x_wconf 71' lang='lat' dir='ltr'><strong>aﬁ‘cctantcr</strong></span> <span class='ocrx_word' id='word_1_14' title='bbox 1285 446 1436 501; x_wconf 86' lang='lat' dir='ltr'><strong>nobis</strong></span> <span class='ocrx_word' id='word_1_15' title='bbox 1481 448 1548 499; x_wconf 88' lang='lat' dir='ltr'><strong>ad</strong></span> <span class='ocrx_word' id='word_1_16' title='bbox 1578 445 1888 499; x_wconf 85' lang='lat' dir='ltr'><strong>memoriam</strong></span> <span class='ocrx_word' id='word_1_17' title='bbox 1926 443 2147 496; x_wconf 90' lang='lat' dir='ltr'><strong>reduce-</strong></span> <span class='ocrx_word' id='word_1_18' title='bbox 2179 445 2223 500; x_wconf 75' lang='grc' dir='ltr'><strong>Α</strong></span> <span class='ocrx_word' id='word_1_19' title='bbox 2253 447 2374 494; x_wconf 90' lang='lat' dir='ltr'><strong>octo</strong></span> <span class='ocrx_word' id='word_1_20' title='bbox 2419 439 2618 509; x_wconf 84' lang='lat' dir='ltr'><strong>gradus</strong></span> <span class='ocrx_word' id='word_1_21' title='bbox 2660 437 2823 492; x_wconf 79' lang='lat' dir='ltr'><strong>divini</strong></span> <span class='ocrx_word' id='word_1_22' title='bbox 2872 435 3172 499; x_wconf 78' lang='lat' dir='ltr'><strong>ministerii,</strong></span> <span class='ocrx_word' id='word_1_23' title='bbox 3221 436 3286 490; x_wconf 85' lang='lat' dir='ltr'><strong>de</strong></span> <span class='ocrx_word' id='word_1_24' title='bbox 3333 437 3525 505; x_wconf 85' lang='lat' dir='ltr'><strong>quibus</strong></span> <span class='ocrx_word' id='word_1_25' title='bbox 3569 436 3813 496; x_wconf 77' lang='lat' dir='ltr'><strong>fortassis</strong></span> 
     </span>
    </p>
   </div>
   <div class='ocr_carea' id='block_1_5' title="bbox 597 531 2155 609">
    <p class='ocr_par' dir='ltr' id='par_1_5' title="bbox 597 531 2155 609">
     <span class='ocr_line' id='line_1_5' title="bbox 597 531 2155 609; baseline -0.01 -15"><span class='ocrx_word' id='word_1_26' title='bbox 597 550 680 594; x_wconf 88' lang='lat' dir='ltr'><strong>rct</strong></span> <span class='ocrx_word' id='word_1_27' title='bbox 722 545 1070 609; x_wconf 70' lang='lat' dir='ltr'><strong>aegrotantem</strong></span> <span class='ocrx_word' id='word_1_28' title='bbox 1114 534 1246 600; x_wconf 81' lang='lat' dir='ltr'><strong>Job,</strong></span> <span class='ocrx_word' id='word_1_29' title='bbox 1297 535 1544 604; x_wconf 72' lang='lat' dir='ltr'><strong>repetivit</strong></span> <span class='ocrx_word' id='word_1_30' title='bbox 1571 534 1764 601; x_wconf 69' lang='lat' dir='ltr'><strong>saepius</strong></span> <span class='ocrx_word' id='word_1_31' title='bbox 1799 531 1963 585; x_wconf 88' lang='lat' dir='ltr'><strong>verba</strong></span> <span class='ocrx_word' id='word_1_32' title='bbox 2005 542 2155 581; x_wconf 88' lang='lat' dir='ltr'><strong>more</strong></span> 
     </span>
    </p>
   </div>
   <div class='ocr_carea' id='block_1_6' title="bbox 599 619 2154 699">
    <p class='ocr_par' dir='ltr' id='par_1_6' title="bbox 599 619 2154 699">
     <span class='ocr_line' id='line_1_6' title="bbox 599 619 2154 699; baseline -0.01 -15"><span class='ocrx_word' id='word_1_33' title='bbox 599 629 805 699; x_wconf 56' lang='lat' dir='ltr'><strong>aegroti.</strong></span> <span class='ocrx_word' id='word_1_34' title='bbox 843 627 900 681; x_wconf 74' lang='grc' dir='ltr'><strong>ιιι</strong></span> <span class='ocrx_word' id='word_1_35' title='bbox 938 625 1210 681; x_wconf 84' lang='lat' dir='ltr'><strong>oﬁ&#39;ertorio</strong></span> <span class='ocrx_word' id='word_1_36' title='bbox 1241 639 1346 678; x_wconf 90' lang='lat' dir='ltr'><strong>non</strong></span> <span class='ocrx_word' id='word_1_37' title='bbox 1385 632 1510 678; x_wconf 90' lang='lat' dir='ltr'><strong>sunt</strong></span> <span class='ocrx_word' id='word_1_38' title='bbox 1545 623 1707 676; x_wconf 87' lang='lat' dir='ltr'><strong>verba</strong></span> <span class='ocrx_word' id='word_1_39' title='bbox 1738 621 1988 689; x_wconf 80' lang='lat' dir='ltr'><strong>repetita,</strong></span> <span class='ocrx_word' id='word_1_40' title='bbox 2031 619 2154 686; x_wconf 84' lang='lat' dir='ltr'><strong>quia</strong></span> 
     </span>
    </p>
   </div>
   <div class='ocr_carea' id='block_1_7' title="bbox 599 706 2156 781">
    <p class='ocr_par' dir='ltr' id='par_1_7' title="bbox 599 706 2156 781">
     <span class='ocr_line' id='line_1_7' title="bbox 599 706 2156 781; baseline -0.007 -9"><span class='ocrx_word' id='word_1_41' title='bbox 599 717 908 780; x_wconf 89' lang='lat' dir='ltr'><strong>historicus,</strong></span> <span class='ocrx_word' id='word_1_42' title='bbox 965 715 1207 770; x_wconf 89' lang='lat' dir='ltr'><strong>scribens</strong></span> <span class='ocrx_word' id='word_1_43' title='bbox 1240 713 1544 777; x_wconf 71' lang='lat' dir='ltr'><strong>historiam,</strong></span> <span class='ocrx_word' id='word_1_44' title='bbox 1597 727 1702 766; x_wconf 93' lang='lat' dir='ltr'><strong>non</strong></span> <span class='ocrx_word' id='word_1_45' title='bbox 1753 709 2063 781; x_wconf 75' lang='lat' dir='ltr'><strong>aegrotabat.</strong></span> <span class='ocrx_word' id='word_1_46' title='bbox 2100 706 2156 761; x_wconf 90' lang='lat' dir='ltr'><strong>ln</strong></span> 
     </span>
    </p>
   </div>
   <div class='ocr_carea' id='block_1_8' title="bbox 600 800 2157 875">
    <p class='ocr_par' dir='ltr' id='par_1_8' title="bbox 600 800 2157 875">
     <span class='ocr_line' id='line_1_8' title="bbox 600 800 2157 875; baseline -0.006 -15"><span class='ocrx_word' id='word_1_47' title='bbox 600 807 844 860; x_wconf 80' lang='lat' dir='ltr'><strong>versibus</strong></span> <span class='ocrx_word' id='word_1_48' title='bbox 879 805 1122 875; x_wconf 61' lang='lat' dir='ltr'><strong>praedicti</strong></span> <span class='ocrx_word' id='word_1_49' title='bbox 1163 802 1421 858; x_wconf 68' lang='lat' dir='ltr'><strong>oﬂ‘ertorii</strong></span> <span class='ocrx_word' id='word_1_50' title='bbox 1452 802 1793 871; x_wconf 83' lang='lat' dir='ltr'><strong>duplicantur</strong></span> <span class='ocrx_word' id='word_1_51' title='bbox 1836 801 1948 854; x_wconf 86' lang='lat' dir='ltr'><strong>sive</strong></span> <span class='ocrx_word' id='word_1_52' title='bbox 1987 800 2157 867; x_wconf 88' lang='lat' dir='ltr'><strong>tripli-</strong></span> 
     </span>
    </p>
   </div>
   <div class='ocr_carea' id='block_1_9' title="bbox 603 890 2159 966">
    <p class='ocr_par' dir='ltr' id='par_1_9' title="bbox 603 890 2159 966">
     <span class='ocr_line' id='line_1_9' title="bbox 603 890 2159 966; baseline -0.009 -10"><span class='ocrx_word' id='word_1_53' title='bbox 603 907 793 956; x_wconf 81' lang='lat' dir='ltr'><strong>cantur</strong></span> <span class='ocrx_word' id='word_1_54' title='bbox 830 913 893 952; x_wconf 90' lang='lat' dir='ltr'><strong>ac</strong></span> <span class='ocrx_word' id='word_1_55' title='bbox 919 895 1343 966; x_wconf 84' lang='lat' dir='ltr'><strong>multiplicantur</strong></span> <span class='ocrx_word' id='word_1_56' title='bbox 1368 894 1549 949; x_wconf 88' lang='lat' dir='ltr'><strong>verba.</strong></span> <span class='ocrx_word' id='word_1_57' title='bbox 1585 892 1682 948; x_wconf 78' lang='lat' dir='ltr'><strong>Job</strong></span> <span class='ocrx_word' id='word_1_58' title='bbox 1711 892 1812 946; x_wconf 78' lang='lat' dir='ltr'><strong>fuit</strong></span> <span class='ocrx_word' id='word_1_59' title='bbox 1844 890 2159 946; x_wconf 84' lang='lat' dir='ltr'><strong>mirabiliter</strong></span> 
     </span>
    </p>
   </div>
   <div class='ocr_carea' id='block_1_10' title="bbox 603 979 2159 1063">
    <p class='ocr_par' dir='ltr' id='par_1_10' title="bbox 603 979 2159 1063">
     <span class='ocr_line' id='line_1_10' title="bbox 603 979 2159 1063; baseline -0.008 -17"><span class='ocrx_word' id='word_1_60' title='bbox 603 989 919 1063; x_wconf 86' lang='lat' dir='ltr'><strong>ﬁagellatus,</strong></span> <span class='ocrx_word' id='word_1_61' title='bbox 949 996 1000 1042; x_wconf 91' lang='lat' dir='ltr'><strong>et</strong></span> <span class='ocrx_word' id='word_1_62' title='bbox 1030 987 1346 1041; x_wconf 86' lang='lat' dir='ltr'><strong>mirabiliter</strong></span> <span class='ocrx_word' id='word_1_63' title='bbox 1370 1001 1433 1040; x_wconf 79' lang='lat' dir='ltr'><strong>ac</strong></span> <span class='ocrx_word' id='word_1_64' title='bbox 1463 984 1805 1053; x_wconf 75' lang='lat' dir='ltr'><strong>singulariter</strong></span> <span class='ocrx_word' id='word_1_65' title='bbox 1832 983 1974 1036; x_wconf 91' lang='lat' dir='ltr'><strong>inter</strong></span> <span class='ocrx_word' id='word_1_66' title='bbox 2021 979 2159 1034; x_wconf 91' lang='lat' dir='ltr'><strong>anti-</strong></span> 
     </span>
    </p>
   </div>
   <div class='ocr_carea' id='block_1_11' title="bbox 611 1073 2157 1151">
    <p class='ocr_par' dir='ltr' id='par_1_11' title="bbox 611 1073 2157 1151">
     <span class='ocr_line' id='line_1_11' title="bbox 611 1073 2157 1151; baseline -0.008 -15"><span class='ocrx_word' id='word_1_67' title='bbox 611 1096 746 1151; x_wconf 87' lang='lat' dir='ltr'><strong>quos</strong></span> <span class='ocrx_word' id='word_1_68' title='bbox 794 1079 977 1133; x_wconf 84' lang='lat' dir='ltr'><strong>Patres</strong></span> <span class='ocrx_word' id='word_1_69' title='bbox 1014 1077 1239 1132; x_wconf 81' lang='lat' dir='ltr'><strong>victoria</strong></span> <span class='ocrx_word' id='word_1_70' title='bbox 1277 1076 1548 1145; x_wconf 72' lang='lat' dir='ltr'><strong>patientiae.</strong></span> <span class='ocrx_word' id='word_1_71' title='bbox 1590 1075 1854 1128; x_wconf 88' lang='lat' dir='ltr'><strong>laudatus.</strong></span> <span class='ocrx_word' id='word_1_72' title='bbox 1885 1073 2007 1126; x_wconf 91' lang='lat' dir='ltr'><strong>Ideo</strong></span> <span class='ocrx_word' id='word_1_73' title='bbox 2053 1087 2157 1125; x_wconf 91' lang='lat' dir='ltr'><strong>non</strong></span> 
     </span>
    </p>
   </div>
   <div class='ocr_carea' id='block_1_12' title="bbox 613 1163 2158 1233">
    <p class='ocr_par' dir='ltr' id='par_1_12' title="bbox 613 1163 2158 1233">
     <span class='ocr_line' id='line_1_12' title="bbox 613 1163 2158 1233; baseline -0.006 -9"><span class='ocrx_word' id='word_1_74' title='bbox 613 1170 867 1224; x_wconf 84' lang='lat' dir='ltr'><strong>abhorret</strong></span> <span class='ocrx_word' id='word_1_75' title='bbox 895 1184 924 1222; x_wconf 91' lang='lat' dir='ltr'><strong>a</strong></span> <span class='ocrx_word' id='word_1_76' title='bbox 952 1183 1099 1233; x_wconf 90' lang='lat' dir='ltr'><strong>vero,</strong></span> <span class='ocrx_word' id='word_1_77' title='bbox 1141 1168 1185 1222; x_wconf 91' lang='lat' dir='ltr'><strong>si</strong></span> <span class='ocrx_word' id='word_1_78' title='bbox 1214 1166 1319 1222; x_wconf 88' lang='lat' dir='ltr'><strong>alio</strong></span> <span class='ocrx_word' id='word_1_79' title='bbox 1354 1167 1512 1221; x_wconf 92' lang='lat' dir='ltr'><strong>modo</strong></span> <span class='ocrx_word' id='word_1_80' title='bbox 1538 1165 1832 1233; x_wconf 89' lang='lat' dir='ltr'><strong>composita</strong></span> <span class='ocrx_word' id='word_1_81' title='bbox 1861 1163 1969 1218; x_wconf 89' lang='lat' dir='ltr'><strong>sint</strong></span> <span class='ocrx_word' id='word_1_82' title='bbox 1996 1163 2158 1217; x_wconf 90' lang='lat' dir='ltr'><strong>verba</strong></span> 
     </span>
    </p>
   </div>
   <div class='ocr_carea' id='block_1_13' title="bbox 611 1255 2158 1333">
    <p class='ocr_par' dir='ltr' id='par_1_13' title="bbox 611 1255 2158 1333">
     <span class='ocr_line' id='line_1_13' title="bbox 611 1255 2158 1333; baseline -0.006 -17"><span class='ocrx_word' id='word_1_83' title='bbox 611 1278 708 1316; x_wconf 87' lang='lat' dir='ltr'><strong>sua</strong></span> <span class='ocrx_word' id='word_1_84' title='bbox 752 1277 852 1333; x_wconf 85' lang='lat' dir='ltr'><strong>per</strong></span> <span class='ocrx_word' id='word_1_85' title='bbox 877 1277 1000 1330; x_wconf 86' lang='lat' dir='ltr'><strong>suos</strong></span> <span class='ocrx_word' id='word_1_86' title='bbox 1043 1275 1250 1326; x_wconf 89' lang='lat' dir='ltr'><strong>versus,</strong></span> <span class='ocrx_word' id='word_1_87' title='bbox 1282 1260 1335 1313; x_wconf 82' lang='lat' dir='ltr'><strong>in</strong></span> <span class='ocrx_word' id='word_1_88' title='bbox 1380 1258 1574 1330; x_wconf 88' lang='lat' dir='ltr'><strong>quibus</strong></span> <span class='ocrx_word' id='word_1_89' title='bbox 1614 1257 1725 1327; x_wconf 89' lang='lat' dir='ltr'><strong>ipse</strong></span> <span class='ocrx_word' id='word_1_90' title='bbox 1751 1257 1958 1311; x_wconf 90' lang='lat' dir='ltr'><strong>videtur</strong></span> <span class='ocrx_word' id='word_1_91' title='bbox 1993 1255 2158 1323; x_wconf 88' lang='lat' dir='ltr'><strong>loqui,</strong></span> 
     </span>
    </p>
   </div>
   <div class='ocr_carea' id='block_1_14' title="bbox 608 1334 2162 1429">
    <p class='ocr_par' dir='ltr' id='par_1_14' title="bbox 608 1334 2162 1429">
     <span class='ocr_line' id='line_1_14' title="bbox 608 1334 2162 1429; baseline -0.005 -19"><span class='ocrx_word' id='word_1_92' title='bbox 608 1371 767 1429; x_wconf 77' lang='lat' dir='ltr'><strong>quam</strong></span> <span class='ocrx_word' id='word_1_93' title='bbox 795 1334 1111 1410; x_wconf 65' lang='lat' dir='ltr'><strong>cteterdrum</strong></span> <span class='ocrx_word' id='word_1_94' title='bbox 1148 1367 1418 1408; x_wconf 83' lang='lat' dir='ltr'><strong>versuum.</strong></span> <span class='ocrx_word' id='word_1_95' title='bbox 1447 1350 1547 1405; x_wconf 89' lang='lat' dir='ltr'><strong>Job</strong></span> <span class='ocrx_word' id='word_1_96' title='bbox 1576 1353 1715 1406; x_wconf 85' lang='lat' dir='ltr'><strong>sicut</strong></span> <span class='ocrx_word' id='word_1_97' title='bbox 1742 1351 1947 1405; x_wconf 84' lang='lat' dir='ltr'><strong>cithara</strong></span> <span class='ocrx_word' id='word_1_98' title='bbox 1972 1363 2162 1418; x_wconf 90' lang='lat' dir='ltr'><strong>percu-</strong></span> 
     </span>
    </p>
   </div>
   <div class='ocr_carea' id='block_1_15' title="bbox 602 1439 2164 1509">
    <p class='ocr_par' dir='ltr' id='par_1_15' title="bbox 602 1439 2164 1509">
     <span class='ocr_line' id='line_1_15' title="bbox 602 1439 2164 1509; baseline -0.006 -10"><span class='ocrx_word' id='word_1_99' title='bbox 602 1446 855 1509; x_wconf 89' lang='lat' dir='ltr'><strong>tiebatur,</strong></span> <span class='ocrx_word' id='word_1_100' title='bbox 890 1445 942 1499; x_wconf 91' lang='lat' dir='ltr'><strong>id</strong></span> <span class='ocrx_word' id='word_1_101' title='bbox 971 1453 1075 1508; x_wconf 89' lang='lat' dir='ltr'><strong>est,</strong></span> <span class='ocrx_word' id='word_1_102' title='bbox 1103 1444 1209 1498; x_wconf 90' lang='lat' dir='ltr'><strong>cita</strong></span> <span class='ocrx_word' id='word_1_103' title='bbox 1233 1441 1515 1498; x_wconf 86' lang='lat' dir='ltr'><strong>iteratione</strong></span> <span class='ocrx_word' id='word_1_104' title='bbox 1537 1441 1689 1495; x_wconf 91' lang='lat' dir='ltr'><strong>dolor</strong></span> <span class='ocrx_word' id='word_1_105' title='bbox 1712 1439 1948 1494; x_wconf 87' lang='lat' dir='ltr'><strong>dolorem</strong></span> <span class='ocrx_word' id='word_1_106' title='bbox 1973 1452 2164 1506; x_wconf 79' lang='lat' dir='ltr'><strong>seque-</strong></span> 
     </span>
    </p>
   </div>
   <div class='ocr_carea' id='block_1_16' title="bbox 609 1528 2163 1599">
    <p class='ocr_par' dir='ltr' id='par_1_16' title="bbox 609 1528 2163 1599">
     <span class='ocr_line' id='line_1_16' title="bbox 609 1528 2163 1599; baseline -0.006 -10"><span class='ocrx_word' id='word_1_107' title='bbox 609 1537 785 1599; x_wconf 89' lang='lat' dir='ltr'><strong>batur,</strong></span> <span class='ocrx_word' id='word_1_108' title='bbox 802 1535 993 1588; x_wconf 89' lang='lat' dir='ltr'><strong>vulnus</strong></span> <span class='ocrx_word' id='word_1_109' title='bbox 1008 1534 1215 1587; x_wconf 89' lang='lat' dir='ltr'><strong>vulnus.</strong></span> <span class='ocrx_word' id='word_1_110' title='bbox 1229 1531 1498 1586; x_wconf 71' lang='lat' dir='ltr'><strong>Prtesente</strong></span> <span class='ocrx_word' id='word_1_111' title='bbox 1510 1529 1838 1599; x_wconf 88' lang='lat' dir='ltr'><strong>nugigerulo,</strong></span> <span class='ocrx_word' id='word_1_112' title='bbox 1856 1528 1991 1582; x_wconf 88' lang='lat' dir='ltr'><strong>alter</strong></span> <span class='ocrx_word' id='word_1_113' title='bbox 2003 1528 2163 1581; x_wconf 52' lang='lat' dir='ltr'><strong>intra.</strong></span> 
     </span>
    </p>
   </div>
   <div class='ocr_carea' id='block_1_17' title="bbox 608 1618 2163 1691">
    <p class='ocr_par' dir='ltr' id='par_1_17' title="bbox 608 1618 2163 1691">
     <span class='ocr_line' id='line_1_17' title="bbox 608 1618 2163 1691; baseline -0.004 -14"><span class='ocrx_word' id='word_1_114' title='bbox 608 1625 719 1678; x_wconf 84' lang='lat' dir='ltr'><strong>bat.</strong></span> <span class='ocrx_word' id='word_1_115' title='bbox 735 1623 991 1678; x_wconf 89' lang='lat' dir='ltr'><strong>Convicto</strong></span> <span class='ocrx_word' id='word_1_116' title='bbox 1017 1638 1122 1678; x_wconf 92' lang='lat' dir='ltr'><strong>uno</strong></span> <span class='ocrx_word' id='word_1_117' title='bbox 1149 1637 1275 1690; x_wconf 86' lang='lat' dir='ltr'><strong>rege</strong></span> <span class='ocrx_word' id='word_1_118' title='bbox 1295 1621 1610 1691; x_wconf 76' lang='lat' dir='ltr'><strong>obiurgante</strong></span> <span class='ocrx_word' id='word_1_119' title='bbox 1640 1635 1718 1684; x_wconf 90' lang='lat' dir='ltr'><strong>se,</strong></span> <span class='ocrx_word' id='word_1_120' title='bbox 1733 1620 1874 1674; x_wconf 91' lang='lat' dir='ltr'><strong>illico</strong></span> <span class='ocrx_word' id='word_1_121' title='bbox 1892 1618 2025 1672; x_wconf 86' lang='lat' dir='ltr'><strong>alter</strong></span> <span class='ocrx_word' id='word_1_122' title='bbox 2043 1633 2163 1672; x_wconf 91' lang='lat' dir='ltr'><strong>suc-</strong></span> 
     </span>
    </p>
   </div>
   <div class='ocr_carea' id='block_1_18' title="bbox 607 1710 2164 1782">
    <p class='ocr_par' dir='ltr' id='par_1_18' title="bbox 607 1710 2164 1782">
     <span class='ocr_line' id='line_1_18' title="bbox 607 1710 2164 1782; baseline -0.004 -14"><span class='ocrx_word' id='word_1_123' title='bbox 607 1713 846 1769; x_wconf 87' lang='lat' dir='ltr'><strong>cedebat.</strong></span> <span class='ocrx_word' id='word_1_124' title='bbox 875 1712 1145 1782; x_wconf 80' lang='lat' dir='ltr'><strong>Multiplex</strong></span> <span class='ocrx_word' id='word_1_125' title='bbox 1176 1711 1276 1767; x_wconf 78' lang='lat' dir='ltr'><strong>fuit</strong></span> <span class='ocrx_word' id='word_1_126' title='bbox 1296 1711 1410 1781; x_wconf 86' lang='lat' dir='ltr'><strong>ejus</strong></span> <span class='ocrx_word' id='word_1_127' title='bbox 1436 1711 1605 1775; x_wconf 88' lang='lat' dir='ltr'><strong>dolor,</strong></span> <span class='ocrx_word' id='word_1_128' title='bbox 1635 1718 1690 1764; x_wconf 91' lang='lat' dir='ltr'><strong>et</strong></span> <span class='ocrx_word' id='word_1_129' title='bbox 1709 1711 2002 1770; x_wconf 78' lang='lat' dir='ltr'><strong>secundum</strong></span> <span class='ocrx_word' id='word_1_130' title='bbox 2028 1710 2164 1763; x_wconf 88' lang='lat' dir='ltr'><strong>mul-</strong></span> 
     </span>
    </p>
   </div>
   <div class='ocr_carea' id='block_1_19' title="bbox 603 1803 2162 1872">
    <p class='ocr_par' dir='ltr' id='par_1_19' title="bbox 603 1803 2162 1872">
     <span class='ocr_line' id='line_1_19' title="bbox 603 1803 2162 1872; baseline -0.005 -10"><span class='ocrx_word' id='word_1_131' title='bbox 603 1805 887 1862; x_wconf 88' lang='lat' dir='ltr'><strong>titudinem</strong></span> <span class='ocrx_word' id='word_1_132' title='bbox 917 1804 1137 1870; x_wconf 89' lang='lat' dir='ltr'><strong>doloris,</strong></span> <span class='ocrx_word' id='word_1_133' title='bbox 1161 1805 1426 1859; x_wconf 86' lang='lat' dir='ltr'><strong>anhelitus</strong></span> <span class='ocrx_word' id='word_1_134' title='bbox 1457 1803 1710 1859; x_wconf 89' lang='lat' dir='ltr'><strong>deﬁciens</strong></span> <span class='ocrx_word' id='word_1_135' title='bbox 1733 1803 1924 1872; x_wconf 65' lang='lat' dir='ltr'><strong>saepius</strong></span> <span class='ocrx_word' id='word_1_136' title='bbox 1955 1810 2162 1871; x_wconf 85' lang='lat' dir='ltr'><strong>repete-</strong></span> 
     </span>
    </p>
   </div>
   <div class='ocr_carea' id='block_1_20' title="bbox 605 1892 2164 1964">
    <p class='ocr_par' dir='ltr' id='par_1_20' title="bbox 605 1892 2164 1964">
     <span class='ocr_line' id='line_1_20' title="bbox 605 1892 2164 1964; baseline -0.004 -12"><span class='ocrx_word' id='word_1_137' title='bbox 605 1898 717 1952; x_wconf 88' lang='lat' dir='ltr'><strong>bat.</strong></span> <span class='ocrx_word' id='word_1_138' title='bbox 752 1894 898 1949; x_wconf 83' lang='lat' dir='ltr'><strong>Solet</strong></span> <span class='ocrx_word' id='word_1_139' title='bbox 921 1895 1062 1948; x_wconf 90' lang='lat' dir='ltr'><strong>enim</strong></span> <span class='ocrx_word' id='word_1_140' title='bbox 1091 1903 1278 1949; x_wconf 89' lang='lat' dir='ltr'><strong>auctor</strong></span> <span class='ocrx_word' id='word_1_141' title='bbox 1312 1893 1665 1964; x_wconf 90' lang='lat' dir='ltr'><strong>antiphonarii</strong></span> <span class='ocrx_word' id='word_1_142' title='bbox 1703 1902 1794 1947; x_wconf 89' lang='lat' dir='ltr'><strong>aut</strong></span> <span class='ocrx_word' id='word_1_143' title='bbox 1820 1892 2164 1948; x_wconf 87' lang='lat' dir='ltr'><strong>distinctione</strong></span> 
     </span>
    </p>
   </div>
   <div class='ocr_carea' id='block_1_21' title="bbox 605 1983 2163 2050">
    <p class='ocr_par' dir='ltr' id='par_1_21' title="bbox 605 1983 2163 2050">
     <span class='ocr_line' id='line_1_21' title="bbox 605 1983 2163 2050; baseline -0.003 -8"><span class='ocrx_word' id='word_1_144' title='bbox 605 1996 815 2048; x_wconf 85' lang='lat' dir='ltr'><strong>cantus,</strong></span> <span class='ocrx_word' id='word_1_145' title='bbox 864 1996 956 2041; x_wconf 91' lang='lat' dir='ltr'><strong>aut</strong></span> <span class='ocrx_word' id='word_1_146' title='bbox 1000 1986 1343 2041; x_wconf 89' lang='lat' dir='ltr'><strong>distinctione</strong></span> <span class='ocrx_word' id='word_1_147' title='bbox 1387 1986 1612 2050; x_wconf 90' lang='lat' dir='ltr'><strong>ordinis,</strong></span> <span class='ocrx_word' id='word_1_148' title='bbox 1660 1985 1865 2039; x_wconf 90' lang='lat' dir='ltr'><strong>varium</strong></span> <span class='ocrx_word' id='word_1_149' title='bbox 1911 1983 2163 2038; x_wconf 83' lang='lat' dir='ltr'><strong>aﬁ&#39;ectum</strong></span> 
     </span>
    </p>
   </div>
   <div class='ocr_carea' id='block_1_22' title="bbox 605 2076 2163 2148">
    <p class='ocr_par' dir='ltr' id='par_1_22' title="bbox 605 2076 2163 2148">
     <span class='ocr_line' id='line_1_22' title="bbox 605 2076 2163 2148; baseline -0.004 -12"><span class='ocrx_word' id='word_1_150' title='bbox 605 2086 904 2136; x_wconf 86' lang='lat' dir='ltr'><strong>monstrare</strong></span> <span class='ocrx_word' id='word_1_151' title='bbox 938 2087 1283 2134; x_wconf 87' lang='lat' dir='ltr'><strong>sanctorum:</strong></span> <span class='ocrx_word' id='word_1_152' title='bbox 1323 2080 1464 2133; x_wconf 83' lang='lat' dir='ltr'><strong>sicut</strong></span> <span class='ocrx_word' id='word_1_153' title='bbox 1497 2079 1561 2133; x_wconf 87' lang='lat' dir='ltr'><strong>dc</strong></span> <span class='ocrx_word' id='word_1_154' title='bbox 1602 2076 1807 2133; x_wconf 83' lang='lat' dir='ltr'><strong>Joanne</strong></span> <span class='ocrx_word' id='word_1_155' title='bbox 1856 2077 2163 2148; x_wconf 84' lang='lat' dir='ltr'><strong>Symmysta</strong></span> 
     </span>
    </p>
   </div>
   <div class='ocr_carea' id='block_1_23' title="bbox 607 2169 2162 2241">
    <p class='ocr_par' dir='ltr' id='par_1_23' title="bbox 607 2169 2162 2241">
     <span class='ocr_line' id='line_1_23' title="bbox 607 2169 2162 2241; baseline -0.001 -18"><span class='ocrx_word' id='word_1_156' title='bbox 607 2171 732 2226; x_wconf 79' lang='lat' dir='ltr'><strong>fecit</strong></span> <span class='ocrx_word' id='word_1_157' title='bbox 772 2186 870 2241; x_wconf 89' lang='lat' dir='ltr'><strong>per</strong></span> <span class='ocrx_word' id='word_1_158' title='bbox 898 2185 1143 2224; x_wconf 89' lang='lat' dir='ltr'><strong>neumam</strong></span> <span class='ocrx_word' id='word_1_159' title='bbox 1169 2171 1314 2224; x_wconf 90' lang='lat' dir='ltr'><strong>circa</strong></span> <span class='ocrx_word' id='word_1_160' title='bbox 1359 2169 1688 2224; x_wconf 90' lang='lat' dir='ltr'><strong>intellectum</strong></span> <span class='ocrx_word' id='word_1_161' title='bbox 1734 2169 2041 2233; x_wconf 87' lang='lat' dir='ltr'><strong>verborum,</strong></span> <span class='ocrx_word' id='word_1_162' title='bbox 2072 2185 2162 2222; x_wconf 83' lang='lat' dir='ltr'><strong>sa-</strong></span> 
     </span>
    </p>
   </div>
   <div class='ocr_carea' id='block_1_24' title="bbox 605 2256 2169 2328">
    <p class='ocr_par' dir='ltr' id='par_1_24' title="bbox 605 2256 2169 2328">
     <span class='ocr_line' id='line_1_24' title="bbox 605 2256 2169 2328; baseline -0.002 -16"><span class='ocrx_word' id='word_1_163' title='bbox 605 2260 812 2328; x_wconf 65' lang='lat' dir='ltr'><strong>pientia</strong></span> <span class='ocrx_word' id='word_1_164' title='bbox 841 2266 895 2312; x_wconf 90' lang='lat' dir='ltr'><strong>et</strong></span> <span class='ocrx_word' id='word_1_165' title='bbox 935 2258 1245 2323; x_wconf 81' lang='lat' dir='ltr'><strong>intellectus,</strong></span> <span class='ocrx_word' id='word_1_166' title='bbox 1291 2259 1345 2312; x_wconf 93' lang='lat' dir='ltr'><strong>in</strong></span> <span class='ocrx_word' id='word_1_167' title='bbox 1374 2259 1732 2328; x_wconf 88' lang='lat' dir='ltr'><strong>responsorio,</strong></span> <span class='ocrx_word' id='word_1_168' title='bbox 1761 2257 1825 2311; x_wconf 87' lang='lat' dir='ltr'><strong>In</strong></span> <span class='ocrx_word' id='word_1_169' title='bbox 1853 2257 2021 2312; x_wconf 82' lang='lat' dir='ltr'><strong>medio</strong></span> <span class='ocrx_word' id='word_1_170' title='bbox 2062 2256 2169 2309; x_wconf 77' lang='lat' dir='ltr'><strong>Ec-</strong></span> 
     </span>
    </p>
   </div>
   <div class='ocr_carea' id='block_1_25' title="bbox 608 2347 2168 2420">
    <p class='ocr_par' dir='ltr' id='par_1_25' title="bbox 608 2347 2168 2420">
     <span class='ocr_line' id='line_1_25' title="bbox 608 2347 2168 2420; baseline -0.002 -17"><span class='ocrx_word' id='word_1_171' title='bbox 608 2352 797 2406; x_wconf 74' lang='lat' dir='ltr'><strong>clesia‘.</strong></span> <span class='ocrx_word' id='word_1_172' title='bbox 830 2352 886 2406; x_wconf 92' lang='lat' dir='ltr'><strong>ln</strong></span> <span class='ocrx_word' id='word_1_173' title='bbox 927 2366 1032 2420; x_wconf 92' lang='lat' dir='ltr'><strong>quo</strong></span> <span class='ocrx_word' id='word_1_174' title='bbox 1062 2349 1453 2419; x_wconf 87' lang='lat' dir='ltr'><strong>quodammodo</strong></span> <span class='ocrx_word' id='word_1_175' title='bbox 1484 2349 1722 2403; x_wconf 89' lang='lat' dir='ltr'><strong>imitatur</strong></span> <span class='ocrx_word' id='word_1_176' title='bbox 1766 2349 1986 2402; x_wconf 85' lang='lat' dir='ltr'><strong>verbum</strong></span> <span class='ocrx_word' id='word_1_177' title='bbox 2032 2347 2168 2401; x_wconf 78' lang='lat' dir='ltr'><strong>inef-</strong></span> 
     </span>
    </p>
   </div>
   <div class='ocr_carea' id='block_1_26' title="bbox 609 2437 2161 2510">
    <p class='ocr_par' dir='ltr' id='par_1_26' title="bbox 609 2437 2161 2510">
     <span class='ocr_line' id='line_1_26' title="bbox 609 2437 2161 2510; baseline -0.005 -15"><span class='ocrx_word' id='word_1_178' title='bbox 609 2441 788 2506; x_wconf 78' lang='lat' dir='ltr'><strong>fabile,</strong></span> <span class='ocrx_word' id='word_1_179' title='bbox 837 2443 899 2497; x_wconf 87' lang='lat' dir='ltr'><strong>de</strong></span> <span class='ocrx_word' id='word_1_180' title='bbox 943 2457 1047 2510; x_wconf 91' lang='lat' dir='ltr'><strong>quo</strong></span> <span class='ocrx_word' id='word_1_181' title='bbox 1092 2440 1340 2494; x_wconf 89' lang='lat' dir='ltr'><strong>dicebat:</strong></span> <span class='ocrx_word' id='word_1_182' title='bbox 1375 2438 1441 2491; x_wconf 86' lang='lat' dir='ltr'><strong>In</strong></span> <span class='ocrx_word' id='word_1_183' title='bbox 1481 2439 1734 2508; x_wconf 84' lang='lat' dir='ltr'><strong>principio</strong></span> <span class='ocrx_word' id='word_1_184' title='bbox 1767 2449 1878 2491; x_wconf 87' lang='lat' dir='ltr'><strong>erat</strong></span> <span class='ocrx_word' id='word_1_185' title='bbox 1937 2437 2161 2491; x_wconf 84' lang='lat' dir='ltr'><strong>verbum.</strong></span> 
     </span>
    </p>
   </div>
   <div class='ocr_carea' id='block_1_27' title="bbox 610 2527 2168 2598">
    <p class='ocr_par' dir='ltr' id='par_1_27' title="bbox 610 2527 2168 2598">
     <span class='ocr_line' id='line_1_27' title="bbox 610 2527 2168 2598; baseline -0.003 -13"><span class='ocrx_word' id='word_1_186' title='bbox 610 2533 676 2585; x_wconf 78' lang='lat' dir='ltr'><strong>Et</strong></span> <span class='ocrx_word' id='word_1_187' title='bbox 705 2533 842 2587; x_wconf 89' lang='lat' dir='ltr'><strong>sicut</strong></span> <span class='ocrx_word' id='word_1_188' title='bbox 872 2531 997 2586; x_wconf 83' lang='lat' dir='ltr'><strong>fecit</strong></span> <span class='ocrx_word' id='word_1_189' title='bbox 1024 2532 1075 2584; x_wconf 88' lang='lat' dir='ltr'><strong>in</strong></span> <span class='ocrx_word' id='word_1_190' title='bbox 1097 2530 1283 2584; x_wconf 88' lang='lat' dir='ltr'><strong>ordine</strong></span> <span class='ocrx_word' id='word_1_191' title='bbox 1305 2528 1483 2590; x_wconf 84' lang='lat' dir='ltr'><strong>oliicii,</strong></span> <span class='ocrx_word' id='word_1_192' title='bbox 1511 2530 1652 2598; x_wconf 86' lang='lat' dir='ltr'><strong>quod</strong></span> <span class='ocrx_word' id='word_1_193' title='bbox 1675 2529 1888 2583; x_wconf 90' lang='lat' dir='ltr'><strong>canitur</strong></span> <span class='ocrx_word' id='word_1_194' title='bbox 1914 2527 1980 2582; x_wconf 89' lang='lat' dir='ltr'><strong>de</strong></span> <span class='ocrx_word' id='word_1_195' title='bbox 2006 2529 2168 2581; x_wconf 87' lang='lat' dir='ltr'><strong>missa</strong></span> 
     </span>
    </p>
   </div>
   <div class='ocr_carea' id='block_1_28' title="bbox 609 2617 2165 2690">
    <p class='ocr_par' dir='ltr' id='par_1_28' title="bbox 609 2617 2165 2690">
     <span class='ocr_line' id='line_1_28' title="bbox 609 2617 2165 2690; baseline -0.003 -14"><span class='ocrx_word' id='word_1_196' title='bbox 609 2623 993 2684; x_wconf 79' lang='lat' dir='ltr'><strong>Innocentium,</strong></span> <span class='ocrx_word' id='word_1_197' title='bbox 1035 2623 1086 2675; x_wconf 90' lang='lat' dir='ltr'><strong>in</strong></span> <span class='ocrx_word' id='word_1_198' title='bbox 1121 2636 1228 2690; x_wconf 92' lang='lat' dir='ltr'><strong>quo</strong></span> <span class='ocrx_word' id='word_1_199' title='bbox 1263 2620 1618 2683; x_wconf 85' lang='lat' dir='ltr'><strong>subtrahitur,</strong></span> <span class='ocrx_word' id='word_1_200' title='bbox 1642 2618 1824 2672; x_wconf 83' lang='lat' dir='ltr'><strong>Gloria</strong></span> <span class='ocrx_word' id='word_1_201' title='bbox 1869 2619 1922 2671; x_wconf 83' lang='lat' dir='ltr'><strong>in</strong></span> <span class='ocrx_word' id='word_1_202' title='bbox 1953 2617 2165 2672; x_wconf 74' lang='lat' dir='ltr'><strong>excelsis</strong></span> 
     </span>
    </p>
   </div>
   <div class='ocr_carea' id='block_1_29' title="bbox 612 2709 2168 2781">
    <p class='ocr_par' dir='ltr' id='par_1_29' title="bbox 612 2709 2168 2781">
     <span class='ocr_line' id='line_1_29' title="bbox 612 2709 2168 2781; baseline -0.001 -15"><span class='ocrx_word' id='word_1_203' title='bbox 612 2713 743 2778; x_wconf 82' lang='lat' dir='ltr'><strong>Deo,</strong></span> <span class='ocrx_word' id='word_1_204' title='bbox 779 2723 826 2767; x_wconf 86' lang='lat' dir='ltr'><strong>et</strong></span> <span class='ocrx_word' id='word_1_205' title='bbox 872 2712 1121 2775; x_wconf 73' lang='lat' dir='ltr'><strong>Alleluia,</strong></span> <span class='ocrx_word' id='word_1_206' title='bbox 1149 2719 1370 2781; x_wconf 86' lang='lat' dir='ltr'><strong>propter</strong></span> <span class='ocrx_word' id='word_1_207' title='bbox 1397 2711 1750 2780; x_wconf 89' lang='lat' dir='ltr'><strong>plorationem</strong></span> <span class='ocrx_word' id='word_1_208' title='bbox 1797 2709 2016 2776; x_wconf 82' lang='lat' dir='ltr'><strong>Rachel,</strong></span> <span class='ocrx_word' id='word_1_209' title='bbox 2048 2725 2168 2779; x_wconf 65' lang='lat' dir='ltr'><strong>qua:</strong></span> 
     </span>
    </p>
   </div>
   <div class='ocr_carea' id='block_1_30' title="bbox 610 2799 2163 2872">
    <p class='ocr_par' dir='ltr' id='par_1_30' title="bbox 610 2799 2163 2872">
     <span class='ocr_line' id='line_1_30' title="bbox 610 2799 2163 2872; baseline -0.002 -17"><span class='ocrx_word' id='word_1_210' title='bbox 610 2804 664 2856; x_wconf 86' lang='lat' dir='ltr'><strong>in</strong></span> <span class='ocrx_word' id='word_1_211' title='bbox 693 2802 861 2872; x_wconf 83' lang='lat' dir='ltr'><strong>ﬁgura</strong></span> <span class='ocrx_word' id='word_1_212' title='bbox 893 2801 1169 2871; x_wconf 65' lang='lat' dir='ltr'><strong>praecessit</strong></span> <span class='ocrx_word' id='word_1_213' title='bbox 1193 2801 1383 2854; x_wconf 88' lang='lat' dir='ltr'><strong>matris</strong></span> <span class='ocrx_word' id='word_1_214' title='bbox 1409 2808 1606 2853; x_wconf 68' lang='lat' dir='ltr'><strong>nostra:</strong></span> <span class='ocrx_word' id='word_1_215' title='bbox 1643 2810 1842 2854; x_wconf 70' lang='lat' dir='ltr'><strong>sancta:</strong></span> <span class='ocrx_word' id='word_1_216' title='bbox 1871 2799 2124 2854; x_wconf 81' lang='lat' dir='ltr'><strong>Ecclesiae</strong></span> <span class='ocrx_word' id='word_1_217' title='bbox 2151 2819 2163 2852; x_wconf 90' lang='lat'><strong>:</strong></span> 
     </span>
    </p>
   </div>
   <div class='ocr_carea' id='block_1_31' title="bbox 611 2876 2167 2963">
    <p class='ocr_par' dir='ltr' id='par_1_31' title="bbox 611 2876 2167 2963">
     <span class='ocr_line' id='line_1_31' title="bbox 611 2876 2167 2963; baseline -0.003 -16"><span class='ocrx_word' id='word_1_218' title='bbox 611 2903 705 2947; x_wconf 84' lang='lat' dir='ltr'><strong>aut</strong></span> <span class='ocrx_word' id='word_1_219' title='bbox 739 2894 861 2963; x_wconf 85' lang='lat' dir='ltr'><strong>quia</strong></span> <span class='ocrx_word' id='word_1_220' title='bbox 891 2903 1097 2962; x_wconf 89' lang='lat' dir='ltr'><strong>tempus</strong></span> <span class='ocrx_word' id='word_1_221' title='bbox 1126 2899 1260 2955; x_wconf 89' lang='lat' dir='ltr'><strong>erat,</strong></span> <span class='ocrx_word' id='word_1_222' title='bbox 1295 2905 1400 2960; x_wconf 91' lang='lat' dir='ltr'><strong>quo</strong></span> <span class='ocrx_word' id='word_1_223' title='bbox 1434 2899 1562 2945; x_wconf 89' lang='lat' dir='ltr'><strong>tunc</strong></span> <span class='ocrx_word' id='word_1_224' title='bbox 1597 2891 1663 2944; x_wconf 90' lang='lat' dir='ltr'><strong>ad</strong></span> <span class='ocrx_word' id='word_1_225' title='bbox 1687 2890 1886 2944; x_wconf 81' lang='lat' dir='ltr'><strong>inferni</strong></span> <span class='ocrx_word' id='word_1_226' title='bbox 1931 2876 2167 2943; x_wconf 86' lang='lat' dir='ltr'><strong>claustra</strong></span> 
     </span>
    </p>
   </div>
   <div class='ocr_carea' id='block_1_32' title="bbox 611 2979 2170 3059">
    <p class='ocr_par' dir='ltr' id='par_1_32' title="bbox 611 2979 2170 3059">
     <span class='ocr_line' id='line_1_32' title="bbox 611 2979 2170 3059; baseline -0.001 -22"><span class='ocrx_word' id='word_1_227' title='bbox 611 2981 1010 3059; x_wconf 81' lang='lat' dir='ltr'><strong>descendebant</strong></span> <span class='ocrx_word' id='word_1_228' title='bbox 1037 2982 1198 3051; x_wconf 86' lang='lat' dir='ltr'><strong>passi,</strong></span> <span class='ocrx_word' id='word_1_229' title='bbox 1229 2989 1284 3035; x_wconf 90' lang='lat' dir='ltr'><strong>et</strong></span> <span class='ocrx_word' id='word_1_230' title='bbox 1299 2982 1697 3050; x_wconf 77' lang='lat' dir='ltr'><strong>exspectabant</strong></span> <span class='ocrx_word' id='word_1_231' title='bbox 1732 2979 1937 3048; x_wconf 88' lang='lat' dir='ltr'><strong>antiqui</strong></span> <span class='ocrx_word' id='word_1_232' title='bbox 1982 2979 2170 3036; x_wconf 84' lang='lat' dir='ltr'><strong>Patres</strong></span> 
     </span>
    </p>
   </div>
   <div class='ocr_carea' id='block_1_33' title="bbox 611 3076 1172 3132">
    <p class='ocr_par' dir='ltr' id='par_1_33' title="bbox 611 3076 1172 3132">
     <span class='ocr_line' id='line_1_33' title="bbox 611 3076 1172 3132; baseline -0.004 -1"><span class='ocrx_word' id='word_1_233' title='bbox 611 3076 812 3132; x_wconf 66' lang='lat' dir='ltr'><strong>Clu-isti</strong></span> <span class='ocrx_word' id='word_1_234' title='bbox 840 3078 1172 3131; x_wconf 85' lang='lat' dir='ltr'><strong>descensum.</strong></span> 
     </span>
    </p>
   </div>
   <div class='ocr_carea' id='block_1_34' title="bbox 881 3149 1633 3222">
    <p class='ocr_par' dir='ltr' id='par_1_34' title="bbox 881 3149 1633 3222">
     <span class='ocr_line' id='line_1_34' title="bbox 881 3149 1633 3222; baseline -0.007 2"><span class='ocrx_word' id='word_1_235' title='bbox 881 3149 890 3162; x_wconf 83' lang='lat'><strong><em>&#39;</em></strong></span> <span class='ocrx_word' id='word_1_236' title='bbox 1149 3165 1371 3222; x_wconf 84' lang='lat' dir='ltr'><strong>CAPUT</strong></span> <span class='ocrx_word' id='word_1_237' title='bbox 1401 3165 1633 3222; x_wconf 67' lang='lat' dir='ltr'><strong>xxxxv.</strong></span> 
     </span>
    </p>
   </div>
   <div class='ocr_carea' id='block_1_35' title="bbox 861 3271 1919 3314">
    <p class='ocr_par' dir='ltr' id='par_1_35' title="bbox 861 3271 1919 3314">
     <span class='ocr_line' id='line_1_35' title="bbox 861 3271 1919 3314; baseline -0.003 -2"><span class='ocrx_word' id='word_1_238' title='bbox 861 3274 927 3313; x_wconf 77' lang='lat' dir='ltr'><strong>DE</strong></span> <span class='ocrx_word' id='word_1_239' title='bbox 964 3273 1250 3314; x_wconf 67' lang='lat' dir='ltr'><strong>DIGNITATE</strong></span> <span class='ocrx_word' id='word_1_240' title='bbox 1281 3271 1663 3311; x_wconf 74' lang='lat' dir='ltr'><strong>ECCLESIAS&#39;HCI</strong></span> <span class='ocrx_word' id='word_1_241' title='bbox 1695 3271 1919 3312; x_wconf 77' lang='lat' dir='ltr'><strong>OBDINIS.</strong></span> 
     </span>
    </p>
   </div>
   <div class='ocr_carea' id='block_1_36' title="bbox 682 3346 2169 3418">
    <p class='ocr_par' dir='ltr' id='par_1_36' title="bbox 682 3346 2169 3418">
     <span class='ocr_line' id='line_1_36' title="bbox 682 3346 2169 3418; baseline -0.001 -16"><span class='ocrx_word' id='word_1_242' title='bbox 682 3348 923 3418; x_wconf 86' lang='lat' dir='ltr'><strong>Dignitas</strong></span> <span class='ocrx_word' id='word_1_243' title='bbox 948 3346 1298 3401; x_wconf 88' lang='lat' dir='ltr'><strong>ecclesiastici</strong></span> <span class='ocrx_word' id='word_1_244' title='bbox 1321 3347 1525 3400; x_wconf 82' lang='lat' dir='ltr'><strong>ordinis</strong></span> <span class='ocrx_word' id='word_1_245' title='bbox 1551 3348 1620 3400; x_wconf 90' lang='lat' dir='ltr'><strong>ab</strong></span> <span class='ocrx_word' id='word_1_246' title='bbox 1651 3347 1768 3417; x_wconf 90' lang='lat' dir='ltr'><strong>ipso</strong></span> <span class='ocrx_word' id='word_1_247' title='bbox 1788 3347 1968 3401; x_wconf 84' lang='lat' dir='ltr'><strong>Aaron</strong></span> <span class='ocrx_word' id='word_1_248' title='bbox 1995 3346 2169 3415; x_wconf 89' lang='lat' dir='ltr'><strong>primo</strong></span> 
     </span>
    </p>
   </div>
   <div class='ocr_carea' id='block_1_37' title="bbox 617 3435 2169 3506">
    <p class='ocr_par' dir='ltr' id='par_1_37' title="bbox 617 3435 2169 3506">
     <span class='ocr_line' id='line_1_37' title="bbox 617 3435 2169 3506; baseline 0 -13"><span class='ocrx_word' id='word_1_249' title='bbox 617 3438 894 3493; x_wconf 80' lang='lat' dir='ltr'><strong>sacerdote</strong></span> <span class='ocrx_word' id='word_1_250' title='bbox 937 3450 1128 3492; x_wconf 86' lang='lat' dir='ltr'><strong>causas</strong></span> <span class='ocrx_word' id='word_1_251' title='bbox 1165 3444 1219 3490; x_wconf 91' lang='lat' dir='ltr'><strong>et</strong></span> <span class='ocrx_word' id='word_1_252' title='bbox 1252 3435 1509 3506; x_wconf 77' lang='lat' dir='ltr'><strong>originem</strong></span> <span class='ocrx_word' id='word_1_253' title='bbox 1537 3437 1698 3490; x_wconf 89' lang='lat' dir='ltr'><strong>ducit.</strong></span> <span class='ocrx_word' id='word_1_254' title='bbox 1734 3435 1945 3492; x_wconf 85' lang='lat' dir='ltr'><strong>Primus</strong></span> <span class='ocrx_word' id='word_1_255' title='bbox 1993 3446 2169 3492; x_wconf 89' lang='lat' dir='ltr'><strong>autem</strong></span> 
     </span>
    </p>
   </div>
   <div class='ocr_carea' id='block_1_38' title="bbox 619 3524 2172 3595">
    <p class='ocr_par' dir='ltr' id='par_1_38' title="bbox 619 3524 2172 3595">
     <span class='ocr_line' id='line_1_38' title="bbox 619 3524 2172 3595; baseline 0 -13"><span class='ocrx_word' id='word_1_256' title='bbox 619 3527 832 3590; x_wconf 89' lang='lat' dir='ltr'><strong>dicitur,</strong></span> <span class='ocrx_word' id='word_1_257' title='bbox 881 3535 1138 3595; x_wconf 88' lang='lat' dir='ltr'><strong>quantum</strong></span> <span class='ocrx_word' id='word_1_258' title='bbox 1195 3526 1261 3579; x_wconf 93' lang='lat' dir='ltr'><strong>ad</strong></span> <span class='ocrx_word' id='word_1_259' title='bbox 1303 3526 1711 3580; x_wconf 82' lang='lat' dir='ltr'><strong>ordinationem.</strong></span> <span class='ocrx_word' id='word_1_260' title='bbox 1769 3524 1902 3579; x_wconf 85' lang='lat' dir='ltr'><strong>Nam</strong></span> <span class='ocrx_word' id='word_1_261' title='bbox 1956 3527 2172 3582; x_wconf 77' lang='lat' dir='ltr'><strong>fuerunt</strong></span> 
     </span>
    </p>
   </div>
   <div class='ocr_carea' id='block_1_39' title="bbox 619 3615 2172 3679">
    <p class='ocr_par' dir='ltr' id='par_1_39' title="bbox 619 3615 2172 3679">
     <span class='ocr_line' id='line_1_39' title="bbox 619 3615 2172 3679; baseline 0 -9"><span class='ocrx_word' id='word_1_262' title='bbox 619 3627 743 3670; x_wconf 91' lang='lat' dir='ltr'><strong>ante</strong></span> <span class='ocrx_word' id='word_1_263' title='bbox 789 3631 908 3669; x_wconf 90' lang='lat' dir='ltr'><strong>eum</strong></span> <span class='ocrx_word' id='word_1_264' title='bbox 941 3616 1030 3668; x_wconf 89' lang='lat' dir='ltr'><strong>alii</strong></span> <span class='ocrx_word' id='word_1_265' title='bbox 1060 3615 1384 3679; x_wconf 83' lang='lat' dir='ltr'><strong>sacerdotes,</strong></span> <span class='ocrx_word' id='word_1_266' title='bbox 1415 3622 1473 3668; x_wconf 90' lang='lat' dir='ltr'><strong>ut</strong></span> <span class='ocrx_word' id='word_1_267' title='bbox 1503 3615 1886 3671; x_wconf 69' lang='lat' dir='ltr'><strong>Melchisedech</strong></span> <span class='ocrx_word' id='word_1_268' title='bbox 1924 3617 2172 3672; x_wconf 88' lang='lat' dir='ltr'><strong>sacerdos</strong></span> 
     </span>
    </p>
   </div>
   <div class='ocr_carea' id='block_1_40' title="bbox 619 3703 2168 3773">
    <p class='ocr_par' dir='ltr' id='par_1_40' title="bbox 619 3703 2168 3773">
     <span class='ocr_line' id='line_1_40' title="bbox 619 3703 2168 3773; baseline 0 -13"><span class='ocrx_word' id='word_1_269' title='bbox 619 3706 712 3760; x_wconf 88' lang='lat' dir='ltr'><strong>Dei</strong></span> <span class='ocrx_word' id='word_1_270' title='bbox 736 3703 955 3767; x_wconf 79' lang='lat' dir='ltr'><strong>excelsi,</strong></span> <span class='ocrx_word' id='word_1_271' title='bbox 980 3703 1071 3771; x_wconf 90' lang='lat' dir='ltr'><strong>qui</strong></span> <span class='ocrx_word' id='word_1_272' title='bbox 1098 3704 1206 3756; x_wconf 89' lang='lat' dir='ltr'><strong>Deo</strong></span> <span class='ocrx_word' id='word_1_273' title='bbox 1238 3719 1428 3773; x_wconf 85' lang='lat' dir='ltr'><strong>panem</strong></span> <span class='ocrx_word' id='word_1_274' title='bbox 1444 3713 1512 3758; x_wconf 81' lang='lat' dir='ltr'><strong>et</strong></span> <span class='ocrx_word' id='word_1_275' title='bbox 1537 3705 1719 3758; x_wconf 81' lang='lat' dir='ltr'><strong>vinum</strong></span> <span class='ocrx_word' id='word_1_276' title='bbox 1745 3704 2168 3771; x_wconf 76' lang='lat' dir='ltr'><strong>oll‘erens,~novi,</strong></span> 
     </span>
    </p>
   </div>
   <div class='ocr_carea' id='block_1_41' title="bbox 622 3796 2172 3866">
    <p class='ocr_par' dir='ltr' id='par_1_41' title="bbox 622 3796 2172 3866">
     <span class='ocr_line' id='line_1_41' title="bbox 622 3796 2172 3866; baseline -0.004 -10"><span class='ocrx_word' id='word_1_277' title='bbox 622 3803 724 3856; x_wconf 87' lang='lat' dir='ltr'><strong>hoc</strong></span> <span class='ocrx_word' id='word_1_278' title='bbox 751 3807 850 3862; x_wconf 89' lang='lat' dir='ltr'><strong>est,</strong></span> <span class='ocrx_word' id='word_1_279' title='bbox 877 3797 1168 3866; x_wconf 76' lang='lat' dir='ltr'><strong>evangelici</strong></span> <span class='ocrx_word' id='word_1_280' title='bbox 1210 3796 1457 3851; x_wconf 90' lang='lat' dir='ltr'><strong>sacriﬁcii</strong></span> <span class='ocrx_word' id='word_1_281' title='bbox 1500 3797 1712 3850; x_wconf 90' lang='lat' dir='ltr'><strong>modum</strong></span> <span class='ocrx_word' id='word_1_282' title='bbox 1754 3797 2172 3866; x_wconf 81' lang='lat' dir='ltr'><strong>qualitatemque</strong></span> 
     </span>
    </p>
   </div>
   <div class='ocr_carea' id='block_1_42' title="bbox 623 3878 2188 3960">
    <p class='ocr_par' dir='ltr' id='par_1_42' title="bbox 623 3878 2188 3960">
     <span class='ocr_line' id='line_1_42' title="bbox 623 3878 2188 3960; baseline -0.002 -15"><span class='ocrx_word' id='word_1_283' title='bbox 623 3890 963 3960; x_wconf 79' lang='lat' dir='ltr'><strong>signiﬁcavit.</strong></span> <span class='ocrx_word' id='word_1_284' title='bbox 1028 3888 1295 3941; x_wconf 74' lang='lat' dir='ltr'><strong>Abraham</strong></span> <span class='ocrx_word' id='word_1_285' title='bbox 1341 3903 1572 3956; x_wconf 84' lang='lat' dir='ltr'><strong>quoque,</strong></span> <span class='ocrx_word' id='word_1_286' title='bbox 1619 3888 1768 3942; x_wconf 88' lang='lat' dir='ltr'><strong>lsaac</strong></span> <span class='ocrx_word' id='word_1_287' title='bbox 1815 3896 1869 3942; x_wconf 87' lang='lat' dir='ltr'><strong>et</strong></span> <span class='ocrx_word' id='word_1_288' title='bbox 1902 3887 2087 3953; x_wconf 86' lang='lat' dir='ltr'><strong>Jacob,</strong></span> <span class='ocrx_word' id='word_1_289' title='bbox 2118 3878 2188 3944; x_wconf 12' lang='lat' dir='ltr'><strong>eti</strong></span> 
     </span>
    </p>
   </div>
   <div class='ocr_carea' id='block_1_43' title="bbox 622 3975 2175 4044">
    <p class='ocr_par' dir='ltr' id='par_1_43' title="bbox 622 3975 2175 4044">
     <span class='ocr_line' id='line_1_43' title="bbox 622 3975 2175 4044; baseline 0.001 -13"><span class='ocrx_word' id='word_1_290' title='bbox 622 3978 776 4031; x_wconf 77' lang='lat' dir='ltr'><strong>inulti</strong></span> <span class='ocrx_word' id='word_1_291' title='bbox 824 3986 972 4042; x_wconf 81' lang='lat' dir='ltr'><strong>ante,</strong></span> <span class='ocrx_word' id='word_1_292' title='bbox 1009 3983 1066 4029; x_wconf 93' lang='lat' dir='ltr'><strong>ut</strong></span> <span class='ocrx_word' id='word_1_293' title='bbox 1090 3975 1222 4029; x_wconf 75' lang='lat' dir='ltr'><strong>Abel</strong></span> <span class='ocrx_word' id='word_1_294' title='bbox 1259 3983 1312 4028; x_wconf 79' lang='lat' dir='ltr'><strong>et</strong></span> <span class='ocrx_word' id='word_1_295' title='bbox 1347 3975 1478 4039; x_wconf 76' lang='lat' dir='ltr'><strong>Noe,</strong></span> <span class='ocrx_word' id='word_1_296' title='bbox 1523 3977 1632 4030; x_wconf 86' lang='lat' dir='ltr'><strong>Deo</strong></span> <span class='ocrx_word' id='word_1_297' title='bbox 1672 3977 1878 4044; x_wconf 76' lang='lat' dir='ltr'><strong>hostias</strong></span> <span class='ocrx_word' id='word_1_298' title='bbox 1919 3978 2175 4032; x_wconf 84' lang='lat' dir='ltr'><strong>obtulisse</strong></span> 
     </span>
    </p>
   </div>
   <div class='ocr_carea' id='block_1_44' title="bbox 626 4065 2174 4132">
    <p class='ocr_par' dir='ltr' id='par_1_44' title="bbox 626 4065 2174 4132">
     <span class='ocr_line' id='line_1_44' title="bbox 626 4065 2174 4132; baseline -0.003 -9"><span class='ocrx_word' id='word_1_299' title='bbox 626 4070 877 4123; x_wconf 89' lang='lat' dir='ltr'><strong>dicuntur</strong></span> <span class='ocrx_word' id='word_1_300' title='bbox 902 4085 914 4132; x_wconf 87' lang='lat'>;</span> <span class='ocrx_word' id='word_1_301' title='bbox 946 4067 1037 4120; x_wconf 85' lang='lat' dir='ltr'><strong>sed</strong></span> <span class='ocrx_word' id='word_1_302' title='bbox 1065 4066 1241 4120; x_wconf 91' lang='lat' dir='ltr'><strong>nullus</strong></span> <span class='ocrx_word' id='word_1_303' title='bbox 1265 4080 1450 4122; x_wconf 87' lang='lat' dir='ltr'><strong>eorum</strong></span> <span class='ocrx_word' id='word_1_304' title='bbox 1479 4065 1756 4120; x_wconf 89' lang='lat' dir='ltr'><strong>ordinatus</strong></span> <span class='ocrx_word' id='word_1_305' title='bbox 1783 4066 1866 4118; x_wconf 87' lang='lat' dir='ltr'><strong>vel</strong></span> <span class='ocrx_word' id='word_1_306' title='bbox 1888 4080 2174 4121; x_wconf 83' lang='lat' dir='ltr'><strong>consecra-</strong></span> 
     </span>
    </p>
   </div>
   <div class='ocr_carea' id='block_1_45' title="bbox 617 4157 2176 4228">
    <p class='ocr_par' dir='ltr' id='par_1_45' title="bbox 617 4157 2176 4228">
     <span class='ocr_line' id='line_1_45' title="bbox 617 4157 2176 4228; baseline -0.003 -12"><span class='ocrx_word' id='word_1_307' title='bbox 617 4170 713 4216; x_wconf 72' lang='lat' dir='ltr'><strong>tus</strong></span> <span class='ocrx_word' id='word_1_308' title='bbox 743 4162 796 4214; x_wconf 88' lang='lat' dir='ltr'><strong>in</strong></span> <span class='ocrx_word' id='word_1_309' title='bbox 825 4157 1203 4221; x_wconf 81' lang='lat' dir='ltr'><strong>sacerdotium,-</strong></span> <span class='ocrx_word' id='word_1_310' title='bbox 1233 4173 1403 4226; x_wconf 91' lang='lat' dir='ltr'><strong>neque</strong></span> <span class='ocrx_word' id='word_1_311' title='bbox 1431 4158 1601 4212; x_wconf 88' lang='lat' dir='ltr'><strong>sacris</strong></span> <span class='ocrx_word' id='word_1_312' title='bbox 1640 4166 1695 4211; x_wconf 88' lang='lat' dir='ltr'><strong>et</strong></span> <span class='ocrx_word' id='word_1_313' title='bbox 1739 4158 1976 4228; x_wconf 81' lang='lat' dir='ltr'><strong>mysticis</strong></span> <span class='ocrx_word' id='word_1_314' title='bbox 2016 4159 2176 4212; x_wconf 89' lang='lat' dir='ltr'><strong>vesti-</strong></span> 
     </span>
    </p>
   </div>
   <div class='ocr_carea' id='block_1_46' title="bbox 619 4248 2173 4318">
    <p class='ocr_par' dir='ltr' id='par_1_46' title="bbox 619 4248 2173 4318">
     <span class='ocr_line' id='line_1_46' title="bbox 619 4248 2173 4318; baseline -0.001 -13"><span class='ocrx_word' id='word_1_315' title='bbox 619 4251 726 4318; x_wconf 70' lang='lat' dir='ltr'><strong>bus</strong></span> <span class='ocrx_word' id='word_1_316' title='bbox 756 4252 966 4305; x_wconf 84' lang='lat' dir='ltr'><strong>indutus</strong></span> <span class='ocrx_word' id='word_1_317' title='bbox 987 4248 1151 4304; x_wconf 80' lang='lat' dir='ltr'><strong>fuisse</strong></span> <span class='ocrx_word' id='word_1_318' title='bbox 1174 4249 1464 4314; x_wconf 63' lang='lat' dir='ltr'><strong>invenitur,</strong></span> <span class='ocrx_word' id='word_1_319' title='bbox 1486 4249 1587 4303; x_wconf 90' lang='lat' dir='ltr'><strong>nisi</strong></span> <span class='ocrx_word' id='word_1_320' title='bbox 1607 4249 1810 4314; x_wconf 87' lang='lat' dir='ltr'><strong>Aaron,</strong></span> <span class='ocrx_word' id='word_1_321' title='bbox 1833 4249 1924 4317; x_wconf 90' lang='lat' dir='ltr'><strong>qui</strong></span> <span class='ocrx_word' id='word_1_322' title='bbox 1947 4250 2173 4318; x_wconf 80' lang='lat' dir='ltr'><strong>primus,</strong></span> 
     </span>
    </p>
   </div>
   <div class='ocr_carea' id='block_1_47' title="bbox 621 4341 2175 4410">
    <p class='ocr_par' dir='ltr' id='par_1_47' title="bbox 621 4341 2175 4410">
     <span class='ocr_line' id='line_1_47' title="bbox 621 4341 2175 4410; baseline -0.001 -14"><span class='ocrx_word' id='word_1_323' title='bbox 621 4342 844 4410; x_wconf 76' lang='lat' dir='ltr'><strong>iubente</strong></span> <span class='ocrx_word' id='word_1_324' title='bbox 869 4342 1117 4404; x_wconf 90' lang='lat' dir='ltr'><strong>Domino,</strong></span> <span class='ocrx_word' id='word_1_325' title='bbox 1150 4341 1272 4393; x_wconf 88' lang='lat' dir='ltr'><strong>oleo</strong></span> <span class='ocrx_word' id='word_1_326' title='bbox 1305 4348 1490 4393; x_wconf 89' lang='lat' dir='ltr'><strong>sancto</strong></span> <span class='ocrx_word' id='word_1_327' title='bbox 1516 4341 1762 4394; x_wconf 90' lang='lat' dir='ltr'><strong>inuuctus</strong></span> <span class='ocrx_word' id='word_1_328' title='bbox 1786 4349 1841 4395; x_wconf 90' lang='lat' dir='ltr'><strong>et</strong></span> <span class='ocrx_word' id='word_1_329' title='bbox 1868 4343 2175 4396; x_wconf 85' lang='lat' dir='ltr'><strong>sacerdota-</strong></span> 
     </span>
    </p>
   </div>
   <div class='ocr_carea' id='block_1_48' title="bbox 2189 3116 2238 3184">
    <p class='ocr_par' dir='ltr' id='par_1_48' title="bbox 2189 3116 2238 3184">
     <span class='ocr_line' id='line_1_48' title="bbox 2189 3116 2238 3184; baseline 0 0"><span class='ocrx_word' id='word_1_330' title='bbox 2189 3116 2238 3184; x_wconf 87' lang='lat' dir='ltr'><strong><em>C</em></strong></span> 
     </span>
    </p>
   </div>
   <div class='ocr_carea' id='block_1_49' title="bbox 2257 529 3808 602">
    <p class='ocr_par' dir='ltr' id='par_1_49' title="bbox 2257 529 3808 602">
     <span class='ocr_line' id='line_1_49' title="bbox 2257 529 3808 602; baseline 0.003 -18"><span class='ocrx_word' id='word_1_331' title='bbox 2257 529 2502 585; x_wconf 72' lang='lat' dir='ltr'><strong>Ezechiel</strong></span> <span class='ocrx_word' id='word_1_332' title='bbox 2528 531 2788 602; x_wconf 86' lang='lat' dir='ltr'><strong>propheta</strong></span> <span class='ocrx_word' id='word_1_333' title='bbox 2835 530 2886 582; x_wconf 89' lang='lat' dir='ltr'><strong>in</strong></span> <span class='ocrx_word' id='word_1_334' title='bbox 2921 529 3146 598; x_wconf 87' lang='lat' dir='ltr'><strong>mystica</strong></span> <span class='ocrx_word' id='word_1_335' title='bbox 3189 529 3370 599; x_wconf 89' lang='lat' dir='ltr'><strong>templi</strong></span> <span class='ocrx_word' id='word_1_336' title='bbox 3397 533 3600 588; x_wconf 89' lang='lat' dir='ltr'><strong>visione</strong></span> <span class='ocrx_word' id='word_1_337' title='bbox 3638 535 3766 588; x_wconf 88' lang='lat' dir='ltr'><strong>dicit</strong></span> <span class='ocrx_word' id='word_1_338' title='bbox 3796 555 3808 588; x_wconf 73' lang='grc' dir='ltr'>ε</span> 
     </span>
    </p>
   </div>
   <div class='ocr_carea' id='block_1_50' title="bbox 2257 617 3810 690">
    <p class='ocr_par' dir='ltr' id='par_1_50' title="bbox 2257 617 3810 690">
     <span class='ocr_line' id='line_1_50' title="bbox 2257 617 3810 690; baseline 0.003 -16"><span class='ocrx_word' id='word_1_339' title='bbox 2257 621 2326 674; x_wconf 87' lang='lat' dir='ltr'><strong>Et</strong></span> <span class='ocrx_word' id='word_1_340' title='bbox 2364 622 2419 674; x_wconf 85' lang='lat' dir='ltr'><strong>in</strong></span> <span class='ocrx_word' id='word_1_341' title='bbox 2460 629 2574 673; x_wconf 86' lang='lat' dir='ltr'><strong>octo</strong></span> <span class='ocrx_word' id='word_1_342' title='bbox 2599 619 2844 690; x_wconf 75' lang='lat' dir='ltr'><strong>gradibus</strong></span> <span class='ocrx_word' id='word_1_343' title='bbox 2879 634 3121 672; x_wconf 76' lang='lat' dir='ltr'><strong>ascensus</strong></span> <span class='ocrx_word' id='word_1_344' title='bbox 3151 617 3264 688; x_wconf 84' lang='lat' dir='ltr'><strong>ejus</strong></span> <span class='ocrx_word' id='word_1_345' title='bbox 3317 619 3533 690; x_wconf 72' lang='lat' dir='ltr'><strong>(Ezech.</strong></span> <span class='ocrx_word' id='word_1_346' title='bbox 3583 639 3670 689; x_wconf 71' lang='grc' dir='ltr'><strong>ιι,</strong></span> <span class='ocrx_word' id='word_1_347' title='bbox 3721 625 3810 690; x_wconf 72' lang='grc'><strong>54,</strong></span> 
     </span>
    </p>
   </div>
   <div class='ocr_carea' id='block_1_51' title="bbox 2255 710 3813 783">
    <p class='ocr_par' dir='ltr' id='par_1_51' title="bbox 2255 710 3813 783">
     <span class='ocr_line' id='line_1_51' title="bbox 2255 710 3813 783; baseline 0.004 -17"><span class='ocrx_word' id='word_1_348' title='bbox 2255 712 2365 782; x_wconf 78' lang='grc'>57).</span> <span class='ocrx_word' id='word_1_349' title='bbox 2403 711 2553 767; x_wconf 81' lang='lat' dir='ltr'><strong>Nunc</strong></span> <span class='ocrx_word' id='word_1_350' title='bbox 2591 710 2875 766; x_wconf 87' lang='lat' dir='ltr'><strong>dicendum</strong></span> <span class='ocrx_word' id='word_1_351' title='bbox 2911 718 2996 766; x_wconf 86' lang='lat' dir='ltr'><strong>est</strong></span> <span class='ocrx_word' id='word_1_352' title='bbox 3030 711 3094 764; x_wconf 89' lang='lat' dir='ltr'><strong>de</strong></span> <span class='ocrx_word' id='word_1_353' title='bbox 3124 712 3369 781; x_wconf 76' lang='lat' dir='ltr'><strong>singulis,</strong></span> <span class='ocrx_word' id='word_1_354' title='bbox 3400 723 3456 767; x_wconf 92' lang='lat' dir='ltr'><strong>et</strong></span> <span class='ocrx_word' id='word_1_355' title='bbox 3487 716 3616 783; x_wconf 90' lang='lat' dir='ltr'><strong>quid</strong></span> <span class='ocrx_word' id='word_1_356' title='bbox 3656 715 3813 773; x_wconf 85' lang='lat' dir='ltr'><strong>ollicii</strong></span> 
     </span>
    </p>
   </div>
   <div class='ocr_carea' id='block_1_52' title="bbox 2257 801 3206 865">
    <p class='ocr_par' dir='ltr' id='par_1_52' title="bbox 2257 801 3206 865">
     <span class='ocr_line' id='line_1_52' title="bbox 2257 801 3206 865; baseline -0.003 -8"><span class='ocrx_word' id='word_1_357' title='bbox 2257 804 2535 865; x_wconf 88' lang='lat' dir='ltr'><strong>haberent,</strong></span> <span class='ocrx_word' id='word_1_358' title='bbox 2566 802 2802 856; x_wconf 87' lang='lat' dir='ltr'><strong>breviter</strong></span> <span class='ocrx_word' id='word_1_359' title='bbox 2831 801 3206 857; x_wconf 90' lang='lat' dir='ltr'><strong>intimandum.</strong></span> 
     </span>
    </p>
   </div>
   <div class='ocr_carea' id='block_1_53' title="bbox 2329 882 3815 966">
    <p class='ocr_par' dir='ltr' id='par_1_53' title="bbox 2329 882 3815 966">
     <span class='ocr_line' id='line_1_53' title="bbox 2329 882 3815 966; baseline 0.004 -18"><span class='ocrx_word' id='word_1_360' title='bbox 2329 894 2546 948; x_wconf 80' lang='lat' dir='ltr'><strong>Ostiarii</strong></span> <span class='ocrx_word' id='word_1_361' title='bbox 2563 901 2748 958; x_wconf 85' lang='lat' dir='ltr'><strong>erant,</strong></span> <span class='ocrx_word' id='word_1_362' title='bbox 2778 891 2869 963; x_wconf 86' lang='lat' dir='ltr'><strong>qui</strong></span> <span class='ocrx_word' id='word_1_363' title='bbox 2891 882 2945 949; x_wconf 80' lang='lat' dir='ltr'><strong>et</strong></span> <span class='ocrx_word' id='word_1_364' title='bbox 2963 894 3140 949; x_wconf 67' lang='lat' dir='ltr'><strong>aeditui</strong></span> <span class='ocrx_word' id='word_1_365' title='bbox 3167 895 3250 950; x_wconf 86' lang='lat' dir='ltr'><strong>vel</strong></span> <span class='ocrx_word' id='word_1_366' title='bbox 3271 895 3531 966; x_wconf 85' lang='lat' dir='ltr'><strong>janitores</strong></span> <span class='ocrx_word' id='word_1_367' title='bbox 3560 898 3815 954; x_wconf 84' lang='lat' dir='ltr'><strong>vocaban-</strong></span> 
     </span>
    </p>
   </div>
   <div class='ocr_carea' id='block_1_54' title="bbox 2259 986 3817 1065">
    <p class='ocr_par' dir='ltr' id='par_1_54' title="bbox 2259 986 3817 1065">
     <span class='ocr_line' id='line_1_54' title="bbox 2259 986 3817 1065; baseline 0.003 -22"><span class='ocrx_word' id='word_1_368' title='bbox 2259 999 2364 1043; x_wconf 90' lang='lat' dir='ltr'><strong>tur.</strong></span> <span class='ocrx_word' id='word_1_369' title='bbox 2417 989 2505 1053; x_wconf 86' lang='lat' dir='ltr'><strong>Hi,</strong></span> <span class='ocrx_word' id='word_1_370' title='bbox 2539 997 2599 1042; x_wconf 91' lang='lat' dir='ltr'><strong>ut</strong></span> <span class='ocrx_word' id='word_1_371' title='bbox 2638 988 2693 1041; x_wconf 91' lang='lat' dir='ltr'><strong>in</strong></span> <span class='ocrx_word' id='word_1_372' title='bbox 2722 988 2860 1045; x_wconf 88' lang='lat' dir='ltr'><strong>libro</strong></span> <span class='ocrx_word' id='word_1_373' title='bbox 2900 986 3344 1065; x_wconf 85' lang='lat' dir='ltr'><strong>Paralipomenon</strong></span> <span class='ocrx_word' id='word_1_374' title='bbox 3387 991 3582 1064; x_wconf 75' lang='lat' dir='ltr'><strong>legitur</strong></span> <span class='ocrx_word' id='word_1_375' title='bbox 3614 1012 3625 1046; x_wconf 95' lang='lat'>:</span> <span class='ocrx_word' id='word_1_376' title='bbox 3652 993 3817 1048; x_wconf 83' lang='lat' dir='ltr'><strong>Erant</strong></span> 
     </span>
    </p>
   </div>
   <div class='ocr_carea' id='block_1_55' title="bbox 2258 1077 3819 1153">
    <p class='ocr_par' dir='ltr' id='par_1_55' title="bbox 2258 1077 3819 1153">
     <span class='ocr_line' id='line_1_55' title="bbox 2258 1077 3819 1153; baseline 0.002 -22"><span class='ocrx_word' id='word_1_377' title='bbox 2258 1094 2410 1148; x_wconf 86' lang='lat' dir='ltr'><strong>super</strong></span> <span class='ocrx_word' id='word_1_378' title='bbox 2439 1077 2656 1132; x_wconf 75' lang='lat' dir='ltr'><strong>exedras</strong></span> <span class='ocrx_word' id='word_1_379' title='bbox 2683 1087 2731 1130; x_wconf 89' lang='lat' dir='ltr'><strong>et</strong></span> <span class='ocrx_word' id='word_1_380' title='bbox 2758 1078 3024 1131; x_wconf 74' lang='lat' dir='ltr'><strong>thesauros</strong></span> <span class='ocrx_word' id='word_1_381' title='bbox 3058 1077 3242 1132; x_wconf 80' lang='lat' dir='ltr'><strong>domus</strong></span> <span class='ocrx_word' id='word_1_382' title='bbox 3285 1079 3515 1146; x_wconf 84' lang='lat' dir='ltr'><strong>Domini,</strong></span> <span class='ocrx_word' id='word_1_383' title='bbox 3543 1091 3590 1135; x_wconf 89' lang='lat' dir='ltr'><strong>et</strong></span> <span class='ocrx_word' id='word_1_384' title='bbox 3616 1099 3706 1152; x_wconf 85' lang='lat' dir='ltr'><strong>per</strong></span> <span class='ocrx_word' id='word_1_385' title='bbox 3729 1100 3819 1153; x_wconf 77' lang='lat' dir='ltr'><strong>gy-</strong></span> 
     </span>
    </p>
   </div>
   <div class='ocr_carea' id='block_1_56' title="bbox 2259 1164 3815 1241">
    <p class='ocr_par' dir='ltr' id='par_1_56' title="bbox 2259 1164 3815 1241">
     <span class='ocr_line' id='line_1_56' title="bbox 2259 1164 3815 1241; baseline 0.002 -20"><span class='ocrx_word' id='word_1_386' title='bbox 2259 1187 2373 1222; x_wconf 84' lang='lat' dir='ltr'><strong>rum</strong></span> <span class='ocrx_word' id='word_1_387' title='bbox 2401 1165 2738 1222; x_wconf 69' lang='lat' dir='ltr'><strong>morabantur</strong></span> <span class='ocrx_word' id='word_1_388' title='bbox 2761 1169 2816 1223; x_wconf 85' lang='lat' dir='ltr'><strong>in</strong></span> <span class='ocrx_word' id='word_1_389' title='bbox 2837 1166 3084 1222; x_wconf 78' lang='lat' dir='ltr'><strong>custodiis</strong></span> <span class='ocrx_word' id='word_1_390' title='bbox 3111 1170 3223 1224; x_wconf 87' lang='lat' dir='ltr'><strong>suis</strong></span> <span class='ocrx_word' id='word_1_391' title='bbox 3245 1164 3453 1241; x_wconf 83' lang='lat' dir='ltr'><strong>(Paral.</strong></span> <span class='ocrx_word' id='word_1_392' title='bbox 3487 1189 3563 1235; x_wconf 67' lang='grc' dir='ltr'><strong>ιι,</strong></span> <span class='ocrx_word' id='word_1_393' title='bbox 3586 1171 3674 1236; x_wconf 71' lang='lat'><strong>%,</strong></span> <span class='ocrx_word' id='word_1_394' title='bbox 3703 1173 3815 1240; x_wconf 71' lang='lat'><strong>27),</strong></span> 
     </span>
    </p>
   </div>
   <div class='ocr_carea' id='block_1_57' title="bbox 2257 1258 3808 1331">
    <p class='ocr_par' dir='ltr' id='par_1_57' title="bbox 2257 1258 3808 1331">
     <span class='ocr_line' id='line_1_57' title="bbox 2257 1258 3808 1331; baseline 0.001 -17"><span class='ocrx_word' id='word_1_395' title='bbox 2257 1259 2608 1314; x_wconf 81' lang='lat' dir='ltr'><strong>observantes</strong></span> <span class='ocrx_word' id='word_1_396' title='bbox 2660 1265 2719 1312; x_wconf 92' lang='lat' dir='ltr'><strong>ut</strong></span> <span class='ocrx_word' id='word_1_397' title='bbox 2761 1258 2938 1314; x_wconf 91' lang='lat' dir='ltr'><strong>nullus</strong></span> <span class='ocrx_word' id='word_1_398' title='bbox 2985 1259 3291 1316; x_wconf 88' lang='lat' dir='ltr'><strong>immundus</strong></span> <span class='ocrx_word' id='word_1_399' title='bbox 3320 1261 3572 1331; x_wconf 85' lang='lat' dir='ltr'><strong>templum</strong></span> <span class='ocrx_word' id='word_1_400' title='bbox 3613 1263 3706 1317; x_wconf 90' lang='lat' dir='ltr'><strong>Dei</strong></span> <span class='ocrx_word' id='word_1_401' title='bbox 3734 1264 3808 1316; x_wconf 91' lang='lat' dir='ltr'><strong>in-</strong></span> 
     </span>
    </p>
   </div>
   <div class='ocr_carea' id='block_1_58' title="bbox 2261 1357 2448 1404">
    <p class='ocr_par' dir='ltr' id='par_1_58' title="bbox 2261 1357 2448 1404">
     <span class='ocr_line' id='line_1_58' title="bbox 2261 1357 2448 1404; baseline 0.005 -1"><span class='ocrx_word' id='word_1_402' title='bbox 2261 1357 2448 1404; x_wconf 88' lang='lat' dir='ltr'><strong>traret.</strong></span> 
     </span>
    </p>
   </div>
   <div class='ocr_carea' id='block_1_59' title="bbox 2252 1440 3822 1515">
    <p class='ocr_par' dir='ltr' id='par_1_59' title="bbox 2252 1440 3822 1515">
     <span class='ocr_line' id='line_1_59' title="bbox 2252 1440 3822 1515; baseline 0.003 -20"><span class='ocrx_word' id='word_1_403' title='bbox 2252 1501 2257 1504; x_wconf 58' lang='grc'>,</span> <span class='ocrx_word' id='word_1_404' title='bbox 2329 1442 2602 1496; x_wconf 86' lang='lat' dir='ltr'><strong>Lectorum</strong></span> <span class='ocrx_word' id='word_1_405' title='bbox 2650 1442 2782 1499; x_wconf 86' lang='lat' dir='ltr'><strong>ordo</strong></span> <span class='ocrx_word' id='word_1_406' title='bbox 2834 1440 3063 1498; x_wconf 80' lang='lat' dir='ltr'><strong>formam</strong></span> <span class='ocrx_word' id='word_1_407' title='bbox 3113 1451 3168 1497; x_wconf 88' lang='lat' dir='ltr'><strong>et</strong></span> <span class='ocrx_word' id='word_1_408' title='bbox 3215 1443 3426 1497; x_wconf 91' lang='lat' dir='ltr'><strong>initium</strong></span> <span class='ocrx_word' id='word_1_409' title='bbox 3473 1459 3504 1498; x_wconf 91' lang='lat' dir='ltr'><strong>a</strong></span> <span class='ocrx_word' id='word_1_410' title='bbox 3547 1443 3822 1515; x_wconf 79' lang='lat' dir='ltr'><strong>prophetis</strong></span> 
     </span>
    </p>
   </div>
   <div class='ocr_carea' id='block_1_60' title="bbox 2262 1529 3821 1604">
    <p class='ocr_par' dir='ltr' id='par_1_60' title="bbox 2262 1529 3821 1604">
     <span class='ocr_line' id='line_1_60' title="bbox 2262 1529 3821 1604; baseline 0.001 -18"><span class='ocrx_word' id='word_1_411' title='bbox 2262 1532 2488 1601; x_wconf 89' lang='lat' dir='ltr'><strong>accepit.</strong></span> <span class='ocrx_word' id='word_1_412' title='bbox 2532 1529 2670 1586; x_wconf 86' lang='lat' dir='ltr'><strong>Sunt</strong></span> <span class='ocrx_word' id='word_1_413' title='bbox 2697 1531 2860 1602; x_wconf 87' lang='lat' dir='ltr'><strong>igitur</strong></span> <span class='ocrx_word' id='word_1_414' title='bbox 2883 1531 3130 1598; x_wconf 88' lang='lat' dir='ltr'><strong>lectores,</strong></span> <span class='ocrx_word' id='word_1_415' title='bbox 3161 1532 3254 1603; x_wconf 91' lang='lat' dir='ltr'><strong>qui</strong></span> <span class='ocrx_word' id='word_1_416' title='bbox 3281 1533 3504 1588; x_wconf 88' lang='lat' dir='ltr'><strong>verbum</strong></span> <span class='ocrx_word' id='word_1_417' title='bbox 3539 1533 3632 1588; x_wconf 87' lang='lat' dir='ltr'><strong>Dei</strong></span> <span class='ocrx_word' id='word_1_418' title='bbox 3681 1549 3821 1604; x_wconf 72' lang='lat' dir='ltr'><strong>prte-</strong></span> 
     </span>
    </p>
   </div>
   <div class='ocr_carea' id='block_1_61' title="bbox 2261 1618 3837 1692">
    <p class='ocr_par' dir='ltr' id='par_1_61' title="bbox 2261 1618 3837 1692">
     <span class='ocr_line' id='line_1_61' title="bbox 2261 1618 3837 1692; baseline 0 -17"><span class='ocrx_word' id='word_1_419' title='bbox 2261 1620 2461 1685; x_wconf 90' lang='lat' dir='ltr'><strong>dicant,</strong></span> <span class='ocrx_word' id='word_1_420' title='bbox 2539 1619 2734 1690; x_wconf 85' lang='lat' dir='ltr'><strong>quibus</strong></span> <span class='ocrx_word' id='word_1_421' title='bbox 2787 1618 3253 1686; x_wconf 75' lang='lat' dir='ltr'><strong>dicitur:Clsma,</strong></span> <span class='ocrx_word' id='word_1_422' title='bbox 3323 1637 3385 1675; x_wconf 79' lang='lat' dir='ltr'><strong>ne</strong></span> <span class='ocrx_word' id='word_1_423' title='bbox 3441 1624 3837 1692; x_wconf 74' lang='lat' dir='ltr'><strong>cesses:quasi.</strong></span> 
     </span>
    </p>
   </div>
   <div class='ocr_carea' id='block_1_62' title="bbox 2261 1708 3414 1781">
    <p class='ocr_par' dir='ltr' id='par_1_62' title="bbox 2261 1708 3414 1781">
     <span class='ocr_line' id='line_1_62' title="bbox 2261 1708 3414 1781; baseline 0.003 -19"><span class='ocrx_word' id='word_1_424' title='bbox 2261 1710 2386 1764; x_wconf 83' lang='lat' dir='ltr'><strong>tuba</strong></span> <span class='ocrx_word' id='word_1_425' title='bbox 2418 1708 2592 1766; x_wconf 72' lang='lat' dir='ltr'><strong>exaltu</strong></span> <span class='ocrx_word' id='word_1_426' title='bbox 2619 1725 2788 1763; x_wconf 71' lang='lat' dir='ltr'><strong>uocem</strong></span> <span class='ocrx_word' id='word_1_427' title='bbox 2812 1719 2957 1764; x_wconf 84' lang='lat' dir='ltr'><strong>tuam</strong></span> <span class='ocrx_word' id='word_1_428' title='bbox 2993 1708 3126 1780; x_wconf 79' lang='lat' dir='ltr'><strong>(Isa.</strong></span> <span class='ocrx_word' id='word_1_429' title='bbox 3153 1725 3307 1778; x_wconf 68' lang='lat' dir='ltr'><strong>svnt,</strong></span> <span class='ocrx_word' id='word_1_430' title='bbox 3341 1710 3414 1781; x_wconf 85' lang='lat' dir='ltr'><strong>l).</strong></span> 
     </span>
    </p>
   </div>
   <div class='ocr_carea' id='block_1_63' title="bbox 2193 1780 3824 1873">
    <p class='ocr_par' dir='ltr' id='par_1_63' title="bbox 2193 1780 3824 1873">
     <span class='ocr_line' id='line_1_63' title="bbox 2193 1780 3824 1873; baseline 0.002 -22"><span class='ocrx_word' id='word_1_431' title='bbox 2193 1780 2237 1842; x_wconf 78' lang='grc' dir='ltr'><strong><em>Β</em></strong></span> <span class='ocrx_word' id='word_1_432' title='bbox 2333 1796 2625 1851; x_wconf 75' lang='lat' dir='ltr'><strong>Exorcista:</strong></span> <span class='ocrx_word' id='word_1_433' title='bbox 2670 1805 2844 1862; x_wconf 82' lang='lat' dir='ltr'><strong>erant,</strong></span> <span class='ocrx_word' id='word_1_434' title='bbox 2879 1798 2969 1868; x_wconf 92' lang='lat' dir='ltr'><strong>qui</strong></span> <span class='ocrx_word' id='word_1_435' title='bbox 2997 1799 3332 1866; x_wconf 80' lang='lat' dir='ltr'><strong>exorcismis,</strong></span> <span class='ocrx_word' id='word_1_436' title='bbox 3363 1780 3416 1855; x_wconf 91' lang='lat' dir='ltr'><strong>id</strong></span> <span class='ocrx_word' id='word_1_437' title='bbox 3462 1808 3568 1867; x_wconf 91' lang='lat' dir='ltr'><strong>est,</strong></span> <span class='ocrx_word' id='word_1_438' title='bbox 3611 1801 3824 1873; x_wconf 71' lang='lat' dir='ltr'><strong>adiura-</strong></span> 
     </span>
    </p>
   </div>
   <div class='ocr_carea' id='block_1_64' title="bbox 2263 1883 3823 1963">
    <p class='ocr_par' dir='ltr' id='par_1_64' title="bbox 2263 1883 3823 1963">
     <span class='ocr_line' id='line_1_64' title="bbox 2263 1883 3823 1963; baseline 0.004 -20"><span class='ocrx_word' id='word_1_439' title='bbox 2263 1888 2496 1944; x_wconf 88' lang='lat' dir='ltr'><strong>tionibus</strong></span> <span class='ocrx_word' id='word_1_440' title='bbox 2525 1903 2557 1943; x_wconf 89' lang='lat' dir='ltr'><strong>a</strong></span> <span class='ocrx_word' id='word_1_441' title='bbox 2591 1883 2878 1945; x_wconf 78' lang='lat' dir='ltr'><strong>SalomOne</strong></span> <span class='ocrx_word' id='word_1_442' title='bbox 2906 1893 3233 1963; x_wconf 84' lang='lat' dir='ltr'><strong>compositis,</strong></span> <span class='ocrx_word' id='word_1_443' title='bbox 3275 1892 3546 1950; x_wconf 74' lang='lat' dir='ltr'><strong>daemones</strong></span> <span class='ocrx_word' id='word_1_444' title='bbox 3575 1896 3642 1950; x_wconf 88' lang='lat' dir='ltr'><strong>ab</strong></span> <span class='ocrx_word' id='word_1_445' title='bbox 3668 1909 3823 1950; x_wconf 91' lang='lat' dir='ltr'><strong>ener-</strong></span> 
     </span>
    </p>
   </div>
   <div class='ocr_carea' id='block_1_65' title="bbox 2263 1978 3825 2054">
    <p class='ocr_par' dir='ltr' id='par_1_65' title="bbox 2263 1978 3825 2054">
     <span class='ocr_line' id='line_1_65' title="bbox 2263 1978 3825 2054; baseline 0.006 -21"><span class='ocrx_word' id='word_1_446' title='bbox 2263 1979 2508 2050; x_wconf 91' lang='lat' dir='ltr'><strong>gumenis</strong></span> <span class='ocrx_word' id='word_1_447' title='bbox 2559 1978 2881 2051; x_wconf 86' lang='lat' dir='ltr'><strong>eﬁ‘ugabant,</strong></span> <span class='ocrx_word' id='word_1_448' title='bbox 2937 1981 3122 2052; x_wconf 80' lang='lat' dir='ltr'><strong>quales</strong></span> <span class='ocrx_word' id='word_1_449' title='bbox 3187 1983 3436 2054; x_wconf 86' lang='lat' dir='ltr'><strong>leguntur</strong></span> <span class='ocrx_word' id='word_1_450' title='bbox 3491 1985 3546 2040; x_wconf 91' lang='lat' dir='ltr'><strong>in</strong></span> <span class='ocrx_word' id='word_1_451' title='bbox 3602 1985 3825 2042; x_wconf 82' lang='lat' dir='ltr'><strong>Actibus</strong></span> 
     </span>
    </p>
   </div>
   <div class='ocr_carea' id='block_1_66' title="bbox 2261 2070 3824 2149">
    <p class='ocr_par' dir='ltr' id='par_1_66' title="bbox 2261 2070 3824 2149">
     <span class='ocr_line' id='line_1_66' title="bbox 2261 2070 3824 2149; baseline 0.003 -22"><span class='ocrx_word' id='word_1_452' title='bbox 2261 2071 2638 2149; x_wconf 68' lang='lat' dir='ltr'><strong>Apostolorum</strong></span> <span class='ocrx_word' id='word_1_453' title='bbox 2662 2070 2826 2127; x_wconf 83' lang='lat' dir='ltr'><strong>fuisse</strong></span> <span class='ocrx_word' id='word_1_454' title='bbox 2852 2080 3055 2142; x_wconf 85' lang='lat' dir='ltr'><strong>septem</strong></span> <span class='ocrx_word' id='word_1_455' title='bbox 3084 2074 3180 2130; x_wconf 89' lang='lat' dir='ltr'><strong>ﬁlii</strong></span> <span class='ocrx_word' id='word_1_456' title='bbox 3205 2074 3388 2132; x_wconf 64' lang='lat' dir='ltr'><strong>Sceve</strong></span> <span class='ocrx_word' id='word_1_457' title='bbox 3423 2076 3561 2149; x_wconf 71' lang='lat' dir='ltr'><strong>(Act.</strong></span> <span class='ocrx_word' id='word_1_458' title='bbox 3590 2094 3703 2143; x_wconf 69' lang='lat' dir='ltr'><strong>xxx,</strong></span> <span class='ocrx_word' id='word_1_459' title='bbox 3733 2078 3824 2144; x_wconf 81' lang='lat' dir='ltr'><strong>l3,</strong></span> 
     </span>
    </p>
   </div>
   <div class='ocr_carea' id='block_1_67' title="bbox 2266 2161 2375 2233">
    <p class='ocr_par' dir='ltr' id='par_1_67' title="bbox 2266 2161 2375 2233">
     <span class='ocr_line' id='line_1_67' title="bbox 2266 2161 2375 2233; baseline 0 -18"><span class='ocrx_word' id='word_1_460' title='bbox 2266 2161 2375 2233; x_wconf 73' lang='lat' dir='ltr'><strong>it).</strong></span> 
     </span>
    </p>
   </div>
   <div class='ocr_carea' id='block_1_68' title="bbox 2333 2251 3826 2324">
    <p class='ocr_par' dir='ltr' id='par_1_68' title="bbox 2333 2251 3826 2324">
     <span class='ocr_line' id='line_1_68' title="bbox 2333 2251 3826 2324; baseline 0.01 -20"><span class='ocrx_word' id='word_1_461' title='bbox 2333 2251 2536 2322; x_wconf 80' lang='lat' dir='ltr'><strong>Acolyti</strong></span> <span class='ocrx_word' id='word_1_462' title='bbox 2562 2261 2736 2318; x_wconf 88' lang='lat' dir='ltr'><strong>erant,</strong></span> <span class='ocrx_word' id='word_1_463' title='bbox 2765 2253 2855 2324; x_wconf 90' lang='lat' dir='ltr'><strong>qui</strong></span> <span class='ocrx_word' id='word_1_464' title='bbox 2881 2254 3223 2312; x_wconf 82' lang='lat' dir='ltr'><strong>tabernaculo</strong></span> <span class='ocrx_word' id='word_1_465' title='bbox 3244 2257 3345 2314; x_wconf 88' lang='lat' dir='ltr'><strong>Dei</strong></span> <span class='ocrx_word' id='word_1_466' title='bbox 3367 2259 3603 2318; x_wconf 90' lang='lat' dir='ltr'><strong>lucernis</strong></span> <span class='ocrx_word' id='word_1_467' title='bbox 3635 2277 3826 2318; x_wconf 85' lang='lat' dir='ltr'><strong>accen-</strong></span> 
     </span>
    </p>
   </div>
   <div class='ocr_carea' id='block_1_69' title="bbox 2264 2341 3822 2425">
    <p class='ocr_par' dir='ltr' id='par_1_69' title="bbox 2264 2341 3822 2425">
     <span class='ocr_line' id='line_1_69' title="bbox 2264 2341 3822 2425; baseline 0.009 -30"><span class='ocrx_word' id='word_1_468' title='bbox 2264 2341 2452 2398; x_wconf 83' lang='lat' dir='ltr'><strong>dendis</strong></span> <span class='ocrx_word' id='word_1_469' title='bbox 2499 2352 2798 2414; x_wconf 62' lang='lat' dir='ltr'><strong>praerant,</strong></span> <span class='ocrx_word' id='word_1_470' title='bbox 2843 2344 2996 2414; x_wconf 77' lang='lat' dir='ltr'><strong>juxta</strong></span> <span class='ocrx_word' id='word_1_471' title='bbox 3047 2349 3192 2418; x_wconf 89' lang='lat' dir='ltr'><strong>quod</strong></span> <span class='ocrx_word' id='word_1_472' title='bbox 3240 2351 3292 2403; x_wconf 92' lang='lat' dir='ltr'><strong>in</strong></span> <span class='ocrx_word' id='word_1_473' title='bbox 3347 2351 3530 2407; x_wconf 86' lang='lat' dir='ltr'><strong>Exodo</strong></span> <span class='ocrx_word' id='word_1_474' title='bbox 3589 2354 3822 2425; x_wconf 90' lang='lat' dir='ltr'><strong>legitur:</strong></span> 
     </span>
    </p>
   </div>
   <div class='ocr_carea' id='block_1_70' title="bbox 2266 2429 3828 2506">
    <p class='ocr_par' dir='ltr' id='par_1_70' title="bbox 2266 2429 3828 2506">
     <span class='ocr_line' id='line_1_70' title="bbox 2266 2429 3828 2506; baseline 0.008 -22"><span class='ocrx_word' id='word_1_475' title='bbox 2266 2429 2500 2501; x_wconf 68' lang='lat' dir='ltr'><strong>Praecipe</strong></span> <span class='ocrx_word' id='word_1_476' title='bbox 2527 2432 2653 2500; x_wconf 81' lang='lat' dir='ltr'><strong>ﬁliis</strong></span> <span class='ocrx_word' id='word_1_477' title='bbox 2674 2433 2868 2503; x_wconf 82' lang='lat' dir='ltr'><strong>Israel,</strong></span> <span class='ocrx_word' id='word_1_478' title='bbox 2891 2445 2947 2490; x_wconf 87' lang='lat' dir='ltr'><strong>ut</strong></span> <span class='ocrx_word' id='word_1_479' title='bbox 2976 2437 3200 2506; x_wconf 53' lang='lat' dir='ltr'><strong>aferant</strong></span> <span class='ocrx_word' id='word_1_480' title='bbox 3225 2439 3316 2494; x_wconf 83' lang='lat' dir='ltr'><strong>tibi</strong></span> <span class='ocrx_word' id='word_1_481' title='bbox 3343 2439 3514 2495; x_wconf 87' lang='lat' dir='ltr'><strong>oleum</strong></span> <span class='ocrx_word' id='word_1_482' title='bbox 3542 2442 3606 2496; x_wconf 86' lang='lat' dir='ltr'><strong>de</strong></span> <span class='ocrx_word' id='word_1_483' title='bbox 3631 2443 3828 2497; x_wconf 85' lang='lat' dir='ltr'><strong>arbori-</strong></span> 
     </span>
    </p>
   </div>
   <div class='ocr_carea' id='block_1_71' title="bbox 2267 2521 3822 2598">
    <p class='ocr_par' dir='ltr' id='par_1_71' title="bbox 2267 2521 3822 2598">
     <span class='ocr_line' id='line_1_71' title="bbox 2267 2521 3822 2598; baseline 0.006 -24"><span class='ocrx_word' id='word_1_484' title='bbox 2267 2521 2358 2575; x_wconf 86' lang='lat' dir='ltr'><strong>bus</strong></span> <span class='ocrx_word' id='word_1_485' title='bbox 2407 2521 2660 2576; x_wconf 82' lang='lat' dir='ltr'><strong>olivarum</strong></span> <span class='ocrx_word' id='word_1_486' title='bbox 2711 2525 3067 2593; x_wconf 84' lang='lat' dir='ltr'><strong>purissimum,</strong></span> <span class='ocrx_word' id='word_1_487' title='bbox 3119 2527 3324 2598; x_wconf 83' lang='lat' dir='ltr'><strong>piloque</strong></span> <span class='ocrx_word' id='word_1_488' title='bbox 3375 2541 3670 2597; x_wconf 76' lang='lat' dir='ltr'><strong>contusum,</strong></span> <span class='ocrx_word' id='word_1_489' title='bbox 3719 2540 3822 2588; x_wconf 83' lang='lat' dir='ltr'><strong>etc.</strong></span> 
     </span>
    </p>
   </div>
   <div class='ocr_carea' id='block_1_72' title="bbox 2266 2615 3829 2688">
    <p class='ocr_par' dir='ltr' id='par_1_72' title="bbox 2266 2615 3829 2688">
     <span class='ocr_line' id='line_1_72' title="bbox 2266 2615 3829 2688; baseline 0.008 -20"><span class='ocrx_word' id='word_1_490' title='bbox 2266 2615 2460 2686; x_wconf 73' lang='lat' dir='ltr'><strong>(Exod.</strong></span> <span class='ocrx_word' id='word_1_491' title='bbox 2486 2632 2656 2682; x_wconf 75' lang='lat' dir='ltr'><strong>xxvu,</strong></span> <span class='ocrx_word' id='word_1_492' title='bbox 2679 2616 2791 2688; x_wconf 75' lang='lat'><strong>20).</strong></span> <span class='ocrx_word' id='word_1_493' title='bbox 2814 2616 2881 2671; x_wconf 81' lang='lat' dir='ltr'><strong>Hi</strong></span> <span class='ocrx_word' id='word_1_494' title='bbox 2906 2619 3355 2688; x_wconf 85' lang='lat' dir='ltr'><strong>obsequebantur,</strong></span> <span class='ocrx_word' id='word_1_495' title='bbox 3379 2623 3434 2676; x_wconf 91' lang='lat' dir='ltr'><strong>in</strong></span> <span class='ocrx_word' id='word_1_496' title='bbox 3457 2622 3705 2678; x_wconf 86' lang='lat' dir='ltr'><strong>omnibus</strong></span> <span class='ocrx_word' id='word_1_497' title='bbox 3725 2639 3829 2680; x_wconf 71' lang='lat' dir='ltr'><strong>ca:-</strong></span> 
     </span>
    </p>
   </div>
   <div class='ocr_carea' id='block_1_73' title="bbox 2267 2706 3826 2783">
    <p class='ocr_par' dir='ltr' id='par_1_73' title="bbox 2267 2706 3826 2783">
     <span class='ocr_line' id='line_1_73' title="bbox 2267 2706 3826 2783; baseline 0.008 -24"><span class='ocrx_word' id='word_1_498' title='bbox 2267 2706 2416 2770; x_wconf 90' lang='lat' dir='ltr'><strong>teris,</strong></span> <span class='ocrx_word' id='word_1_499' title='bbox 2465 2708 2829 2777; x_wconf 87' lang='lat' dir='ltr'><strong>superioribus</strong></span> <span class='ocrx_word' id='word_1_500' title='bbox 2869 2709 3160 2778; x_wconf 89' lang='lat' dir='ltr'><strong>gradibus:</strong></span> <span class='ocrx_word' id='word_1_501' title='bbox 3194 2710 3345 2766; x_wconf 88' lang='lat' dir='ltr'><strong>Unde</strong></span> <span class='ocrx_word' id='word_1_502' title='bbox 3381 2711 3591 2783; x_wconf 80' lang='lat' dir='ltr'><strong>acolyti,</strong></span> <span class='ocrx_word' id='word_1_503' title='bbox 3627 2715 3680 2770; x_wconf 93' lang='lat' dir='ltr'><strong>id</strong></span> <span class='ocrx_word' id='word_1_504' title='bbox 3722 2723 3826 2780; x_wconf 87' lang='lat' dir='ltr'><strong>est,</strong></span> 
     </span>
    </p>
   </div>
   <div class='ocr_carea' id='block_1_74' title="bbox 2267 2797 3824 2869">
    <p class='ocr_par' dir='ltr' id='par_1_74' title="bbox 2267 2797 3824 2869">
     <span class='ocr_line' id='line_1_74' title="bbox 2267 2797 3824 2869; baseline 0.006 -20"><span class='ocrx_word' id='word_1_505' title='bbox 2267 2797 2621 2867; x_wconf 88' lang='lat' dir='ltr'><strong>obsequentes</strong></span> <span class='ocrx_word' id='word_1_506' title='bbox 2674 2799 3002 2855; x_wconf 84' lang='lat' dir='ltr'><strong>vocabantur</strong></span> <span class='ocrx_word' id='word_1_507' title='bbox 3025 2815 3066 2864; x_wconf 26' lang='lat'><strong>;.</strong></span> <span class='ocrx_word' id='word_1_508' title='bbox 3096 2801 3371 2858; x_wconf 69' lang='grc' dir='ltr'><strong>ἀκολουθία)</strong></span> <span class='ocrx_word' id='word_1_509' title='bbox 3419 2803 3562 2858; x_wconf 89' lang='lat' dir='ltr'><strong>enim</strong></span> <span class='ocrx_word' id='word_1_510' title='bbox 3620 2803 3824 2869; x_wconf 64' lang='lat' dir='ltr'><strong>Grece,</strong></span> 
     </span>
    </p>
   </div>
   <div class='ocr_carea' id='block_1_75' title="bbox 2266 2887 3830 2962">
    <p class='ocr_par' dir='ltr' id='par_1_75' title="bbox 2266 2887 3830 2962">
     <span class='ocr_line' id='line_1_75' title="bbox 2266 2887 3830 2962; baseline 0.003 -19"><span class='ocrx_word' id='word_1_511' title='bbox 2266 2887 2453 2943; x_wconf 88' lang='lat' dir='ltr'><strong>Latine</strong></span> <span class='ocrx_word' id='word_1_512' title='bbox 2497 2904 2693 2958; x_wconf 91' lang='lat' dir='ltr'><strong>sequor</strong></span> <span class='ocrx_word' id='word_1_513' title='bbox 2731 2889 2946 2945; x_wconf 89' lang='lat' dir='ltr'><strong>dicitur.</strong></span> <span class='ocrx_word' id='word_1_514' title='bbox 2975 2889 3126 2945; x_wconf 83' lang='lat' dir='ltr'><strong>Nunc</strong></span> <span class='ocrx_word' id='word_1_515' title='bbox 3153 2891 3206 2945; x_wconf 92' lang='lat' dir='ltr'><strong>in</strong></span> <span class='ocrx_word' id='word_1_516' title='bbox 3228 2890 3464 2946; x_wconf 87' lang='lat' dir='ltr'><strong>Ecclesia</strong></span> <span class='ocrx_word' id='word_1_517' title='bbox 3500 2893 3830 2962; x_wconf 77' lang='lat' dir='ltr'><strong>cereoferarii</strong></span> 
     </span>
    </p>
   </div>
   <div class='ocr_carea' id='block_1_76' title="bbox 2267 2976 3829 3037">
    <p class='ocr_par' dir='ltr' id='par_1_76' title="bbox 2267 2976 3829 3037">
     <span class='ocr_line' id='line_1_76' title="bbox 2267 2976 3829 3037; baseline 0.003 -5"><span class='ocrx_word' id='word_1_518' title='bbox 2267 2976 2515 3032; x_wconf 90' lang='lat' dir='ltr'><strong>dicuntur</strong></span> <span class='ocrx_word' id='word_1_519' title='bbox 2543 2993 2572 3032; x_wconf 88' lang='lat' dir='ltr'><strong>a</strong></span> <span class='ocrx_word' id='word_1_520' title='bbox 2599 2977 2829 3033; x_wconf 78' lang='lat' dir='ltr'><strong>ferendis</strong></span> <span class='ocrx_word' id='word_1_521' title='bbox 2858 2979 3046 3034; x_wconf 87' lang='lat' dir='ltr'><strong>cereis.</strong></span> <span class='ocrx_word' id='word_1_522' title='bbox 3073 2978 3179 3034; x_wconf 86' lang='lat' dir='ltr'><strong>Sed</strong></span> <span class='ocrx_word' id='word_1_523' title='bbox 3209 2987 3334 3034; x_wconf 91' lang='lat' dir='ltr'><strong>tunc</strong></span> <span class='ocrx_word' id='word_1_524' title='bbox 3359 2980 3463 3035; x_wconf 90' lang='lat' dir='ltr'><strong>dici</strong></span> <span class='ocrx_word' id='word_1_525' title='bbox 3487 2982 3588 3035; x_wconf 93' lang='lat' dir='ltr'><strong>hoc</strong></span> <span class='ocrx_word' id='word_1_526' title='bbox 3609 2983 3829 3037; x_wconf 87' lang='lat' dir='ltr'><strong>nomine</strong></span> 
     </span>
    </p>
   </div>
   <div class='ocr_carea' id='block_1_77' title="bbox 2266 3070 3826 3140">
    <p class='ocr_par' dir='ltr' id='par_1_77' title="bbox 2266 3070 3826 3140">
     <span class='ocr_line' id='line_1_77' title="bbox 2266 3070 3826 3140; baseline 0.002 -14"><span class='ocrx_word' id='word_1_527' title='bbox 2266 3085 2372 3127; x_wconf 91' lang='lat' dir='ltr'><strong>non</strong></span> <span class='ocrx_word' id='word_1_528' title='bbox 2413 3077 2674 3140; x_wconf 82' lang='lat' dir='ltr'><strong>poterant,</strong></span> <span class='ocrx_word' id='word_1_529' title='bbox 2708 3070 2848 3140; x_wconf 91' lang='lat' dir='ltr'><strong>quod</strong></span> <span class='ocrx_word' id='word_1_530' title='bbox 2883 3086 2982 3127; x_wconf 89' lang='lat' dir='ltr'><strong>nec</strong></span> <span class='ocrx_word' id='word_1_531' title='bbox 3008 3071 3134 3138; x_wconf 90' lang='lat' dir='ltr'><strong>mel,</strong></span> <span class='ocrx_word' id='word_1_532' title='bbox 3181 3087 3280 3128; x_wconf 90' lang='lat' dir='ltr'><strong>nec</strong></span> <span class='ocrx_word' id='word_1_533' title='bbox 3309 3088 3432 3128; x_wconf 90' lang='lat' dir='ltr'><strong>cera</strong></span> <span class='ocrx_word' id='word_1_534' title='bbox 3473 3073 3826 3130; x_wconf 83' lang='lat' dir='ltr'><strong>introfereba-</strong></span> 
     </span>
    </p>
   </div>
   <div class='ocr_carea' id='block_1_78' title="bbox 2270 3160 2985 3242">
    <p class='ocr_par' dir='ltr' id='par_1_78' title="bbox 2270 3160 2985 3242">
     <span class='ocr_line' id='line_1_78' title="bbox 2270 3160 2985 3242; baseline 0 -27"><span class='ocrx_word' id='word_1_535' title='bbox 2270 3167 2357 3215; x_wconf 89' lang='lat' dir='ltr'><strong>tur</strong></span> <span class='ocrx_word' id='word_1_536' title='bbox 2391 3163 2443 3214; x_wconf 91' lang='lat' dir='ltr'><strong>in</strong></span> <span class='ocrx_word' id='word_1_537' title='bbox 2461 3160 2732 3242; x_wconf 85' lang='lat' dir='ltr'><strong>sacriﬁcio</strong></span> <span class='ocrx_word' id='word_1_538' title='bbox 2754 3160 2985 3217; x_wconf 85' lang='lat' dir='ltr'><strong>Domini.</strong></span> 
     </span>
    </p>
   </div>
   <div class='ocr_carea' id='block_1_79' title="bbox 2338 3247 3830 3324">
    <p class='ocr_par' dir='ltr' id='par_1_79' title="bbox 2338 3247 3830 3324">
     <span class='ocr_line' id='line_1_79' title="bbox 2338 3247 3830 3324; baseline 0.005 -21"><span class='ocrx_word' id='word_1_539' title='bbox 2338 3247 2654 3306; x_wconf 83' lang='lat' dir='ltr'><strong>Subdiacom‘</strong></span> <span class='ocrx_word' id='word_1_540' title='bbox 2689 3260 2862 3318; x_wconf 83' lang='lat' dir='ltr'><strong>erant,</strong></span> <span class='ocrx_word' id='word_1_541' title='bbox 2907 3267 3042 3323; x_wconf 88' lang='lat' dir='ltr'><strong>quos</strong></span> <span class='ocrx_word' id='word_1_542' title='bbox 3073 3253 3380 3310; x_wconf 79' lang='lat' dir='ltr'><strong>Nathimeos</strong></span> <span class='ocrx_word' id='word_1_543' title='bbox 3418 3254 3700 3320; x_wconf 78' lang='lat' dir='ltr'><strong>vocabant,</strong></span> <span class='ocrx_word' id='word_1_544' title='bbox 3737 3256 3830 3324; x_wconf 91' lang='lat' dir='ltr'><strong>qui</strong></span> 
     </span>
    </p>
   </div>
   <div class='ocr_carea' id='block_1_80' title="bbox 2269 3341 3833 3407">
    <p class='ocr_par' dir='ltr' id='par_1_80' title="bbox 2269 3341 3833 3407">
     <span class='ocr_line' id='line_1_80' title="bbox 2269 3341 3833 3407; baseline 0.002 -11"><span class='ocrx_word' id='word_1_545' title='bbox 2269 3341 2368 3396; x_wconf 91' lang='lat' dir='ltr'><strong>sub</strong></span> <span class='ocrx_word' id='word_1_546' title='bbox 2405 3341 2604 3399; x_wconf 85' lang='lat' dir='ltr'><strong>Levitis</strong></span> <span class='ocrx_word' id='word_1_547' title='bbox 2649 3349 2826 3407; x_wconf 87' lang='lat' dir='ltr'><strong>erant,</strong></span> <span class='ocrx_word' id='word_1_548' title='bbox 2872 3344 3269 3400; x_wconf 87' lang='lat' dir='ltr'><strong>subservientes</strong></span> <span class='ocrx_word' id='word_1_549' title='bbox 3307 3344 3362 3399; x_wconf 86' lang='lat' dir='ltr'><strong>et</strong></span> <span class='ocrx_word' id='word_1_550' title='bbox 3408 3345 3833 3401; x_wconf 87' lang='lat' dir='ltr'><strong>obsecundantes</strong></span> 
     </span>
    </p>
   </div>
   <div class='ocr_carea' id='block_1_81' title="bbox 2269 3433 3830 3500">
    <p class='ocr_par' dir='ltr' id='par_1_81' title="bbox 2269 3433 3830 3500">
     <span class='ocr_line' id='line_1_81' title="bbox 2269 3433 3830 3500; baseline 0 -12"><span class='ocrx_word' id='word_1_551' title='bbox 2269 3435 2392 3489; x_wconf 80' lang='lat' dir='ltr'><strong>illis.</strong></span> <span class='ocrx_word' id='word_1_552' title='bbox 2430 3433 2581 3490; x_wconf 82' lang='lat' dir='ltr'><strong>Unde</strong></span> <span class='ocrx_word' id='word_1_553' title='bbox 2613 3443 2669 3489; x_wconf 90' lang='lat' dir='ltr'><strong>et</strong></span> <span class='ocrx_word' id='word_1_554' title='bbox 2699 3433 2988 3500; x_wconf 68' lang='lat' dir='ltr'><strong>Nathinei,</strong></span> <span class='ocrx_word' id='word_1_555' title='bbox 3029 3435 3081 3489; x_wconf 86' lang='lat' dir='ltr'><strong>id</strong></span> <span class='ocrx_word' id='word_1_556' title='bbox 3111 3443 3211 3500; x_wconf 89' lang='lat' dir='ltr'><strong>est,</strong></span> <span class='ocrx_word' id='word_1_557' title='bbox 3246 3435 3492 3498; x_wconf 88' lang='lat' dir='ltr'><strong>humiles,</strong></span> <span class='ocrx_word' id='word_1_558' title='bbox 3528 3434 3613 3488; x_wconf 86' lang='lat' dir='ltr'><strong>vel</strong></span> <span class='ocrx_word' id='word_1_559' title='bbox 3639 3434 3692 3488; x_wconf 89' lang='lat' dir='ltr'><strong>in</strong></span> <span class='ocrx_word' id='word_1_560' title='bbox 3727 3435 3830 3488; x_wconf 85' lang='lat' dir='ltr'><strong>hu-</strong></span> 
     </span>
    </p>
   </div>
   <div class='ocr_carea' id='block_1_82' title="bbox 2269 3525 3829 3592">
    <p class='ocr_par' dir='ltr' id='par_1_82' title="bbox 2269 3525 3829 3592">
     <span class='ocr_line' id='line_1_82' title="bbox 2269 3525 3829 3592; baseline 0 -13"><span class='ocrx_word' id='word_1_561' title='bbox 2269 3525 2493 3579; x_wconf 88' lang='lat' dir='ltr'><strong>militate</strong></span> <span class='ocrx_word' id='word_1_562' title='bbox 2520 3527 2832 3592; x_wconf 85' lang='lat' dir='ltr'><strong>servientes,</strong></span> <span class='ocrx_word' id='word_1_563' title='bbox 2863 3527 3211 3581; x_wconf 87' lang='lat' dir='ltr'><strong>vocabantur.</strong></span> <span class='ocrx_word' id='word_1_564' title='bbox 3243 3525 3321 3579; x_wconf 80' lang='lat' dir='ltr'><strong>Ex</strong></span> <span class='ocrx_word' id='word_1_565' title='bbox 3351 3525 3576 3579; x_wconf 89' lang='lat' dir='ltr'><strong>istorum</strong></span> <span class='ocrx_word' id='word_1_566' title='bbox 3603 3540 3829 3580; x_wconf 89' lang='lat' dir='ltr'><strong>numero</strong></span> 
     </span>
    </p>
   </div>
   <div class='ocr_carea' id='block_1_83' title="bbox 2270 3613 3831 3687">
    <p class='ocr_par' dir='ltr' id='par_1_83' title="bbox 2270 3613 3831 3687">
     <span class='ocr_line' id='line_1_83' title="bbox 2270 3613 3831 3687; baseline 0.001 -18"><span class='ocrx_word' id='word_1_567' title='bbox 2270 3613 2370 3670; x_wconf 78' lang='lat' dir='ltr'><strong>fuit</strong></span> <span class='ocrx_word' id='word_1_568' title='bbox 2411 3615 2726 3682; x_wconf 84' lang='lat' dir='ltr'><strong>Nathanael,</strong></span> <span class='ocrx_word' id='word_1_569' title='bbox 2769 3617 2860 3687; x_wconf 89' lang='lat' dir='ltr'><strong>qui</strong></span> <span class='ocrx_word' id='word_1_570' title='bbox 2898 3633 2928 3670; x_wconf 93' lang='lat' dir='ltr'><strong>a</strong></span> <span class='ocrx_word' id='word_1_571' title='bbox 2955 3617 3180 3673; x_wconf 91' lang='lat' dir='ltr'><strong>Domino</strong></span> <span class='ocrx_word' id='word_1_572' title='bbox 3216 3617 3270 3672; x_wconf 92' lang='lat' dir='ltr'><strong>in</strong></span> <span class='ocrx_word' id='word_1_573' title='bbox 3303 3615 3589 3686; x_wconf 80' lang='lat' dir='ltr'><strong>Evangelia</strong></span> <span class='ocrx_word' id='word_1_574' title='bbox 3624 3631 3831 3671; x_wconf 89' lang='lat' dir='ltr'><strong>summa</strong></span> 
     </span>
    </p>
   </div>
   <div class='ocr_carea' id='block_1_84' title="bbox 2271 3706 3833 3779">
    <p class='ocr_par' dir='ltr' id='par_1_84' title="bbox 2271 3706 3833 3779">
     <span class='ocr_line' id='line_1_84' title="bbox 2271 3706 3833 3779; baseline 0.001 -18"><span class='ocrx_word' id='word_1_575' title='bbox 2271 3709 2423 3763; x_wconf 87' lang='lat' dir='ltr'><strong>laude</strong></span> <span class='ocrx_word' id='word_1_576' title='bbox 2465 3709 2801 3775; x_wconf 84' lang='lat' dir='ltr'><strong>declaratur;</strong></span> <span class='ocrx_word' id='word_1_577' title='bbox 2837 3709 3010 3779; x_wconf 91' lang='lat' dir='ltr'><strong>ipsum</strong></span> <span class='ocrx_word' id='word_1_578' title='bbox 3046 3723 3166 3764; x_wconf 86' lang='lat' dir='ltr'><strong>esse</strong></span> <span class='ocrx_word' id='word_1_579' title='bbox 3210 3707 3304 3771; x_wconf 87' lang='lat' dir='ltr'><strong>Dei</strong></span> <span class='ocrx_word' id='word_1_580' title='bbox 3345 3706 3513 3761; x_wconf 89' lang='lat' dir='ltr'><strong>ﬁlium</strong></span> <span class='ocrx_word' id='word_1_581' title='bbox 3556 3714 3612 3762; x_wconf 91' lang='lat' dir='ltr'><strong>et</strong></span> <span class='ocrx_word' id='word_1_582' title='bbox 3654 3721 3833 3777; x_wconf 84' lang='lat' dir='ltr'><strong>regem</strong></span> 
     </span>
    </p>
   </div>
   <div class='ocr_carea' id='block_1_85' title="bbox 2271 3785 3258 3867">
    <p class='ocr_par' dir='ltr' id='par_1_85' title="bbox 2271 3785 3258 3867">
     <span class='ocr_line' id='line_1_85' title="bbox 2271 3785 3258 3867; baseline 0.001 -17"><span class='ocrx_word' id='word_1_583' title='bbox 2271 3796 2431 3855; x_wconf 84' lang='lat' dir='ltr'><strong>lsrael</strong></span> <span class='ocrx_word' id='word_1_584' title='bbox 2460 3797 2738 3852; x_wconf 75' lang='lat' dir='ltr'><strong>confessus</strong></span> <span class='ocrx_word' id='word_1_585' title='bbox 2765 3805 2847 3851; x_wconf 91' lang='lat' dir='ltr'><strong>est</strong></span> <span class='ocrx_word' id='word_1_586' title='bbox 2870 3795 3049 3867; x_wconf 79' lang='lat' dir='ltr'><strong>(Joan.</strong></span> <span class='ocrx_word' id='word_1_587' title='bbox 3079 3785 3258 3867; x_wconf 65' lang='lat'><strong>1,49).</strong></span> 
     </span>
    </p>
   </div>
   <div class='ocr_carea' id='block_1_86' title="bbox 2275 3903 3829 3976">
    <p class='ocr_par' dir='ltr' id='par_1_86' title="bbox 2275 3903 3829 3976">
     <span class='ocr_line' id='line_1_86' title="bbox 2275 3903 3829 3976; baseline -0.001 -18"><span class='ocrx_word' id='word_1_588' title='bbox 2275 3904 2400 3959; x_wconf 86' lang='lat' dir='ltr'><strong>Tres</strong></span> <span class='ocrx_word' id='word_1_589' title='bbox 2450 3907 2740 3976; x_wconf 86' lang='lat' dir='ltr'><strong>superiores</strong></span> <span class='ocrx_word' id='word_1_590' title='bbox 2787 3905 3015 3974; x_wconf 80' lang='lat' dir='ltr'><strong>gradus,</strong></span> <span class='ocrx_word' id='word_1_591' title='bbox 3065 3904 3356 3976; x_wconf 56' lang='lat' dir='ltr'><strong>levitarum,</strong></span> <span class='ocrx_word' id='word_1_592' title='bbox 3393 3903 3829 3975; x_wconf 80' lang='lat' dir='ltr'><strong>presbyterorum,</strong></span> 
     </span>
    </p>
   </div>
   <div class='ocr_carea' id='block_1_87' title="bbox 2597 3974 3502 4048">
    <p class='ocr_par' dir='ltr' id='par_1_87' title="bbox 2597 3974 3502 4048">
     <span class='ocr_line' id='line_1_87' title="bbox 2597 3974 3502 4048; baseline -0.001 -20"><span class='ocrx_word' id='word_1_593' title='bbox 2597 3977 2973 4045; x_wconf 82' lang='lat' dir='ltr'><strong>episcoporum,</strong></span> <span class='ocrx_word' id='word_1_594' title='bbox 3018 3975 3122 4048; x_wconf 78' lang='lat' dir='ltr'><strong>sive</strong></span> <span class='ocrx_word' id='word_1_595' title='bbox 3163 3974 3502 4042; x_wconf 68' lang='lat' dir='ltr'><strong>Pontiﬁcum.</strong></span> 
     </span>
    </p>
   </div>
   <div class='ocr_carea' id='block_1_88' title="bbox 2342 4061 3833 4134">
    <p class='ocr_par' dir='ltr' id='par_1_88' title="bbox 2342 4061 3833 4134">
     <span class='ocr_line' id='line_1_88' title="bbox 2342 4061 3833 4134; baseline -0.001 -15"><span class='ocrx_word' id='word_1_596' title='bbox 2342 4064 2637 4120; x_wconf 83' lang='lat' dir='ltr'><strong>Levitarum</strong></span> <span class='ocrx_word' id='word_1_597' title='bbox 2693 4066 2824 4119; x_wconf 88' lang='lat' dir='ltr'><strong>ordo</strong></span> <span class='ocrx_word' id='word_1_598' title='bbox 2879 4064 2947 4118; x_wconf 91' lang='lat' dir='ltr'><strong>ab</strong></span> <span class='ocrx_word' id='word_1_599' title='bbox 2997 4064 3110 4134; x_wconf 88' lang='lat' dir='ltr'><strong>ipsa</strong></span> <span class='ocrx_word' id='word_1_600' title='bbox 3167 4064 3310 4118; x_wconf 90' lang='lat' dir='ltr'><strong>tribu</strong></span> <span class='ocrx_word' id='word_1_601' title='bbox 3363 4061 3490 4119; x_wconf 89' lang='lat' dir='ltr'><strong>Levi</strong></span> <span class='ocrx_word' id='word_1_602' title='bbox 3553 4063 3833 4118; x_wconf 79' lang='lat' dir='ltr'><strong>exordium</strong></span> 
     </span>
    </p>
   </div>
   <div class='ocr_carea' id='block_1_89' title="bbox 2273 4150 3834 4224">
    <p class='ocr_par' dir='ltr' id='par_1_89' title="bbox 2273 4150 3834 4224">
     <span class='ocr_line' id='line_1_89' title="bbox 2273 4150 3834 4224; baseline -0.004 -14"><span class='ocrx_word' id='word_1_603' title='bbox 2273 4155 2500 4224; x_wconf 89' lang='lat' dir='ltr'><strong>sumpsit</strong></span> <span class='ocrx_word' id='word_1_604' title='bbox 2543 4162 2598 4208; x_wconf 91' lang='lat' dir='ltr'><strong>et</strong></span> <span class='ocrx_word' id='word_1_605' title='bbox 2647 4167 2858 4207; x_wconf 91' lang='lat' dir='ltr'><strong>nomen.</strong></span> <span class='ocrx_word' id='word_1_606' title='bbox 2901 4153 3336 4223; x_wconf 6' lang='lat' dir='ltr'><strong>interpretantur,</strong></span> <span class='ocrx_word' id='word_1_607' title='bbox 3367 4153 3646 4222; x_wconf 90' lang='lat' dir='ltr'><strong>assumpti,</strong></span> <span class='ocrx_word' id='word_1_608' title='bbox 3692 4150 3834 4221; x_wconf 89' lang='lat' dir='ltr'><strong>quod</strong></span> 
     </span>
    </p>
   </div>
   <div class='ocr_carea' id='block_1_90' title="bbox 2273 4242 3834 4316">
    <p class='ocr_par' dir='ltr' id='par_1_90' title="bbox 2273 4242 3834 4316">
     <span class='ocr_line' id='line_1_90' title="bbox 2273 4242 3834 4316; baseline -0.001 -17"><span class='ocrx_word' id='word_1_609' title='bbox 2273 4260 2370 4316; x_wconf 90' lang='lat' dir='ltr'><strong>pro</strong></span> <span class='ocrx_word' id='word_1_610' title='bbox 2399 4246 2648 4300; x_wconf 81' lang='lat' dir='ltr'><strong>omnibus</strong></span> <span class='ocrx_word' id='word_1_611' title='bbox 2687 4246 2931 4300; x_wconf 90' lang='lat' dir='ltr'><strong>tribubus</strong></span> <span class='ocrx_word' id='word_1_612' title='bbox 2980 4244 3238 4314; x_wconf 90' lang='lat' dir='ltr'><strong>assumpti</strong></span> <span class='ocrx_word' id='word_1_613' title='bbox 3285 4253 3460 4308; x_wconf 86' lang='lat' dir='ltr'><strong>erant,</strong></span> <span class='ocrx_word' id='word_1_614' title='bbox 3510 4250 3566 4297; x_wconf 88' lang='lat' dir='ltr'><strong>et</strong></span> <span class='ocrx_word' id='word_1_615' title='bbox 3615 4242 3834 4297; x_wconf 89' lang='lat' dir='ltr'><strong>servitio</strong></span> 
     </span>
    </p>
   </div>
   <div class='ocr_carea' id='block_1_91' title="bbox 2274 4334 3834 4405">
    <p class='ocr_par' dir='ltr' id='par_1_91' title="bbox 2274 4334 3834 4405">
     <span class='ocr_line' id='line_1_91' title="bbox 2274 4334 3834 4405; baseline -0.004 -14"><span class='ocrx_word' id='word_1_616' title='bbox 2274 4335 2484 4390; x_wconf 90' lang='lat' dir='ltr'><strong>Domini</strong></span> <span class='ocrx_word' id='word_1_617' title='bbox 2518 4335 2776 4405; x_wconf 89' lang='lat' dir='ltr'><strong>deputati.</strong></span> <span class='ocrx_word' id='word_1_618' title='bbox 2815 4335 2882 4388; x_wconf 91' lang='lat' dir='ltr'><strong>Et</strong></span> <span class='ocrx_word' id='word_1_619' title='bbox 2904 4335 3149 4402; x_wconf 89' lang='lat' dir='ltr'><strong>quamvis</strong></span> <span class='ocrx_word' id='word_1_620' title='bbox 3197 4334 3372 4390; x_wconf 65' lang='lat' dir='ltr'><strong>caueri</strong></span> <span class='ocrx_word' id='word_1_621' title='bbox 3410 4348 3623 4403; x_wconf 88' lang='lat' dir='ltr'><strong>quoque</strong></span> <span class='ocrx_word' id='word_1_622' title='bbox 3663 4334 3834 4386; x_wconf 84' lang='lat' dir='ltr'><strong>mino-</strong></span> 
     </span>
    </p>
   </div>
   <div class='ocr_carea' id='block_1_92' title="bbox 626 4419 3832 4518">
    <p class='ocr_par' dir='ltr' id='par_1_92' title="bbox 626 4419 3832 4518">
     <span class='ocr_line' id='line_1_92' title="bbox 626 4419 3832 4518; baseline -0.003 -32"><span class='ocrx_word' id='word_1_623' title='bbox 626 4432 768 4486; x_wconf 88' lang='lat' dir='ltr'><strong>libus</strong></span> <span class='ocrx_word' id='word_1_624' title='bbox 816 4428 1050 4484; x_wconf 83' lang='lat' dir='ltr'><strong>vestibus</strong></span> <span class='ocrx_word' id='word_1_625' title='bbox 1097 4427 1398 4482; x_wconf 88' lang='lat' dir='ltr'><strong>decoratus.</strong></span> <span class='ocrx_word' id='word_1_626' title='bbox 1446 4428 1684 4482; x_wconf 82' lang='lat' dir='ltr'><strong>Tradunt</strong></span> <span class='ocrx_word' id='word_1_627' title='bbox 1730 4437 1908 4483; x_wconf 88' lang='lat' dir='ltr'><strong>autem</strong></span> <span class='ocrx_word' id='word_1_628' title='bbox 1943 4430 2174 4498; x_wconf 66' lang='lat' dir='ltr'><strong>Hebraei,</strong></span> <span class='ocrx_word' id='word_1_629' title='bbox 2206 4427 2354 4518; x_wconf 73' lang='lat' dir='ltr'><strong>Dris</strong></span> <span class='ocrx_word' id='word_1_630' title='bbox 2386 4427 2592 4482; x_wconf 88' lang='lat' dir='ltr'><strong>ordinis</strong></span> <span class='ocrx_word' id='word_1_631' title='bbox 2618 4425 2683 4479; x_wconf 92' lang='lat' dir='ltr'><strong>de</strong></span> <span class='ocrx_word' id='word_1_632' title='bbox 2721 4426 2860 4479; x_wconf 90' lang='lat' dir='ltr'><strong>tribu</strong></span> <span class='ocrx_word' id='word_1_633' title='bbox 2906 4425 3032 4479; x_wconf 88' lang='lat' dir='ltr'><strong>Levi</strong></span> <span class='ocrx_word' id='word_1_634' title='bbox 3066 4419 3263 4487; x_wconf 80' lang='lat' dir='ltr'><strong>essent,</strong></span> <span class='ocrx_word' id='word_1_635' title='bbox 3306 4424 3609 4493; x_wconf 86' lang='lat' dir='ltr'><strong>specialiter</strong></span> <span class='ocrx_word' id='word_1_636' title='bbox 3656 4431 3832 4518; x_wconf 78' lang='lat' dir='ltr'><strong>tamen</strong></span> 
     </span>
    </p>
   </div>
   <div class='ocr_carea' id='block_1_93' title="bbox 627 4517 2180 4594">
    <p class='ocr_par' dir='ltr' id='par_1_93' title="bbox 627 4517 2180 4594">
     <span class='ocr_line' id='line_1_93' title="bbox 627 4517 2180 4594; baseline 0.001 -18"><span class='ocrx_word' id='word_1_637' title='bbox 627 4523 770 4594; x_wconf 87' lang='lat' dir='ltr'><strong>quod</strong></span> <span class='ocrx_word' id='word_1_638' title='bbox 797 4529 920 4576; x_wconf 90' lang='lat' dir='ltr'><strong>ante</strong></span> <span class='ocrx_word' id='word_1_639' title='bbox 947 4520 1124 4573; x_wconf 83' lang='lat' dir='ltr'><strong>Aaron</strong></span> <span class='ocrx_word' id='word_1_640' title='bbox 1155 4517 1492 4587; x_wconf 88' lang='lat' dir='ltr'><strong>primogeniti</strong></span> <span class='ocrx_word' id='word_1_641' title='bbox 1521 4529 1698 4573; x_wconf 88' lang='lat' dir='ltr'><strong>essent</strong></span> <span class='ocrx_word' id='word_1_642' title='bbox 1723 4521 2044 4578; x_wconf 83' lang='lat' dir='ltr'><strong>sacerdotes.</strong></span> <span class='ocrx_word' id='word_1_643' title='bbox 2078 4522 2180 4578; x_wconf 87' lang='lat' dir='ltr'><strong>De-</strong></span> 
     </span>
    </p>
   </div>
   <div class='ocr_carea' id='block_1_94' title="bbox 629 4608 2186 4683">
    <p class='ocr_par' dir='ltr' id='par_1_94' title="bbox 629 4608 2186 4683">
     <span class='ocr_line' id='line_1_94' title="bbox 629 4608 2186 4683; baseline -0.001 -15"><span class='ocrx_word' id='word_1_644' title='bbox 629 4615 789 4683; x_wconf 84' lang='lat' dir='ltr'><strong>nique</strong></span> <span class='ocrx_word' id='word_1_645' title='bbox 813 4609 1195 4666; x_wconf 74' lang='lat' dir='ltr'><strong>Melchisedech</strong></span> <span class='ocrx_word' id='word_1_646' title='bbox 1219 4616 1497 4662; x_wconf 89' lang='lat' dir='ltr'><strong>autumant</strong></span> <span class='ocrx_word' id='word_1_647' title='bbox 1520 4608 1680 4663; x_wconf 84' lang='lat' dir='ltr'><strong>fuisse</strong></span> <span class='ocrx_word' id='word_1_648' title='bbox 1715 4609 1839 4664; x_wconf 91' lang='lat' dir='ltr'><strong>Sem</strong></span> <span class='ocrx_word' id='word_1_649' title='bbox 1864 4613 2186 4683; x_wconf 87' lang='lat' dir='ltr'><strong>primogeni-</strong></span> 
     </span>
    </p>
   </div>
   <div class='ocr_carea' id='block_1_95' title="bbox 633 4697 2184 4766">
    <p class='ocr_par' dir='ltr' id='par_1_95' title="bbox 633 4697 2184 4766">
     <span class='ocr_line' id='line_1_95' title="bbox 633 4697 2184 4766; baseline -0.001 -8"><span class='ocrx_word' id='word_1_650' title='bbox 633 4714 744 4758; x_wconf 92' lang='lat' dir='ltr'><strong>tum</strong></span> <span class='ocrx_word' id='word_1_651' title='bbox 775 4702 906 4766; x_wconf 85' lang='lat' dir='ltr'><strong>Noe,</strong></span> <span class='ocrx_word' id='word_1_652' title='bbox 939 4699 1266 4754; x_wconf 85' lang='lat' dir='ltr'><strong>sacerdotem</strong></span> <span class='ocrx_word' id='word_1_653' title='bbox 1297 4699 1389 4752; x_wconf 88' lang='lat' dir='ltr'><strong>Dei</strong></span> <span class='ocrx_word' id='word_1_654' title='bbox 1415 4697 1627 4753; x_wconf 83' lang='lat' dir='ltr'><strong>excelsi.</strong></span> <span class='ocrx_word' id='word_1_655' title='bbox 1657 4698 1736 4752; x_wconf 78' lang='lat' dir='ltr'><strong>Ex</strong></span> <span class='ocrx_word' id='word_1_656' title='bbox 1761 4701 2012 4756; x_wconf 80' lang='lat' dir='ltr'><strong>omnibus</strong></span> <span class='ocrx_word' id='word_1_657' title='bbox 2039 4704 2184 4757; x_wconf 88' lang='lat' dir='ltr'><strong>enim</strong></span> 
     </span>
    </p>
   </div>
   <div class='ocr_carea' id='block_1_96' title="bbox 631 4781 2185 4859">
    <p class='ocr_par' dir='ltr' id='par_1_96' title="bbox 631 4781 2185 4859">
     <span class='ocr_line' id='line_1_96' title="bbox 631 4781 2185 4859; baseline 0.001 -14"><span class='ocrx_word' id='word_1_658' title='bbox 631 4781 876 4847; x_wconf 80' lang='lat' dir='ltr'><strong>tribubus</strong></span> <span class='ocrx_word' id='word_1_659' title='bbox 924 4789 1085 4844; x_wconf 83' lang='lat' dir='ltr'><strong>Israel</strong></span> <span class='ocrx_word' id='word_1_660' title='bbox 1115 4788 1275 4859; x_wconf 79' lang='lat' dir='ltr'><strong>elegit</strong></span> <span class='ocrx_word' id='word_1_661' title='bbox 1301 4789 1442 4842; x_wconf 89' lang='lat' dir='ltr'><strong>Deus</strong></span> <span class='ocrx_word' id='word_1_662' title='bbox 1469 4787 1664 4841; x_wconf 85' lang='lat' dir='ltr'><strong>tribum</strong></span> <span class='ocrx_word' id='word_1_663' title='bbox 1701 4787 1847 4851; x_wconf 77' lang='lat' dir='ltr'><strong>Levi,</strong></span> <span class='ocrx_word' id='word_1_664' title='bbox 1888 4797 1944 4842; x_wconf 90' lang='lat' dir='ltr'><strong>et</strong></span> <span class='ocrx_word' id='word_1_665' title='bbox 1973 4805 2039 4843; x_wconf 80' lang='lat' dir='ltr'><strong>ex</strong></span> <span class='ocrx_word' id='word_1_666' title='bbox 2085 4793 2185 4846; x_wconf 89' lang='lat' dir='ltr'><strong>hac</strong></span> 
     </span>
    </p>
   </div>
   <div class='ocr_carea' id='block_1_97' title="bbox 634 4873 2182 4945">
    <p class='ocr_par' dir='ltr' id='par_1_97' title="bbox 634 4873 2182 4945">
     <span class='ocr_line' id='line_1_97' title="bbox 634 4873 2182 4945; baseline 0.001 -13"><span class='ocrx_word' id='word_1_667' title='bbox 634 4878 774 4933; x_wconf 86' lang='lat' dir='ltr'><strong>tribu</strong></span> <span class='ocrx_word' id='word_1_668' title='bbox 815 4876 972 4945; x_wconf 86' lang='lat' dir='ltr'><strong>elegit</strong></span> <span class='ocrx_word' id='word_1_669' title='bbox 992 4876 1173 4929; x_wconf 80' lang='lat' dir='ltr'><strong>Aaron</strong></span> <span class='ocrx_word' id='word_1_670' title='bbox 1209 4891 1474 4930; x_wconf 83' lang='lat' dir='ltr'><strong>summum</strong></span> <span class='ocrx_word' id='word_1_671' title='bbox 1514 4873 1851 4942; x_wconf 84' lang='lat' dir='ltr'><strong>pontiﬁcem;</strong></span> <span class='ocrx_word' id='word_1_672' title='bbox 1880 4874 2016 4930; x_wconf 88' lang='lat' dir='ltr'><strong>ﬁlios</strong></span> <span class='ocrx_word' id='word_1_673' title='bbox 2054 4894 2182 4934; x_wconf 89' lang='lat' dir='ltr'><strong>vero</strong></span> 
     </span>
    </p>
   </div>
   <div class='ocr_carea' id='block_1_98' title="bbox 634 4965 2182 5038">
    <p class='ocr_par' dir='ltr' id='par_1_98' title="bbox 634 4965 2182 5038">
     <span class='ocr_line' id='line_1_98' title="bbox 634 4965 2182 5038; baseline -0.001 -13"><span class='ocrx_word' id='word_1_674' title='bbox 634 4969 748 5038; x_wconf 69' lang='lat' dir='ltr'><strong>eius</strong></span> <span class='ocrx_word' id='word_1_675' title='bbox 786 4969 1009 5022; x_wconf 89' lang='lat' dir='ltr'><strong>minoris</strong></span> <span class='ocrx_word' id='word_1_676' title='bbox 1059 4965 1254 5035; x_wconf 87' lang='lat' dir='ltr'><strong>gradus</strong></span> <span class='ocrx_word' id='word_1_677' title='bbox 1301 4965 1382 5019; x_wconf 87' lang='lat' dir='ltr'><strong>vel</strong></span> <span class='ocrx_word' id='word_1_678' title='bbox 1412 4966 1631 5028; x_wconf 90' lang='lat' dir='ltr'><strong>ordinis,</strong></span> <span class='ocrx_word' id='word_1_679' title='bbox 1667 4981 1801 5035; x_wconf 90' lang='lat' dir='ltr'><strong>quos</strong></span> <span class='ocrx_word' id='word_1_680' title='bbox 1843 4968 2182 5038; x_wconf 82' lang='lat' dir='ltr'><strong>presbyteros</strong></span> 
     </span>
    </p>
   </div>
   <div class='ocr_carea' id='block_1_99' title="bbox 636 5054 2182 5130">
    <p class='ocr_par' dir='ltr' id='par_1_99' title="bbox 636 5054 2182 5130">
     <span class='ocr_line' id='line_1_99' title="bbox 636 5054 2182 5130; baseline -0.001 -16"><span class='ocrx_word' id='word_1_681' title='bbox 636 5059 982 5130; x_wconf 81' lang='lat' dir='ltr'><strong>appellamus.</strong></span> <span class='ocrx_word' id='word_1_682' title='bbox 1022 5054 1254 5110; x_wconf 70' lang='lat' dir='ltr'><strong>Czeteros</strong></span> <span class='ocrx_word' id='word_1_683' title='bbox 1291 5056 1340 5109; x_wconf 92' lang='lat' dir='ltr'><strong>in</strong></span> <span class='ocrx_word' id='word_1_684' title='bbox 1365 5056 1548 5109; x_wconf 88' lang='lat' dir='ltr'><strong>eadem</strong></span> <span class='ocrx_word' id='word_1_685' title='bbox 1587 5056 1727 5110; x_wconf 90' lang='lat' dir='ltr'><strong>tribu</strong></span> <span class='ocrx_word' id='word_1_686' title='bbox 1759 5058 1992 5126; x_wconf 86' lang='lat' dir='ltr'><strong>generali</strong></span> <span class='ocrx_word' id='word_1_687' title='bbox 2025 5074 2182 5112; x_wconf 85' lang='lat' dir='ltr'><strong>voca-</strong></span> 
     </span>
    </p>
   </div>
   <div class='ocr_carea' id='block_1_100' title="bbox 634 5145 2183 5217">
    <p class='ocr_par' dir='ltr' id='par_1_100' title="bbox 634 5145 2183 5217">
     <span class='ocr_line' id='line_1_100' title="bbox 634 5145 2183 5217; baseline -0.005 -9"><span class='ocrx_word' id='word_1_688' title='bbox 634 5152 760 5208; x_wconf 81' lang='lat' dir='ltr'><strong>bula</strong></span> <span class='ocrx_word' id='word_1_689' title='bbox 784 5149 998 5204; x_wconf 87' lang='lat' dir='ltr'><strong>Levitas</strong></span> <span class='ocrx_word' id='word_1_690' title='bbox 1025 5156 1355 5216; x_wconf 88' lang='lat' dir='ltr'><strong>nuncupant,</strong></span> <span class='ocrx_word' id='word_1_691' title='bbox 1406 5146 1628 5200; x_wconf 86' lang='lat' dir='ltr'><strong>diversis</strong></span> <span class='ocrx_word' id='word_1_692' title='bbox 1652 5145 1902 5217; x_wconf 88' lang='lat' dir='ltr'><strong>gradibus</strong></span> <span class='ocrx_word' id='word_1_693' title='bbox 1940 5156 1992 5202; x_wconf 89' lang='lat' dir='ltr'><strong>et</strong></span> <span class='ocrx_word' id='word_1_694' title='bbox 2026 5149 2183 5202; x_wconf 91' lang='lat' dir='ltr'><strong>mini-</strong></span> 
     </span>
    </p>
   </div>
   <div class='ocr_carea' id='block_1_101' title="bbox 635 5235 2179 5307">
    <p class='ocr_par' dir='ltr' id='par_1_101' title="bbox 635 5235 2179 5307">
     <span class='ocr_line' id='line_1_101' title="bbox 635 5235 2179 5307; baseline -0.004 -12"><span class='ocrx_word' id='word_1_695' title='bbox 635 5240 814 5295; x_wconf 84' lang='lat' dir='ltr'><strong>steriis</strong></span> <span class='ocrx_word' id='word_1_696' title='bbox 843 5236 1128 5307; x_wconf 86' lang='lat' dir='ltr'><strong>delegatos.</strong></span> <span class='ocrx_word' id='word_1_697' title='bbox 1153 5236 1376 5302; x_wconf 84' lang='lat' dir='ltr'><strong>Quidam</strong></span> <span class='ocrx_word' id='word_1_698' title='bbox 1407 5235 1546 5288; x_wconf 91' lang='lat' dir='ltr'><strong>enim</strong></span> <span class='ocrx_word' id='word_1_699' title='bbox 1579 5249 1640 5288; x_wconf 79' lang='lat' dir='ltr'><strong>ex</strong></span> <span class='ocrx_word' id='word_1_700' title='bbox 1678 5235 1805 5302; x_wconf 91' lang='lat' dir='ltr'><strong>ipsis</strong></span> <span class='ocrx_word' id='word_1_701' title='bbox 1829 5245 1983 5291; x_wconf 88' lang='lat' dir='ltr'><strong>erant</strong></span> <span class='ocrx_word' id='word_1_702' title='bbox 2013 5238 2179 5292; x_wconf 85' lang='lat' dir='ltr'><strong>ostia-</strong></span> 
     </span>
    </p>
   </div>
   <div class='ocr_carea' id='block_1_102' title="bbox 638 5321 2182 5394">
    <p class='ocr_par' dir='ltr' id='par_1_102' title="bbox 638 5321 2182 5394">
     <span class='ocr_line' id='line_1_102' title="bbox 638 5321 2182 5394; baseline -0.006 -9"><span class='ocrx_word' id='word_1_703' title='bbox 638 5331 724 5392; x_wconf 90' lang='lat' dir='ltr'><strong>rii,</strong></span> <span class='ocrx_word' id='word_1_704' title='bbox 770 5337 824 5382; x_wconf 90' lang='lat' dir='ltr'><strong>et</strong></span> <span class='ocrx_word' id='word_1_705' title='bbox 852 5326 907 5382; x_wconf 88' lang='lat' dir='ltr'><strong>hi</strong></span> <span class='ocrx_word' id='word_1_706' title='bbox 952 5331 1104 5378; x_wconf 90' lang='lat' dir='ltr'><strong>erant</strong></span> <span class='ocrx_word' id='word_1_707' title='bbox 1135 5324 1187 5376; x_wconf 93' lang='lat' dir='ltr'><strong>in</strong></span> <span class='ocrx_word' id='word_1_708' title='bbox 1226 5323 1397 5390; x_wconf 88' lang='lat' dir='ltr'><strong>primo</strong></span> <span class='ocrx_word' id='word_1_709' title='bbox 1438 5330 1491 5377; x_wconf 90' lang='lat' dir='ltr'><strong>et</strong></span> <span class='ocrx_word' id='word_1_710' title='bbox 1537 5323 1590 5376; x_wconf 92' lang='lat' dir='ltr'><strong>in</strong></span> <span class='ocrx_word' id='word_1_711' title='bbox 1619 5321 1858 5377; x_wconf 83' lang='lat' dir='ltr'><strong>inferiori</strong></span> <span class='ocrx_word' id='word_1_712' title='bbox 1895 5325 2098 5394; x_wconf 81' lang='lat' dir='ltr'><strong>gradu;</strong></span> <span class='ocrx_word' id='word_1_713' title='bbox 2126 5327 2182 5380; x_wconf 86' lang='lat' dir='ltr'><strong>in</strong></span> 
     </span>
    </p>
   </div>
   <div class='ocr_carea' id='block_1_103' title="bbox 639 5411 2184 5487">
    <p class='ocr_par' dir='ltr' id='par_1_103' title="bbox 639 5411 2184 5487">
     <span class='ocr_line' id='line_1_103' title="bbox 639 5411 2184 5487; baseline -0.006 -12"><span class='ocrx_word' id='word_1_714' title='bbox 639 5418 868 5480; x_wconf 80' lang='lat' dir='ltr'><strong>secundo</strong></span> <span class='ocrx_word' id='word_1_715' title='bbox 920 5414 1182 5477; x_wconf 76' lang='lat' dir='ltr'><strong>lectares;</strong></span> <span class='ocrx_word' id='word_1_716' title='bbox 1218 5412 1273 5464; x_wconf 90' lang='lat' dir='ltr'><strong>in</strong></span> <span class='ocrx_word' id='word_1_717' title='bbox 1318 5411 1476 5466; x_wconf 84' lang='lat' dir='ltr'><strong>tertio</strong></span> <span class='ocrx_word' id='word_1_718' title='bbox 1529 5411 1844 5487; x_wconf 66' lang='lat' dir='ltr'><strong>exorcistz;</strong></span> <span class='ocrx_word' id='word_1_719' title='bbox 1887 5413 1940 5465; x_wconf 90' lang='lat' dir='ltr'><strong>in</strong></span> <span class='ocrx_word' id='word_1_720' title='bbox 1991 5422 2184 5483; x_wconf 88' lang='lat' dir='ltr'><strong>quarto</strong></span> 
     </span>
    </p>
   </div>
   <div class='ocr_carea' id='block_1_104' title="bbox 640 5501 2184 5578">
    <p class='ocr_par' dir='ltr' id='par_1_104' title="bbox 640 5501 2184 5578">
     <span class='ocr_line' id='line_1_104' title="bbox 640 5501 2184 5578; baseline -0.003 -16"><span class='ocrx_word' id='word_1_721' title='bbox 640 5507 827 5578; x_wconf 84' lang='lat' dir='ltr'><strong>acolyti</strong></span> <span class='ocrx_word' id='word_1_722' title='bbox 851 5524 867 5571; x_wconf 88' lang='lat'><strong>;</strong></span> <span class='ocrx_word' id='word_1_723' title='bbox 895 5507 947 5560; x_wconf 90' lang='lat' dir='ltr'><strong>in</strong></span> <span class='ocrx_word' id='word_1_724' title='bbox 976 5505 1164 5576; x_wconf 86' lang='lat' dir='ltr'><strong>quinto</strong></span> <span class='ocrx_word' id='word_1_725' title='bbox 1204 5501 1549 5565; x_wconf 85' lang='lat' dir='ltr'><strong>subdiaconi;</strong></span> <span class='ocrx_word' id='word_1_726' title='bbox 1583 5502 1637 5554; x_wconf 91' lang='lat' dir='ltr'><strong>in</strong></span> <span class='ocrx_word' id='word_1_727' title='bbox 1675 5512 1827 5557; x_wconf 79' lang='lat' dir='ltr'><strong>sexto</strong></span> <span class='ocrx_word' id='word_1_728' title='bbox 1857 5504 2102 5571; x_wconf 88' lang='lat' dir='ltr'><strong>diaconi;</strong></span> <span class='ocrx_word' id='word_1_729' title='bbox 2132 5507 2184 5558; x_wconf 90' lang='lat' dir='ltr'><strong>in</strong></span> 
     </span>
    </p>
   </div>
   <div class='ocr_carea' id='block_1_105' title="bbox 643 5593 2184 5666">
    <p class='ocr_par' dir='ltr' id='par_1_105' title="bbox 643 5593 2184 5666">
     <span class='ocr_line' id='line_1_105' title="bbox 643 5593 2184 5666; baseline -0.002 -16"><span class='ocrx_word' id='word_1_730' title='bbox 643 5599 865 5666; x_wconf 83' lang='lat' dir='ltr'><strong>septimo</strong></span> <span class='ocrx_word' id='word_1_731' title='bbox 889 5593 1185 5666; x_wconf 82' lang='lat' dir='ltr'><strong>presbyteri</strong></span> <span class='ocrx_word' id='word_1_732' title='bbox 1213 5609 1227 5656; x_wconf 86' lang='lat'><strong>;</strong></span> <span class='ocrx_word' id='word_1_733' title='bbox 1251 5593 1303 5645; x_wconf 90' lang='lat' dir='ltr'><strong>in</strong></span> <span class='ocrx_word' id='word_1_734' title='bbox 1331 5606 1598 5662; x_wconf 83' lang='lat' dir='ltr'><strong>supremo,</strong></span> <span class='ocrx_word' id='word_1_735' title='bbox 1630 5593 1990 5649; x_wconf 81' lang='lat' dir='ltr'><strong>excellentiori</strong></span> <span class='ocrx_word' id='word_1_736' title='bbox 2017 5596 2184 5665; x_wconf 88' lang='lat' dir='ltr'><strong>gradu</strong></span> 
     </span>
    </p>
   </div>
   <div class='ocr_carea' id='block_1_106' title="bbox 644 5675 2205 5757">
    <p class='ocr_par' dir='ltr' id='par_1_106' title="bbox 644 5675 2205 5757">
     <span class='ocr_line' id='line_1_106' title="bbox 644 5675 2205 5757; baseline 0 -20"><span class='ocrx_word' id='word_1_737' title='bbox 644 5675 892 5757; x_wconf 70' lang='lat' dir='ltr'><strong>cpismpi</strong></span> <span class='ocrx_word' id='word_1_738' title='bbox 919 5687 1030 5738; x_wconf 80' lang='lat' dir='ltr'><strong>sive</strong></span> <span class='ocrx_word' id='word_1_739' title='bbox 1056 5681 1333 5754; x_wconf 76' lang='lat' dir='ltr'><strong>pontiﬁces</strong></span> <span class='ocrx_word' id='word_1_740' title='bbox 1372 5683 1641 5736; x_wconf 84' lang='lat' dir='ltr'><strong>constituti</strong></span> <span class='ocrx_word' id='word_1_741' title='bbox 1696 5693 1867 5737; x_wconf 88' lang='lat' dir='ltr'><strong>erant.</strong></span> <span class='ocrx_word' id='word_1_742' title='bbox 1921 5684 1983 5737; x_wconf 88' lang='lat' dir='ltr'><strong>Hi</strong></span> <span class='ocrx_word' id='word_1_743' title='bbox 2033 5695 2205 5737; x_wconf 64' lang='lat' dir='ltr'><strong>erant</strong></span> 
     </span>
    </p>
   </div>
   <div class='ocr_carea' id='block_1_107' title="bbox 2281 4509 3833 4585">
    <p class='ocr_par' dir='ltr' id='par_1_107' title="bbox 2281 4509 3833 4585">
     <span class='ocr_line' id='line_1_107' title="bbox 2281 4509 3833 4585; baseline -0.006 -13"><span class='ocrx_word' id='word_1_744' title='bbox 2281 4518 2367 4572; x_wconf 91' lang='lat' dir='ltr'><strong>hic</strong></span> <span class='ocrx_word' id='word_1_745' title='bbox 2402 4516 2535 4571; x_wconf 92' lang='lat' dir='ltr'><strong>ordo</strong></span> <span class='ocrx_word' id='word_1_746' title='bbox 2569 4515 2876 4569; x_wconf 87' lang='lat' dir='ltr'><strong>Levitarum</strong></span> <span class='ocrx_word' id='word_1_747' title='bbox 2916 4515 3013 4570; x_wconf 89' lang='lat' dir='ltr'><strong>sub</strong></span> <span class='ocrx_word' id='word_1_748' title='bbox 3046 4515 3376 4585; x_wconf 80' lang='lat' dir='ltr'><strong>presbyteris</strong></span> <span class='ocrx_word' id='word_1_749' title='bbox 3416 4514 3711 4576; x_wconf 88' lang='lat' dir='ltr'><strong>dicebatur,</strong></span> <span class='ocrx_word' id='word_1_750' title='bbox 3741 4509 3833 4580; x_wconf 85' lang='lat' dir='ltr'><strong>qui</strong></span> 
     </span>
    </p>
   </div>
   <div class='ocr_carea' id='block_1_108' title="bbox 2279 4587 3836 4680">
    <p class='ocr_par' dir='ltr' id='par_1_108' title="bbox 2279 4587 3836 4680">
     <span class='ocr_line' id='line_1_108' title="bbox 2279 4587 3836 4680; baseline -0.004 -18"><span class='ocrx_word' id='word_1_751' title='bbox 2279 4623 2376 4677; x_wconf 90' lang='lat' dir='ltr'><strong>per</strong></span> <span class='ocrx_word' id='word_1_752' title='bbox 2413 4608 2804 4662; x_wconf 83' lang='lat' dir='ltr'><strong>ordinationem</strong></span> <span class='ocrx_word' id='word_1_753' title='bbox 2846 4606 3026 4659; x_wconf 81' lang='lat' dir='ltr'><strong>Aaron</strong></span> <span class='ocrx_word' id='word_1_754' title='bbox 3055 4612 3110 4659; x_wconf 92' lang='lat' dir='ltr'><strong>et</strong></span> <span class='ocrx_word' id='word_1_755' title='bbox 3141 4604 3372 4659; x_wconf 87' lang='lat' dir='ltr'><strong>ﬁliorum</strong></span> <span class='ocrx_word' id='word_1_756' title='bbox 3390 4603 3516 4680; x_wconf 78' lang='lat' dir='ltr'><strong>ejus</strong></span> <span class='ocrx_word' id='word_1_757' title='bbox 3551 4587 3836 4659; x_wconf 67' lang='lat' dir='ltr'><strong>consecra-</strong></span> 
     </span>
    </p>
   </div>
   <div class='ocr_carea' id='block_1_109' title="bbox 2279 4693 3835 4764">
    <p class='ocr_par' dir='ltr' id='par_1_109' title="bbox 2279 4693 3835 4764">
     <span class='ocr_line' id='line_1_109' title="bbox 2279 4693 3835 4764; baseline -0.003 -13"><span class='ocrx_word' id='word_1_758' title='bbox 2279 4699 2507 4761; x_wconf 77' lang='lat' dir='ltr'><strong>bantur;</strong></span> <span class='ocrx_word' id='word_1_759' title='bbox 2562 4695 2886 4749; x_wconf 81' lang='lat' dir='ltr'><strong>excubantes</strong></span> <span class='ocrx_word' id='word_1_760' title='bbox 2936 4707 3147 4764; x_wconf 88' lang='lat' dir='ltr'><strong>semper</strong></span> <span class='ocrx_word' id='word_1_761' title='bbox 3200 4695 3252 4748; x_wconf 93' lang='lat' dir='ltr'><strong>in</strong></span> <span class='ocrx_word' id='word_1_762' title='bbox 3309 4693 3503 4764; x_wconf 90' lang='lat' dir='ltr'><strong>templo</strong></span> <span class='ocrx_word' id='word_1_763' title='bbox 3557 4693 3672 4747; x_wconf 88' lang='lat' dir='ltr'><strong>Dei.</strong></span> <span class='ocrx_word' id='word_1_764' title='bbox 3730 4693 3835 4760; x_wconf 87' lang='lat' dir='ltr'><strong>Ipsi</strong></span> 
     </span>
    </p>
   </div>
   <div class='ocr_carea' id='block_1_110' title="bbox 2279 4781 3911 4856">
    <p class='ocr_par' dir='ltr' id='par_1_110' title="bbox 2279 4781 3911 4856">
     <span class='ocr_line' id='line_1_110' title="bbox 2279 4781 3911 4856; baseline -0.004 -16"><span class='ocrx_word' id='word_1_765' title='bbox 2279 4785 2558 4856; x_wconf 88' lang='lat' dir='ltr'><strong>gestabant</strong></span> <span class='ocrx_word' id='word_1_766' title='bbox 2585 4799 2782 4848; x_wconf 91' lang='lat' dir='ltr'><strong>arcam,</strong></span> <span class='ocrx_word' id='word_1_767' title='bbox 2815 4783 3215 4838; x_wconf 86' lang='lat' dir='ltr'><strong>tabernaculum</strong></span> <span class='ocrx_word' id='word_1_768' title='bbox 3263 4791 3318 4836; x_wconf 90' lang='lat' dir='ltr'><strong>et</strong></span> <span class='ocrx_word' id='word_1_769' title='bbox 3360 4783 3696 4836; x_wconf 88' lang='lat' dir='ltr'><strong>victimarum</strong></span> <span class='ocrx_word' id='word_1_770' title='bbox 3724 4781 3838 4836; x_wconf 58' lang='lat' dir='ltr'><strong>adi-</strong></span> <span class='ocrx_word' id='word_1_771' title='bbox 3908 4831 3911 4833; x_wconf 71' lang='grc'><strong>,</strong></span> 
     </span>
    </p>
   </div>
   <div class='ocr_carea' id='block_1_111' title="bbox 2280 4872 3735 4944">
    <p class='ocr_par' dir='ltr' id='par_1_111' title="bbox 2280 4872 3735 4944">
     <span class='ocr_line' id='line_1_111' title="bbox 2280 4872 3735 4944; baseline -0.005 -15"><span class='ocrx_word' id='word_1_772' title='bbox 2280 4891 2402 4944; x_wconf 91' lang='lat' dir='ltr'><strong>pem</strong></span> <span class='ocrx_word' id='word_1_773' title='bbox 2430 4874 2792 4929; x_wconf 84' lang='lat' dir='ltr'><strong>sacerdotibus</strong></span> <span class='ocrx_word' id='word_1_774' title='bbox 2819 4872 3135 4928; x_wconf 77' lang='lat' dir='ltr'><strong>oﬁ‘erebant.</strong></span> <span class='ocrx_word' id='word_1_775' title='bbox 3681 4882 3686 4887; x_wconf 87' lang='grc'><strong>·</strong></span> <span class='ocrx_word' id='word_1_776' title='bbox 3733 4910 3735 4914; x_wconf 87' lang='grc'>.</span> 
     </span>
    </p>
   </div>
   <div class='ocr_carea' id='block_1_112' title="bbox 2341 4954 3836 5035">
    <p class='ocr_par' dir='ltr' id='par_1_112' title="bbox 2341 4954 3836 5035">
     <span class='ocr_line' id='line_1_112' title="bbox 2341 4954 3836 5035; baseline -0.001 -17"><span class='ocrx_word' id='word_1_777' title='bbox 2341 4963 2497 5035; x_wconf 66' lang='grc'><strong>491</strong></span> <span class='ocrx_word' id='word_1_778' title='bbox 2507 4962 2776 5033; x_wconf 89' lang='lat' dir='ltr'><strong>Septimus</strong></span> <span class='ocrx_word' id='word_1_779' title='bbox 2789 4963 2919 5017; x_wconf 90' lang='lat' dir='ltr'><strong>ordo</strong></span> <span class='ocrx_word' id='word_1_780' title='bbox 2934 4960 3271 5017; x_wconf 81' lang='lat' dir='ltr'><strong>Sacerdotum</strong></span> <span class='ocrx_word' id='word_1_781' title='bbox 3287 4954 3371 5017; x_wconf 85' lang='lat' dir='ltr'><strong>vel</strong></span> <span class='ocrx_word' id='word_1_782' title='bbox 3387 4957 3811 5032; x_wconf 81' lang='lat' dir='ltr'><strong>Presbyterorum</strong></span> <span class='ocrx_word' id='word_1_783' title='bbox 3821 5004 3836 5025; x_wconf 92' lang='lat'><strong>,</strong></span> 
     </span>
    </p>
   </div>
   <div class='ocr_carea' id='block_1_113' title="bbox 2284 5043 3839 5129">
    <p class='ocr_par' dir='ltr' id='par_1_113' title="bbox 2284 5043 3839 5129">
     <span class='ocr_line' id='line_1_113' title="bbox 2284 5043 3839 5129; baseline -0.006 -15"><span class='ocrx_word' id='word_1_784' title='bbox 2284 5057 2378 5114; x_wconf 84' lang='lat' dir='ltr'><strong>ﬁlii</strong></span> <span class='ocrx_word' id='word_1_785' title='bbox 2421 5057 2623 5111; x_wconf 90' lang='lat' dir='ltr'><strong>scilicet</strong></span> <span class='ocrx_word' id='word_1_786' title='bbox 2655 5056 2858 5120; x_wconf 85' lang='lat' dir='ltr'><strong>Aaron,</strong></span> <span class='ocrx_word' id='word_1_787' title='bbox 2893 5054 3087 5122; x_wconf 88' lang='lat' dir='ltr'><strong>quibus</strong></span> <span class='ocrx_word' id='word_1_788' title='bbox 3121 5054 3382 5109; x_wconf 87' lang='lat' dir='ltr'><strong>sacriﬁcia</strong></span> <span class='ocrx_word' id='word_1_789' title='bbox 3422 5063 3478 5108; x_wconf 92' lang='lat' dir='ltr'><strong>et</strong></span> <span class='ocrx_word' id='word_1_790' title='bbox 3507 5043 3839 5129; x_wconf 87' lang='lat' dir='ltr'><strong>holocausta,</strong></span> 
     </span>
    </p>
   </div>
   <div class='ocr_carea' id='block_1_114' title="bbox 2282 5144 3842 5218">
    <p class='ocr_par' dir='ltr' id='par_1_114' title="bbox 2282 5144 3842 5218">
     <span class='ocr_line' id='line_1_114' title="bbox 2282 5144 3842 5218; baseline -0.002 -17"><span class='ocrx_word' id='word_1_791' title='bbox 2282 5157 2441 5218; x_wconf 86' lang='lat' dir='ltr'><strong>atque</strong></span> <span class='ocrx_word' id='word_1_792' title='bbox 2465 5149 2638 5205; x_wconf 88' lang='lat' dir='ltr'><strong>omnis</strong></span> <span class='ocrx_word' id='word_1_793' title='bbox 2661 5144 2838 5216; x_wconf 89' lang='lat' dir='ltr'><strong>templi</strong></span> <span class='ocrx_word' id='word_1_794' title='bbox 2867 5147 2960 5201; x_wconf 81' lang='lat' dir='ltr'><strong>Dei</strong></span> <span class='ocrx_word' id='word_1_795' title='bbox 2983 5146 3156 5201; x_wconf 90' lang='lat' dir='ltr'><strong>cultus</strong></span> <span class='ocrx_word' id='word_1_796' title='bbox 3184 5147 3501 5218; x_wconf 88' lang='lat' dir='ltr'><strong>commissus</strong></span> <span class='ocrx_word' id='word_1_797' title='bbox 3519 5153 3637 5201; x_wconf 90' lang='lat' dir='ltr'><strong>erat</strong></span> <span class='ocrx_word' id='word_1_798' title='bbox 3660 5153 3714 5199; x_wconf 90' lang='lat' dir='ltr'><strong>et</strong></span> <span class='ocrx_word' id='word_1_799' title='bbox 3738 5152 3842 5198; x_wconf 59' lang='lat' dir='ltr'><strong>tra-</strong></span> 
     </span>
    </p>
   </div>
   <div class='ocr_carea' id='block_1_115' title="bbox 2281 5235 3841 5309">
    <p class='ocr_par' dir='ltr' id='par_1_115' title="bbox 2281 5235 3841 5309">
     <span class='ocr_line' id='line_1_115' title="bbox 2281 5235 3841 5309; baseline -0.003 -17"><span class='ocrx_word' id='word_1_800' title='bbox 2281 5239 2443 5304; x_wconf 87' lang='lat' dir='ltr'><strong>ditus,</strong></span> <span class='ocrx_word' id='word_1_801' title='bbox 2469 5253 2697 5309; x_wconf 89' lang='lat' dir='ltr'><strong>quorum</strong></span> <span class='ocrx_word' id='word_1_802' title='bbox 2723 5246 2841 5292; x_wconf 90' lang='lat' dir='ltr'><strong>erat</strong></span> <span class='ocrx_word' id='word_1_803' title='bbox 2859 5238 3163 5293; x_wconf 90' lang='lat' dir='ltr'><strong>discernere</strong></span> <span class='ocrx_word' id='word_1_804' title='bbox 3189 5235 3329 5290; x_wconf 91' lang='lat' dir='ltr'><strong>inter</strong></span> <span class='ocrx_word' id='word_1_805' title='bbox 3348 5235 3634 5306; x_wconf 79' lang='lat' dir='ltr'><strong>profanum</strong></span> <span class='ocrx_word' id='word_1_806' title='bbox 3651 5240 3705 5288; x_wconf 92' lang='lat' dir='ltr'><strong>et</strong></span> <span class='ocrx_word' id='word_1_807' title='bbox 3723 5249 3841 5288; x_wconf 84' lang='lat' dir='ltr'><strong>san-</strong></span> 
     </span>
    </p>
   </div>
   <div class='ocr_carea' id='block_1_116' title="bbox 2288 5327 3846 5397">
    <p class='ocr_par' dir='ltr' id='par_1_116' title="bbox 2288 5327 3846 5397">
     <span class='ocr_line' id='line_1_116' title="bbox 2288 5327 3846 5397; baseline -0.003 -13"><span class='ocrx_word' id='word_1_808' title='bbox 2288 5339 2452 5395; x_wconf 90' lang='lat' dir='ltr'><strong>ctum,</strong></span> <span class='ocrx_word' id='word_1_809' title='bbox 2483 5330 2627 5384; x_wconf 89' lang='lat' dir='ltr'><strong>inter</strong></span> <span class='ocrx_word' id='word_1_810' title='bbox 2655 5329 2986 5385; x_wconf 88' lang='lat' dir='ltr'><strong>immundum</strong></span> <span class='ocrx_word' id='word_1_811' title='bbox 3024 5336 3079 5382; x_wconf 91' lang='lat' dir='ltr'><strong>et</strong></span> <span class='ocrx_word' id='word_1_812' title='bbox 3116 5327 3402 5393; x_wconf 88' lang='lat' dir='ltr'><strong>mundum;</strong></span> <span class='ocrx_word' id='word_1_813' title='bbox 3451 5335 3507 5383; x_wconf 91' lang='lat' dir='ltr'><strong>et</strong></span> <span class='ocrx_word' id='word_1_814' title='bbox 3539 5327 3846 5397; x_wconf 87' lang='lat' dir='ltr'><strong>quicunque</strong></span> 
     </span>
    </p>
   </div>
   <div class='ocr_carea' id='block_1_117' title="bbox 2289 5414 3845 5488">
    <p class='ocr_par' dir='ltr' id='par_1_117' title="bbox 2289 5414 3845 5488">
     <span class='ocr_line' id='line_1_117' title="bbox 2289 5414 3845 5488; baseline -0.004 -15"><span class='ocrx_word' id='word_1_815' title='bbox 2289 5417 2579 5473; x_wconf 85' lang='lat' dir='ltr'><strong>secundum</strong></span> <span class='ocrx_word' id='word_1_816' title='bbox 2605 5416 2773 5488; x_wconf 83' lang='lat' dir='ltr'><strong>legem</strong></span> <span class='ocrx_word' id='word_1_817' title='bbox 2809 5416 3156 5480; x_wconf 84' lang='lat' dir='ltr'><strong>mundandus,</strong></span> <span class='ocrx_word' id='word_1_818' title='bbox 3185 5415 3270 5470; x_wconf 82' lang='lat' dir='ltr'><strong>vel</strong></span> <span class='ocrx_word' id='word_1_819' title='bbox 3310 5415 3660 5472; x_wconf 63' lang='lat' dir='ltr'><strong>immunditia</strong></span> <span class='ocrx_word' id='word_1_820' title='bbox 3693 5414 3845 5484; x_wconf 84' lang='lat' dir='ltr'><strong>adju-</strong></span> 
     </span>
    </p>
   </div>
   <div class='ocr_carea' id='block_1_118' title="bbox 2290 5493 3847 5572">
    <p class='ocr_par' dir='ltr' id='par_1_118' title="bbox 2290 5493 3847 5572">
     <span class='ocr_line' id='line_1_118' title="bbox 2290 5493 3847 5572; baseline 0.002 -12"><span class='ocrx_word' id='word_1_821' title='bbox 2290 5505 2542 5560; x_wconf 89' lang='lat' dir='ltr'><strong>dicandus</strong></span> <span class='ocrx_word' id='word_1_822' title='bbox 2566 5515 2699 5571; x_wconf 89' lang='lat' dir='ltr'><strong>erat,</strong></span> <span class='ocrx_word' id='word_1_823' title='bbox 2731 5493 2939 5559; x_wconf 89' lang='lat' dir='ltr'><strong>illorum</strong></span> <span class='ocrx_word' id='word_1_824' title='bbox 2957 5506 3158 5572; x_wconf 67' lang='lat' dir='ltr'><strong>Judicio</strong></span> <span class='ocrx_word' id='word_1_825' title='bbox 3181 5509 3411 5561; x_wconf 87' lang='lat' dir='ltr'><strong>mundus</strong></span> <span class='ocrx_word' id='word_1_826' title='bbox 3430 5507 3513 5561; x_wconf 88' lang='lat' dir='ltr'><strong>vel</strong></span> <span class='ocrx_word' id='word_1_827' title='bbox 3537 5504 3847 5563; x_wconf 86' lang='lat' dir='ltr'><strong>immundus</strong></span> 
     </span>
    </p>
   </div>
   <div class='ocr_carea' id='block_1_119' title="bbox 2290 5580 3846 5668">
    <p class='ocr_par' dir='ltr' id='par_1_119' title="bbox 2290 5580 3846 5668">
     <span class='ocr_line' id='line_1_119' title="bbox 2290 5580 3846 5668; baseline 0.002 -19"><span class='ocrx_word' id='word_1_828' title='bbox 2290 5580 2709 5650; x_wconf 82' lang='lat' dir='ltr'><strong>discernebatur.</strong></span> <span class='ocrx_word' id='word_1_829' title='bbox 2736 5596 3122 5665; x_wconf 80' lang='lat' dir='ltr'><strong>Interpretatur</strong></span> <span class='ocrx_word' id='word_1_830' title='bbox 3148 5605 3326 5652; x_wconf 89' lang='lat' dir='ltr'><strong>autem</strong></span> <span class='ocrx_word' id='word_1_831' title='bbox 3351 5601 3613 5668; x_wconf 77' lang='lat' dir='ltr'><strong>presbyter</strong></span> <span class='ocrx_word' id='word_1_832' title='bbox 3639 5601 3846 5660; x_wconf 83' lang='lat' dir='ltr'><strong>senior.</strong></span> 
     </span>
    </p>
   </div>
   <div class='ocr_carea' id='block_1_120' title="bbox 2291 5686 3849 5760">
    <p class='ocr_par' dir='ltr' id='par_1_120' title="bbox 2291 5686 3849 5760">
     <span class='ocr_line' id='line_1_120' title="bbox 2291 5686 3849 5760; baseline 0.003 -23"><span class='ocrx_word' id='word_1_833' title='bbox 2291 5687 2381 5753; x_wconf 87' lang='lat' dir='ltr'><strong>qui</strong></span> <span class='ocrx_word' id='word_1_834' title='bbox 2421 5687 2750 5755; x_wconf 80' lang='lat' dir='ltr'><strong>eligebantur</strong></span> <span class='ocrx_word' id='word_1_835' title='bbox 2792 5693 2946 5740; x_wconf 75' lang='lat' dir='ltr'><strong>:et&#39;ate</strong></span> <span class='ocrx_word' id='word_1_836' title='bbox 2991 5686 3192 5754; x_wconf 84' lang='lat' dir='ltr'><strong>pariter</strong></span> <span class='ocrx_word' id='word_1_837' title='bbox 3241 5696 3293 5741; x_wconf 92' lang='lat' dir='ltr'><strong>et</strong></span> <span class='ocrx_word' id='word_1_838' title='bbox 3335 5703 3541 5741; x_wconf 89' lang='lat' dir='ltr'><strong>morum</strong></span> <span class='ocrx_word' id='word_1_839' title='bbox 3582 5690 3849 5760; x_wconf 77' lang='lat' dir='ltr'><strong>gravitate</strong></span> 
     </span>
    </p>
   </div>
  </div>
