4232 6208
453 248 590 306 Ηὅὸ
681 241 683 243 ’

445 363 691 434 perfecti,
720 362 844 432 quia
875 362 1015 417 Deus
1041 361 1094 415 in
1120 361 1431 416 ordinandis
1458 373 1636 415 mores
1662 356 1832 425 magis
1855 362 1911 410 et
1929 368 2006 408 sa-
2037 352 2090 411 Δ

446 458 702 529 pientiam
730 456 1012 529 approbat,
1048 471 1212 525 quam
1240 463 1448 525 aetates.

517 546 627 601 Hos
661 546 987 615 sequebatur
1026 548 1248 600 octavus
1293 544 1427 598 ordo
1462 540 1800 609 Pontiﬁcum,
1828 537 1922 607 qui
1955 545 2010 591 et

443 637 712 707 principes
770 635 1102 697 vocabantur
1164 633 1522 693 sacerdotum.
1582 629 1756 699 Super
1820 638 2010 681 omnes

442 727 752 782 sacerdotes
773 765 788 791 ,
832 723 917 778 vel
968 720 1314 794 presbyteros
1351 734 1490 775 unus
1529 717 1855 774 constitutus
1892 719 2011 769 erat

444 815 706 887 pontifex,
745 814 957 870 ezeteris
999 811 1249 867 omnibus
1287 808 1657 873 excellentior,
1682 812 1739 863 et
1770 802 1917 860 velut
1954 802 2009 856 in

443 922 652 961 summa
680 904 953 976 religionis
980 916 1105 957 arce
1135 900 1364 965 locatus,
1392 899 1461 955 ad
1493 912 1655 969 quem
1688 893 1867 951 caeteri
1893 906 2010 948 res-

442 980 719 1066 picerent,
743 992 964 1063 ejusque
994 990 1255 1062 judicium
1290 984 1673 1058 decretumque
1707 990 2003 1041 servarent.

444 1087 732 1143 Sciendum
762 1094 961 1149 autem,
983 1083 1110 1153 quia
1139 1081 1314 1153 primo
1342 1096 1481 1137 unus
1497 1077 1761 1151 pontifex,
1784 1076 2008 1146 jubeute

444 1176 690 1242 Domino,
730 1174 1052 1229 constitutus
1081 1180 1167 1226 est
1191 1188 1205 1225 :
1254 1185 1363 1241 quo
1386 1167 1703 1234 decedente,
1728 1165 1871 1221 illius
1892 1162 2009 1232 ejus

442 1267 665 1321 Eleazar
690 1262 1050 1337 sacerdotium
1074 1252 1332 1331 suscepit,
1366 1266 1424 1315 et
1462 1258 1566 1313 hoc
1606 1263 1839 1321 mortuo,
1868 1253 2009 1308 ﬁlius

441 1355 557 1424 ejus
600 1352 795 1408 Finees
846 1341 1133 1407 sacerdotii
1168 1361 1451 1406 successor
1491 1345 1700 1403 exstitit
1756 1361 1773 1400 :
1824 1342 2010 1411 sicque

436 1432 613 1514 usque
653 1442 727 1502 ad
771 1448 1012 1514 tempora
1063 1436 1232 1493 David
1271 1451 1411 1494 unus
1464 1442 1588 1507 post
1627 1446 1791 1487 unum
1834 1428 2012 1501 ponti-

436 1539 630 1593 ﬁcatus
653 1538 895 1594 haeredes
916 1528 1191 1595 exstitere.
1228 1525 1396 1583 David
1418 1539 1549 1597 ergo
1574 1538 1697 1580 cum
1725 1521 2011 1592 cogitasset

434 1627 705 1684 aediﬁcare
740 1625 999 1698 templum
1024 1625 1274 1689 Domino,
1299 1628 1357 1678 et
1396 1614 1609 1676 divinos
1636 1612 1811 1669 cultus
1847 1608 2010 1667 vellet

436 1730 652 1791 augere,
678 1688 971 1773 convocata
1000 1709 1147 1773 omni
1181 1688 1413 1769 ﬁliorum
1432 1701 1929 1776 'Aarouprogenie,
1954 1709 2011 1756 et
2040 1688 2086 1750 Β

435 1810 557 1867 illos
606 1811 832 1876 scilicet,
880 1809 973 1880 qui
1027 1802 1097 1864 de
1137 1805 1384 1870 Eleazar,
1422 1809 1479 1857 et
1523 1793 1617 1870 qui
1664 1793 1733 1848 de
1774 1791 2012 1880 Ithamar

433 1899 604 1970 stirpe
644 1878 1078 1965 descenderant,
1127 1894 1310 1951 divisit
1351 1907 1446 1949 eos
1493 1891 1548 1946 in
1590 1890 1779 1961 partes
1821 1878 2014 1952 viginti

431 1996 697 2071 quatuor,
746 2002 813 2044 ac
859 1988 927 2044 de
973 1986 1197 2059 singulis
1242 1982 1481 2055 singulos
1516 1976 1804 2052 pontiﬁces

433 2061 672 2137 Caeteros
702 2094 833 2135 vero
868 2077 964 2149 qui
1006 2078 1063 2135 in
1105 2075 1364 2149 partibus“
1394 2079 1552 2130 erant
1588 2062 1877 2126 sacerdotii
1904 2061 2009 2116 mi-

433 2175 601 2240 noris,
650 2173 744 2244 qui
787 2187 931 2239 nunc
972 2168 1358 2241 presbyteratus
1382 2159 1812 2237 dicitur,ollicio
1856 2167 2011 2229 pres-

432 2263 712 2334 byteratus
740 2260 888 2332 iungi
917 2259 1172 2331 pracepit
1206 2276 1220 2312 :
1245 2256 1340 2327 qui
1364 2251 1648 2326 pontiﬁces
1671 2246 1863 2319 singuli
1886 2255 2008 2315 eum

432 2352 537 2407 sibi
561 2349 817 2419 subjectis
845 2349 1246 2413 sacerdotibus,
1273 2360 1371 2417 per
1394 2351 1619 2400 octonos
1644 2339 2012 2396 ministrarent

434 2443 585 2511 dies,
603 2442 707 2497 hoc
729 2448 833 2508 est,
876 2455 905 2507 a
952 2437 1178 2495 sabbato
1205 2450 1375 2507 usque
1403 2433 1471 2489 ad
1502 2431 1803 2488 sabbatum.
1843 2426 2006 2483 Cum-

432 2549 541 2603 que
581 2546 772 2588 omnes
812 2527 1133 2586 sacerdotali
1166 2526 1335 2600 gradu
1361 2532 1544 2582 essent
1586 2520 1843 2592 aequales,
1870 2532 2009 2573 unus

434 2633 614 2679 tamen
643 2623 699 2677 in
728 2623 827 2689 eis,
856 2622 952 2691 qui
973 2620 1185 2691 dignior
1201 2617 1496 2682 videretur,
1521 2612 1741 2685 speciali
1760 2624 2011 2689 reveren-

425 2718 507 2794 tia
556 2710 881 2787 prreminens
928 2710 1125 2768 summi
1174 2706 1472 2765 sacerdotis
1519 2718 1716 2760 nomen
1757 2700 2003 2757 haberet.

435 2809 550 2880 Ipse
578 2822 793 2880 quoque
840 2820 937 2862 rex
966 2803 1138 2862 David
1178 2803 1386 2875 primus
1423 2798 1709 2871 delegavit,
1740 2796 1832 2868 qui
1858 2796 2006 2869 psal-

435 2917 553 2959 mos
593 2903 649 2957 in
706 2900 905 2973 templo
948 2898 1159 2955 Domini
1206 2894 1480 2954 modulata
1525 2907 1657 2948 voce
1700 2897 2005 2956 cantantes,

1255 246 1404 304 OPP.
1447 241 1845 302 SUPPOSITA.
1885 270 1950 281 —
1990 238 2115 293 LIB.
2156 237 2245 293 DE
2282 236 2526 295 DIVINlS
2566 235 2871 292 OFFICIIS.

3537 233 3670 287 {iiii

2642 347 2867 403 CAPUT
2907 343 3146 402 XXXVI.

2446 503 2452 511 ,
2484 453 2551 494 ns
2588 452 2845 493 CRADIBUS
2879 449 3312 492 nccasstasrtms.

2179 550 2356 609 Cieros
2384 552 2547 622 igitur
2577 551 2779 615 Graece,
2803 548 2992 607 Latine
3014 563 3131 605 sors
3153 545 3369 629 dicitur,
3391 548 3477 603 vel
3506 548 3681 604 haeres

2108 642 2248 698 ditas
2272 642 2502 697 Domini.
2527 641 2628 708 Qui
2654 656 2784 712 ergo
2812 641 2880 695 ad
2913 640 3199 695 clericatus
3218 640 3463 695 ordinem
3485 656 3675 711 perve-

2107 733 2207 798 nit,
2243 734 2339 787 Dei
2364 731 2647 809 hgereditas
2668 746 2787 787 esse
2825 731 2983 787 debet
3013 749 3026 784 :
3059 731 3185 801 quia
3217 731 3321 787 hoc
3342 730 3506 786 debet
3533 746 3675 786 sem-

2106 841 2206 897 per
2230 820 2543 901 praevidere,
2569 832 2629 879 ut
2655 824 2934 879 Dominum
2958 822 3252 893 possideat,
3279 830 3332 877 et
3365 821 3479 891 ipse
3507 836 3537 874 a
3570 821 3677 877 Do-

2109 919 2256 974 mino
2275 916 2629 988 possideatur,
2667 922 2727 968 ut
2751 914 2921 983 possit
2946 912 3128 967 dicere
3170 927 3293 967 cum
3335 911 3619 967 Psalmista
3658 930 3672 965 ι

2102 1007 2362 1063 Dominus
2400 1023 2522 1077 pars
2562 1005 2882 1060 hereditatis
2924 1020 3052 1059 mea:
3082 1000 3255 1075 (Psal.
3282 1019 3371 1069 xv,
3408 1002 3485 1073 5).
3523 1003 3680 1075 Legi-

2108 1115 2228 1154 mus
2275 1099 2328 1153 in
2374 1097 2555 1155 Veteri
2615 1098 2960 1178 Testamento
3022 1095 3307 1151 Dominum
3351 1096 3552 1152 dixisse
3610 1096 3677 1150 ad

2109 1190 2324 1263 Moysen
2354 1209 2368 1245 :
2398 1190 2554 1247 Filiis
2578 1190 2699 1246 Levi
2719 1206 2823 1245 non
2848 1188 2995 1244 dabis
3018 1188 3392 1252 hereditatem,
3415 1203 3509 1259 ego
3539 1188 3677 1241 enim

2109 1297 2197 1335 ero
2245 1281 2523 1336 Iuereditas
2571 1280 2782 1334 illorum
2830 1278 3027 1351 (Deut.
3066 1294 3123 1345 x,
3172 1277 3267 1351 9).
3316 1279 3442 1334 Inde
3495 1277 3679 1334 clerici

2109 1369 2258 1437 dicti,
2290 1378 2356 1426 eo
2381 1371 2523 1441 quod
2546 1369 2614 1429 de.
2638 1376 2783 1426 sorte
2814 1369 2909 1425 Dei
2936 1378 2992 1425 et
3024 1369 3491 1435 bareditatesint,
3518 1370 3564 1426 si
3582 1384 3680 1427 rc-

2109 1463 2369 1535 gulariter
2406 1462 2610 1518 vivunt.
2663 1461 2721 1516 Si
2760 1469 3077 1518 autemnon
3108 1461 3293 1522 vivunt
3339 1460 3701 1532 regulariter,.

2110 1552 2250 1608 sicut
2297 1552 2515 1607 maximi
2566 1551 2769 1619 clerici,
2803 1551 2895 1623 qui
2943 1559 3112 1608 totum
3153 1549 3397 1607 laicalem
3436 1550 3681 1606 habitum

2112 1653 2431 1715 sequuntur,
2460 1643 2735 1714 cingentes
2761 1658 2934 1709 arma,
2961 1652 3017 1697 et
3039 1649 3232 1703 caetera
3259 1640 3543 1705 facientes,
3561 1656 3682 1710 qua:

2111 1734 2245 1790 ordo
2271 1734 2564 1790 canonicus
2590 1732 2863 1804 prohibet,
2899 1731 2975 1787 illi
3012 1731 3145 1787 tales
3172 1747 3278 1787 non
3315 1741 3443 1788 sunt
3475 1730 3677 1787 clerici.

2110 1823 2250 1891 Quid
2280 1838 2411 1896 ergo
2438 1824 2597 1880 sunt?
2621 1822 2897 1895 Acepbali,
2925 1822 2981 1878 id
3002 1818 3103 1887 est,
3132 1823 3250 1880 sine
3273 1823 3451 1893 capite
3469 1821 3701 1893 religio-'

2109 1914 2214 1970 nis.
2247 1911 2431 1969 Cimon
2455 1913 2658 1980 Graece,
2688 1912 2881 1969 Latine
2912 1911 3115 1983 regula,
3139 1927 3206 1968 eo
3227 1911 3369 1983 quod
3394 1917 3544 1967 recto
3570 1919 3683 1965 tra-

2109 2004 2427 2061 mite‘ducat
2462 2004 2748 2065 hominem
2769 2002 2840 2057 ad
2870 2000 3145 2059 caelestem
3177 2002 3434 2072 patriam,
3460 2008 3516 2055 et
3557 2002 3683 2056 inde

2108 2098 2408 2154 canonici“.
2441 2097 2733 2168 Regularis,
2767 2111 2834 2153 eo
2858 2094 3001 2167 quod
3029 2093 3350 2166 regulariter
3382 2092 3579 2149 debeat
3603 2092 3681 2147 vi-

2110 2204 2257 2255 vere,
2282 2189 2337 2244 id
2362 2183 2470 2254 est’,
2501 2196 2653 2244 recte
2677 2186 2734 2242 in
2756 2193 2943 2241 sancta
2970 2182 3231 2241 Ecclesia.

2186 2277 2450 2334 Ostiarius
2481 2278 2550 2333 ab
2572 2276 2715 2333 ostio
2739 2274 2992 2331 Ecclesia:
3016 2274 3231 2339 dicitur,
3252 2272 3395 2345 quod
3420 2274 3493 2329 ita
3529 2273 3683 2330 debet

2109 2369 2405 2441 praevidere
2421 2410 2437 2436 ,
2467 2384 2536 2424 ne
2561 2367 2672 2425 ullo
2707 2366 2867 2423 modo
2889 2380 3131 2440 paganus
3157 2365 3487 2438 ingrediatur
3513 2364 3683 2420 eccle-

2107 2462 2264 2525 siam,
2311 2460 2441 2530 quia
2494 2474 2593 2515 suo
2627 2457 2848 2514 introitu
2890 2455 3080 2527 polluit
3119 2470 3260 2511 eam.
3306 2452 3477 2509 Debet
3516 2453 3681 2509 etiam

2107 2550 2383 2612 custodire
2405 2564 2471 2606 ea
2496 2564 2617 2620 quae
2638 2547 2777 2625 intra
2806 2544 3090 2602 ecclesiam
3112 2551 3256 2609 sunt,
3280 2551 3341 2597 ut
3362 2542 3511 2599 salva
3532 2542 3678 2598 sint:

2106 2643 2233 2714 quia
2279 2640 2355 2696 illi
2385 2638 2597 2694 traditae
2630 2644 2755 2693 sunt
2784 2634 2993 2701 claves,
3028 2640 3083 2690 et
3110 2631 3396 2689 commissa
3427 2643 3559 2687 cura
3582 2642 3679 2686 cu—

2106 2731 2401 2790 stodiendae
2435 2729 2696 2786 ecclesiae.

2176 2820 2372 2877 Lector
2401 2819 2599 2875 dicitur
2627 2833 2660 2873 a
2680 2816 2925 2889 legendo,
2956 2830 3021 2872 eo
3045 2794 3197 2886 quod
3221 2811 3685 2870 ministeriumle-

2110 2915 2271 2999 gendi
2300 2915 2497 2970 habeat
2525 2914 2578 2969 in
2614 2909 2860 2968 ecclesia.
2884 2907 2963 2964 illi
2991 2906 3228 2985 traditus
3249 2912 3333 2961 est
3360 2904 3529 2960 codex
3560 2902 3677 2975 api-

432 2993 644 3096 ”Emé
671 2989 1205 3096 ρονιειέξξῑιψιξιξιδξξ
1219 2979 2009 3096 εξ,ἰξ³1ἱιξξξνὲξξῖ;,ίι¹ξὲ.ἒέῑ
2032 3030 2081 3096 c
2110 2979 2250 3096 ἔαιιι,
2278 3004 2599 3096 divinam
2629 3010 2690 3056 ιιι
2731 3000 2982 3096 deum
3009 2979 3077 3054 αδ
3103 2994 3505 3096 {ﬂeetendum
3544 2994 3681 3053 δίνε-

432 3081 715 3145 cebantur,
748 3079 1101 3143 oblectarent,
1146 3086 1205 3133 et
1244 3076 1315 3144 ad
1352 3088 1591 3132 amorem
1619 3071 1785 3128 divini
1830 3069 2007 3126 cultus

434 3173 666 3246 amplius
690 3172 1071 3228 accenderent.

503 3266 633 3324 Haec
670 3265 736 3321 de
778 3272 900 3319 octo
928 3262 1185 3336 gradibus
1211 3259 1481 3325 diximus,
1522 3257 1614 3329 qui
1652 3254 1850 3313 veteris
1875 3252 2010 3325 legis

435 3368 675 3431 tempore
723 3354 1195 3413 observantissime
1241 3350 1679 3408 custodiebantur
1700 3388 1716 3415 ,
1761 3346 1907 3420 quod
1953 3345 2009 3401 in

435 3450 584 3507 Novo
617 3450 961 3507 Testamento
1007 3445 1244 3516 suscepit
1297 3440 1539 3499 Ecclesia
1587 3440 1741 3495 tanto
1793 3436 2007 3503 melius,

433 3548 637 3609 quanto
671 3546 726 3593 et
751 3536 930 3592 verius
956 3553 970 3589 :
1001 3534 1125 3604 quia
1153 3531 1259 3588 illis
1283 3529 1465 3584 omnia
1490 3528 1547 3582 in
1591 3516 1763 3609 ﬁgura
1800 3528 2011 3581 contin-
2060 3540 2063 3541 '

432 3606 646 3704 gebant.
668 3627 846 3697 Quos,
886 3625 1009 3697 quia
1036 3620 1305 3680 notissimi
1336 3626 1489 3683 sunt,
1532 3624 1588 3672 et
1626 3606 1757 3686 quid
1785 3613 2009 3685 singulis

433 3721 749 3787 conveniat,
783 3716 978 3789 quidve
1000 3714 1079 3771 eis
1124 3712 1180 3769 in
1224 3727 1321 3768 sua
1358 3707 1700 3767 ordinatione
1735 3704 2005 3770 tradatur,

435 3810 869 3886 frequentissimo
889 3823 990 3864 usu
1014 3806 1184 3863 scitur
1207 3794 1570 3885 abomuibu‘s,
1596 3796 1760 3869 paulo
1783 3793 2009 3852 inferius

436 3878 673 3965 limiiter
693 3916 788 3959 eos
813 3910 1269 3957 commemorasse
1286 3878 1542 3951 suﬁciat.

985 4031 1215 4089 CAPUT
1250 4029 1473 4086 XXXV.

822 4159 849 4189 ι
888 4161 971 4204 »ιε
994 4158 1237 4202 reasons
1260 4154 1623 4215 νωκιεοιυι.

506 4285 841 4343 Clericorum
867 4289 1047 4337 autem
1073 4287 1296 4334 tonsum
1320 4290 1354 4330 a
1378 4271 1639 4330 Nazareis
1662 4268 1839 4328 fertur
1868 4285 2013 4328 sum-

2111 3112 2214 3152 nas
2235 3094 2497 3151 lectiones
2524 3088 2944 3161 prcuuntiando,
2967 3085 3163 3158 populo
3186 3084 3416 3156 placeat.

2178 3185 2425 3259 Acolytus
2469 3183 2673 3248 Graece,
2722 3179 2911 3235 Latine
2932 3175 3344 3241 cereoferarius,
3372 3175 3427 3231 id
3460 3182 3566 3240 est,
3594 3188 3681 3230 ce-

2108 3277 2263 3338 réum
2306 3262 2533 3333 ferens.
2575 3272 2791 3333 illorum
2840 3269 3076 3326 cilicium
3124 3274 3209 3338 est
3229 3307 3244 3333 ,
3294 3274 3357 3321 ut
3402 3265 3684 3337 deportent

2108 3382 2297 3428 cereos
2335 3372 2463 3422 ante
2491 3362 2821 3426 diaconum,
2856 3358 3071 3430 quando
3107 3356 3301 3428 legitur
3331 3353 3680 3432 Evangelium

2108 3464 2163 3518 in
2196 3449 2445 3525 ecclesia,
2482 3463 2675 3515 etnon
2707 3450 2777 3509 ad
2806 3448 3119 3518 elingandas
3149 3447 3419 3511 tenebras,
3455 3458 3683 3518 praeser-

2107 3554 2204 3608 tim
2246 3565 2371 3607 cum
2400 3546 2496 3605 'aol
2535 3546 2596 3602 in
2630 3544 2727 3600 die-
2756 3544 2939 3597 rutitet
2982 3558 2994 3593 :
3038 3538 3219 3595 sedut
3249 3536 3669 3600 demonstretur,

2104 3641 2247 3714 quod
2270 3641 2338 3698 de
2354 3637 2592 3696 tenebris
2614 3631 2943 3690 inﬁdelitatis
2966 3628 3215 3685 venimus
3236 3625 3304 3683 ad
3325 3625 3502 3682 lucem
3523 3624 3672 3690 ﬁdei,

2105 3743 2160 3790 et
2181 3741 2242 3788 ut
2260 3730 2474 3804 signum
2493 3727 2693 3783 laetitiae
2710 3724 2801 3792 sit,
2823 3731 3090 3795 quatenus
3110 3718 3213 3776 sub
3233 3727 3362 3793 typo
3383 3714 3680 3789 corporalis

2106 3824 2326 3881 luminis
2344 3863 2361 3890 ,
2379 3821 2474 3878 lux
2498 3818 2588 3875 illa
2617 3816 2673 3874 in
2703 3814 2965 3873 memoria
3000 3812 3284 3879 habeatur,
3315 3810 3383 3866 de
3406 3822 3523 3880 qua
3544 3806 3678 3866 dici-

2110 3930 2199 3976 tur
2230 3939 2244 3975 :
2280 3917 2416 3974 Erat
2447 3906 2547 3993 Ιιιᾳέ
2577 3930 2699 3970 vero
2733 3928 2851 3987 quo
2875 3910 3141 3966 illuminat
3176 3923 3380 3964 omnem
3400 3905 3679 3965 hominem
3744 3922 3747 3925 π

2108 4009 2392 4064 venientem
2420 4005 2478 4060 in
2504 4004 2645 4058 hunc
2670 4000 2925 4056 mundum
2954 3996 3135 4070 (leua.
3162 4011 3202 4061 ι,
3225 3995 3303 4066 9).
3744 4012 3745 4015 η

2147 4085 2153 4092 ’
2180 4091 2745 4165 Εωοτείαηιεηῦι-ωοο,
2769 4087 2959 4143 Latine
2979 4085 3176 4142 dicitur
3194 4096 3373 4151 sermo
3394 4080 3681 4152 adiuratio-

2106 4170 2193 4245 nis
2217 4185 2331 4241 sive
2366 4179 2750 4253 increpationis
2782 4196 2796 4234 :
2832 4182 2888 4235 et
2915 4175 3040 4232 inde
3054 4174 3343 4240 excrciem,
3375 4170 3671 4242 adiurator.

2110 4279 2329 4336 Illorum
2350 4271 2585 4331 cilicium
2618 4277 2721 4335 est,
2748 4276 2811 4323 ut
2845 4272 3048 4341 ponant
3070 4278 3263 4320 manus
3287 4277 3449 4335 super
3480 4255 3679 4339 dmum;

435 4381 611 4451 psisse
644 4373 945 4433 exordium.
974 4368 1111 4426 Cum
1142 4367 1288 4425 enim
1310 4363 1435 4437 quis
1460 4371 1590 4421 voto
1618 4375 1679 4421 se
1698 4359 2007 4434 obligasset,
2035 4372 2090 4438 υ
2112 4369 2199 4425 nia

2112 4369 2320 4433 niacos,
2347 4362 2512 4439 m
2535 4369 2594 4418 et
2619 4374 2718 4433 per
2756 4357 3146 4414 invocationem
3183 4353 3418 4412 nominis
3460 4351 3555 4409 Dei
3596 4351 3681 4406 re-

438 4480 500 4526 ut
525 4485 623 4542 per
640 4468 904 4539 jejunium
927 4473 1090 4535 atque
1126 4461 1355 4519 aliarum
1392 4471 1577 4533 rerum
1602 4453 2008 4513 observantiam

439 4577 500 4619 se
528 4558 807 4635 amigeret,
849 4552 1235 4625 abstinebatse
1257 4551 1329 4608 ab
1376 4548 1524 4606 omni
1556 4546 1701 4618 quod
1739 4543 2013 4601 inebriare

436 4662 495 4710 et
538 4660 741 4711 statum
782 4646 977 4703 mentis
1004 4650 1253 4709 avertere
1294 4648 1505 4712 posset,
1538 4646 1761 4709 eratque
1797 4650 2013 4707 semper

439 4745 494 4800 in
540 4741 778 4815 temple,
811 4736 953 4795 unde
996 4742 1054 4791 et
1096 4728 1497 4815 Naaareugpid
1532 4739 1665 4799 est,
1704 4737 1924 4800 sanctus
1955 4737 2012 4785 et

437 4836 666 4893 Domino
701 4837 1047 4890 consecratus
1068 4824 1382 4883 vocabatur.
1428 4820 1667 4892 impletis
1691 4829 1873 4880 autem
1900 4820 2012 4877 voti

438 4929 522 4986 sui
544 4925 758 4991 diebus,
785 4922 1035 5003 veniebat
1075 4920 1146 4977 ad
1177 4916 1438 4989 templum
1461 4913 1697 4979 Domini,
1731 4921 1790 4970 et
1812 4912 2011 4971 θεαθ-

436 5024 534 5081 bat
575 5034 676 5094 pro
721 5031 812 5083 se,
860 5029 981 5085 qua
1017 5014 1137 5086 lege
1176 5008 1642 5085 pmipiebantur,
1677 5004 2011 5076 radebatque

441 5112 668 5188 capillos
696 5106 889 5181 capitis
912 5105 997 5162 sui
1024 5113 1082 5161 et
1113 5105 1316 5169 barbae,
1350 5104 1671 5173 partemque
1692 5096 1923 5188 pilorum
1955 5096 2012 5188 in

440 5186 653 5266 ﬂamma
676 5201 863 5261 altaris
883 5197 1177 5262 cremabat,
1212 5196 1398 5269 sicque
1419 5191 1529 5249 voti
1552 5190 1691 5245 liber
1708 5186 1919 5243 redibat
1942 5187 2012 5243 ad

438 5244 1877 5371 F53.“r:.;;;;s;'s..:.‘;s.;.'.nam
1898 5244 2039 5334 ωας

422 5400 626 5447 suram
656 5388 759 5444 sibi
801 5384 995 5443 lecisse
1024 5379 1094 5436 ad
1121 5375 1527 5434 similitudinem
1567 5373 1767 5446 spineta
1799 5384 2013 5427 coronae
2039 5408 2045 5415 ρ

443 5480 654 5537 Domini
686 5497 699 5533 :
732 5478 847 5534 sive
869 5486 929 5532 ut
956 5470 1135 5533 clerici
1170 5484 1201 5524 a
1234 5466 1389 5525 laicis
1419 5482 1523 5525 non
1557 5463 1730 5523 solum
1761 5458 2012 5515 diﬂerant

445 5573 648 5636 habitu,
686 5584 876 5631 verum
902 5568 1335 5623 etiam‘tousura.

516 5698 539 5742 ι
583 5682 734 5752 llugo
765 5674 1029 5740 lleuard,
1058 5684 1169 5731 not.
1204 5669 1327 5726 660.

2110 4460 2318 4533 pellant
2348 4457 2618 4519 daemones
2645 4452 2714 4508 ab
2744 4442 2850 4517 eis,
2884 4440 3172 4528 dicentes':
3222 4443 3425 4514 Adjuro
3468 4450 3536 4506 te,
3570 4442 3677 4533 lm-

2110 4528 2566 4622 mundespin'ttu,
2586 4543 2871 4617 perDeuin
2898 4538 3138 4605 Patrem,
3160 4547 3209 4592 et
3238 4535 3281 4589 F
3283 4534 3450 4597 ilium,
3480 4528 3679 4605 (15ρὶ-

2111 4650 2269 4703 ritum
2306 4636 2566 4702 undam,
2608 4644 2666 4690 ut
2698 4632 2908 4688 recedas
2938 4630 3004 4685 ab
3031 4628 3130 4684 hoc
3158 4624 3357 4700 famulo
3382 4623 3499 4679 Dei.
3530 4622 3678 4681 lsmd

2110 4736 2486 4795 ministerium,
2532 4735 2594 4784 ut
2630 4737 2865 4781 canones
2903 4720 3107 4785 dicunt,
3138 4730 3296 4775 nemo
3332 4713 3491 4772 debet
3523 4729 3679 4769 usur-

2110 4844 2261 4903 pare,
2295 4823 2400 4882 nisi
2443 4820 2535 4895 qui
2572 4818 2715 4873 idem
2749 4812 2987 4869 olllcium
3013 4808 3233 4876 habent,
3269 4814 3362 4866 aut
3398 4805 3676 4870 diaconus,

2112 4901 2205 4978 aut
2228 4915 2609 4976 subdiaconus,
2641 4912 2736 4961 aut
2760 4901 3049 4961 exorcista.

2186 5014 2572 5095 Subditum,
2621 5004 2987 5069 subminister,
3028 4999 3263 5095 ecquod
3450 4994 3676 5050 diacono

2098 5113 2200 5175 sit,
2244 5084 2423 5165 idest.
2455 5098 2557 5157 sub
2591 5096 2857 5154 ministro.
2901 5091 3049 5149 illius
3076 5084 3430 5145 ministerium
3463 5090 3581 5148 est,
3619 5090 3675 5137 ut

2109 5174 2381 5259 ministret
2408 5174 2658 5253 diacono,
2696 5184 2753 5241 id
2780 5191 2882 5248 est,
2918 5179 3127 5244 deferat
3150 5177 3201 5232 ei
3238 5175 3486 5241 linteum,
3512 5186 3676 5243 super

2112 5293 2254 5367 quod
2288 5284 2710 5347 consecrandum
2738 5283 2822 5335 est
2848 5287 3049 5367 corpus
3074 5278 3133 5328 'et
3174 5268 3397 5367 sanguis
3436 5264 3674 5367 Domini.

2114 5355 2332 5443 Deierat
2367 5379 2421 5435 ei
2452 5383 2710 5450 patenam
2730 5380 2854 5426 cum
2886 5362 3119 5427 oblatis,
3151 5368 3207 5417 et
3570 5368 3678 5423 quo

2113 5442 2294 5532 vinum
2316 5484 2371 5527 et
2398 5442 2536 5539 aqua
2562 5460 2845 5523 habeatur,
2866 5453 2991 5525 quia
3019 5453 3088 5508 de
3125 5449 3292 5539 latere
3314 5442 3526 5539 Domini
3554 5456 3673 5539 pro-

2052 5628 2055 5631 ,
2114 5565 2275 5625 cessit
2304 5533 2519 5629 sanguis
2557 5563 2613 5611 ct
2658 5565 2813 5621 aqua.
2849 5545 3078 5601 Peracto
3100 5534 3384 5599 sacrificio,
3426 5533 3693 5604 mysteria
