4232 6228
640 223 661 275 1
675 222 778 278 233

1487 225 1548 278 Β.
1590 224 1655 279 γ.
1693 223 1918 280 ΑιΒιΝι
1959 224 2090 281 SEU
2128 223 2403 280 ALCUINI
2442 226 2725 285 OPEilL'M
2764 232 2941 288 PARS
2978 234 3067 288 IX.

3735 245 3880 300 me

633 339 878 410 corporis
908 349 961 396 et
1001 343 1275 413 sanguinis
1316 340 1543 407 Domini,
1592 357 1710 412 quae
1748 339 2134 433 superfuerint,
2174 351 2205 390 ει
2232 338 2281 399 Α
2308 339 2664 398 militudinem
2708 348 2844 415 gerit
2871 349 3026 403 modo
3062 351 3342 421 episcopus
3386 373 3397 408 :
3443 358 3567 425 quia
3596 359 3735 413 sicut
3780 362 3871 416 illa

634 429 862 485 diacono
886 430 1180 503 colligenda
1208 432 1291 487 vel
1318 433 1649 502 deportanda
1676 432 1916 501 suscipit.

704 518 967 575 Diaconus
994 519 1195 584 Grzece,
1229 520 1490 577 Hebraice
1519 521 1724 587 Levita,
1747 520 1958 587 Latine,
1990 535 2197 575 assum-

631 624 756 686 ptus
778 615 859 670 vel
892 617 1137 673 minister
1161 604 1581 687 interpretatur:
1614 623 1939 684 assumptus,
1962 615 2087 683 quia
2110 629 2197 668 as-

632 706 881 771 sumitur,
926 707 978 762 id
1005 714 1108 771 est,
1144 706 1360 777 eligitur
1391 705 1458 760 ad
1486 704 1763 760 servitium
1793 704 2007 768 altaris;
2038 703 2195 756 mini-

632 806 764 861 ster,
795 796 920 865 quia
954 796 1225 851 ministrat
1251 794 1583 866 presbytero.
1610 793 1766 849 Ponit
1794 793 2014 847 linteum
2046 791 2099 845 in
2122 791 2199 844 al-

631 894 768 949 tare,
792 885 945 954 ponit
963 900 1156 956 Panem
1182 894 1236 941 et
1254 886 1497 950 calicem,
1522 900 1643 954 quae
1673 899 1771 938 nec
1799 874 2063 949 mittendi,
2096 897 2195 937 nec

628 976 906 1032 auferendi
948 977 1111 1032 habet
1145 984 1471 1047 potestatem
1498 974 1799 1047 presbyter,
1843 974 1905 1028 si
1935 973 2194 1027 diaconus

626 1066 878 1121 adfuerit.
912 1065 1061 1122 Sicut
1088 1066 1403 1138 presbytero
1422 1064 1654 1122 cilicium
1679 1062 2029 1121 consecrandi
2050 1077 2195 1118 com-

624 1156 778 1227 petit,
812 1156 887 1212 ita
914 1157 1141 1212 diacono
1166 1157 1525 1212 ministrandi.
1719 1185 1732 1193 -
1774 1212 1781 1221 ,

695 1244 975 1316 Presbyter
1012 1245 1219 1311 Graece,
1250 1246 1441 1301 Latine
1466 1246 1648 1301 senior
1676 1243 1892 1309 dicitur,
1918 1256 2027 1297 non
2067 1235 2193 1311 pro-

623 1349 743 1407 pter
775 1345 1126 1400 senectutem,
1158 1336 1252 1391 sed
1296 1343 1514 1406 propter
1548 1334 1896 1406 dignitatem,
1932 1332 2191 1386 honorem

620 1437 676 1483 et
710 1428 1050 1497 sapientiam,
1075 1426 1203 1497 quia
1226 1426 1530 1497 quicunque
1550 1424 1829 1497 presbyter
1853 1424 2193 1493 est,,sapiens

621 1532 743 1573 esse
782 1516 977 1581 debet,
1023 1525 1088 1573 ut
1141 1516 1401 1588 intelligat
1439 1531 1503 1571 ea
1549 1530 1669 1587 quae
1717 1514 1882 1585 legit;
1932 1513 2192 1584 intelligat

620 1604 914 1671 orationes,
957 1620 1093 1676 quas
1132 1604 1266 1661 dicit
1290 1612 1347 1661 et
1373 1604 1581 1660 diurnis
1621 1604 1952 1674 temporibus
1993 1612 2048 1659 et
2096 1619 2191 1658 no-

2299 433 2477 523 stabat
2506 434 2558 488 in
2592 437 2872 494 altitudine
2913 442 3099 507 turris,
3124 443 3203 497 sic
3239 446 3520 518 episcopus
3555 456 3610 502 et
3626 452 3868 523 presby-

2300 527 2382 575 ter
2408 522 2604 578 debent
2648 528 2946 584 consistere
2976 531 3030 585 in
3081 533 3363 590 altitudine
3391 538 3668 593 virtutum.
3710 522 3865 597 Sicut

2297 609 2439 664 enim
2488 612 2578 666 illa
2623 617 2789 672 turris
2814 628 3037 676 caeteras
3068 622 3258 679 domos
3282 625 3608 693 excellebat,
3645 630 3723 685 sic
3751 634 3865 700 epi-

2296 714 2578 771 scoporum
2620 713 2676 758 et
2724 708 3165 778 presbyterorum
3218 699 3327 767 vita
3386 714 3545 771 debet
3594 699 3864 776 excellere

2295 791 2460 845 vitam
2483 792 2846 862 subiectorum
2871 816 2883 852 :
2909 806 2963 852 et
2989 801 3128 855 sicut
3153 802 3239 857 ille
3258 805 3563 874 speculator
3583 809 3863 865 nuntiabat

2296 880 2582 937 adventum
2629 884 2818 949 hostis,
2850 894 2910 942 ut
2937 904 2995 943 se
3034 892 3389 960 praeviderent
3418 896 3596 963 cives,
3634 897 3717 955 sic
3743 901 3857 970 epi-

2294 972 2441 1042 scopi
2490 981 2545 1027 et
2587 974 2890 1048 presbyteri
2936 980 3133 1035 debent
3165 986 3485 1042 annuntiare
3511 989 3721 1057 populis
3758 991 3865 1048 sibi

2294 1061 2552 1130 subjectis
2579 1066 2869 1121 adventum
2914 1069 3229 1138 nequissimi
3273 1073 3449 1130 hostis
3470 1076 3690 1142 diaboli,
3719 1086 3778 1132 ut
3801 1094 3859 1133 se

2292 1153 2647 1221 praavideant,
2681 1170 2749 1210 ne
2778 1156 2893 1237 eius
2917 1157 3111 1228 laqueo
3141 1162 3440 1243 capiantur.
3484 1163 3864 1236 Speculatores

2294 1243 2595 1311 animarum
2647 1247 2795 1302 dedit
2847 1246 2990 1305 Deus
3039 1251 3322 1322 episcopos
3376 1262 3431 1309 et
3479 1256 3857 1327 presbyteros,

2284 1339 2439 1409 juxta
2487 1342 2627 1412 quod
2667 1344 2783 1413 ipse
2831 1344 2963 1413 dicit
3008 1347 3075 1401 ad
3109 1347 3447 1403 Ezechielem
3493 1352 3851 1421 prophetam:

2294 1428 2404 1485 Fili
2452 1432 2726 1497 hominis,
2763 1430 3137 1503 speculatorem
3181 1437 3301 1491 dedi
3354 1447 3404 1492 te
3456 1438 3637 1493 domui
3689 1439 3864 1495 lsraef

2295 1517 2508 1592 (Each.
2542 1537 2629 1587 tu,
2662 1521 2770 1593 Π).

2362 1609 2587 1665 Antistes
2607 1584 2763 1681 quasi
2785 1620 2911 1668 ante
2937 1622 3106 1681 stans,
3138 1617 3203 1687 id
3220 1584 3326 1683 est,
3352 1628 3483 1675 ante
3504 1634 3675 1675 aram.
3703 1617 3868 1678 Unde

620 1697 859 1763 cturnis;
912 1694 1177 1771 intelligat
1216 1711 1302 1761 ea,
1338 1710 1458 1766 φη)
1504 1678 1695 1769 cantat,
1727 1695 1782 1750 in
1832 1696 2016 1750 missa.
2042 1692 2190 1748 Vere
2218 1688 2265 1748 Β
2290 1702 2509 1772 quidam
2536 1678 2831 1760 antistitem
2850 1706 3029 1763 dicere
3054 1678 3257 1763 volunt.
3297 1678 3485 1765 Metius
3516 1712 3861 1768 tamendicio

620 1788 834 1857 dignum
859 1793 907 1840 et
925 1785 1131 1855 justum
1152 1794 1249 1851 est,
1280 1784 1351 1839 Te
1376 1786 1561 1856 igitur,
1589 1782 1753 1839 Pater
1780 1794 1973 1848 noster,
2002 1792 2058 1840 et
2086 1800 2192 1840 caa-

620 1887 754 1941 tera,
783 1875 835 1930 id
864 1884 967 1939 est,
1000 1876 1184 1930 omnia
1213 1891 1334 1931 cum
1365 1874 1622 1947 symbolo.
1665 1874 1842 1931 Adam
1857 1875 1995 1930 vixit
2033 1875 2194 1929 annis

618 1980 918 2029 nccccxxx,
960 1963 1073 2020 Noe
1120 1966 1286 2030 nccc,
1337 1972 1394 2019 et
1440 1979 1598 2021 nemo
1640 1964 1851 2029 illorum
1890 1964 2189 2035 appellatus

616 2067 700 2113 est
745 2073 930 2115 senex.
975 2057 1248 2113 Abraham
1282 2073 1411 2113 vero
1463 2060 1555 2129 qui
1610 2060 1678 2113 ad
1732 2057 2189 2127 comparationem

616 2152 826 2227 illorum
853 2166 1175 2222 perpaucum
1196 2151 1332 2206 vixit
1350 2159 1579 2220 tempus,
1608 2151 1763 2207 annis
1786 2150 2033 2206 videlicet
2052 2166 2189 2206 cuv

619 2243 913 2314 appellatus
943 2251 1028 2298 est
1072 2258 1254 2298 senex.
1301 2242 1513 2311 Quare?
1561 2243 1697 2310 Quia
1742 2243 2037 2313 sapientior
2083 2242 2188 2296 illis

620 2333 737 2387 fuit.
770 2330 1027 2388 Sacerdos
1057 2330 1240 2388 Graeee
1273 2344 1323 2398 α,
1352 2333 1543 2389 Latine
1572 2334 1769 2389 dicitur
1788 2346 2002 2386 sacrum
2030 2330 2187 2394 dans,

619 2424 670 2478 iJ
699 2429 804 2488 est,
839 2430 1082 2477 sanctum
1108 2421 1433 2478 sacrificium
1462 2422 1694 2477 offerens
1720 2422 1848 2475 Deo.

684 2512 993 2587 Presbyteri
1027 2520 1345 2585 potestatem
1390 2513 1590 2569 habent
1636 2511 2043 2577 catechizandi,
2092 2511 2190 2567 ba-

615 2604 875 2674 ptizandi,
898 2604 1140 2662 infirmos
1162 2606 1427 2661 benedicti
1448 2605 1550 2661 olei
1578 2606 1811 2676 unguine
1831 2605 2182 2675 perungendi.

621 2694 714 2750 llis
764 2710 979 2765 quoque
1027 2710 1341 2750 concessum
1378 2705 1462 2750 est
1492 2695 1724 2749 cilicium
1758 2695 2081 2764 praedicandi
2131 2695 2185 2750 in

617 2786 862 2843 ecclesia.
912 2785 1091 2857 Super
1140 2788 1241 2843 hos
1280 2795 1416 2857 sunt
1465 2788 1737 2857 episcopi,
1787 2787 1927 2842 sicut
1965 2786 2083 2842 loco
2132 2796 2187 2841 et

618 2878 893 2949 dignitate,
922 2879 1002 2933 sic
1030 2877 1332 2934 sanctitatis
1368 2886 1423 2934 et
1467 2877 1782 2934 eruditionis
1817 2877 2187 2949 singularitate

618 2968 916 3036 conspicui,
945 2968 1141 3037 quibus
1163 2967 1292 3023 solis
1326 2978 1410 3023 est
1441 2960 1678 3038 potestas
1713 2983 1927 3023 sacrum
1951 2968 2185 3022 chrisma

619 3057 904 3123 conﬁcere,
949 3068 1004 3115 et
1039 3058 1433 3130 baptizatorum
1480 3058 1683 3116 frontes
1725 3060 1957 3130 signare,
1998 3068 2054 3115 et
2090 3044 2185 3131 per

622 3165 810 3207 manus
836 3150 1232 3222 impositionem
1259 3148 1518 3220 Spiritum
1540 3160 1782 3206 sanctum
1804 3149 1907 3205 illis
1928 3150 2182 3207 tribuere.

622 3242 829 3298 llabcnt
861 3249 1178 3314 potestatem
1222 3243 1421 3313 ligandi
1444 3254 1606 3314 atque
1630 3243 1889 3299 solvendi.
1916 3243 2021 3299 Per
2044 3244 2186 3313 ipsos

618 3347 830 3403 quoque
867 3333 1078 3404 publica
1115 3333 1602 3405 populi,absolutio
1648 3336 1701 3388 in
1746 3333 1833 3389 die
1865 3333 2046 3390 (Stena;
2083 3336 2189 3389 Do-

620 3425 748 3479 mini
778 3424 1001 3480 solemni
1022 3441 1172 3481 more
1200 3427 1492 3497 peragitur.
1523 3425 1813 3482 Sciendum
1838 3435 2016 3481 autem
2043 3427 2186 3495 quod

617 3514 806 3584 primis
832 3515 1074 3572 ecclesiae
1093 3518 1425 3587 temporibus
1445 3516 1606 3573 etiam
1633 3502 1931 3588 presbyteri
1963 3516 2186 3588 episcopi

617 3607 949 3663 vocabantur
989 3626 1005 3663 :
1047 3610 1140 3664 sed
1167 3609 1532 3678 postmodum,
1555 3609 1675 3664 utili
1696 3611 1831 3665 satis
1856 3608 2181 3679 pmvisione,

616 3699 968 3755 constitutum
988 3708 1091 3766 est,
1116 3710 1177 3756 ut
1203 3703 1306 3757 hoc
1336 3716 1528 3757 nomen
1558 3701 1685 3756 solis
1716 3700 2058 3771 pontificibus
2088 3701 2189 3755 tri-

620 3790 834 3855 buatur,
869 3805 1096 3860 quorum
1130 3791 1348 3859 majoris
1372 3794 1569 3862 gradus
1603 3792 1919 3848 excellentia
1953 3801 2181 3855 crescat,

618 3897 672 3941 et
718 3885 895 3940 minor
918 3887 1052 3942 ordo
1087 3901 1350 3942 mensurae
1381 3902 1489 3942 suae
1524 3886 1747 3940 limitem
1794 3893 2179 3955 recognoscat:

618 3977 795 4046 sitque
818 3974 1120 4033 differentia
1145 3978 1203 4032 in
1225 3976 1525 4043 vocabulis,
1547 3977 1685 4032 sicut
1706 3976 2012 4047 prtecelsior
2034 3975 2193 4031 locus.

619 4068 859 4125 honoris.

689 4162 976 4235 Episcopus
1003 4161 1208 4229 Griece,
1256 4163 1444 4219 Latine
1473 4163 1668 4219 dicitur
1692 4163 2135 4233 superintendeus
2164 4182 2185 4218 τ

619 4256 703 4309 ἰπὶ
735 4268 917 4324 super,
954 4262 1162 4311 σκοπεῖν
1200 4254 1501 4319 intendere,
1532 4255 1659 4310 hinc
1679 4255 1960 4324 episcopus
1996 4269 2183 4323 super-

616 4345 920 4410 intendens,
953 4345 1008 4398 id
1036 4354 1117 4399 est
1155 4347 1543 4414 supervidens:
1581 4345 1707 4414 quia
1748 4346 1861 4414 ipse
1900 4346 2060 4401 debet
2092 4361 2180 4399 su-

615 4434 897 4506 pervidere
923 4432 1090 4488 vitam
1129 4432 1490 4502 subjectorum
1530 4449 1767 4497 suorum,
1806 4432 2036 4503 qualiter
2064 4448 2183 4487 cre-

2289 1800 2396 1858 tur,
2428 1808 2459 1848 a
2488 1795 2676 1859 verbo,
2704 1805 2925 1863 antesta,
2952 1807 3203 1865 antestas,
3232 1800 3376 1868 quod
3404 1800 3689 1873 significat,
3719 1802 3861 1857 emi—

2287 1898 2412 1950 neo,
2440 1884 2645 1940 excello
2670 1905 2684 1941 :
2709 1900 2774 1941 eo
2800 1887 2943 1957 quod
2969 1890 3279 1945 universum
3311 1890 3563 1961 populum
3595 1891 3862 1963 dignitate-

2286 1984 2343 2032 et
2365 1977 2568 2032 honore
2597 1979 3014 2048 superemineat.
3056 2010 3063 2019 η

2361 2063 2628 2135 Pontifex,
2656 2068 2809 2141 quasi
2840 2077 3059 2138 pontem
3090 2069 3317 2136 faciens,
3342 2085 3412 2129 eo
3440 2074 3585 2142 quod
3612 2083 3857 2145 pontem,

2288 2158 2342 2213 id
2364 2165 2464 2221 est,
2490 2159 2631 2212 viam
2663 2158 2780 2213 aliis
2821 2161 3060 2229 praebere
3097 2161 3290 2217 debeat
3313 2165 3474 2220 verbo
3501 2173 3560 2220 et‘
3584 2167 3857 2237 exemplo,

2288 2249 2431 2303 unde
2458 2248 2703 2303 homines
2729 2257 3008 2305 transeant
3030 2253 3096 2307 ad
3121 2253 3354 2321 patriam
3381 2253 3676 2309 calestem.
3711 2254 3850 2310 Pons

2287 2347 2467 2393 autem
2502 2348 2586 2394 est
2614 2338 2934 2410 tabulatum,
2963 2340 3105 2410 quod
3136 2341 3197 2394 tit
3225 2356 3387 2410 super
3412 2356 3603 2411 aquas.

2620 2518 2623 2521 _
2804 2446 3034 2506 CAPUT
3074 2450 3333 2505 xxxvu.

2287 2520 2317 2559 ι
2338 2535 2603 2583 ousttrsn
2620 2520 2909 2575 cpiscopus
2930 2536 3234 2575 OBDINETUR
3259 2537 3312 2574 IN
3339 2536 3551 2575 nonius
3583 2536 3848 2577 accessu.

2356 2606 2489 2663 Cum
2510 2609 2792 2679 episcopus
2820 2608 3053 2663 civitatis
3092 2607 3257 2663 merit
3296 2607 3603 2675 defunctus,
3640 2609 3853 2680 eligitur

2287 2700 2424 2754 alius
2457 2716 2491 2755 a
2517 2700 2663 2755 clero
2692 2715 2786 2754 seu
2833 2698 3058 2770 pepulo,
3095 2698 3262 2769 ﬁtque
3308 2699 3584 2755 decretum
3614 2699 3684 2754 ab
3721 2697 3855 2763 illis,

2286 2799 2342 2846 et
2372 2791 2591 2845 veniunt
2641 2791 2709 2845 ad
2763 2790 3117 2859 apostolicum
3162 2806 3288 2846 cum
3327 2806 3424 2846 suo
3464 2790 3657 2854 electo,
3702 2790 3853 2845 defe-

2288 2893 2470 2939 rentes
2492 2898 2674 2939 secum
2699 2885 3094 2955 suggestionem
3112 2924 3127 2947 ,
3160 2884 3263 2937 hoc
3285 2890 3369 2937 est
3390 2922 3405 2946 ,
3437 2881 3735 2952 rogatorias
3761 2882 3853 2935 lit—

2289 2986 2456 3041 teras,
2502 2984 2562 3031 ut
2602 2977 2681 3030 eis
2720 2983 3004 3043 consecret
3050 2975 3378 3044 episcopum.
3421 2973 3571 3029 Tunc
3612 2973 3854 3043 poutife;

2211 3034 2454 3136 Cjubet'
2478 3081 2603 3120 eum
2648 3036 2847 3135 inquiri
2898 3064 2964 3120 de
3002 3034 3253 3133 quatuor.
3270 3062 3517 3134 capitulis
3554 3034 3860 3129 canonicis,

2288 3160 2391 3214 hoc
2434 3167 2538 3221 est,
2585 3156 2651 3211 de
2677 3155 3021 3225 arsanoquita
3052 3165 3101 3219 ε,
3131 3169 3231 3225 pro
3261 3154 3457 3211 ancilla
3485 3155 3594 3209 Deo
3618 3165 3858 3219 sacrata,

2288 3264 2384 3318 pro
2410 3247 2867 3318 quadrupedibus,
2914 3254 3009 3299 aut
3050 3246 3094 3300 si
3126 3244 3403 3317 coniugem
3432 3244 3624 3299 habuit
3646 3259 3713 3299 ex
3748 3244 3853 3299 alio

2289 3340 2421 3401 viro,
2453 3337 2594 3407 quod
2623 3336 2812 3391 Graece
2839 3337 3037 3391 dicitur
3069 3336 3460 3410 δενταρογαμία.
3509 3335 3576 3389 Et
3596 3335 3647 3389 si
3675 3335 3741 3389 de
3768 3335 3859 3390 his

2288 3426 2625 3496 inculpabilis
2654 3425 2903 3479 inventus
2923 3424 3103 3490 fuerit,
3121 3424 3271 3493 jurat
3293 3424 3673 3485 archidiacono
3693 3441 3854 3496 super

2287 3525 2517 3588 quatuor
2561 3515 2874 3586 Evangelia,
2923 3515 3117 3571 deinde
3147 3514 3432 3571 confirmat
3464 3530 3625 3586 super
3659 3531 3862 3586 corpus

2284 3609 2424 3664 beati
2470 3608 2618 3664 Petri
2650 3608 2716 3663 de
2745 3608 2831 3663 his
2876 3596 3255 3678 inculpabilem
3302 3621 3362 3661 se
3408 3606 3543 3662 fore;
3596 3605 3854 3664 Similiter

2284 3702 2584 3773 presbyteri
2616 3710 2672 3756 et
2698 3701 2937 3756 diaconi.
2970 3699 3098 3755 Post
3140 3700 3256 3755 haec
3279 3700 3550 3756 residente
3577 3700 3851 3770 pontifice,

2284 3801 2569 3848 etastante
2597 3793 2850 3846 universo
2884 3791 3028 3845 clero
3053 3831 3067 3853 ,
3102 3792 3399 3858 interrogat
3434 3805 3531 3845 eos
3566 3790 3667 3859 qui
3702 3790 3857 3868 illum

2285 3884 2643 3947 adduxerunt,
2690 3880 2756 3936 de
2796 3881 3204 3934 conversatione
3230 3894 3357 3943 sua,
3393 3894 3494 3935 seu
3522 3888 3654 3950 quot
3681 3893 3858 3935 annos

2285 3974 2337 4028 in
2374 3987 2696 4042 unoquoque
2723 3971 2888 4043 gradu
2925 3971 3278 4025 ministravit.
3312 3970 3511 4027 Deinde
3556 3970 3854 4045 interrogat

2224 4128 2238 4139 .
2283 4082 2429 4130 eum,
2459 4065 2600 4119 sitne
2644 4063 2711 4118 de
2751 4062 2866 4133 ipsa
2896 4060 3168 4127 Ecclesia,
3198 4068 3293 4117 aut
3337 4062 3401 4117 de
3430 4062 3533 4117 alia
3567 4080 3580 4117 :
3611 4064 3738 4119 etsi
3781 4066 3856 4121 de

2285 4158 2388 4213 alia
2416 4165 2521 4221 est,
2550 4156 2848 4225 interrogat
2873 4162 3051 4207 utrum
3076 4153 3268 4209 habeat
3296 4152 3457 4225 593
3483 4153 3852 4210 dimissoriam

2282 4249 2349 4303 ab
2379 4248 2633 4318 episc0po
2661 4260 2778 4300 suo.
2820 4243 2949 4312 Quae
2976 4252 3191 4299 ostensa
3219 4244 3478 4299 recitatur
3500 4245 3556 4300 in
3586 4246 3849 4302 medium.

2284 4339 2401 4407 Quo
2449 4338 2596 4392 facto
2634 4336 2908 4406 subiungit
2946 4333 3187 4405 pontifex
3228 4351 3240 4386 :
3284 4333 3435 4399 Quid
3463 4336 3605 4389 nobis
3647 4336 3851 4405 placuit

2284 4429 2349 4482 de
2375 4427 2477 4481 eo?
2505 4425 2889 4497 Respondeant
2920 4441 2933 4476 :
2969 4423 3217 4487 Castitas,
3244 4422 3590 4492 hospitalitas,
3622 4423 3853 4497 benigni.

618 4525 767 4589 dant,
791 4523 1023 4595 qualiter
1054 4524 1260 4590 vivant,
1292 4524 1523 4595 qualiter
1563 4522 1658 4578 Dei
1692 4532 1958 4595 praecepta
2001 4531 2188 4578 custo—
2283 4531 2386 4584 tas,
2416 4527 2463 4573 et
2492 4518 2667 4571 omnia
2693 4516 2826 4570 bona
2864 4531 2979 4585 quia
3006 4514 3115 4568 Deo
3144 4525 3262 4568 sunt
3302 4522 3544 4585 accepta;
3589 4525 3645 4570 et
3676 4517 3849 4586 ponti-

616 4613 785 4668 diant.
830 4613 1079 4682 Antiquis
1124 4614 1457 4682 temporibus
1503 4614 1553 4668 in
1603 4614 1826 4683 singulis
1878 4614 2184 4669 civitatibus
2284 4610 2370 4665 fex
2404 4628 2417 4663 :
2454 4606 2663 4669 Videte;
2689 4604 2901 4674 fratrei,
2929 4620 2991 4694 ne
3020 4602 3671 4694 aliquam'promissionetn
3698 4604 3849 4675 recis.

616 4714 771 4760 erant
804 4713 980 4762 turres
1004 4706 1277 4761 altissima:
1301 4713 1624 4761 constructa:
1648 4724 1661 4759 :
1692 4721 2025 4775 unaquaque
2048 4705 2182 4761 civi-
2282 4738 2287 4751 ε

2174 4737 2182 4747 .
2282 4709 2357 4753 set
2383 4697 2521 4753 vobis
2545 4713 2563 4751 :
2586 4696 2779 4749 scimus
2806 4692 2944 4764 quod
2979 4694 3321 4748 simoniacam
3354 4702 3449 4756 est,
3482 4701 3529 4746 et
3550 4692 3731 4746 contra
3756 4709 3845 4746 ca-

617 4803 700 4850 tas
725 4795 955 4851 habebat
983 4815 1135 4861 suam
1171 4800 1395 4865 turrim,
1436 4800 1488 4853 in
1528 4813 1632 4869 qua
1671 4799 1849 4853 stabat
1882 4799 2184 4867 speculator
2287 4815 2288 4840 1

2174 4815 2184 4851 ε
2287 4806 2464 4844 nones.
2489 4785 2599 4842 Illis
2624 4786 3086 4856 respondentibus,
3117 4786 3261 4840 Absit
3283 4801 3315 4837 α
3350 4784 3518 4848 nobis,
3549 4783 3845 4841 introduci-

615 4884 849 4950 assidue,
873 4894 933 4940 ut
950 4877 981 4939 a
1004 4888 1159 4958 longe
1180 4899 1361 4959 posset
1386 4892 1647 4961 aSpicere,
1672 4890 1717 4945 si
1741 4891 2012 4946 exercitus
2036 4891 2188 4944 veni-
2284 4892 2375 4937 tur
2393 4880 2597 4936 electus
2623 4886 2747 4933 ante
2770 4876 3077 4948 pontificem
3096 4915 3110 4939 ,
3140 4880 3410 4944 prostrato
3447 4887 3512 4927 eo
3546 4872 3599 4927 in
3624 4882 3841 4935 terram.

614 4983 698 5030 ret
723 4990 793 5031 ex
821 4975 997 5045 aliqua
1020 4988 1202 5045 parte;
1226 4981 1272 5033 si
1297 4980 1505 5036 videret
1531 4983 1831 5037 exercitum
1852 4982 2179 5045 venientem,
2284 4996 2285 5005 ‘

2284 4971 2383 5027 Cui
2405 4970 2770 5041 apostolicus:
2800 4965 3044 5035 Protegat
3074 4980 3168 5017 nos
3200 4963 3475 5017 Dominus.
3523 4962 3591 5019 Et
3615 4971 3743 5021 tunc
3767 4967 3847 5021 in-
3928 4984 3935 4996 ι

612 5066 896 5124 nuntiabat
926 5068 1107 5121 statim
1148 5068 1292 5138 regi,
1336 5076 1391 5122 et
1419 5073 1859 5139 prmparahantur
1884 5087 2073 5127 omnes
2114 5071 2182 5125 ad
2283 5070 2523 5132 terrogat
2548 5060 2614 5116 de
2641 5059 2757 5114 suis
2779 5057 3082 5118 ordinibus,
3114 5062 3277 5121 atque
3320 5052 3540 5110 instruit
3573 5055 3642 5111 de
3679 5071 3847 5113 cauo-

610 5156 808 5213 bellum
845 5166 1033 5214 contra
1076 5159 1286 5213 hostem
1325 5158 1494 5211 illum.
1541 5158 1905 5229 Speculatoris
1930 5161 2074 5217 illius
2104 5162 2180 5216 si-
2278 5153 2407 5209 nica
2434 5151 2774 5215 auctoritate,
2804 5155 2859 5202 et
2884 5146 3056 5235 dicit:
3079 5141 3483 5209 Ωαοηὶαωὶηιε
3506 5144 3640 5200 όοηα
3668 5161 3848 5203 θολω-

681 5288 707 5315 ιι
741 5272 995 5330 Sacerdos
1022 5293 1203 5340 qrwce,
1236 5283 1340 5331 etc.
1371 5273 1483 5329 lmo
1514 5273 1769 5343 etipsum
1797 5275 2003 5343 origine
2028 5275 2176 5329 Lati-

610 5360 735 5417 num
765 5344 1051 5417 nomen._F
1054 5355 1169 5417 orte
1200 5348 1301 5417 leg.
1337 5359 1351 5398 :
1385 5342 1663 5405 Sacerdos,
1691 5342 1869 5417 erce
1890 5342 2176 5416 presbyter,

608 5415 795 5469 Latine
820 5415 1062 5471 sacerdos
1089 5412 1303 5479 dicitur,
1330 5432 1421 5469 seu
1449 5428 1657 5468 sacrum
1684 5412 1834 5466 dans.

678 5485 705 5523 ιι
734 5484 877 5554 Ordo
898 5484 1054 5554 ltom.
1082 5478 1200 5541 vfu.
1226 5476 1364 5540 Mab.
1390 5498 1509 5554 cap.
1537 5482 1767 5543 3Musaai
1789 5480 1928 5554 Ital.,
1961 5492 2089 5541 tom.
2113 5476 2177 5552 ll,

605 5570 723 5626 pag.
754 5552 840 5610 86.
872 5553 1054 5616 Baluz.
1078 5554 1306 5626 Capitul.
1331 5552 1548 5630 tomt'll,
1573 5568 1692 5625 pag.
1730 5552 1881 5608 1572.

2302 5283 2319 5296 ⁸
2355 5292 2379 5321 α
2420 5281 2790 5351 Arsanoquita,
2837 5292 2903 5351 ex
2942 5274 3129 5351 Qngco
3174 5276 3548 5351 ἆρᾳενοιοίῖης,
3575 5274 3845 5351 masculo-

2284 5421 2430 5477 illnm
2463 5425 2529 5477 de
2562 5428 2791 5491 quatuor
2820 5415 3089 5484 capitulis,
3137 5416 3188 5491 id
3238 5424 3340 5481 est,
3370 5415 3437 5470 de
3478 5415 3845 5486 arsenoduita,

2285 5492 2429 5562 quod
2455 5501 2554 5559 est,
2580 5487 2789 5547 cubans
2812 5503 2929 5541 cum
2963 5487 3349 5550 masculo,etc.
3384 5505 3401 5538 ι

2283 5334 2789 5407 rum-concubitum
2825 5346 2980 5419 Apud
3003 5334 3219 5419 _Balua.'
3255 5346 3359 5401 loc.
3387 5334 3514 5419 _cit._
3535 5334 3576 5395 ⁷(
3605 5345 3847 5419 lnquirat
3906 5406 3941 5419 κ
