4232 6238
632 118 762 169 ε’ὶῗῑθ

1452 113 1509 164 n.
1552 115 1611 167 r.
1653 113 1876 168 ALBlNl
1914 113 2042 169 seu
2084 100 2356 168 ALCUIM
2397 111 2679 169 OPERUM
2715 113 2893 170 psus
2931 117 3018 171 lx.

3722 111 3854 168 mo

626 244 790 297 genus
821 243 887 280 ex
912 228 1073 295 bysso
1109 234 1326 292 retorta,
1357 228 1662 297 hyacintho,
1697 244 1937 298 purpura
1971 243 2034 283 ac
2069 242 2189 281 ver—
2214 227 2266 287 Α
2290 225 2386 289 lle,
2426 227 2569 294 Vau,
2598 227 2736 284 Heth
2762 247 2773 282 :
2802 229 2966 301 [m9]
2995 238 3047 284 et
3070 228 3371 293 dicebatur,
3406 227 3701 293 inetl'abile,
3747 243 3854 282 non

627 318 842 381 llllClllO,
868 333 1031 386 opere
1056 317 1304 387 plumari,
1333 317 1384 371 in
1417 319 1816 374 similitudinem
1851 319 2004 388 pellis
2037 319 2184 373 colu-

627 409 728 471 hri,
760 406 1056 461 latitudinis
1085 417 1317 476 quatuor
1337 409 1643 478 digitorum.
1684 407 1790 462 Pro
1821 408 2020 472 balteo,
2047 421 2189 463 nunc

629 512 904 561 zonarum,
949 510 1083 566 quas
1119 495 1388 551 Romanas
1433 497 1732 567 appellant,
1775 513 1904 552 usus
1945 505 2188 567 receptus

626 595 729 639 est.

695 678 1130 746 Superbumerale
1149 677 1293 748 quod
1321 677 1583 734 Hebraice
1629 679 1797 749 ephod
1835 680 2050 746 dicitur,
2108 679 2188 737 sic

626 779 891 835 vocatum,
923 770 1066 840 quod
1097 771 1352 824 humeros
1375 771 1670 826 obnuberet
1689 769 1879 842 ;,eujus
1907 781 2189 828 contextus

625 865 690 916 de
710 864 960 924 omnibus
989 862 1258 917 coloribus
1282 871 1399 917 erat
1429 864 1814 932 magnitudinis
1839 866 2107 932 cubitalis,
2134 867 2188 924 id

625 960 728 1016 cst,
757 968 926 1021 usque
962 952 1030 1006 ad
1054 952 1327 1022 cingulum
1355 953 1690 1022 pertingens,
1716 954 2049 1023 amplectens
2073 971 2190 1011 oni-.-

626 1056 746 1096 nem
771 1041 948 1096 locum
987 1043 1244 1113 pectoris,
1275 1051 1330 1098 et
1357 1043 1425 1097 ad
1452 1057 1644 1097 manus
1656 1044 1946 1111 ejiciendas
1962 1045 2189 1101 hincin-

626 1131 690 1183 de
717 1139 986 1200 apertum;
1027 1134 1113 1185 cui
1143 1133 1465 1187 vestimento
1494 1134 1646 1188 locus
1671 1150 1872 1189 vacuus
1886 1136 2191 1192 dimitteba-

629 1229 715 1272 tur
747 1222 801 1274 in
829 1221 1003 1275 medio
1031 1230 1271 1291 pectore,
1304 1224 1670 1292 magnitudine
1693 1224 1874 1294 palmi,
1905 1226 1995 1280 ubi
2045 1227 2190 1281 inse~

626 1310 843 1364 rebatur
872 1311 1150 1376 rationale,
1180 1312 1325 1380 quod
1377 1311 1639 1367 Hebraice
1689 1315 1886 1369 dicitur
1927 1317 2086 1380 essin,
2136 1326 2192 1371 et

623 1403 808 1458 (it-recc
853 1401 1024 1474 logion
1077 1420 1094 1456 :
1153 1405 1386 1459 habebat
1434 1413 1614 1459 autem
1661 1406 2097 1474 superhnmerale
2135 1407 2192 1463 in

624 1501 853 1562 utroque
876 1492 1102 1546 humero
1131 1493 1368 1563 singulos
1417 1494 1621 1562 lapides
1670 1495 1987 1564 onychinos,
2035 1505 2092 1550 et
2134 1497 2191 1552 in

2288 315 2432 384 quod
2459 315 2566 371 dici
2599 332 2705 372 non
2734 318 2927 386 possit,
2957 321 3048 374 sed
3079 319 3202 388 quia
3240 333 3339 374 nee
3378 318 3589 374 deﬁniri
3626 326 3682 373 et
3712 332 3855 374 como

2286 407 2544 475 prehendi
2573 422 2733 463 sensu
2763 409 2920 464 ullius
2945 419 3221 473 creaturae,
3253 418 3313 463 ut
3339 409 3500 478 digne
3524 408 3635 464 Deo
3658 409 3856 478 aliquid

2288 498 2392 552 dici
2422 499 2608 566 possit.
2645 499 2934 569 Ligahatur
2962 509 3140 555 autem
3173 501 3305 555 vitta
3331 501 3677 573 hyacinthina
3696 517 3853 576 super

2288 587 2507 651 tiaram,
2531 595 2591 642 ut
2613 595 2779 643 totam
2806 589 3131 658 pontificalis
3159 599 3379 646 ornatus
3406 590 3849 661 pulchritudinem

2287 676 2383 733 Dei
2414 677 2730 734 vocabulum
2750 689 3034 736 coronaret
3065 697 3128 737 ac
3153 689 3479 752 protegeret.
3511 680 3696 750 Neque
3718 681 3852 735 hanc

2286 768 2590 824 ornamenti
2622 771 2858 840 speciem
2878 770 3078 826 Christi
3109 772 3316 842 accepit
3341 772 3410 826 ab
3432 771 3540 826 illis
3560 771 3816 827 Ecclesia.

2357 861 2637 926 Octavum,
2675 863 2729 918 id
2763 872 2876 929 est,
2911 863 3260 918 novissimum
3297 872 3674 918 ornamentum
3705 864 3852 933 {emi-

2289 954 2434 1008 nalia
2463 953 2632 1017 linea,
2673 940 2867 1022 quibtk
2911 954 3228 1023 aperiebant
3264 968 3483 1009 carnem
3516 954 3856 1023 turpitudinis

2289 1059 2420 1108 sum,
2448 1045 2517 1100 ab
2542 1043 2761 1102 renibus
2784 1058 2955 1113 usque
2985 1044 3053 1098 ad
3085 1043 3286 1099 femina
3325 1043 3439 1099 sive
3472 1046 3557 1114 (ut
3586 1042 3854 1110 usitatius)

2290 1132 2520 1199 femora,
2551 1149 2674 1190 eum
2707 1133 2776 1188 ad
2805 1132 3127 1188 sacrificium
3157 1133 3504 1189 accedebant.
3545 1131 3857 1200 Huiusmodi

2291 1224 2509 1280 habitus
2531 1224 2608 1278 ita
2631 1231 2788 1278 notus
2823 1231 2907 1279 est
2940 1223 2996 1277 in
3027 1224 3230 1278 nostris
3262 1222 3587 1293 regionibus,
3611 1230 3670 1277 ut
3699 1238 3764 1277 ex
3793 1237 3861 1276 eo

2290 1315 2462 1372 Gallia
2490 1316 2750 1370 Braecata
2775 1315 3146 1385 cognominata
3173 1315 3264 1369 sit.

2361 1406 2817 1476 Comprehensum
2835 1406 3092 1469 breviter,
3114 1406 3311 1474 quibus
3336 1404 3577 1460 vestibus
3607 1418 3859 1459 ornaren-

2292 1502 2382 1549 tur
2406 1495 2713 1550 sacerdotes
2736 1502 2792 1549 et
2815 1493 3048 1548 ministri
3078 1493 3264 1562 templi
3297 1491 3414 1557 Dei,
3455 1491 3699 1546 Mosaica:
3731 1491 3859 1561 legis

623 1582 846 1650 singulis
870 1581 1138 1651 lapidibus
1165 1592 1323 1636 erant
1349 1583 1555 1651 sculpta
1569 1583 1778 1654 singula
1805 1583 2086 1640 duodecim
2100 1596 2184 1656 p‘a—
2224 1565 2266 1622 Β
2292 1585 2640 1655 temporibus,
2671 1599 2806 1653 quas
2828 1583 3068 1638 adinstar
3089 1582 3302 1638 illonun
3332 1581 3565 1637 revelata
3589 1581 3858 1652 Evangelii

626 1673 983 1727 triarcharum
1011 1675 1249 1728 nomina.
1281 1673 1665 1729 Habentetiam
1682 1692 1824 1731 nunc
1844 1677 2078 1732 ministri
2093 1678 2198 1733 Ee-

623 1764 800 1817 clcsia:
822 1763 1020 1818 Christi
1047 1765 1500 1834 superhumerale,
1533 1765 1676 1835 quod
1725 1766 1982 1820 amictum
2028 1780 2193 1822 vocav

624 1872 762 1922 mus,
789 1856 1004 1925 quando
1030 1858 1098 1911 ad
1124 1857 1294 1912 altare
1318 1857 1648 1912 ministrant.

693 1944 994 2010 Rationale,
1019 1960 1180 2014 opere
1210 1945 1469 2017 polymito
1497 1945 1698 2000 factum
1727 1955 1847 2001 erat
1885 1945 2042 2015 juxta
2077 1955 2184 2002 tex-

625 2049 801 2091 turam
825 2036 1299 2106 superhumeralis,
1327 2037 1378 2092 id
1401 2045 1506 2102 est,
1544 2037 1746 2092 eisdem
1794 2037 2064 2094 coloribus
2111 2037 2194 2093 fa-

622 2137 767 2181 ctum
793 2137 929 2192 erat,
961 2128 1407 2197 quadrangulum,
1439 2128 1642 2184 habens
1670 2144 1978 2183 mensuram
2029 2129 2193 2199 palmi

627 2206 677 2263 i'n
709 2209 1091 2280 longitudinem
1117 2217 1174 2263 et
1198 2209 1556 2266 latitudinem.
1594 2209 1762 2265 Erant
1792 2212 1846 2264 in
1872 2226 1937 2266 eo
1962 2221 2198 2282 quatuor
2232 2281 2240 2288 τ

623 2301 840 2354 ordines
870 2299 1123 2369 lapidum,
1151 2301 1287 2354 terni
1307 2315 1404 2371 per
1423 2301 1658 2372 singulos
1684 2317 1869 2358 versus
1890 2304 2191 2359 distributi:

623 2391 815 2462 sculpti
844 2401 998 2446 erant
1021 2391 1243 2462 singulis
1267 2391 1548 2449 duodecim
1570 2395 2001 2464 patriarcharum
2023 2395 2196 2450 nomi-

627 2480 798 2536 nibus.
838 2480 1007 2535 Erant
1032 2490 1211 2536 autem
1233 2483 1492 2537 eatenulte
1517 2499 1716 2547 aureae,
1743 2491 1800 2537 et
1820 2484 2000 2538 uncini
2022 2483 2192 2547 aurei,

624 2585 718 2626 nec
740 2586 845 2625 non
864 2577 920 2625 et
942 2571 1091 2625 aurei
1114 2571 1314 2635 annuli,
1338 2581 1447 2626 tam
1470 2574 1524 2626 in
1546 2581 1779 2640 quatuor
1797 2573 2196 2628 summitatibus

623 2659 919 2722 rationalis,
952 2676 1112 2728 quam
1141 2661 1268 2714 etin
1293 2661 1693 2716 summitatibus
1714 2663 2190 2731 superhumeralis,

622 2763 739 2815 qua:
775 2755 831 2802 et
862 2749 1123 2804 eatenulze
1162 2748 1559 2816 inserebantur,
1592 2749 1997 2821 jungebantque
2029 2753 2194 2807 ratio-

621 2839 741 2896 nale
772 2849 826 2895 ct
852 2839 1290 2909 superhumerale
1325 2843 1590 2910 superius,
1620 2841 1844 2898 inferius
1879 2858 2008 2900 vero
2044 2845 2191 2900 vittis

621 2916 980 3002 hyacinthinis
1028 2932 1130 2986 sibi
1183 2933 1552 2987 nectebantur.
1607 2934 1709 2988 Pro
1755 2937 2002 2992 rationali
2047 2954 2190 2994 nunc

621 3024 813 3078 summi
850 3023 1148 3094 pontifices,
1181 3038 1318 3094 quos
1340 3025 1773 3096 archiepiscopus
1799 3027 2047 3092 dicimus,
2077 3029 2192 3099 pal-

623 3112 692 3164 lio
717 3119 958 3175 utuntur,
990 3111 1132 3178 quod
1153 3128 1184 3165 a
1218 3119 1403 3167 sancta
1440 3111 1682 3167 Romana
1719 3115 1864 3179 sede,
1895 3117 2192 3186 apostolico

621 3201 802 3264 dante,
831 3199 1149 3268 suscipiunt.

694 3290 850 3345 Τέω-α
887 3298 1004 3346 erat
1050 3291 1244 3356 vestis,
1284 3291 1536 3362 pileolum
1585 3293 1832 3349 videlicet
1872 3297 2188 3361 rotundum,

619 3383 770 3452 quasi
794 3383 1004 3453 sphaera
1033 3381 1209 3437 media
1232 3383 1323 3438 sie
1341 3383 1509 3438 divisa
1526 3425 1540 3449 ,
1579 3393 1639 3438 nt
1665 3393 1722 3439 et
1746 3400 1874 3455 pars
1897 3401 2002 3440 una
2031 3402 2193 3456 pona-

621 3485 706 3527 tur
736 3475 789 3527 in
820 3473 1014 3543 capite,
1054 3473 1126 3527 ita
1163 3482 1225 3527 ut
1250 3474 1411 3530 medii
1432 3475 1652 3530 verticis
1677 3476 2017 3531 medietatem
2037 3491 2193 3532 exce-

621 3564 732 3625 dat,
783 3562 986 3617 habens
1033 3563 1218 3627 vittas,
1261 3578 1381 3632 qua‘.
1417 3564 1733 3627 convoluta,
1767 3558 1962 3634 sacpius
1997 3580 2195 3619 conne-

620 3660 881 3714 cluntur,..
899 3665 967 3704 ne
999 3649 1156 3705 facile
1185 3650 1493 3706 dilabantur
1519 3670 1532 3704 :
1561 3660 1618 3705 et
1637 3653 1742 3706 hoc
1765 3651 1984 3721 quidem
2023 3653 2196 3706 mino-

621 3757 739 3795 rum
760 3749 878 3795 erat
899 3740 1257 3796 sacerdotum.
1296 3739 1550 3795 Summus
1578 3750 1756 3796 autem
1792 3741 2031 3811 pontifex
2058 3756 2197 3810 prrs-

620 3843 701 3887 ter
742 3832 942 3903 pileum
986 3831 1217 3886 habebat
1249 3846 1506 3886 coronam
1539 3846 1755 3886 auream
1800 3831 2190 3901 triplicemque,

621 3942 781 3996 super
807 3940 969 3996 quam
1007 3940 1037 3979 a
1075 3925 1249 3980 media
1286 3923 1463 3979 fronte
1491 3925 1747 3994 surgebat
1767 3923 1920 3994 quasi
1957 3923 2196 3979 calamus

620 4020 835 4087 quidam
871 4033 1085 4082 aureus,
1122 4017 1314 4072 similis
1339 4017 1520 4072 herba
1553 4031 1672 4085 qua:
1715 4015 1972 4071 ﬂebraice
2003 4031 2191 4079 scena,

621 4109 806 4162 Graece
826 4117 1006 4161 autem
1031 4108 1164 4171 hios,
1182 4123 1301 4177 quae
1319 4109 1459 4176 apud
1481 4107 1780 4162 nosLatine
1803 4107 2061 4160 sideri".
2090 4105 2198 4159 Per

2211 2895 2262 2956 C

2292 1676 2486 1744 gratia,
2511 1675 2750 1745 suscepit
2767 1673 3026 1729 Ecclesia.
3069 1672 3208 1728 Sunt
3240 1681 3420 1728 tamen
3447 1673 3552 1727 alia
3579 1687 3699 1743 qua:
3723 1671 3866 1742 apud

2294 1766 2413 1823 illos
2432 1778 2539 1822 non
2562 1765 2917 1831 habebantur,
2941 1773 3003 1820 ut
3020 1765 3179 1830 stola,
3201 1764 3442 1819 sandalio
3494 1772 3548 1818 et
3569 1761 3863 1825 sudarium,

2294 1856 2436 1924 quod
2457 1855 2524 1910 ad
2546 1855 2859 1926 tergendum
2879 1853 3130 1909 sudorem
3150 1854 3206 1907 in
3225 1867 3386 1908 manu
3407 1851 3605 1922 gestari
3626 1865 3744 1905 mos
3759 1858 3860 1913 est,

2292 1947 2436 2016 quod
2460 1947 2660 2000 usitato
2683 1945 2900 2001 nomine
2931 1943 3175 2012 [unum
3201 1956 3473 2000 vocamus.
3515 1940 3714 1999 IVerum
3740 1940 3862 2008 quia

2294 2039 2388 2095 illo
2415 2047 2656 2109 tempore
2678 2037 2863 2107 figuris
2895 2038 3076 2092 omnia
3099 2044 3156 2090 et
3177 2035 3551 2104 :enigmatibus
3577 2033 3862 2089 obumbra-

2295 2131 2511 2194 bantur,
2547 2129 2817 2194 convenit,
2845 2135 2906 2182 ut
2933 2125 3062 2196 quid
3088 2125 3178 2180 illa
3200 2127 3519 2180 vestimenta
3548 2121 3771 2193 mystice
3799 2123 3865 2177 si-

2295 2219 2684 2291 gniﬁcaverint,
2714 2232 2888 2289 quove
2916 2216 3135 2272 nomine
3161 2231 3302 2270 nunc
3335 2207 3650 2286 specialiter
3668 2212 3722 2266 in
3761 2212 3861 2267 Ec-

2295 2312 2460 2368 clesia
2507 2319 2853 2376 venerantur,
2908 2325 3016 2366 non
3057 2308 3342 2373 verbatim,
3389 2306 3483 2362 sed
3535 2305 3868 2376 capitulatim

2294 2402 2656 2458 ostendamus.

2366 2493 2692 2550 Vestimenta
2735 2494 2844 2560 illa,
2890 2510 3010 2565 qua:
3048 2496 3101 2551 in
3143 2495 3346 2550 sanctis
3377 2491 3565 2549 olliciis
3600 2489 3860 2560 portanda

2295 2594 2468 2650 erant,
2497 2595 2655 2658 typus
2680 2598 2837 2642 erant
2859 2595 3164 2644 sanctarum
3189 2587 3470 2648 virtutum,
3493 2583 3635 2637 unde
3657 2582 3712 2634 et
3741 2595 3861 2634 san-

2294 2686 2378 2732 cta
2415 2678 2747 2733 dicebantur.
2796 2677 2878 2733 Ad
2908 2678 3024 2734 haec
3063 2677 3306 2732 facienda
3347 2689 3455 2728 non
3491 2681 3604 2726 tam
3639 2671 3862 2726 diversas

2294 2782 2453 2838 quam
2478 2767 2731 2838 speciosa
2756 2768 2961 2836 species
2986 2768 3353 2830 sumebantur,
3381 2779 3572 2818 aurum
3591 2761 3860 2825 videlicet,

2292 2859 2436 2928 quod
2470 2866 2555 2912 est
2589 2856 2840 2928 splendor
2873 2856 3148 2926 sapientia:
3170 2855 3396 2918 divinas;
3427 2855 3512 2909 cui
3540 2852 3864 2922 iungebatur

2291 2946 2633 3016 hyacinthus,
2647 2946 2737 3016 qui
2765 2953 2848 3001 est
2865 2946 3014 3001 color
3039 2945 3238 3008 aerius,
3266 2944 3486 3000 emleste
3507 2941 3758 2996 videlicet
3777 2939 3864 2993 de-

2290 3038 2564 3094 siderium.
2602 3037 2847 3106 Purpura
2873 3037 3260 3107 apponebatur,
3291 3049 3412 3104 qum
3439 3030 3712 3101 sanguinis
3741 3028 3864 3083 imi-

2291 3125 2437 3182 titur
2469 3128 2722 3191 colorem,
2755 3136 2817 3180 ut
2849 3142 2946 3196 per
2970 3126 3077 3181 duo
3109 3140 3307 3195 genera
3335 3121 3580 3192 martyrii
3614 3119 3865 3174 noverint

2290 3231 2349 3271 se
2373 3217 2703 3272 exemendos
2721 3215 2897 3279 electi,
2924 3215 2978 3269 id
3007 3222 3110 3278 est,
3140 3215 3187 3269 si
3210 3227 3431 3268 necesse
3455 3213 3546 3277 sit,
3570 3225 3678 3266 non
3702 3211 3863 3267 dubi-

2291 3315 2405 3361 tent
2435 3307 2572 3362 mori
2604 3321 2704 3376 pro
2734 3305 2971 3372 Christo,
3013 3312 3070 3359 et
3107 3305 3259 3375 pacis
3295 3313 3538 3373 tempore
3579 3303 3634 3356 in
3670 3301 3865 3372 seipsis

2291 3396 2867 3467 appetitus~oceidant,
2902 3393 3290 3452 mortiﬂeantes
3322 3392 3567 3448 membra
3602 3407 3699 3447 sua
3736 3405 3860 3446 etim

2291 3487 2437 3542 vitiis
2471 3494 2526 3541 et
2562 3468 3030 3556 concupiscentiis.
3079 3484 3288 3540 Coecus
3323 3481 3411 3537 his
3444 3481 3642 3534 tinctus
3680 3477 3776 3534 Dei
3807 3484 3865 3531 et

2289 3577 2520 3646 proximi
2570 3576 2915 3630 dilectionem
2962 3574 3164 3628 indicat
3207 3570 3498 3626 efﬁcaciter
3548 3566 3854 3622 tenendam.

2292 3665 2490 3732 Byssus
2515 3663 2791 3733 geminam
2808 3661 3133 3724 castitatem,
3164 3658 3404 3727 corporis
3433 3655 3640 3711 scilicet
3663 3661 3718 3709 et
3744 3652 3862 3707 ani-

2293 3767 2394 3806 ma:
2424 3749 2690 3821 signiﬁcat
2710 3764 2725 3803 :
2745 3749 2888 3804 unde
2925 3748 2992 3802 de
3029 3762 3158 3803 vere
3191 3746 3350 3801 vidua
3384 3745 3516 3801 dicit
3547 3742 3858 3813 Apostolus,

2296 3839 2363 3894 Ut
2397 3842 2464 3896 sit
2496 3850 2676 3894 sancta
2706 3855 2920 3908 corpore
2945 3848 2994 3891 et
3028 3837 3212 3908 spiritu
3245 3834 3297 3906 (1
3330 3833 3452 3890 Cor.
3482 3827 3722 3906 “1,54).
3765 3833 3865 3890 llis

2291 3932 2626 3990 ornamentis
2649 3930 2808 3987 debet
2829 3929 3030 3984 Christi
3061 3927 3300 3999 pontifex
3335 3925 3623 3998 refulgere,
3650 3924 3740 3983 his
3763 3939 3856 3980 co—

2291 4024 2496 4080 loribus
2527 4021 2796 4076 exornari.

2365 4111 2562 4165 Tunica
2594 4109 2730 4163 linea
2749 4151 2764 4173 ,
2815 4119 2862 4163 et
2898 4109 3106 4178 byssina
3137 4106 3317 4160 stricte
3338 4143 3354 4167 ,
3395 4101 3861 4158 mortiﬁcationem

626 4194 886 4249 circulum
912 4209 1040 4247 vero
1060 4193 1292 4248 habebat
1304 4194 1485 4258 flores,
1503 4194 1704 4248 similes
1715 4192 1834 4247 ﬂori
1849 4194 2188 4263 plantaginis,
2220 4231 2273 4292 υ
2292 4200 2470 4254 carnis
2495 4198 2796 4265 pratendit.
2835 4197 3065 4266 Byssum
3080 4195 3227 4249 enim
3249 4191 3336 4246 vel
3359 4190 3548 4256 linum,
3576 4187 3858 4292 multiplici

625 4287 692 4340 ab
713 4284 964 4355 occipitio
977 4298 1145 4352 usque
1159 4283 1224 4337 ad
1238 4285 1524 4353 utrumque
1538 4290 1764 4353 tempus.
1801 4283 1857 4338 In
1871 4283 2046 4338 fronte
2063 4298 2192 4338 vero

621 4383 739 4430 erat
765 4375 913 4430 locus
933 4382 1143 4444 patens,
1175 4373 1264 4428 ubi
1295 4372 1630 4429 inserebatur
1649 4374 1846 4430 lamina
1870 4391 2052 4440 aurea,
2073 4392 2194 4446 qua:

622 4477 853 4538 quatuor
880 4467 1073 4522 litteris
1095 4481 1286 4523 nomen
1309 4466 1404 4521 Dei
1426 4465 1658 4520 habebat
1682 4467 1957 4536 scriptum.
2000 4465 2191 4534 Hujus-

623 4559 830 4614 cemodi
857 4557 1024 4612 vestis
1055 4571 1161 4610 non
1191 4555 1419 4611 habetur
1453 4555 1506 4610 in
1544 4554 1785 4631 Romana
1819 4549 2080 4632 Ecclesia,
2108 4554 2191 4608 vel

628 4652 681 4703 in
713 4651 910 4704 nostris
934 4648 1257 4716 regionibus.
1296 4646 1414 4701 Non
1437 4647 1582 4701 enim
1606 4646 1771 4700 moris
1796 4653 1900 4709 est,
1928 4653 1990 4698 ut
2010 4645 2192 4713 pileati

627 4742 802 4794 divina
833 4739 1088 4809 mysteria
1121 4738 1411 4794 celebrent.
1450 4736 1603 4806 Apud
1632 4736 1847 4791 Gmos
1883 4743 2060 4789 autem
2092 4737 2195 4790 hoc

629 4829 840 4892 dicitur,
868 4827 961 4896 qui
988 4825 1176 4895 pileos,
1208 4824 1261 4880 id
1288 4834 1393 4888 est,
1425 4825 1647 4896 cuphias
1683 4831 1894 4892 gestant
1918 4824 1971 4876 in
1996 4824 2192 4893 capite,

628 4919 751 4972 dum
775 4918 1033 4972 assistunt
1053 4916 1332 4970 altaribus.
1365 4913 1588 4968 Lamina
1611 4928 1773 4969 aurea
1797 4915 1849 4968 in
1871 4913 2045 4969 fronte
2063 4930 2193 4983 pon-

630 5009 808 5071 tificis,
834 5011 886 5064 in
916 5024 1021 5079 qua
1039 5013 1285 5063 sanctum
1319 5004 1546 5060 Domino
1569 5005 1682 5060 sive
1708 5014 1950 5060 sanctum
1983 5004 2192 5060 Domini

631 5099 894 5168 sculptu'n
924 5098 1237 5160 habebatur,
1264 5105 1635 5151 ornamentum
1657 5105 1772 5152 erat
1790 5096 1998 5152 caeteris
2021 5110 2200 5152 sacra-

632 5194 735 5246 tius
771 5192 1112 5247 indumentis.
1162 5188 1416 5245 Sanctum
1447 5197 1625 5244 autem
1663 5190 1909 5254 Domino,
1948 5189 2090 5258 quod
2125 5189 2195 5243 ibi

633 5281 897 5352 sculptum
936 5289 1054 5336 erat
1095 5295 1287 5336 nomen
1334 5289 1577 5336 sanctum
1625 5288 1680 5352 et
1723 5279 2026 5335 venerabile
2067 5279 2194 5344 Dei,

634 5372 774 5437 quod
798 5379 1152 5441 perquatuor
1185 5370 1394 5426 litteras
1423 5369 1783 5433 scribebatur,
1816 5368 2041 5432 scilicet,
2074 5368 2192 5432 led,

2291 4287 2623 4345 elaboratum
2663 4285 2996 4348 contusione,
3038 4291 3096 4337 et
3129 4289 3336 4337 natura
3371 4280 3666 4337 subtilitate
3691 4276 3857 4336 dedu-

2293 4388 2440 4434 ctum
2463 4392 2529 4432 ac
2559 4382 2786 4439 textum,
2815 4374 2872 4429 in
2893 4382 3093 4430 vestem
3120 4372 3373 4444 proficit..
3402 4370 3494 4428 Sic
3511 4369 3689 4432 nullus
3706 4366 3860 4423 Chri-

2291 4477 2377 4522 sto
2399 4465 2582 4521 ornari
2604 4463 2817 4532 poterit,
2844 4464 2948 4519 nisi
2971 4463 3243 4533 castigatis
3261 4471 3317 4518 et
3338 4457 3675 4517 rhortitlcatis
3690 4457 3860 4512 omni-

2292 4557 2394 4611 bus
2417 4554 2597 4610 carnis
2613 4553 2952 4624 passionibus
2975 4569 2991 4608 :
3014 4555 3154 4609 unde
3176 4560 3232 4610 et
3252 4553 3390 4606 bene
3414 4549 3605 4604 stricta
3630 4547 3875 4612 dicitur,

2294 4647 2538 4702 strictum
2560 4647 2704 4702 enim
2733 4654 2940 4702 castum
2981 4645 3212 4712 dicimus
3251 4660 3266 4695 :
3305 4655 3336 4694 e
3372 4646 3560 4694 contra
3595 4638 3854 4697 lascivum

2292 4737 2610 4794 dissolutum
2645 4752 2920 4794 vocamus.
2961 4764 2966 4770 -
3207 4761 3210 4766 -
3928 4725 3935 4730 ’

2366 4828 2563 4884 Tunica
2589 4837 2700 4883 tota
2730 4824 3090 4897 hyacinthina,
3120 4837 3240 4892 quas
3276 4823 3423 4877 aerio
3452 4821 3748 4894 refulgebat
3769 4835 3856 4878 et»

2291 4921 2435 4986 lore,
2474 4920 2747 4976 caelestem
2778 4915 3028 4985 designat
3061 4915 3520 4969 conversationem
3546 4931 3558 4965 :
3580 4927 3700 4982 qua:
3744 4917 3854 4964 tota

2293 5019 2410 5064 erat
2439 5007 2810 5079 hyacinthina,
2845 5002 2980 5072 quia
3023 5002 3277 5058 sacerdos
3318 5001 3454 5057 nihil
3491 5000 3651 5054 debet
3691 4997 3854 5070 ωε

2294 5115 2488 5155 curare
2529 5107 2799 5153 terrenum
2826 5110 2840 5146 :
2865 5091 3033 5146 Nemo
3060 5093 3220 5158 enim,
3255 5092 3332 5146 ait
3364 5087 3668 5159 Apostolus,
3709 5087 3854 5142 mili-

2295 5200 2412 5243 tans
2433 5187 2565 5251 Deo,
2598 5179 2826 5252 implicat
2850 5196 2905 5234 se
2925 5182 3141 5251 negotiis
3171 5177 3534 5242 saculos-ibus,
3573 5186 3630 5231 sit
3661 5179 3709 5231 ei
3738 5176 3855 5246 pla-

2296 5287 2408 5336 ceat
2435 5278 2520 5334 cui
2549 5291 2603 5329 se
2630 5272 2861 5347 probauit
2889 5270 2974 5342 (11
3007 5271 3139 5338 Tini,
3177 5287 3238 5337 tt,
3266 5268 3344 5341 ὁ).

2372 5366 2578 5421 Balteus
2602 5361 2715 5419 sive
2740 5361 3006 5439 cingulum
3024 5402 3039 5429 ,
3069 5375 3174 5431 quo
3209 5359 3388 5416 tunica
3413 5358 3536 5415 haec
3563 5373 3685 5416 cum
3711 5358 3850 5412 inte-

708 5497 728 5523 ⁸
773 5482 964 5536 Similis
989 5480 1155 5538 herba
1275 5485 1455 5538 Latine
1477 5482 1685 5535 cidaris.
1721 5479 1861 5534 Nihil
1894 5481 2026 5535 sani.
2067 5480 2320 5534 Sinnoa'n.
2347 5478 2399 5530 in
2423 5477 2520 5530 Ms.
