4232 6216
437 182 569 239 iiii

432 399 585 454 nuat,
607 402 727 459 qua
743 399 918 447 mater
943 400 1026 447 est
1045 399 1100 446 et
1124 388 1305 447 custos
1321 392 1609 463 pudicitia,
1630 407 1733 461 qua
1758 389 1991 443 maxime

432 482 616 537 ornari
656 482 937 552 pontiﬁces
978 484 1273 539 condecet:
1312 485 1475 550 hanc,
1515 485 1607 553 qui
1645 486 1885 555 ingratus
1909 491 2019 537 est.

431 567 567 635 Deo,
594 572 790 641 perdit,
819 571 957 627 sicut
981 569 1081 626 Job
1106 574 1171 627 de
1200 573 1395 628 talibus
1434 573 1597 628 dicit:
1635 572 1874 626 Balteum
1912 588 1993 625 re-

430 676 553 729 gum
598 660 849 727 diuoluit,
883 669 931 714 et
974 662 1244 732 pracingit
1284 664 1411 732 fune
1437 679 1582 717 renes
1625 658 1985 732 εον-πωροι.

324 812 339 817 ,
431 762 533 810 xu.
562 747 681 823 18).
714 748 916 804 Renum
942 751 1103 816 enim,
1136 751 1191 805 id
1217 758 1301 806 est
1324 760 1630 807 sanctorum
1653 751 1991 806 sacerdotum

422 829 810 905 balteum,hoc
838 847 943 903 est,
964 840 1211 910 pudicam
1236 840 1618 896 continentiam
1647 841 1910 906 dissolvit,
1935 841 1989 897 id
2026 870 2031 871 ί

397 930 489 991 est,
505 917 756 984 dissolvi
776 940 819 999 p
834 930 1084 996 ermittit,
1114 946 1236 985 cum
1258 930 1331 986 de
1357 930 1469 985 suis
1493 929 1778 985 virtutibus
1804 930 1988 986 extolli

387 1011 681 1088 coeperint
711 1020 803 1071 :et
841 1018 1123 1093 praecingit
1150 1017 1277 1073 fune
1312 1032 1514 1099 aspera
1551 1017 1877 1089 paenitentia
1906 1034 1990 1073 re-

421 1121 527 1160 nes
556 1120 798 1178 eorum,
822 1107 1181 1183 utincipiant.
1204 1107 1317 1179 suis
1358 1107 1574 1163 casibus
1605 1109 1987 1178 ingemiscere,

406 1187 618 1269 qualia
629 1206 766 1249 rum
795 1187 1037 1269 lapsibus
1062 1184 1357 1251 debuerant
1384 1195 1581 1250 auxilio
1611 1196 1914 1251 subvenire.

501 1273 956 1355 Sapnhumerale,
978 1286 1118 1355 quod
1145 1285 1406 1341 Hebraice
1429 1285 1595 1355 ephod
1616 1285 1832 1350 dicitur,
1862 1285 1988 1341 obe-

429 1374 686 1431 dientiam
706 1378 1080 1432 mandatorum
1107 1378 1202 1433 Dei
1230 1377 1516 1448 signiﬁcat,
1537 1393 1643 1447 quo
1671 1378 1989 1433 induebatur

430 1466 703 1531 sacerdos,
729 1475 787 1521 ut
812 1468 1117 1522 meminerit
1135 1478 1398 1539 pracepta
1433 1470 1528 1523 Dei
1554 1478 1803 1535 strenue,
1831 1471 1988 1542 quasi

426 1569 566 1610 onus
592 1556 831 1611 humeris
857 1554 1191 1627 impositum,
1210 1557 1407 1613 debere
1425 1566 1659 1627 portare.
1683 1559 1838 1626 Quod
1858 1575 1987 1617 vero

1233 185 1381 243 OPP.
1424 184 1822 243 SUPPOSITA.
1858 215 1928 225 --
1966 183 2095 238 LIB.
2136 181 2222 240 DE
2262 184 2506 241 DlVlNlS
2544 184 2855 244 OFFICIIS.

433 301 598 365 riore,
643 298 697 355 id
738 308 842 367 est,
883 299 1043 366 linea,
1086 302 1414 369 cingebatur,
1445 302 1828 357 continentiam
1856 298 1985 353 insi—
2011 301 2065 357 Α
2089 295 2264 371 fronte
2292 297 2559 367 pontiﬁcis
2581 315 2699 355 esse
2724 298 3024 364 videbatur,
3054 301 3305 366 ostendit,
3331 303 3455 371 quia
3480 302 3657 373 digni«
3772 340 3773 343 η

3522 188 3661 243 liii

2092 395 2259 440 tatem
2276 426 2291 450 ,
2319 401 2478 454 quam
2506 389 2790 457 pratendit
2819 390 2871 442 in
2911 390 3093 444 habitu
3114 429 3131 454 ,
3156 404 3407 445 exercere
3445 404 3660 462 semper

2093 477 2251 531 debet
2279 477 2334 530 in
2363 491 2547 545 opere,
2578 486 2637 531 ut
2659 478 2869 533 Domini
2896 478 3148 548 placitum
3186 495 3398 549 semper
3419 481 3619 536 habere
3639 520 3659 546 ,

2090 575 2146 620 et
2172 567 2508 622 subditorum
2544 575 2669 621 vota
2708 567 2936 624 Domino
2966 568 3189 624 idoneus
3222 570 3294 624 sit
3321 584 3535 640 semper
3571 572 3657 626 ol-

2089 655 2251 711 ferre.

2161 747 2482 813 Feminalia,
2514 749 2708 819 quibus
2732 750 2980 820 pudenda
3001 751 3116 806 loca
3140 753 3382 819 corporis
3405 754 3658 823 tegeban-

2090 844 2197 902 tur,
2224 837 2608 892 continentiam
2648 852 2679 891 a
2707 839 2995 893 concubitu
3032 839 3342 911 designant,
3388 856 3507 910 qua
3543 858 3658 897 ma-

2088 939 2323 995 gnopere
2360 926 2609 982 omnibus
2653 928 2909 1003 gradibus
2949 928 3283 984 observanda
3329 930 3655 999 pracipitur.

2089 1012 2242 1069 Unde
2269 1013 2484 1077 dicitur,
2525 1015 2592 1069 ad
2621 1015 2902 1070 velandam
2932 1017 3335 1085 turpitudinem.
3370 1017 3547 1089 Turpe
3575 1027 3661 1074 est

2085 1101 2231 1155 enim
2270 1103 2602 1157 sacerdotem
2624 1112 2752 1158 nota
2772 1105 2984 1160 lasciva
3004 1098 3179 1161 atatis
3203 1106 3473 1171 infamari,
3495 1123 3654 1177 quem

2087 1192 2343 1247 convenit
2363 1193 2509 1247 velut
2548 1195 2601 1249 in
2632 1210 2755 1250 arce
2782 1196 3113 1251 castimonia
3131 1238 3147 1263 ,
3177 1197 3246 1252 ab
3266 1199 3516 1253 omnibus
3530 1216 3654 1255 sus-

2084 1281 2192 1350 pici
2218 1273 2273 1336 et
2296 1278 2560 1337 venerari.
2589 1283 2744 1350 Quod
2766 1300 2897 1341 vero
2927 1285 3198 1341 feminalia
3225 1288 3325 1356 ipsi
3356 1288 3456 1343 sibi
3487 1290 3656 1358 impo-

2084 1376 2249 1434 nant,
2294 1378 2489 1426 catera
2539 1371 2747 1443 Moyses
2802 1374 3076 1445 designat,
3122 1391 3395 1446 unumque
3443 1376 3651 1448 [Forte,

2084 1458 2539 1530 unumquemque]
2561 1476 2619 1515 se
2644 1476 2675 1514 a
2702 1456 2907 1516 carnali
2924 1466 3354 1533 concupiscentia
3381 1466 3656 1521 refrenare

2084 1544 2281 1602 debere
2300 1563 2315 1613 ;
2340 1547 2532 1603 deinde
2550 1551 2837 1607 virtutibus
2856 1553 2955 1607 sibi
2976 1554 3241 1620 subditos,
3260 1555 3413 1625 quasi
3438 1555 3653 1626 Moysen

427 1643 643 1700 nomina
666 1621 1092 1715 patriarcharum
1119 1646 1261 1701 inter
1281 1621 1547 1703 sacriﬁcia
1566 1656 1622 1703 et
1645 1621 1981 1713 in'humeris,
2015 1621 2060 1681 Β

2044 1622 2060 1679 ι
2086 1640 2393 1696 ministrum
2422 1642 2627 1712 templi,
2657 1643 2895 1699 vestibus
2921 1660 3205 1701 exornare.

426 1732 567 1789 sicut
595 1740 649 1787 et
674 1734 741 1789 in,
761 1741 979 1803 pectore
1006 1734 1272 1803 portabat,
1296 1744 1545 1791 monetur
1569 1752 1667 1805 per
1686 1739 1788 1794 hoc
1809 1753 1987 1794 sacer—

427 1821 547 1888 dos,
576 1829 637 1876 ut
658 1822 895 1893 priorum
922 1823 1141 1878 Patrum
1170 1823 1332 1879 ﬁdem
1356 1832 1412 1879 et
1434 1826 1677 1899 exempla
1706 1839 1985 1898 sequatur,

365 1938 369 1943 ~
426 1921 489 1967 ut
512 1903 769 1980 ﬁdelium,
798 1915 890 1984 qui
915 1921 1039 1968 sunt
1073 1914 1167 1970 ﬁlii
1201 1916 1588 1984 apostolorum,
1627 1918 1681 1971 in
1724 1918 1835 1974 suis
1858 1934 1985 1974 ora-

429 2005 661 2062 tionibus
687 2006 1106 2072 meminerit,-et
1140 2015 1201 2062 ut
1228 2008 1358 2080 ipsis
1396 2010 1583 2065 eadem
1623 2011 1865 2081 exempla
1899 2025 1985 2068 se-

425 2095 636 2166 quenda
657 2102 934 2166 proponat.

496 2182 795 2249 Rationale,
825 2185 967 2254 quod
993 2192 1113 2241 erat
1138 2185 1193 2241 in
1220 2185 1398 2242 fronte
1422 2187 1711 2258 pontiﬁcis,
1742 2182 1987 2260 design‘at

422 2274 551 2343 quia
572 2282 756 2344 pastor
776 2275 1039 2345 sapientia
1060 2284 1116 2331 et
1136 2277 1376 2332 doctrina
1395 2278 1553 2334 debet
1569 2278 1824 2349 praditus
1840 2295 1980 2336 esse.

423 2360 558 2415 Nam
586 2372 641 2417 et
665 2364 787 2419 ideo
810 2365 1069 2420 rationale
1089 2364 1278 2434 judicii
1298 2366 1528 2434 dicitur,
1556 2370 1681 2439 quia
1708 2370 1867 2426 debet
1899 2385 1984 2426 re-

422 2460 541 2527 ctor
566 2453 818 2510 Ecclesia
843 2456 1025 2512 subtili
1052 2471 1265 2529 semper
1286 2459 1681 2517 examinatione
1701 2462 1839 2517 bona
1860 2477 1983 2523 ma-

421 2534 579 2615 laque
604 2545 927 2613 discernere,
954 2555 1011 2602 et
1021 2548 1159 2623 'quid
1187 2549 1271 2604 vel
1295 2550 1509 2619 quibus,
1533 2553 1747 2621 quando
1774 2561 1830 2608 et
1850 2568 1983 2623 qua-

420 2632 545 2690 liter
584 2635 868 2691 conveniat
882 2666 912 2702 ,ι
946 2622 1184 2694 studiose
1229 2639 1484 2709 cogitare.
1515 2639 1628 2695 Hoc
1668 2642 1811 2697 etum
1839 2622 1983 2713 quod

420 2724 653 2780 dicitur:
682 2724 853 2785 Panes
876 2727 933 2783 in
958 2728 1212 2783 rationale
1227 2730 1419 2799 judicii
1454 2724 1745 2787 doctrinam
1771 2743 1819 2787 et
1846 2736 1981 2789 veri-

420 2820 577 2867 tatem
606 2814 800 2886 (Exod.
832 2832 1022 2885 xxvnt,
1044 2816 1156 2891 56),
1191 2827 1253 2875 ut
1288 2820 1534 2878 videlicet
1572 2822 1771 2879 habeat
1800 2824 1977 2881 scien-

422 2900 551 2955 tiam
581 2901 1000 2973 Scripturarum,
1031 2922 1138 2978 quo
1163 2910 1335 2979 possit
1365 2909 1501 2967 alios
1528 2911 1723 2969 docere
1768 2922 1825 2969 et
1849 2930 1978 2971 con-

421 2991 744 3048 tradicentes
788 3010 1029 3067 arguere.
1081 2997 1517 3071 Quadrangulum
1556 3002 1709 3069 erat,
1756 3014 1978 3075 propter

416 3089 646 3151 quatuor
670 3081 1077 3155 Evangeliorum
1122 3088 1457 3157 doctrinam;
1497 3090 1710 3162 duplex,
1755 3103 1979 3166 pr0pter

416 3174 655 3229 scientia
681 3181 737 3230 et
761 3176 941 3246 operis
968 3174 1295 3236 ﬁrmitatem.
1323 3180 1571 3237 Mensura
1610 3182 1796 3255 palmi,
1834 3187 1977 3257 quod

415 3273 500 3319 est
519 3266 808 3337 digitorum
831 3270 1091 3336 extensio,
1120 3271 1362 3345 designat
1381 3274 1760 3333 discretionem
1778 3278 1832 3333 in
1853 3292 1977 3349 per—

414 3352 715 3411 severantia
743 3354 1004 3432 bonorum
1038 3374 1279 3430 operum.
1324 3362 1565 3428 Quatuor
1599 3367 1814 3423 ordines
1837 3368 1975 3439 lapi-

416 3443 562 3508 dum,
578 3444 670 3512 qui
694 3452 849 3498 erant
872 3444 926 3499 in
947 3448 1193 3503 rationali
1217 3451 1521 3506 nominibus
1539 3455 1972 3521 patriarcharum

414 3531 687 3606 insculpti,
732 3524 965 3606 quatuor
993 3540 1300 3608 exprimunt
1345 3542 1667 3613 principales
1710 3547 1971 3615 virtutes,

375 3689 378 3692 ,
412 3625 773 3695 prudentiam,
803 3631 1231 3701 temperantiam,
1269 3631 1667 3702 fortitudinem,
1686 3636 1967 3708 justitiam.

413 3712 576 3771 Terni
620 3718 673 3771 in
712 3735 1035 3792 unoquoque
1077 3722 1309 3794 lapides,
1358 3723 1515 3782 ﬁdem
1556 3738 1756 3785 sancta
1798 3730 1975 3789 Trini-

412 3804 563 3869 tatis,
604 3806 717 3861 sive
760 3807 917 3864 ﬁdem
935 3844 955 3876 ,-
990 3826 1138 3882 spem
1161 3815 1555 3883 etcharitatem
1582 3818 1969 3877 demonstrant.

411 3891 542 3960 Qua
566 3896 827 3952 omniain
850 3908 1069 3968 pectore
1091 3903 1362 3973 pontiﬁcis
1399 3909 1705 3964 necessario
1731 3924 1852 3965 esse
1878 3912 1972 3966 de-

410 3982 749 4060 bere,hujus
769 3987 1089 4055 ornamenti,
1112 3988 1166 4046 id
1196 3996 1298 4056 est,
1330 3989 1608 4049 rationalis
1628 3996 1805 4066 specie
1832 4012 1971 4068 pra-

409 4081 676 4128 monetur.

470 4163 661 4233 Τίσι-α,
692 4181 811 4237 qua
835 4175 891 4223 et
930 4167 1128 4225 eidaris
1149 4177 1205 4225 et
1226 4170 1385 4227 mitra
1412 4148 1668 4241 Vocatur,
1690 4176 1769 4249 ‘et
1787 4186 1970 4235 conte—
1994 4172 2014 4199 ⁸

2615 1796 2844 1874 CAPUT
2880 1799 3123 1855 xxxrx.

2294 1944 2420 1992 QUID
2446 1945 2776 1987 SIGNIFICENT
2804 1948 3140 1990 VES'I'IIIERTA
3163 1948 3443 2000 βασιλευς.

2153 2058 2424 2117 Sandalia
2443 2063 2697 2118 dicuntur
2720 2062 2896 2119 solea.
2928 2063 3024 2119 Est
3049 2071 3227 2118 autem
3254 2078 3421 2134 genus
3445 2064 3654 2123 calcea-

2082 2150 2283 2216 menti,
2323 2166 2430 2220 quo
2466 2152 2761 2206 induuntur
2788 2153 3017 2207 ministri
3058 2153 3343 2220 Ecclesia,
3384 2156 3654 2213 subterius

2082 2242 2297 2312 quidem
2323 2242 2466 2298 solea
2492 2244 2741 2299 muniens
2759 2244 2922 2312 pedes
2948 2257 2978 2297 a
3012 2250 3155 2297 terra
3180 2260 3194 2309 ;
3226 2247 3477 2314 superius
3497 2263 3649 2309 vero,
3687 2288 3698 2297 .

2082 2330 2157 2385 nil
2185 2332 2505 2401 operimenti
2550 2333 2776 2399 habens,
2816 2341 2998 2404 patet:
3040 2328 3145 2403 quo
3164 2332 3301 2402 jussi
3346 2344 3474 2392 sunt
3518 2352 3651 2409 apo-

2081 2420 2203 2476 stoli
2242 2436 2274 2475 a
2298 2422 2526 2477 Domino
2552 2422 2717 2477 indui.
2790 2421 3072 2492 Signiﬁcat
3112 2433 3293 2480 autem
3338 2427 3647 2501 ministrum

2078 2510 2230 2565 verbi
2259 2510 2357 2567 Dei
2382 2526 2489 2567 non
2515 2511 2711 2567 debere
2733 2511 2964 2566 terrenis
2984 2511 3318 2579 incumbere,
3348 2513 3441 2569 sed
3473 2516 3652 2585 potius

2081 2602 2389 2658 calestibus
2412 2601 2643 2669 inhiare,
2670 2610 2725 2657 et
2748 2601 3184 2671 pradicationem
3210 2618 3363 2659 suam
3399 2603 3528 2658 nulli
3557 2620 3649 2659 oc-

2080 2691 2305 2748 sultare.
3182 2737 3191 2745 .

2151 2781 2579 2842 Post~sandalias
2619 2782 2675 2837 in
2716 2780 2971 2838 Ecclesia
3006 2780 3369 2849 vestimentis,
3409 2786 3653 2855 sequitur

2078 2871 2691 2944 saperhumerale,~.quod
2713 2871 2775 2926 ﬁt
2800 2887 2866 2928 ex
2894 2870 3005 2927 lino
3028 2873 3333 2943 purissimo.
3362 2872 3467 2929 Per
3483 2874 3648 2929 linum

2001 2961 2046 3023 C
2076 2962 2222 3030 quod
2240 2976 2308 3017 ex
2333 2968 2476 3016 terra
2497 2962 2747 3023 sumitur,
2775 2967 2829 3015 et
2847 2976 2946 3030 per
2969 2958 3166 3025 multos
3190 2960 3401 3016 labores
3419 2956 3487 3017 ad
3510 2979 3644 3019 can-

2078 3050 2263 3106 dorem
2292 3050 2523 3115 ducitur,
2562 3050 2873 3127 designatur
2914 3064 3112 3119 corpus
3150 3051 3442 3106 humanum
3462 3093 3477 3119 ,
3505 3051 3649 3121 quod

2075 3153 2144 3195 ex
2169 3138 2315 3195 terra
2346 3146 2574 3195 constat.
2605 3128 2760 3199 Sicut
2791 3153 2922 3210 ergo
2954 3136 3126 3193 linum
3151 3154 3252 3210 per
3278 3139 3474 3197 multos
3500 3141 3650 3197 laboo

2077 3226 2165 3286 res
2197 3230 2265 3285 ad
2307 3231 2597 3285 candorem
2638 3229 2979 3299 perducitur,
3008 3228 3085 3283 ita
3127 3244 3324 3300 corpus
3352 3231 3643 3288 humanum

2075 3321 2261 3378 multis
2290 3320 2685 3377 calamitatibus
2710 3312 2982 3387 attritum,
3026 3322 3324 3377 candidum
3353 3332 3409 3378 et
3451 3340 3644 3395 purum

2074 3424 2195 3465 esse
2217 3409 2377 3465 debet
2402 3410 2469 3463 ab
2491 3407 2639 3464 omni
2662 3407 2821 3462 sorde
2843 3416 3206 3477 peccatorum.

2141 3521 2334 3577 Postea
2361 3521 2607 3592 sequitur
2650 3519 2885 3591 poderis,
2915 3536 3036 3591 qua
3062 3520 3220 3593 vulgo
3254 3521 3377 3581 alba
3420 3524 3639 3583 dicitur.

2071 3610 2352 3684 Signiﬁcat
2391 3613 2571 3666 autem
2615 3612 3072 3682 perseverantiam
3122 3612 3179 3667 in
3222 3612 3363 3668 bona
3412 3616 3642 3673 actione.

2070 3701 2210 3757 Hinc
2232 3698 2431 3772 Joseph
2460 3701 2603 3756 inter
2626 3699 2823 3761 fratres
2850 3716 2994 3767 suos,
3024 3701 3251 3758 talarem
3279 3704 3516 3761 tunicam
3538 3708 3609 3764 ha
3628 3738 3641 3749 -

2068 3794 2250 3850 buisse
2278 3793 2623 3850 describitur.

2114 3886 2117 3889 ﬁ
2142 3903 2342 3963 Tunica
2362 3919 2535 3975 usque
2559 3904 2629 3961 ad
2650 3903 2835 3977 talum,
2863 3912 2950 3961 est
2981 3918 3119 3976 opus
3147 3906 3346 3961 bonum
3377 3921 3549 3976 usque
3571 3908 3640 3963 ad

2066 3994 2620 4059 consummationem,
2666 3994 2721 4050 in
2765 3995 2877 4050 talo
2916 3995 3061 4049 enim
3090 3994 3215 4049 ﬁnis
3252 4002 3338 4050 est
3367 3997 3632 4066 corporis.

2065 4083 2161 4141 Ille
2184 4098 2316 4155 ergo
2340 4084 2477 4138 bene
2501 4082 2753 4148 inchoat,
2781 4083 2874 4153 qui
2904 4083 3281 4139 rectitudinem
3303 4085 3437 4141 boni
3458 4087 3639 4161 aperis

2038 4176 2237 4245 usque
2280 4173 2349 4229 ad
2391 4172 2552 4228 ﬁnem
2580 4171 2775 4227 debita
2800 4172 3046 4243 perducit
3088 4174 3330 4230 actionis.
3369 4172 3473 4240 Qui
3499 4176 3636 4231 enim

408 4257 569 4328 gebat
597 4267 652 4314 et
674 4260 899 4358 ornabat
921 4270 1083 4358 caput
1107 4256 1390 4335 pontiﬁcis,
1427 4264 1681 4358 admonet
1994 4294 2045 4358 ο
2066 4266 2462 4358 peneer!
2490 4280 2653 4336 usque
2681 4264 2737 4318 in
2763 4264 2942 4334 ﬁam,
2969 4264 3055 4318 hic
3076 4263 3253 4320 salvus
3282 4266 3379 4320 erit
3408 4266 3429 4337 (
3443 4264 3633 4323 κακὴ.

407 4360 507 4400 nos
526 4360 734 4404 sensus
774 4352 966 4421 capitis
990 4352 1103 4409 Deo
1143 4369 1461 4411 consecrare
1504 4356 1732 4422 debere,
1772 4370 1840 4411 ne
1880 4360 1963 4412 est
1994 4352 2036 4358 '
2068 4370 2143 4421 ι,
2171 4354 2296 4425 Ω).

407 4437 550 4493 oculi
570 4448 792 4509 pateant
811 4434 882 4497 ad
900 4440 1186 4501 videndum
1206 4448 1519 4515 vanitatem,
1539 4449 1623 4506 vel
1642 4450 1822 4506 ceteri
1840 4458 1957 4507 sen-

407 4545 500 4585 sus
541 4530 631 4599 qui
673 4529 729 4585 in
754 4530 928 4600 capite
947 4531 1161 4603 ﬁge'nt‘,
1203 4521 1471 4604 iniquitati
1514 4540 1868 4606 consentiant,
1907 4550 1963 4597 et

405 4633 505 4692 per
528 4620 649 4677 illos
673 4622 978 4678 intromissa
1001 4622 1282 4683 delectatio
1319 4624 1546 4682 incestet
1572 4630 1736 4685 animi
1764 4630 1962 4687 sancti-

404 4716 591 4764 tatem.
632 4710 870 4791 ‘Lamina
899 4727 1059 4769 aurea
1116 4712 1309 4769 divina
1350 4714 1647 4785 maiestatis
1671 4728 1834 4792 atque
1860 4738 1952 4793 po-

404 4799 591 4853 tentia
612 4797 785 4870 ﬁgura
811 4812 895 4857 est
914 4842 929 4868 ,
970 4818 1091 4875 qua
1113 4796 1371 4860 in‘fronle
1403 4805 1670 4875 pontiﬁcis
1712 4810 1962 4881 deporta-

401 4889 583 4954 batur,
621 4889 869 4959 quia’llla
903 4892 1185 4950 ineﬂ'abilis
1216 4894 1447 4950 Deitatis
1471 4897 1707 4965 potantia
1751 4902 1961 4957 cunctis

402 4992 523 5047 qua
553 4979 779 5045 ereum,
807 4984 1206 5049 sapereminet:
1242 4993 1299 5041 et
1334 4986 1552 5051 idcirco,
1579 4988 1735 5055 quasi
1764 5003 1958 5048 cuneta

402 5069 769 5138 sanctiﬁcans,
793 5071 1047 5129 eximiam
1418 5079 1473 5133 in
1501 5077 1698 5145 fronte,
1725 5079 1829 5137 hoc
1850 5093 1956 5150 est,

400 5158 459 5216 in
483 5161 680 5217 mentis
712 5161 1105 5233 principalitate
1138 5168 1432 5223 constituit.
1482 5167 1723 5234 Quatuor
1765 5170 1958 5229 littera

328 5296 347 5319 ﬂ.
402 5249 458 5305 in
484 5247 680 5305 lamina
711 5238 942 5322 scripta,
980 5258 1212 5322 quatuor
1248 5263 1373 5310 sunt
1397 5264 1592 5311 cornua
1622 5257 1828 5324 crucis,
1879 5260 1955 5314 to-

402 5345 517 5393 tum
542 5337 799 5398 mundum
842 5340 1277 5411 complectentis,
1305 5343 1450 5399 cruci
1478 5343 1620 5398 enim
1656 5342 1858 5400 Christi
1900 5348 1954 5401 in

400 5429 547 5485 omni
587 5438 833 5486 creatura
880 5446 1011 5501 apex
1037 5416 1379 5499 conceditur,
1421 5450 1526 5505 qua
1561 5436 1796 5490 omnium
1828 5437 1957 5494 ﬁde-

393 5516 533 5575 ‘lium
579 5518 784 5577 frontes
833 5521 1128 5591 signantur.
1185 5521 1336 5589 Quod
1388 5525 1583 5580 lamina
1634 5542 1843 5598 semper
1900 5532 1952 5585 in

2136 4458 2340 4517 Deinde
2359 4460 2601 4530 sequitur
2624 4477 2777 4526 sana,
2799 4475 2921 4533 qua
2956 4460 3227 4533 cingulum
3256 4461 3455 4519 dicitur
3472 4502 3488 4528 ,
3523 4476 3631 4533 qua

2065 4549 2409 4620 restringitur
2431 4550 2668 4619 poderis,
2711 4565 2795 4605 ne
2821 4550 2943 4606 laxe
2968 4565 3067 4622 per
3089 4552 3253 4622 pedes
3277 4550 3498 4606 diﬂuat.
3528 4551 3633 4607 Per

2064 4655 2227 4711 quam
2271 4637 2582 4713 designatur
2610 4641 2865 4698 discretio
2909 4643 3146 4696 omnium
3184 4641 3440 4696 virtutum
3466 4660 3491 4697 τ
3519 4645 3631 4699 vir-

2063 4738 2208 4788 tutes
2233 4732 2376 4787 enim
2401 4731 2519 4787 sine
2546 4732 2884 4795 discretione,
2930 4744 3035 4785 non
3081 4730 3326 4811 virtutes,
3374 4734 3469 4789 sed
3497 4736 3627 4791 vitia

2060 4829 2221 4888 sunt;
2261 4826 2389 4877 nam
2414 4820 2643 4875 virtutes
2668 4818 2722 4875 in
2745 4819 2979 4890 quodam
3019 4821 3315 4879 meditullio
3345 4833 3473 4883 sunt
3500 4842 3629 4883 con-

2060 4910 2303 4967 stituta;
2352 4928 2355 4931 π

2121 4990 2378 5066 Sequitur
2399 4995 2658 5050 orarium.
2693 4995 2962 5067 Gratiani,
3008 5001 3063 5057 id
3106 5009 3191 5057 est
3229 5003 3364 5059 stola
3386 5044 3405 5071 ,
3429 5004 3628 5063 dicitur

2056 5101 2123 5143 eo
2154 5076 2295 5155 quod
2321 5084 2650 5153 oratoribus,
2679 5086 2732 5143 id
2757 5097 2863 5155 est,
2900 5092 3339 5159 praedicatoribus
3363 5094 3626 5151 concedar
3646 5124 3662 5147 .

2060 5184 2169 5231 tur.
2198 5174 2465 5232 Admonet
2484 5176 2655 5245 illum,
2690 5180 2782 5249 qui
2809 5179 2900 5236 illo
2934 5172 3187 5247 induitur,
3214 5189 3275 5235 ut
3298 5196 3505 5239 memor
3530 5184 3625 5255 sit,

2059 5266 2162 5320 sub
2184 5264 2314 5337 iugo
2336 5265 2561 5334 Christi,
2586 5268 2731 5340 quod
2762 5269 2878 5325 leve
2899 5277 2956 5326 et
2975 5272 3138 5325 suave
3156 5279 3260 5337 est,
3281 5285 3400 5329 esse
3419 5288 3479 5329 se
3496 5289 3622 5331 con-

2060 5356 2330 5412 stitulum.
2410 5378 2413 5381 ·

2128 5442 2293 5515 m
2321 5444 2613 5499 Dahnatica
2644 5462 2761 5517 qna
2793 5449 3058 5518 sequitur,
3084 5452 3153 5505 ob
3181 5451 3283 5508 hoc
3311 5453 3523 5517 dicitur,
3556 5468 3621 5508 co

2060 5534 2199 5605 quod
2241 5535 2295 5589 in
2337 5519 2595 5592 Dalmatia
2616 5528 2692 5591 ait
2722 5548 2952 5610 reperta.
2996 5539 3135 5597 Usus
3163 5551 3349 5599 autem
3372 5540 3617 5598 dulntati-
