4232 6212
673 265 809 320 1243

1488 269 1548 323 Β.
1589 269 1650 323 F.
1689 266 1914 322 ALBiNl
1950 266 2080 324 SEU
2119 267 2396 326 ALCUINI
2434 268 2720 329 OPEHUM
2761 272 2940 330 PARS
2978 275 3071 330 lx.

3772 271 3906 344 tati

671 394 853 434 carum
878 393 909 432 a
935 378 1093 432 beata
1121 376 1395 447 Sylvestro
1419 397 1555 451 papa
1583 394 1609 423 ι
1651 382 1930 443 institutus
1958 390 2041 459 est
2066 400 2078 435 :
2110 396 2233 436 nam
2261 385 2313 444 Α
2339 391 2426 440 tur
2452 384 2750 449 ineffabile,
2776 401 2880 442 non
2905 388 3049 457 quod
3076 402 3181 443 non
3209 387 3332 454 fari,
3371 393 3465 447 sed
3492 396 3637 463 quad
3663 397 3903 466 dilﬁniri,

667 478 828 525 antea
871 468 1094 524 colobiis
1133 469 1439 526 utebantur.
1486 471 1753 527 Calatiam
1784 487 1911 528 vero
1951 480 2034 528 est
2070 471 2239 526 vestis

670 563 786 619 sine
811 562 1055 616 manicis.
1083 560 1361 630 Signiﬁcat
1394 572 1576 619 autem
1617 565 1672 619 in
1711 579 1798 631 eo,
1838 566 1981 635 quod
2002 571 2086 619 est
2123 564 2238 619 sine

669 651 915 716 manicis,
941 666 1374 721 unumquemque
1397 653 1606 710 ﬁdelem
1627 656 1980 710 exercitatum
2009 669 2130 710 esse
2152 656 2241 709 de-

668 744 798 798 bere
835 743 904 796 ad
933 743 1070 797 bona
1107 757 1268 811 Opera
1312 745 1631 799 exercenda.
1674 743 1808 799 Cum
1857 759 1984 815 ergo
2022 745 2239 799 nuditas

665 833 1012 889 brachiorum
1047 832 1388 903 culparetur,
1427 844 1485 889 ut
1524 835 1791 902 diximus,
1823 853 1853 891 a
1875 837 2036 894 beato
2070 835 2240 892 Silve-

666 935 782 979 stro
809 923 1218 980 dalmaticarum
1246 934 1495 994 repertus
1519 935 1600 981 est
1628 943 1776 983 usus.
1811 927 1905 983 Est
1939 939 2117 984 autem
2142 916 2237 983 ve-

569 1081 572 1084 _
665 1015 974 1094 stimentum
991 1013 1045 1067 in
1066 1013 1280 1068 modum
1302 1015 1497 1079 crucis,
1517 1031 1741 1071 monens
1761 1016 2062 1073 indutorem
2083 1031 2238 1072 suum

668 1099 987 1158 cruciﬁxum
1031 1110 1153 1158 esse
1195 1103 1390 1159 debere
1430 1104 1854 1174 mundo,juxta_
1880 1106 2232 1176 Apostolum:

665 1192 799 1248 lilii
822 1193 1048 1247 mundus
1067 1193 1347 1261 cruciﬁxus
1368 1203 1464 1259 est,
1478 1203 1526 1248 et
1547 1211 1639 1266 ego
1667 1196 1860 1250 mundo
1874 1193 2016 1265 (Gal.
2030 1213 2103 1261 vr,
2125 1195 2233 1266 Η).

666 1284 840 1338 liabet
863 1283 1029 1338 etiam
1060 1283 1113 1336 in
1142 1283 1361 1338 sinistra
1393 1293 1547 1352 parte
1574 1285 1654 1340 sui
1685 1285 1944 1341 ﬁmbrias.
1979 1285 2082 1339 Per
2109 1286 2238 1340 sini-

663 1382 832 1428 stram
867 1381 1076 1441 partem
1116 1384 1353 1441 pmens
1381 1371 1492 1427 vita
1534 1371 1814 1443 ﬁguratur,
1856 1389 1974 1442 qua:
2011 1374 2238 1431 diversis

663 1463 808 1517 curis
836 1460 1104 1527 abundat;
1147 1476 1267 1530 qua:
1293 1476 1432 1516 curae
1461 1461 1832 1532 signiﬁcantur
1858 1479 1957 1534 per
1997 1463 2238 1522 ﬁmbrias

664 1556 895 1612 sinistra:
938 1560 1146 1628 partis;
1187 1574 1282 1629 per
1324 1559 1623 1626 dexteram,
1655 1575 1774 1629 qua:
1804 1556 2042 1631 ﬁmbriis
2069 1571 2230 1626 caret,

664 1641 842 1699 futura
869 1646 977 1701 vita
1002 1647 1344 1718 exprimitur,
1378 1648 1431 1702 in
1457 1664 1567 1718 qua
1589 1649 1746 1704 nulla:
1777 1663 1921 1706 cura
1948 1650 2238 1706 sollicitant

2339 482 2401 528 ut
2421 483 2525 539 est,
2573 476 2794 530 minime
2821 478 3008 546 possit.
3036 476 3339 548 Stephanus
3367 484 3584 540 natione
3629 486 3908 548 Romanus

2339 578 2406 622 ex
2446 574 2599 634 patre
2626 563 2813 630 Jabio,
2845 574 2904 620 ut
2942 566 3139 638 legitur
3166 568 3220 623 in
3257 568 3436 626 Gestis
3463 570 3904 646 Pontiﬁcialibas,

2339 655 2623 710 constituit
2660 656 3048 721 sacerdotibus,
3096 658 3377 729 levitisque
3406 673 3584 720 vestes
3627 681 3810 724 sacras
3851 670 3905 725 in

2339 758 2439 797 usu
2469 744 2783 813 quotidiana
2806 760 2912 799 non
2948 746 3049 812 uti,
3083 747 3185 803 nisi
3225 747 3279 802 in
3312 749 3572 806 Ecclesia.
3605 753 3744 810 Hinc
3786 755 3904 812 Hie-

2339 835 2689 907 ronymus'in
2729 835 2866 892 libro
2895 852 2986 890 xlv
3028 851 3190 906 super
3225 838 3562 897 Ezechielem
3601 853 3649 897 ο.
3686 863 3705 894 ι
3739 846 3904 904 Porro

2338 922 2526 993 religio
2556 924 2781 980 alterum
2805 927 3044 984 habitum
3072 927 3235 982 habet
3261 930 3314 985 in
3338 932 3656 1000 ministerio,
3677 937 3901 994 alterum

2338 1013 2394 1066 in
2423 1029 2522 1068 usu
2547 1017 2765 1083 vitaque
2793 1017 3083 1072 communi.
3120 1037 3137 1070 ι
3174 1016 3402 1075 Sudario
3439 1023 3674 1081 solemus
3700 1035 3903 1100 tergere

2337 1102 2584 1171 pituitam
2608 1104 2887 1160 oculorum
2911 1114 2968 1186 et
2991 1107 3222 1174 narium,
3248 1117 3411 1180 atque
3437 1113 3760 1184 superﬂuam
3780 1118 3903 1173 sali-

2291 1219 2298 1225 ~
2338 1209 2460 1248 vam
2489 1195 2860 1253 decurrentem
2881 1195 2978 1267 per
3001 1199 3141 1255 labia
3165 1219 3176 1254 :
3203 1203 3471 1273 signiﬁcat
3497 1209 3732 1264 studium
3754 1227 3903 1267 mun-

2338 1285 2488 1340 dana:
2514 1287 2885 1358 cogitationis;
2924 1291 2981 1344 in
3004 1307 3166 1348 manu
3196 1294 3415 1351 sinistra
3439 1306 3707 1367 portatur,
3732 1310 3791 1357 ut
3817 1319 3903 1359 as-

2337 1374 2590 1431 tendatur
2615 1379 2669 1433 in
2699 1379 2980 1450 temporali
3010 1381 3121 1436 vita
3151 1383 3366 1440 taedium
3394 1402 3494 1444 nos
3515 1390 3627 1459 pati
3652 1390 3901 1462 superﬁui

2336 1463 2592 1521 humoris.

2407 1555 2654 1613 Varietas
2680 1555 2706 1596 (ι
2735 1559 3101 1617 sandaliorum
3138 1564 3457 1622 varietatem
3502 1569 3770 1641 signiﬁcat
3800 1573 3900 1646 mi-

2336 1645 2700 1702 nisteriorum.
2733 1649 2981 1721 Episcopi
3009 1659 3063 1706 et
3090 1657 3384 1712 sacerdotis
3410 1674 3549 1729 pene
3587 1679 3752 1717 unum
3778 1662 3897 1718 ofﬁ-

661 1735 870 1792 ιηίωςιε
910 1748 1238 1795 sanctorum,
1285 1739 1623 1797 lnconsutilis
1665 1744 1830 1798 etiam
1854 1749 1970 1806 est,
2013 1741 2138 1810 quia
2176 1741 2228 1794 in
2263 1719 2476 1789 Bcium
2520 1745 2637 1792 est:
2680 1747 2734 1792 at
2763 1719 2889 1807 quia
2928 1719 3153 1798 nomine
3177 1754 3235 1800 et
3261 1719 3465 1804 honore
3503 1750 3900 1820 discernuntur,

660 1824 901 1881 Ecclesia
930 1827 1013 1882 vel
1045 1828 1098 1882 in
1127 1829 1287 1885 corde
1313 1831 1728 1902 uniuscujusque
1754 1832 1946 1898 ﬁdelis,
1971 1832 2111 1886 nulla
2137 1829 2229 1887 de-

661 1915 750 1971 bet
773 1932 893 1972 esse
914 1919 1171 1986 scissura,
1197 1921 1292 1976 sed
1317 1920 1596 1978 indiscissa
1619 1922 1740 1980 ﬁdei
1766 1925 2062 1995 integritas.
2088 1923 2229 1979 Sini-

660 2015 833 2061 strum
864 2006 1004 2063 latus
1033 2009 1193 2064 habet
1222 2009 1479 2077 ﬁmbrias,
1529 2013 1656 2082 quia
1683 2014 1911 2069 actualis
1947 2015 2053 2072 vita
2077 2013 2218 2068 solli-

659 2097 766 2151 cita
793 2105 892 2164 est,
921 2106 976 2154 et
1005 2099 1253 2154 turbatur
1277 2115 1404 2170 erga
1428 2101 1688 2169 plurima:
1713 2111 1768 2157 at
1789 2103 2068 2159 dexterum
2088 2103 2229 2158 latus

661 2203 768 2243 non
797 2188 978 2254 habet,
1003 2191 1127 2258 quia
1157 2190 1568 2262 contemplativa
1596 2192 1708 2248 vita
1737 2191 1871 2248 nihil
1893 2192 1947 2248 in
1981 2207 2038 2248 se
2067 2193 2226 2248 habet

658 2281 960 2336 sinistrum.
992 2283 1241 2353 Largitas
1266 2284 1630 2350 brachiorum,
1659 2285 1964 2357 largitatem
2007 2294 2062 2339 et
2094 2283 2227 2338 hila-

656 2371 872 2426 ritatem
895 2371 1097 2426 dataris
1122 2372 1420 2442 signiﬁcat.
1464 2374 1748 2438 Diaconus,
1776 2374 1867 2444 qui
1899 2389 2005 2428 non
2033 2381 2117 2428 est
2143 2373 2226 2426 in-

659 2460 816 2513 dutus
842 2457 1144 2526 dalmatica,
1169 2461 1349 2516 casula
1375 2449 1787 2518 circumcin'ctus
1806 2461 1952 2533 legit,
1985 2471 2041 2516 ut
2065 2473 2227 2533 expe-

657 2550 769 2604 dite
793 2551 963 2619 possit
983 2551 1290 2607 ministrare
1313 2568 1328 2620 ;
1360 2553 1444 2614 vel
1473 2553 1595 2622 quia
1623 2554 1790 2623 ipsius
1817 2561 1901 2608 est
1925 2553 2003 2610 ire
2037 2554 2105 2610 ad
2129 2570 2224 2611 co-

659 2640 905 2696 mitatum
933 2651 1154 2713 prapter
1177 2643 1438 2698 instantes
1466 2646 1834 2701 necessitates.

730 2731 981 2803 Happula
1009 2749 1128 2802 quae
1159 2733 1213 2787 in
1237 2733 1455 2789 sinistra
1481 2742 1636 2804 parte
1658 2744 1918 2805 gestatur,
1944 2751 2050 2806 qua
2070 2737 2226 2806 pitui-

656 2830 768 2876 tam
799 2822 1072 2878 oculorum
1094 2831 1147 2878 et
1175 2825 1386 2879 narium
1411 2825 1761 2905 detergimus,
1792 2834 2112 2897 praesentem
2139 2826 2221 2881 vi-

657 2920 768 2966 tam
803 2912 1062 2983 designat,
1109 2915 1163 2968 in
1206 2930 1310 2985 qua
1337 2914 1638 2986 superﬂuas
1677 2915 1931 2971 humores
1967 2917 2220 2987 patimur.

653 2999 852 3055 Casula
882 3017 1001 3073 qum
1030 3017 1192 3074 super
1218 3005 1396 3060 omnia
1440 3004 1749 3060 indumenta
1785 3007 2018 3077 ponitur,
2052 3007 2218 3078 signi-

2327 1825 2495 1881 etiam
2541 1835 2598 1882 et
2626 1829 2887 1885 varietate
2927 1833 3318 1902 sandaliorum,
3366 1847 3427 1893 ut
3464 1841 3668 1898 visibus
3703 1847 3903 1902 nostris

2328 1931 2483 1972 error
2517 1917 2810 1974 auferatur.
2844 1921 3139 1992 Episcopus
3177 1927 3338 1981 habet
3373 1927 3662 1999 ligaturam
3690 1933 3743 1988 in
3786 1934 3899 1990 suis

2328 2007 2613 2073 sandaliis,
2646 2023 2807 2077 quam
2835 2027 2940 2066 non
2980 2013 3141 2069 habet
3180 2017 3481 2089 presbyter.
3529 2021 3778 2094 Episcopi
3819 2032 3903 2080 est

2327 2096 2432 2150 huc
2460 2097 2691 2166 illucque
2716 2100 3021 2158 discurrere
3045 2120 3143 2174 per
3168 2110 3477 2175 parochiam
3503 2129 3516 2164 :
3547 2127 3614 2166 ne
3651 2112 3790 2170 forte
3811 2130 3900 2171 ca-

2326 2184 2454 2240 dant
2482 2187 2719 2242 sandalia
2748 2190 3083 2261 de’pedibus,
3112 2195 3270 2266 ligata
3299 2206 3443 2253 sunt.
3469 2200 3778 2275 Presbyter,
3804 2205 3898 2276 qui

2326 2279 2470 2333 domi
2497 2280 2702 2336 hostias
2730 2283 2990 2351 immolat,
3030 2288 3311 2345 sublimius
3343 2290 3539 2362 [AmaL
3565 2334 3581 2360 ,
3630 2295 3894 2370 securius]

2325 2371 2543 2426 incedit.
2575 2373 2858 2441 Diaconus,
2887 2378 3012 2446 quia
3037 2379 3313 2436 dissimilis
3328 2392 3412 2438 est
3427 2385 3679 2454 episcopo
3710 2385 3762 2440 in
3794 2403 3892 2444 suo

2324 2460 2520 2527 ofﬁcio,
2562 2478 2666 2518 non
2698 2474 2781 2521 est
2809 2483 3030 2524 necesse
3069 2478 3127 2524 ut
3166 2471 3362 2527 habeat
3390 2474 3670 2531 dissimilia
3695 2479 3890 2534 sanda-

2324 2550 2431 2606 Iia:
2465 2561 2521 2607 et
2548 2553 2659 2626 ipse
2686 2554 2971 2625 ligaturam
3012 2558 3198 2626 habet,
3227 2563 3351 2631 quia
3378 2579 3535 2619 suum
3576 2575 3661 2622 est
3700 2568 3781 2624 ire
3823 2569 3890 2624 ad

2324 2646 2654 2700 comitatum.
2689 2645 3089 2717 Subdiaconus,
3136 2654 3226 2722 qui
3270 2655 3322 2710 in
3367 2656 3636 2726 adiutorio
3678 2660 3889 2715 diaconi

2323 2744 2426 2812 est,
2454 2747 2507 2793 et
2537 2753 2671 2808 pene
2697 2740 2749 2793 in
2773 2742 2961 2796 eadem
2989 2743 3184 2808 ofﬁcio,
3246 2762 3466 2804 necesse
3489 2759 3574 2805 est
3608 2759 3669 2804 ut
3693 2751 3890 2807 habeat

2322 2825 2604 2883 dissimilia
2647 2831 2883 2886 sandalio
2911 2872 2928 2897 ,
2968 2848 3038 2888 ne
3085 2834 3223 2892 forte
3267 2838 3526 2896 diaconus
3572 2842 3884 2898 aestimetur.

2323 2912 2579 2970 Sandalia
2612 2919 2935 2988 signiﬁcant,
2965 2923 3091 2990 quia
3113 2926 3436 2994 pmdicator
3455 2945 3630 3000 neque
3649 2933 3890 2988 calestia

2323 3005 2482 3059 debet
2501 3007 2851 3076 abscondere,
2879 3025 3052 3079 neque
3086 3015 3314 3071 terrenis
3346 3018 3570 3076 inhiare.

655 3093 781 3148 ﬁcat
805 3057 1143 3162 chalritateni,
1174 3111 1292 3166 quae
1332 3093 1464 3152 alias
1491 3097 1717 3152 virtutes
1751 3057 1981 3154 e;cellit.
2015 3057 2219 3168 De‘qua
2248 3057 2294 3118 Ο
2394 3074 2672 3165 Signorum
2700 3115 2847 3164 usus,
2879 3116 2910 3155 a
2939 3102 3121 3157 Veteri
3155 3104 3498 3164 Testamento
3518 3120 3762 3182 sumptus
3784 3124 3887 3168 est.

654 3183 960 3256 Apostolus,
984 3189 1418 3244 commemoratis
1436 3190 1756 3259 quibusdam
1777 3192 2082 3256 virtutibus,
2113 3192 2215 3245 ait:

657 3272 833 3344 Major
854 3285 1026 3330 autem
1053 3278 1238 3331 horum
1260 3289 1333 3332 est
1356 3280 1585 3334 charitas
1612 3280 1666 3351 (1
1692 3280 1815 3335 Cor.
1837 3298 1958 3348 xm,
1990 3281 2099 3351 l3).

727 3364 754 3404 δ
808 3359 1052 3418 Pallium’
1087 3367 1612 3439 archiepiscoporum
1655 3385 1816 3441 super
1841 3371 2019 3426 omnia
2066 3372 2222 3427 indu-

660 3463 836 3509 menta
874 3464 975 3521 est,
1007 3463 1066 3512 ut
1102 3457 1300 3527 lamina
1344 3457 1399 3513 in
1447 3459 1622 3515 fronte
1663 3461 1949 3531 pontiﬁcis.
1996 3453 2220 3518 Pallium

657 3544 790 3598 nihil
818 3551 900 3600 est
929 3545 1073 3601 aliud
1092 3587 1107 3611 ,
1153 3547 1258 3602 nisi
1301 3547 1557 3603 discretio
1585 3549 1728 3605 inter
1757 3551 2221 3623 archiepiscopum

652 3643 709 3689 et
753 3635 868 3704 ejus
911 3637 1297 3708 suﬁ‘raganeos.
1344 3639 1572 3695 Pallium
1623 3642 1889 3720 signiﬁcat
1934 3651 2178 3720 torquem
2203 3687 2218 3713 ,

657 3735 816 3789 quem
839 3724 1082 3780 solebant
1097 3727 1334 3798 legitime
1353 3737 1624 3786 certantes
1642 3717 1907 3801 accipere.
1924 3717 2037 3789 Hoc
2057 3735 2222 3790 etiam

659 3822 778 3868 erat
821 3814 1020 3869 lamina
1049 3817 1168 3880 illa,
1207 3826 1266 3871 ut
1297 3818 1439 3884 dixi,
1491 3836 1652 3888 quam
1699 3837 1942 3883 summus
1982 3824 2222 3894 pontifex

653 3903 800 3957 circa
831 3910 1070 3972 tempora
1097 3903 1334 3970 ferebat,
1369 3905 1422 3960 in
1462 3922 1568 3976 qua
1594 3910 1854 3977 scriptum
1881 3918 2000 3966 erat
2027 3927 2222 3968 nomen

658 3998 750 4053 Dei
775 4007 1267 4068 tetragrammatan,
1295 4000 1347 4054 id
1366 4009 1469 4067 est,
1492 4010 1721 4070 quatuor
1739 4003 2066 4071 litterarum,
2091 4006 2219 4073 Jod,

659 4085 766 4148 lle,
810 4086 923 4140 ναις
1000 4096 1056 4142 ει
1096 4087 1254 4142 Heth.
1296 4090 1391 4144 Est
1422 4098 1602 4149 autem
1642 4091 2047 4163 interpretatio,
2076 4094 2182 4150 Jod
2204 4137 2219 4165 ,

658 4177 1009 4247 principium,
1057 4177 1167 4245 He,
1200 4181 1330 4247 iste,
1366 4181 1483 4236 Vau
1514 4183 1640 4252 vita,
1674 4193 1729 4240 et
1760 4183 2120 4265 Hetltpassio,
2169 4189 2222 4244 id

653 4275 774 4321 est:
814 4268 919 4323 iste
946 4279 1031 4325 est
1055 4272 1375 4342 principium
1416 4277 1682 4344 passionis
1706 4277 1849 4332 vitae.
1883 4277 2033 4333 Passi
2058 4280 2224 4349 igitur

653 4362 782 4411 sunt
808 4356 958 4410 multi
981 4369 1105 4413 ante
1125 4359 1417 4428 Christum,
1444 4365 1537 4420 sed
1565 4381 1725 4422 nemo
1747 4381 1935 4421 eorum
1952 4383 2051 4438 per
2069 4383 2220 4424 suam

648 4448 954 4520 passionem
989 4450 1296 4508 hominibus
1322 4457 1487 4510 vitam
1526 4460 1742 4512 attulit:
1781 4458 2026 4517 Christus
2050 4478 2208 4529 vero,

647 4535 802 4607 cuius
826 4538 1044 4608 sanguis
1069 4539 1124 4592 in
1147 4555 1309 4595 cruce
1337 4540 1486 4602 fusus
1508 4553 1590 4600 est
1612 4561 1711 4616 pro
1732 4548 1899 4604 totius
1922 4552 2106 4606 mundi
2129 4568 2212 4608 re-

648 4625 956 4695 demptione
975 4669 987 4691 ,
1013 4628 1251 4684 humano
1271 4633 1454 4701 generi
1478 4635 1656 4689 attulit
1683 4637 1867 4691 vitam.
1911 4637 2213 4709 Secundum

647 4712 812 4769 alium
851 4718 1154 4785 doctorem,
1190 4719 1296 4775 Jod
1333 4721 1684 4794 principium,
1717 4725 1799 4780 He
1844 4728 1976 4795 istc,
2019 4729 2134 4784 Vau
2162 4740 2218 4787 et

654 4799 793 4857 Hcth
816 4806 925 4862 vita
953 4809 1370 4880 interpretatur:
1409 4816 1551 4885 quod
1586 4816 1660 4870 ita
1699 4825 1875 4885 potest
1917 4821 2167 4891 conjungi
2198 4841 2210 4876 :

648 4889 759 4949 Iste
783 4902 867 4950 est
893 4897 1214 4968 principium
1241 4911 1296 4958 et
1324 4905 1432 4959 vita
1477 4904 1741 4963 Christus.
1785 4910 2090 4966 Vocabatur
2121 4889 2214 4965 au-

2319 3183 2377 3240 ln
2403 3185 2540 3242 libro
2583 3187 2938 3247 Numerorum
2968 3193 3103 3248 dixit
3127 3195 3386 3253 Dominus
3415 3199 3618 3271 Moysi:
3658 3201 3773 3256 Fac
3800 3202 3895 3258 tibi

2319 3274 2452 3329 duas
2479 3277 2628 3330 tubas
2652 3290 2923 3361 argenteas
2949 3281 3188 3351 ductiles,
3211 3288 3396 3356 quibus
3423 3306 3707 3345 convocare
3728 3293 3893 3362 possit

2320 3364 2703 3454 multitudinem
2731 3367 2919 3439 (Num.
2949 3387 3007 3437 x,
3032 3373 3110 3444 2).
3134 3441 3140 3449 ι

2486 3489 2512 3528 ε
2541 3477 2982 3538 Germaniarum
3006 3488 3181 3542 missae
3205 3490 3426 3558 mystica
3454 3492 3726 3562 expositio.

2397 3568 2416 3608 ί
2441 3566 2689 3625 Officium
2720 3574 2899 3631 missa;
2922 3577 3128 3636 addidit
3152 3579 3465 3638 Calestinus
3501 3600 3659 3655 papa.
3683 3595 3739 3643 et
3761 3603 3892 3645 con-

2322 3661 2513 3728 stituit,
2542 3670 2604 3718 ut
2643 3665 2836 3732 psalmi
2881 3682 2944 3749 ct.
2993 3680 3118 3726 ante
3161 3672 3489 3729 sacriﬁcium
3535 3677 3896 3751 psallerentur

2322 3753 2710 3820 antiphoaatim
2731 3769 2797 3808 ex
2824 3758 3098 3824 omnibus,
3113 3763 3252 3828 quod
3277 3771 3434 3816 antea
3456 3779 3562 3818 non
3584 3765 3766 3829 ﬁebat,
3783 3765 3888 3821 nisi

2321 3848 2530 3894 tantum
2561 3843 2785 3910 epistola
2813 3844 2964 3899 Pauli
2990 3849 3339 3915 recitabatur,
3371 3861 3425 3906 et
3447 3861 3692 3906 sanctum
3721 3854 3893 3926 Evan-

2323 3930 2539 4000 gelium,
2565 3939 2619 3986 et
2648 3933 2726 3986 sic
2753 3934 2919 3989 missa
2955 3936 3348 3992 celebrabatur.
3390 3939 3543 4007 Quod
3572 3957 3672 3998 nos
3699 3944 3774 3998 ita
3807 3944 3890 4000 in-

2323 4019 2629 4092 telligimus,
2658 4023 2790 4093 quia
2810 4037 2875 4078 ex
2912 4027 3160 4082 omnibus
3197 4028 3419 4097 psalmis
3445 4042 3760 4103 excerperet
3795 4049 3892 4090 an-

2324 4110 2604 4180 tiphonas,
2650 4127 2768 4182 quae
2796 4114 3154 4183 psallerentur
3192 4117 3245 4171 in
3287 4119 3466 4176 ofﬁcio
3503 4122 3724 4179 missae:
3762 4137 3887 4178 nam

2323 4207 2479 4254 antea
2511 4201 2865 4258 inchoabatur
2895 4206 3060 4261 missa
3105 4223 3135 4262 a
3170 4207 3416 4265 lectione.
3443 4210 3542 4276 Qui
3574 4229 3691 4269 mos
3715 4215 3890 4270 adhuc

2323 4277 2583 4345 retinetur
2603 4293 2657 4346 in
2682 4294 2861 4364 vigilia
2886 4296 3106 4354 Paschae
3126 4308 3182 4353 et
3202 4301 3564 4356 Pentecostes.
3588 4301 3888 4360 Procedens

2322 4378 2558 4444 pontifex
2590 4381 2644 4435 in
2672 4397 2900 4452 persona
2925 4385 3146 4450 Christi,
3186 4387 3334 4442 ducit
3362 4404 3544 4444 secum
3575 4394 3888 4463 prophetas,

2320 4468 2375 4520 id
2403 4478 2505 4534 est,
2534 4471 2808 4535 diaconos,
2837 4473 2928 4540 qui
2956 4475 3275 4528 annuntiant
3314 4491 3382 4531 ex
3419 4478 3710 4550 Evangelia
3741 4482 3885 4540 futu-

2319 4574 2432 4614 ram
2457 4561 2665 4624 vitam;
2705 4569 2758 4614 et
2785 4563 3082 4630 sapientes,
3125 4566 3178 4622 id
3206 4576 3308 4635 est,
3350 4571 3740 4644 subdiaconos,
3788 4581 3881 4648 qui

2319 4650 2495 4704 sciunt
2519 4663 2645 4703 vasa
2689 4649 2901 4707 Domini
2931 4653 3333 4725 disponere,_et
3361 4662 3488 4731 quid
3518 4664 3692 4731 primo
3716 4665 3889 4720 ferem-

2319 4739 2445 4793 dum
2475 4740 2565 4803 sit,
2594 4741 2722 4810 quid
2749 4745 3048 4812 posterius;
3072 4756 3127 4803 et
3154 4751 3382 4815 scribas,
3413 4752 3467 4805 id
3494 4760 3595 4815 est,
3623 4754 3879 4824 acolytos,

2321 4832 2410 4900 qui
2439 4833 2735 4889 accendunt
2760 4839 2921 4894 corda
2948 4840 3181 4902 ﬁdelium
3207 4858 3274 4896 ex
3314 4844 3600 4912 scriptura.
3631 4843 3883 4902 Procedit

2317 4920 2369 4973 in
2399 4922 2668 4979 thuribulo
2695 4926 3025 4998 thymiama,
3060 4931 3204 4998 quod
3248 4931 3516 5000 signiﬁcat
3553 4950 3749 5011 corpus
3773 4938 3885 5008 ple-

602 5043 606 5045 ,
649 4994 759 5038 tem
788 4986 890 5041 hac
931 5003 1128 5042 nomen
1153 4986 1399 5048 sanctum
1439 4995 1683 5064 Domini,
1709 5008 1768 5055 ut
1794 5011 1877 5055 est
1904 5019 1915 5054 :
1957 4999 2214 5056 Fecerunt
2317 5027 2441 5064 num
2467 5013 2630 5086 odore
2665 4986 2826 5072 bona.
2859 5020 2886 5058 ε
2913 5019 3205 5086 Postquam
3231 5031 3588 5089 praesentatus
3613 4986 3698 5082 est
3722 4986 3888 5085 carele—

647 5074 1032 5189 laminam.n'id
1059 5086 1601 5189 ῥεξςπεθοξενετιωιν
1625 5091 2041 5161 “riparumque
2071 5093 2123 5145 in
2153 5109 2213 5145 ea
2317 5105 2429 5170 size,
2458 5081 2743 5164 inclitiatus
2770 5116 2877 5165 stat
2901 5109 2954 5162 in
2980 5074 3283 5178 exemplum
3309 5113 3629 5174 humilitatis
3657 5117 3883 5189 Christi,
3917 5173 3923 5179 .

647 5177 884 5221 tunctum
912 5165 1126 5222 Domini
1150 5167 1348 5240 (Exod.
1373 5188 1561 5241 xxxix,
1585 5175 1700 5247 29),
1725 5181 1868 5249 quod
1894 5181 2216 5254 interpreta-
2319 5194 2371 5248 in
2401 5165 2505 5264 qua
2535 5196 2708 5253 {actus
2745 5206 2827 5255 est
2866 5165 3879 5278 Wienslpatri—ugueZd-ngg:

719 5350 742 5377 ι
775 5340 894 5395 Vid.
923 5340 1074 5407 [iugo
1096 5341 1358 5407 Menartl.,
1391 5353 1503 5400 not.
1535 5345 1660 5404 259.

719 5357 742 5377 ι
785 5357 894 5395 vna.
923 5357 1002 5400 nu
1042 5357 1074 5397 ο
1096 5357 1358 5407 menaru.,
1391 5359 1455 5400 no

719 5409 744 5446 δ
772 5407 944 5482 ᾼιιιξι.
976 5357 1097 5466 libr.
1129 5428 1190 5478 ιι,
1223 5429 1341 5482 cap.
1367 5415 1455 5470 23.

728 5487 746 5558 ς
865 5478 1010 5558 Hier.
1039 5476 1371 5558 librf'xm'in
1402 5486 1624 5558 Esechq
1655 5502 1771 5558 cap.
1795 5506 1935 5552 thv,
1956 5507 2096 5547 vers.
2126 5496 2209 5550 18.

717 5544 738 5579 σ¹
771 5545 941 5624 ᾼιηεῑ.
975 5551 1076 5606 loc.
1109 5553 1228 5617 cit.,
1259 5569 1377 5624 cap.
1406 5555 1495 5610 25.

726 5625 744 5649 ο
779 5615 904 5680 Qua:
951 5615 1244 5689 sequuntur
1277 5615 1400 5683 huic
1443 5628 1602 5698 capiti
1642 5631 1786 5699 apud
1825 5633 2214 5698 Qucrcetanum

2321 5384 2542 5433 annexa,
2573 5368 2940 5450 separavimus
2960 5370 3058 5426 sub
3079 5388 3215 5431 novo
3242 5378 3396 5435 titulo
3421 5381 3491 5438 ob
3515 5382 3883 5444 diversitatem

2321 5447 2640 5506 argumenti.

2397 5508 2420 5588 ξ
2448 5507 2748 5588 ᾼιιιεξειθῇιιε
2926 5525 3006 5577 ιιι,
3043 5527 3159 5585 cap.
3187 5515 3239 5571 5.

2397 5579 2420 5616 ⁸
2450 5576 2747 5630 Amalarius
2767 5577 2897 5632 ibid.
