4232 6228
360 272 363 279 ’
394 304 533 359 ms

1169 305 1317 377 ore.
1361 286 1755 362 seprosm.
1795 336 1865 345 --
1903 302 2029 359 us.
2069 291 2157 360 DE
2195 305 2440 361 otvms
2477 306 2779 365 omcus.

3474 306 3612 363 liis

391 422 451 477 lu
496 423 627 490 ipsa
654 420 949 477 elevations
978 422 1197 493 [Amat.,
1244 421 1609 495 inclinatione]
1640 423 1732 476 dat
1766 436 1953 490 pacem
1982 426 2024 481 Α
2056 423 2149 477 sed
2178 424 2590 479 circumstarent
2617 422 2843 494 [Ληαιη
2875 423 3026 483 curvi
3056 419 3304 493 starent].
3345 420 3614 476 Diaconos

392 512 678 576 ministris,
707 511 799 581 qui
823 511 1009 566 dextra
1047 511 1283 581 laevaque
1305 520 1447 566 sunt.
1474 511 1588 581 ipse
1614 521 1697 565 est
1720 526 1823 580 pax
1852 524 1949 564 no-

394 613 526 665 stra,
555 616 655 671 per
679 617 840 673 quam
886 600 1293 658 recouciliamur
1318 603 1446 657 Deo.
1473 602 1730 658 Eamdem
1766 617 1952 671 pacem

391 693 549 749 oﬁ'ert
571 692 901 761 cantoribus,
938 694 1029 765 qui
1058 702 1206 749 retro
1237 701 1419 748 stant:
1461 702 1520 759 ut
1552 694 1709 758 illud,
1760 692 1952 747 Pacem

394 802 563 840 meam
586 786 654 840 do
682 786 844 851 vobis,
874 802 1052 856 pacem
1080 784 1310 856 relinquo
1329 786 1471 840 vobis
1495 785 1676 857 (Joau.
1699 799 1813 849 xxv,
1837 784 1947 855 27).

393 862 756 932 Praesentibus
772 876 889 943 dat,
914 878 1223 931 absentibus
1251 877 1531 945 relinquit;
1560 878 1663 932 hoc
1685 885 1784 939 est,
1810 876 1953 945 quod

392 968 626 1023 solemus
654 968 866 1024 dicere:
894 968 1073 1023 lnnuit
1099 968 1379 1038 episcopus
1406 970 1637 1033 cantori,
1663 970 1754 1037 qui
1780 976 1951 1023 mutat

393 1057 603 1113 laudem
649 1059 714 1113 de
751 1058 919 1114 veteri
956 1059 1012 1114 in
1054 1073 1276 1124 novam,
1321 1068 1376 1113 et
1402 1060 1591 1134 incipit
1634 1059 1949 1114 Trinitatem

392 1156 633 1203 sanctam
662 1148 902 1214 laudare,
927 1157 984 1203 et
1007 1149 1157 1215 dicit,
1178 1147 1355 1205 Gloria
1387 1148 1562 1217 Patri,
1582 1159 1635 1205 et
1657 1141 1951 1223 ἀετῶδ-

391 1239 512 1293 coni
541 1239 695 1308 quasi
720 1240 919 1295 chorus
955 1241 1340 1309 apostolorum,
1367 1250 1513 1296 stant
1540 1258 1663 1297 cum
1692 1258 1756 1298 eo
1777 1242 1952 1298 bumi-

390 1325 527 1393 liati,
553 1335 608 1383 et
632 1328 817 1383 dicunt
841 1345 855 1382 :
894 1328 1135 1402 Domine,
1157 1330 1284 1385 doce
1308 1322 1398 1385 nos
1417 1347 1569 1385 orare
1599 1330 1750 1403 (Luc.
1772 1348 1845 1395 ιι,
1874 1330 1947 1403 1).

390 1418 518 1473 inde
546 1420 786 1475 vicissim
818 1420 925 1476 duo
963 1421 1175 1478 diaconi
1221 1423 1537 1480 altrinsecus
1575 1426 1773 1481 vadunt
1798 1441 1951 1482 oscu-

389 1509 488 1563 lari
513 1509 681 1565 latera
709 1510 914 1566 altaris.
946 1512 1063 1580 Quo
1091 1513 1329 1569 osculato
1356 1512 1560 1586 [Forte,
1588 1531 1694 1585 quo
1719 1515 1951 1589 osculo],

390 1600 787 1656 demonstratur
820 1616 926 1673 pax
967 1618 1128 1673 quam
1151 1604 1230 1659 eis
1256 1606 1648 1661 commendavit
1672 1606 1950 1671 Dominus,

390 1690 610 1747 dicens:
648 1691 716 1747 In
744 1709 1104 1766 quamcunque
1135 1694 1345 1749 domum
1370 1697 1710 1762 intraveritis,
1755 1698 1947 1752 dicite:

2053 523 2233 583 portat
2252 514 2587 585 evangelium
2609 515 2663 568 in
2689 514 2910 573 sinistro
2923 514 3166 579 brachio,
3180 528 3285 591 per
3294 514 3436 583 quod
3448 512 3614 584 signi-

2053 602 2246 657 ﬁcatur
2282 602 2597 673 temporalis
2629 604 2774 669 vita,
2829 599 2931 659 ubi'
2965 604 3247 673 pmdicari
3271 602 3612 673 Evangelinm

2051 706 2271 747 necesse
2292 700 2393 747 est.
2432 693 2547 747 Duo
2582 694 2756 757 cerei,
2778 693 2869 762 qui
2912 700 3197 763 portantur
3237 700 3361 747 ante
3387 706 3618 761 evange-

2050 782 2179 838 lium
2198 825 2212 849 ,
2242 784 2412 855 legem
2443 792 2498 840 et
2527 786 2819 855 prOphetas
2845 786 3125 865 designant
3153 784 3493 855 praecessisse
3518 783 3613 838 ad—

2051 883 2266 930 ventum
2297 874 2500 931 Christi
2532 891 2548 929 :
2576 875 2904 930 thuribulum
2930 915 2943 939 ,
3000 876 3308 946 opinionem
3353 875 3612 928 virtutum

2051 967 2117 1022 de
2137 966 2353 1021 Christo
2375 967 2775 1037 procedentem.
2798 966 3078 1030 Cantores,
3104 980 3253 1021 more
3278 965 3613 1030 Lavitarum,

2051 1058 2143 1128 qui
2168 1058 2348 1111 omnia
2366 1058 2672 1112 necessaria
2699 1056 3034 1112 tabernaculi
3053 1055 3437 1126 providebant,
3468 1067 3615 1123 qua:-

2052 1157 2179 1204 runt
2204 1165 2397 1220 aquam
2426 1150 2492 1204 ad
2515 1149 2714 1205 fontem
2732 1190 2748 1213 ,
2779 1157 2833 1204 et
2872 1157 3090 1204 servant
3131 1162 3253 1203 eam
3282 1154 3616 1217 conpertam,

2050 1254 2222 1308 usque
2253 1240 2319 1293 ad
2357 1248 2567 1307 tempus
2600 1238 2871 1304 sacriﬁcii,
2909 1248 2963 1294 et
2990 1239 3070 1295 sic
3098 1254 3219 1293 eam
3249 1239 3505 1293 mundam
3536 1234 3619 1291 ol-

2050 1324 2258 1402 ferunt.‘
2288 1330 2305 1369 ί
2340 1328 2525 1384 Sixtus
2569 1344 2708 1400 papa
2758 1317 3061 1384 constituit'
3085 1328 3439 1407 adiectionem
3468 1327 3615 1381 illam

2050 1420 2305 1490 primaevo
2324 1422 2548 1493 hymno,
2572 1420 2627 1476 id
2647 1428 2766 1487 est,
2807 1418 3053 1485 Sanctus,
3083 1419 3333 1485 Sanctus,
3362 1418 3613 1482 Sanctus,

2051 1519 2155 1565 etc.
2207 1511 2536 1583 Augustinus
2580 1512 2635 1565 in
2682 1511 2822 1566 libro
2870 1512 2938 1565 de
2985 1509 3215 1564 Civitate
3260 1508 3355 1563 Dei
3407 1510 3611 1563 γιιισε

2054 1616 2073 1649 ι
2098 1597 2432 1655 Sacriﬁcium
2446 1614 2573 1670 ergo
2586 1599 2816 1666 visibile,
2840 1599 3124 1654 invisibilis
3148 1597 3397 1653 sacriﬁcii
3428 1610 3609 1652 sacra-

2050 1697 2313 1754 mentum,
2342 1689 2397 1743 id
2425 1697 2537 1753 est,
2566 1703 2781 1745 sacrum
2804 1688 3012 1759 signum
3038 1695 3141 1743 est.
3173 1708 3191 1739 ι
3224 1688 3251 1727 h
3274 1685 3354 1740 Ab
3381 1685 3467 1741 his
3490 1699 3616 1755 per-

392 1779 509 1836 Pax
533 1782 654 1837 huic
673 1758 854 1838 domui
878 1758 1031 1857 (Luc;
1061 1774 1113 1848 ι,
1141 1781 1217 1854 5).
1249 1784 1434 1839 Altare
1466 1785 1629 1841 corda
1657 1758 1949 1842 electorum
1979 1758 2025 1818 Β
2052 1778 2198 1834 sonis
2226 1777 2421 1833 dantur
2452 1779 2634 1833 oscula
2663 1758 2938 1833 mutuoin
2964 1778 3229 1845 Ecclesia,
3269 1792 3386 1847 quae
3417 1774 3617 1832 nullius

388 1871 675 1943 signiﬁcat.
707 1884 735 1914 ι
758 1873 960 1929 Deinde
993 1874 1048 1929 in
1077 1875 1390 1931 memoriam
1422 1875 1687 1945 passionis
1717 1873 1949 1941 Christi,

389 1963 574 2037 dicunt
605 1972 853 2021 cantores
877 1980 1094 2022 versum
1122 1968 1188 2022 de
1211 1965 1484 2036 psalterio.
1515 1966 1833 2022 Psalterium
1869 1967 1953 2022 in-
1979 1980 1985 1984 ‘

389 2052 555 2108 ferius
578 2055 898 2122 percutitur,
928 2057 1175 2127 superius
1197 2058 1423 2113 reboat:
1465 2065 1521 2112 et
1545 2055 1726 2127 passio
1753 2052 1952 2112 Christi

388 2144 455 2197 ab
484 2141 729 2199 inferiori
772 2152 926 2215 parte
970 2147 1135 2203 habet
1178 2163 1584 2220 percussuram,
1616 2164 1648 2203 a
1690 2148 1951 2221 superiori

387 2233 720 2291 dulcedinem
747 2240 1177 2294 resurrectionis.
1229 2240 1366 2295 Hinc
1405 2241 1681 2297 osculatur
1714 2241 1952 2313 Evange-

388 2325 538 2387 lium,
572 2325 627 2379 in
673 2342 779 2397 quo
807 2327 910 2381 duo
936 2329 1119 2398 populi
1153 2329 1218 2382 ad
1262 2344 1450 2397 pacem
1478 2330 1721 2383 redeunt.
1753 2329 1952 2383 Deinde

388 2414 582 2468 transit
605 2418 671 2471 ad
700 2416 974 2471 dexteram
1002 2418 1210 2472 altaris.
1250 2417 1440 2487 Liquet
1478 2420 1759 2483 omnibus,
1809 2418 1952 2487 quod

388 2520 601 2577 semper
628 2506 876 2563 Christus
901 2510 1011 2580 egit
1051 2512 1325 2564 dexteram
1354 2509 1517 2564 vitam
1546 2518 1825 2580 postquam
1862 2525 1949 2565 re-

387 2597 640 2653 surrexit.
675 2597 907 2655 .Diaconi
958 2608 1143 2669 postea
1190 2607 1333 2655 stant
1365 2600 1417 2655 in
1445 2601 1661 2665 ordine,
1692 2608 1753 2655 ut
1780 2600 1947 2677 illud:

386 2689 444 2745 Si
474 2692 590 2762 quis
612 2690 721 2744 vult
747 2699 863 2763 post
882 2707 962 2759 me
982 2692 1172 2764 venire,
1197 2700 1298 2745 etc.
1339 2690 1488 2762 (Luc.
1529 2709 1604 2756 ιι,
1630 2691 1742 2764 25).
1772 2692 1799 2732 δ
1829 2692 1954 2760 Epi-

385 2796 549 2851 scopo
576 2782 896 2838 ascendente
920 2781 987 2836 ad
1015 2781 1215 2846 sedem,
1238 2790 1564 2837 cereostrata
1592 2792 1867 2837 mutantur
1887 2784 1952 2837 de

388 2870 526 2927 locis
552 2872 666 2928 suis
708 2872 764 2927 in
811 2872 1053 2929 ordinem
1084 2872 1241 2926 unius
1267 2871 1419 2927 linea:
1454 2872 1716 2942 usquead
1760 2872 1946 2927 altare.

389 2961 493 3018 Per
532 2970 859 3033 cereostrata
904 2960 1277 3033 signiﬁcantur
1316 2962 1454 3016 dona
1498 2962 1820 3033 gratiarum,
1854 2977 1975 3034 per,

386 3068 504 3123 qua:
527 3053 859 3109 illuminatur
878 3053 1137 3109 Ecclesia.
1162 3051 1332 3109 Unius
1351 3052 1506 3108 lineae
1529 3054 1749 3123 positio,
1773 3054 1949 3110 unitas

384 3152 469 3199 est
492 3142 726 3214 Spiritus
764 3144 937 3199 sancti
969 3144 1023 3197 in
1060 3143 1284 3212 singulis
1310 3145 1487 3199 donis.
1525 3145 1707 3201 Potest
1737 3154 1791 3200 et
1819 3147 1947 3201 sim-

306 3268 309 3269 ν
384 3234 596 3303 pliciter
632 3232 855 3303 intelligi
899 3232 1177 3301 dispositio
1214 3247 1491 3287 eereorum
1520 3235 1801 3302 expeditus
1825 3250 1951 3289 cur-

384 3338 476 3378 sus
503 3325 653 3380 eirca
678 3324 851 3380 altare
892 3321 1251 3377 ministrandi.
1286 3333 1309 3361 °
1342 3323 1701 3393 Telesphorus
1732 3325 1947 3380 natione

386 3413 606 3470 Gnaeus
630 3429 697 3471 ex
724 3414 1053 3481 auacborita,
1099 3414 1377 3471 constituit
1426 3424 1485 3469 ut
1534 3417 1763 3487 hymnus
1804 3419 1949 3475 dice-

388 3514 537 3561 retur
562 3506 834 3577 angelicus
877 3516 1002 3561 ante
1042 3506 1385 3561 sacriﬁcium.
1430 3505 1782 3577 Symmachus
1826 3516 1949 3579 post

387 3594 775 3665 Telesphorum
802 3595 1244 3665 quadragesimus
1290 3596 1511 3663 quintus
1562 3599 1845 3654 constituit
1887 3608 1948 3655 ut

385 3686 532 3739 omni
575 3685 662 3740 die
710 3683 989 3739 Dominico
1045 3691 1102 3738 et
1156 3682 1411 3739 natalitiis
1456 3693 1757 3756 martyrum
1801 3688 1944 3744 idem

389 3779 619 3850 hymnus
646 3783 975 3832 cantaretur.

455 3866 539 3923 Ad
557 3867 819 3924 orientem
844 3874 1059 3923 oranms
1081 3906 1097 3932 ,
1139 3875 1199 3921 ut
1241 3867 1592 3924 admoneatur
1637 3870 1851 3926 animus
1875 3870 1945 3927 ad

387 3964 633 4013 naturam
662 3956 1096 4014 excellentiorem
1147 3972 1206 4013 se
1242 3967 1588 4025 convertere,
1620 3961 1674 4015 id
1721 3968 1842 4026 est,
1871 3962 1940 4018 ad

388 4048 575 4105 Deum.
611 4049 637 4087 ἀ
660 4047 789 4102 Post
815 4048 1055 4102 laborem
1100 4055 1154 4101 et
1197 4062 1333 4117 opus
1384 4048 1673 4104 ministerii
1698 4049 1942 4119 pontifex

386 4137 630 4195 ascendit
650 4137 854 4202 sedem,
882 4136 936 4189 in
948 4136 1264 4191 memoriam
1281 4137 1613 4194 ascensionis
1628 4138 1938 4206 Dominicae,
1979 4157 2011 4171 ο

386 4246 443 4294 et
468 4237 655 4293 sedent
674 4250 797 4291 cum
823 4249 907 4299 eo,
933 4233 1126 4304 quibus
1151 4235 1398 4303 promisit
1442 4252 1455 4289 :
1486 4233 1741 4290 Sedebitis
1784 4254 1943 4307 super

386 4327 531 4381 sedes
552 4326 824 4381 duodecim
849 4325 1063 4395 (Matth.
1092 4342 1206 4393 ιιι,
1224 4325 1337 4399 28).
1362 4326 1465 4382 Per
1488 4342 1583 4383 eos
1610 4329 1699 4397 qui
1730 4330 1937 4395 sedent,

1972 3102 2023 3167 C

2052 1867 2411 1923 titillationem
2437 1866 2735 1922 libidinosa:
2760 1866 3118 1937 suggestionis
3141 1864 3617 1935 coguntexcitare.

2056 1962 2072 2000 ί
2112 1959 2331 2030 Sergius
2356 1974 2493 2030 papa
2523 1958 2831 2024 constituit,
2864 1966 2924 2013 ut
2953 1965 3193 2027 tempore
3225 1955 3622 2011 confractionis

2048 2046 2310 2101 Dominici
2351 2048 2617 2117 corporis,
2642 2047 2821 2117 Agnus
2852 2046 2975 2111 Dei,
2997 2062 3029 2100 a
3052 2046 3195 2101 clero
3226 2054 3280 2100 et
3302 2043 3498 2115 populo
3524 2044 3617 2099 de-

2049 2145 2313 2192 cantetur.
2341 2135 2609 2207 Triforme
2632 2143 2716 2191 est
2732 2151 2929 2205 corpus
2948 2136 3167 2200 Christi,
3196 2151 3383 2191 eorum
3408 2134 3618 2190 scilicet

2050 2229 2141 2297 qui
2170 2221 2519 2298 gustavérunt
2543 2234 2771 2283 mortem
2796 2268 2809 2293 ,
2842 2234 2897 2282 et
2918 2226 3171 2291 morituri
3197 2234 3342 2281 sunt.
3373 2225 3620 2279 Primum

2050 2318 2257 2373 scilicet
2302 2326 2545 2373 sanetum
2573 2326 2629 2372 et
2681 2313 3113 2383 immaculatum,
3151 2317 3294 2387 quod
3340 2323 3616 2386 sumptum

2048 2416 2133 2463 est
2158 2424 2223 2463 ex
2253 2408 2440 2464 Maria.
2467 2407 2728 2473 Alterum,
2757 2408 2899 2476 quod
2926 2406 3165 2462 ambulat
3213 2408 3266 2462 in
3292 2415 3457 2461 terra.
3486 2407 3615 2461 'l‘er-

2052 2498 2186 2552 tium
2212 2497 2352 2567 quod
2377 2496 2521 2565 jacet
2542 2498 2595 2550 in
2623 2498 2901 2567 sepulcris.
2945 2496 3052 2552 Per
3077 2497 3397 2567 particulam
3423 2494 3615 2577 oblata:

2051 2589 2228 2643 missa:
2240 2588 2293 2641 in
2315 2587 2558 2651 calicem,
2575 2586 2875 2641 ostenditur
2885 2600 3080 2656 corpus
3099 2584 3320 2651 Christi,
3333 2584 3477 2655 quod
3492 2581 3607 2652 jam

2052 2677 2284 2732 surrexit
2312 2691 2342 2729 a
2369 2675 2614 2731 mortuis.
2644 2675 2747 2731 Per
2776 2682 3073 2731 comestam
3120 2688 3149 2728 a
3199 2672 3477 2751 sacerdote
3519 2671 3607 2727 vel

2050 2765 2244 2837 populo
2259 2806 2274 2830 ,
2304 2766 2593 2821 ambulans
2615 2766 2789 2821 adhuc
2816 2781 2979 2836 super
3006 2774 3227 2821 terram.
3251 2763 3355 2820 Per
3369 2762 3615 2819 relictam

2052 2855 2106 2909 in
2137 2853 2293 2909 altari
2320 2868 2489 2923 usque
2516 2852 2584 2908 ad
2611 2852 2771 2909 ﬁnem
2808 2855 3019 2919 misse,
3045 2853 3238 2923 iacens
3269 2853 3323 2908 in
3352 2850 3621 2923 sepulcris

2052 2954 2237 3016 usque”
2267 2944 2335 2999 ad
2371 2942 2531 2999 ﬁnem
2569 2944 2770 2999 surculi.

2675 3055 2902 3115 CAPUT
2937 3057 3049 3113 XL.

2156 3168 2182 3208 ι
2224 3184 2289 3221 ne
2326 3182 2722 3223 οειευωτιοκιι

2697 3251 2942 3293 CATIONB.

2115 3345 2418 3401 Celebratio
2446 3346 2644 3410 missae,
2670 3347 2735 3399 in
2759 3347 3323 3402 commemorationem
3345 3346 3614 3417 passionis

2046 3436 2244 3492 Christi
2273 3436 2568 3506 peragitur.
2600 3436 2689 3491 Sic
2715 3436 2860 3491 enim
2887 3436 3000 3507 ipse
3027 3437 3280 3507 praecepit
3320 3437 3577 3505 apostolis
3596 3477 3611 3503 ,

2046 3528 2268 3583 tradens
2296 3528 2377 3583 eis
2409 3543 2605 3598 corpus
2631 3537 2686 3583 et
2731 3529 3046 3599 sanguinem
3075 3541 3230 3581 suum
3264 3546 3275 3580 :
3309 3525 3425 3580 Hoc
3455 3527 3622 3596 facite

2042 3619 2100 3675 in
2126 3633 2291 3671 meam
2312 3617 2849 3683 commemorationem
2889 3614 3041 3687 (Luc.
3074 3632 3188 3681 xxI,
3234 3614 3346 3683 19),
3375 3616 3480 3670 hoc
3503 3624 3617 3681 est,

2046 3707 2102 3763 in
2138 3706 2454 3762 memoriam
2504 3706 2771 3775 passionis
2822 3720 2976 3761 mea.
3028 3705 3311 3776 Tanquam
3362 3705 3565 3760 diceret
3589 3745 3608 3767 .

2044 3794 2189 3865 quod
2226 3808 2327 3864 pro
2368 3802 2546 3849 vestra
2572 3793 2747 3849 salute
2788 3809 2980 3867 passus
3007 3810 3148 3860 sum,
3203 3794 3270 3850 ad
3297 3794 3621 3851 memoriam

2048 3895 2319 3951 revocate,
2348 3893 2405 3941 et
2444 3898 2543 3956 pro
2564 3894 2744 3953 vestra
2774 3893 3182 3956 vestrorumqne
3212 3884 3383 3941 salute
3424 3886 3613 3942 eadem

2043 3977 2288 4051 proferre
2313 3986 2517 4033 curate.
2566 3976 2717 4034 lianc
2746 3977 2937 4035 Petrus
2958 3978 3230 4049 apostolus
3264 3978 3471 4047 primus
3495 3990 3612 4030 om-

2044 4071 2194 4123 nium
2220 4067 2517 4123 Antiochia:
2545 4067 2741 4124 dicitur
2771 4067 3097 4145 celebrasse.
3128 4067 3188 4122 lu
3220 4080 3326 4135 qua
3355 4075 3465 4120 tres
3494 4072 3614 4118 tan-

2043 4158 2320 4212 tummodo
2366 4158 2641 4212 orationes
2693 4157 2749 4210 in
2802 4154 2972 4211 initio
3003 4156 3127 4211 ﬁdei
3163 4151 3619 4224 proferebantur,

2041 4244 2358 4313 incipientes
2386 4244 2454 4299 ab
2472 4257 2537 4299 eo
2558 4243 2695 4307 loco,
2718 4243 2810 4297 ubi
2839 4243 3038 4298 dicitur
3064 4261 3079 4298 :
3109 4242 3263 4297 Hanc
3285 4243 3447 4313 igitur
3469 4240 3614 4295 obla-

2042 4334 2253 4389 tionem.
2286 4332 2447 4389 Missa
2475 4341 2654 4389 autem
2681 4333 2902 4399 dicitur,
2952 4334 3108 4405 quasi
3139 4333 3474 4399 transmissa,
3519 4331 3610 4386 vel

2771 3182 2935 3223 ιιιεει
2998 3185 3067 3223 ΕΤ
3132 3184 3253 3223 ειυς
3290 3183 3507 3223 SIGNIFI-

386 4420 822 4507 demonstrantur
847 4417 1087 4507 membra
1108 4415 1307 4473 Christi
1338 4418 1391 4473 in
1419 4430 1548 4488 pace
1563 4420 1935 4489 quiemntia:
1968 4447 2018 4507 ι)
2042 4426 2196 4496 quasi
2223 4424 2558 4481 transmissio
2580 4465 2595 4489 ,
2635 4439 2701 4481 eo
2739 4424 2883 4495 quod
2918 4424 3146 4495 populus
3190 4422 3363 4505 ﬁdelis
3395 4423 3463 4479 de
3490 4421 3614 4476 suis

385 4521 481 4575 per
507 4518 602 4559 eos
624 4504 715 4573 qui
738 4513 901 4570 stant,
930 4506 988 4562 in
1028 4508 1325 4565 certamine
1370 4508 1562 4579 posita.
1594 4510 1795 4567 Cantor
1824 4513 1941 4567 sine
1968 4504 2001 4507 _
2045 4518 2252 4573 meritis
2274 4526 2379 4571 non
2404 4531 2764 4586 praesumens,
2802 4530 2993 4585 preces
3021 4523 3077 4571 et
3120 4504 3441 4575 oblationes,
3471 4526 3620 4581 quas

385 4598 563 4667 aliqua
589 4595 908 4651 necessitate
939 4605 1086 4652 tenet
1109 4599 1320 4655 tabulas
1347 4610 1567 4670 propter
1590 4601 1719 4657 illud
1752 4620 1765 4656 :
1800 4602 1943 4657 Lau-

387 4691 506 4746 dent
528 4704 715 4743 nomen
750 4686 962 4743 Domini
982 4688 1037 4741 iu
1060 4688 1217 4769 choro
1240 4728 1257 4753 ,
1292 4697 1349 4743 et
1385 4691 1609 4761 reliqua.
1645 4692 1770 4748 Haec
1795 4694 1939 4764 jnbi-

384 4780 541 4843 latio,
573 4794 735 4848 quam
762 4779 1078 4849 sequentium
1100 4785 1321 4863 vocant,
1371 4777 1499 4833 illud
1527 4787 1737 4851 tempus
1778 4785 1941 4855 signi-

386 4868 510 4923 ﬁcat
530 4906 545 4933 ,
574 4868 791 4937 quando
814 4883 921 4923 non
943 4877 1062 4923 erat
1086 4868 1387 4923 necessaria
1410 4867 1607 4925 locutio
1627 4873 1935 4939 verborum,

386 4957 479 5012 sed
501 4955 615 5011 sola
639 4955 963 5024 cogitatione
989 4972 1141 5014 mens
1168 4958 1337 5013 menti
1382 4963 1704 5017 monstrabit
1729 5003 1744 5027 ,
1798 4966 1941 5034 quod

386 5052 583 5107 retinet
600 5049 656 5103 in
678 5063 757 5104 se.
789 5060 814 5088 ο
834 5047 1151 5119 Anastasius
1173 5067 1311 5123 papa
1337 5053 1584 5120 instituit,
1614 5065 1673 5111 ut
1701 5058 1943 5126 quoties-

386 5154 598 5212 cunque
616 5139 964 5211 Evangelium
978 5139 1192 5210 legitur,
1222 5145 1526 5200 sacerdotes
1541 5159 1648 5201 non
1670 5146 1939 5213 sederent,

458 5265 487 5293 ι
525 5254 831 5309 Amalarius
855 5252 986 5308 ibid.

456 5327 485 5362 ⁵
518 5323 693 5379 Amal.
725 5323 846 5379 libr.
878 5339 958 5384 ιιι,
989 5336 1107 5391 cap.
1140 5322 1191 5375 7.

458 5402 481 5473 ξ
524 5396 696 5473 Mal.
721 5394 850 5473 ibid.
871 5401 925 5473 _et
946 5391 1095 5473 Hugo
1118 5392 1355 5473 Menard.
1392 5406 1505 5452 not.
1538 5399 1591 5452 7.

432 5459 483 5505 -ἀ
519 5461 841 5534 ᾼιιιδιιιι-ιιιε,
871 5463 973 5519 loc.
1000 5459 1092 5518 cit.
1120 5479 1237 5534 cap.
1263 5464 1347 5518 10.
1528 5522 1531 5525 ,

464 5542 487 5604 f
524 5530 847 5604 Amalarius,
870 5534 970 5589 loc.
1002 5534 1093 5588 cit.
1122 5530 1239 5604 cap.
1286 5535 1372 5589 18.

465 5601 483 5638 ί
525 5602 723 5666 Amal.,
761 5603 863 5659 loc.
893 5605 985 5659 cit.
1014 5619 1131 5666 cap.
1164 5601 1250 5659 il.

466 5620 478 5638 ¹
525 5620 723 5666 Μηιιιη
761 5620 863 5659 loc.
893 5620 985 5659 cu.
1014 5620 1076 5659 ca
1120 5647 1131 5657 .
1164 5620 1250 5659 1|.

466 5672 489 5711 ⁸
528 5672 584 5728 S.
615 5672 747 5744 Aug.
775 5673 893 5728 libr.
930 5690 960 5726 κ
992 5675 1054 5728 de
1080 5620 1235 5731 sivit.
1268 5675 1379 5744 Dei,
1409 5682 1525 5748 cap.
1550 5679 1602 5732 .5.

2042 4608 2154 4663 Deo
2175 4594 2526 4677 omnipotenti
2550 4603 2745 4660 oﬁ‘erre
2771 4606 3072 4670 desiderat,
3098 4620 3197 4675 per
3240 4604 3610 4660 ministerium

2043 4706 2097 4753 et
2117 4697 2419 4752 orationem
2441 4695 2737 4750 sacerdotis
2768 4682 2837 4750 ad
2878 4694 3044 4749 Deum
3070 4696 3421 4761 transmittat,
3446 4709 3615 4763 quem

2044 4786 2394 4841 mediatoncm
2423 4784 2564 4840 inter
2592 4800 2650 4840 se
2678 4793 2733 4840 et
2760 4785 2909 4840 illum
2956 4800 3079 4841 esse
3115 4783 3412 4853 cognoscit,
3439 4780 3610 4836 conﬁv

2042 4876 2174 4932 dens
2197 4893 2295 4947 per
2316 4876 2433 4947 ejus
2455 4877 2759 4933 orationem
2778 4885 2940 4945 atque
2967 4872 3408 4929 intercessionem
3436 4885 3469 4924 a
3500 4883 3611 4924 ma—

2042 4966 2109 5021 lis
2131 4966 2379 5022 omnibus
2417 4966 2659 5031 liberari,
2696 4974 2856 5034 atque
2877 4961 3113 5017 creatori
3146 4975 3247 5016 suo
3270 4958 3613 5015 reconciliari

2045 5066 2099 5114 et
2122 5060 2177 5114 in
2203 5058 2455 5114 omnibus
2484 5054 2842 5113 corroborari.
2878 5052 2975 5107 Vel
3002 5053 3171 5107 missa
3192 5091 3207 5117 ,
3261 5058 3319 5105 ut
3366 5048 3618 5105 lsidorus

2045 5150 2175 5206 dicit
2202 5148 2247 5215 ι,
2274 5148 2416 5202 dicta
2445 5154 2530 5201 est
2554 5136 2622 5200 ab
2651 5144 2965 5201 emittenda.
3006 5142 3271 5213 Tempore
3316 5142 3459 5197 enim
3501 5158 3620 5213 quo

2117 5262 2144 5303 1·
2182 5258 2505 5321 Amalarius,
2530 5256 2633 5311 loc.
2668 5256 2759 5310 cit.
2787 5271 2907 5321 cap.
2936 5254 3006 5310 32
3034 5254 3090 5309 in
3115 5254 3243 5310 ﬁne.

2124 5333 2139 5401 ι
2183 5328 2379 5401 ἐπιθῇ,
2405 5326 2506 5382 loc.
2518 5326 2640 5401 ,c_i_t.A
2657 5342 2774 5401 cap.
2799 5326 2895 5401 55.

2120 5400 2133 5451 i
2184 5398 2461 5453 Tribuitur
2483 5412 2513 5451 a
2542 5392 2851 5451 Mabillouio
2869 5403 2924 5451 et
2944 5395 3065 5451 aliis
3084 5394 3324 5463 Remigio
3343 5392 3609 5448 Autissio-

2046 5469 2293 5594 t‘icsigensi,
2326 5474 2455 5522 tom.
2506 5465 2549 5521 γ
2595 5466 2855 5523 Actorum
2900 5464 3000 5521 SS.
3045 5465 3174 5521 0rd.
3217 5463 3447 5527 Bened.,
3478 5478 3605 5531 pag.

2121 5612 2145 5650 Ιι
2188 5608 2293 5669 ΑΙ..
2321 5606 2500 5662 Brevis
2523 5606 2980 5678 expositiomisse.

2126 5679 2142 5719 1
2184 5678 2307 5734 lsid.
2342 5678 2461 5733 libr.
2495 5673 2777 5747 vl.'Ot'ig.,
2812 5690 2925 5742 cap.
2962 5673 3043 5725 19.
