4232 6216
690 227 819 282 1247

1522 220 1579 273 Β.
1623 216 1681 272 F.
1724 213 1946 272 ALBlNl
1987 213 2116 268 SEU
2157 211 2431 266 ALCLTl-Nl
2469 211 2750 268 OPERUM
2787 211 2963 266 PARS
3003 211 3092 264 lX.

3782 208 3917 264 19:58

682 342 934 398 sacerdos
973 337 1159 405 incipit
1188 345 1503 388 consecrare
1528 345 1724 398 corpus
1770 328 2130 390 Dominicum,
2163 323 2242 377 di-
2270 323 2319 382 Α
2347 321 2415 374 ad
2460 323 2771 375 memoriam
2804 336 3060 376 revocans
3082 361 3096 385 ,
3149 321 3287 375 sicut
3331 319 3582 376 Christus
3619 320 3913 375 cruciﬁxus

680 432 910 488 cendum
940 435 1022 483 est
1044 443 1074 480 a
1101 426 1325 480 diacono
1346 430 1466 492 post
1481 419 1824 488 Evangelium
1856 435 1868 470 :
1896 415 1953 471 Si
1974 416 2089 486 quis
2109 424 2246 468 cate-

678 522 960 574 cliumenus
987 526 1083 579 est,
1112 512 1355 579 procedat
1379 512 1543 580 foras.
1587 510 1654 563 Et
1678 509 1803 577 quia
1831 517 1960 561 tunc
1985 506 2246 560 emittun-

678 622 768 664 tur
793 605 1169 664 catechumeni
1210 605 1276 658 ab
1316 585 1566 664 ecclesia,
1597 601 1688 669 qui
1719 615 1824 653 non
1853 599 2048 652 debent
2082 596 2249 649 inter-

677 717 799 757 esse
851 701 1023 754 sacris
1051 696 1352 767 mysteriis,
1408 710 1473 750 eo
1518 693 1661 762 quod
1700 691 1934 745 nondum
1966 696 2091 742 sunt
2125 702 2248 757 per-

677 792 826 847 fecti.
849 791 974 846 Sive
1003 788 1108 842 alio
1135 788 1292 841 modo
1331 792 1507 853 potest
1542 782 1645 838 dici
1674 782 1859 844 missa,
1891 794 1956 834 eo
1979 777 2121 847 quod
2150 792 2247 831 nos

678 884 856 937 mittat
880 880 947 934 ad
991 881 1177 932 Deum.
1220 875 1344 929 ldeo
1370 883 1690 928 autemnon
1733 872 1799 925 ab
1845 868 2139 939 apostolica
2163 866 2247 920 vel

675 971 981 1042 evangelica
1007 969 1256 1029 lectione,
1284 963 1426 1033 quod
1455 961 1629 1030 majus
1651 975 1772 1014 esse
1794 965 2025 1022 constat,
2057 955 2246 1011 eadem

676 1065 839 1118 missa
882 1061 1183 1121 inchoatur,
1233 1057 1325 1111 sed
1354 1055 1536 1124 potius
1577 1049 1818 1106 canendo
1842 1057 1918 1111 _et
1944 1044 2243 1117 psallendo,

676 1162 941 1223 quatenus
974 1149 1198 1205 dulcedo
1222 1146 1500 1200 suavitatis
1526 1143 1686 1198 corda
1719 1140 2051 1194 audientium
2095 1137 2246 1207 prius

675 1241 996 1297 demulceat.
1019 1249 1074 1294 et
1099 1240 1175 1293 sic
1190 1245 1312 1305 post
1337 1234 1753 1288 modulationem
1773 1231 1954 1285 suavis
1967 1228 2246 1283 cantilena:

674 1335 730 1386 in
759 1332 1128 1402 spiritualibus
1181 1328 1341 1382 rebus
1393 1325 1752 1396 populus,per
1776 1321 2244 1391 compunctionem

675 1425 870 1478 mentis
891 1425 1148 1486 intentus,
1171 1417 1449 1474 salutifera
1463 1416 1736 1485 Evangelii
1757 1415 1921 1469 verba
1938 1413 2146 1468 ardenti
2167 1411 2247 1465 af-

676 1515 820 1571 fectu
853 1515 1131 1584 suscipiat.

743 1623 894 1689 Quod
920 1631 1098 1676 autem
1122 1621 1349 1692 p0pulus
1370 1617 1652 1675 Dominico
1671 1619 1776 1683 die,
1799 1617 1914 1673 sive
1934 1617 2244 1673 solemnita-

675 1722 809 1779 tum,
831 1716 895 1768 ad
920 1713 1205 1767 ecclesiam
1231 1711 1470 1774 conﬂuit,
1493 1711 1559 1766 ad
1583 1711 1940 1766 imitationem
1965 1708 2244 1764 lsraelitici

669 1803 849 1874 populi
870 1803 1106 1858 creditur
1129 1802 1266 1868 ﬁeri,
1302 1803 1394 1873 qui
1415 1801 1748 1870 temporibus
1768 1797 2245 1872 statutisﬁﬁﬁad

669 1891 926 1961 templum
955 1891 1166 1945 Domini
1193 1889 1527 1954 conﬂuebat,
1557 1897 1612 1943 et
1640 1903 1735 1944 sex
1771 1888 1960 1943 diebus
1984 1901 2241 1957 Operans,

668 1983 898 2052 septimo
925 1983 996 2036 ab
1023 1982 1170 2036 omni
1199 1996 1362 2051 opere
1416 1981 1596 2036 servili
1631 1980 1987 2049 requiescere
2019 1977 2246 2048 jubeba-

668 2083 788 2139 tur,
820 2090 926 2128 non
977 2081 1155 2127 tamen
1188 2087 1219 2128 a
1247 2073 1598 2128 meditatione
1645 2071 1799 2143 legis.
1855 2070 1946 2126 Sic
1975 2071 2124 2126 enim
2169 2070 2247 2125 ait

665 2163 954 2233 Apostolus
985 2181 997 2216 :
1033 2161 1239 2234 Moyses
1261 2164 1412 2217 habet
1444 2163 1501 2216 in
1539 2161 1758 2234 singulis
1779 2161 2110 2225 civitatibus,
2155 2159 2245 2230 qui

666 2267 784 2305 eum
817 2268 909 2322 per
930 2251 1136 2321 singula
1159 2253 1375 2306 sabbata
1400 2253 1680 2323 pradicant
1704 2257 1760 2309 in
1793 2256 2072 2325 synagogis
2099 2253 2237 2325 (Act.

667 2357 758 2408 xv,
783 2341 896 2415 2|).
930 2343 1083 2398 Unde
1118 2353 1172 2398 et
1205 2343 1478 2398 canticum
1507 2343 1705 2416 Moysis
1732 2362 1831 2416 per
1857 2361 2017 2403 omne
2044 2348 2243 2402 sabba-

666 2432 849 2486 tumin
866 2432 1106 2488 Ecclesia
1130 2433 1359 2489 recitare
1380 2450 1498 2489 mos
1519 2436 1921 2493 ecclesiasticus
1939 2440 2239 2494 consuevit.

664 2525 734 2579 Et
766 2525 907 2594 quod
935 2526 1009 2580 illi
1042 2525 1312 2581 faciebant
1342 2527 1395 2581 in
1443 2529 1696 2590 sabbato,
1745 2529 1834 2597 qui
1865 2531 2072 2598 primus
2101 2527 2241 2600 apud

667 2616 786 2670 illos
815 2617 868 2669 in
922 2616 1113 2670 diebus
1157 2616 1509 2671 hebdomadis
1552 2617 1871 2683 habebatur,
1901 2619 2158 2687 quoniam
2187 2619 2241 2673 in

664 2706 784 2776 ipso
832 2705 1100 2774 requievit
1139 2703 1293 2758 [Deus
1323 2705 1391 2758 ah
1420 2705 1674 2775 operibus
1703 2707 1845 2772 suis;
1897 2722 1996 2761 nos
2024 2716 2242 2777 propter

666 2796 1029 2849 reverentiam
1060 2795 1353 2850 Dominicae
1376 2797 1808 2862 resurrectionis,
1856 2797 1940 2852 die
1961 2796 2240 2852 Dominica

665 2899 825 2955 agere
845 2899 1118 2938 curamus.
1145 2884 1375 2940 Necesse
1405 2893 1489 2939 est
1513 2886 1676 2948 enim,
1704 2895 1764 2939 ut
1789 2888 2020 2956 populus
2048 2889 2143 2943 Dei
2173 2904 2239 2944 eo

2348 423 2431 467 est
2465 429 2561 482 pro
2604 413 2776 468 salute
2819 415 3041 479 mundi,
3082 415 3154 468 ita
3203 423 3257 467 et
3294 414 3540 468 minister
3567 415 3718 469 verbi
3747 414 3914 483 ipsius

2347 505 2694 573 semetipsum
2738 505 2884 560 vitiis
2909 513 2964 559 et
2990 505 3437 574 concupiscentiis
3467 505 3782 576 cruciﬁgere
3805 521 3910 560 non

2345 594 2730 658 obliviscatur,
2790 610 2889 662 pro
2942 609 3122 649 amore
3178 594 3573 663 Redemptoris.
3637 595 3789 663 Quod
3823 612 3911 651 ea-

2346 687 2467 741 dem
2501 687 2668 740 vestis
2696 687 3077 759 candiditatem
3105 685 3303 752 habet,
3345 688 3582 742 ostendit
3603 689 3907 743 ministrum

2346 773 2546 830 Christi
2585 775 2871 829 candorem
2917 776 3181 831 castitatis
3236 786 3414 832 mente
3467 778 3629 832 simul
3681 788 3738 832 et
3788 794 3910 834 cor-

2347 880 2474 933 pore
2511 865 2710 919 hahere
2763 866 2987 930 debere,
3019 867 3108 935 qui
3137 869 3513 923 auctoritatem
3557 867 3906 937 Evangelium

2346 955 2668 1022 prmdicandi
2703 957 2756 1009 in
2785 957 3029 1012 Ecclesia
3065 958 3278 1012 retinet.
3331 958 3504 1012 Habet
3548 967 3602 1013 et
3630 959 3910 1014 coccineas

2349 1045 2598 1114 virgulas,
2627 1048 2942 1116 sanguinem
2957 1047 3155 1103 Christi
3171 1064 3268 1118 pro
3291 1049 3460 1104 salute
3475 1050 3663 1108 mundi
3681 1048 3907 1105 effusum

2294 1155 2300 1160 ·
2347 1134 2703 1190 declarantes.

2416 1224 2851 1284 Prteccdentibus
2878 1243 2945 1283 au
2985 1229 3154 1285 altare
3185 1231 3477 1295 ministris,
3520 1231 3575 1284 in
3604 1229 3781 1285 medio
3821 1244 3911 1285 eo-

2347 1329 2465 1368 rum
2494 1323 2710 1384 propter
2749 1316 2985 1371 debitum
3035 1319 3292 1374 honorem
3341 1319 3676 1390 evangelium
3705 1318 3907 1374 Christi

2346 1403 2608 1471 difertur,
2640 1414 2892 1475 tanquam
2919 1423 3145 1477 persona
3166 1410 3534 1478 praepotentis,
3563 1410 3909 1480 praecedenti-

2345 1496 2447 1550 bus
2471 1511 2534 1550 ac
2554 1498 2905 1566 sequentibus
2929 1499 3211 1566 ministris,
3229 1502 3548 1572 constipata,
3573 1516 3697 1556 cum
3721 1515 3912 1570 proce-

2348 1586 2428 1640 dit
2471 1586 2525 1639 in
2578 1587 2870 1656 publicum.
2903 1586 3057 1644 Cerei
3109 1606 3324 1660 quoque
3350 1590 3684 1661 evangelium
3710 1605 3912 1660 praece-

2277 1652 2322 1712 B
2351 1679 2538 1732 dentes
2572 1652 2947 1734 demonstrant
2997 1652 3170 1751 gratia
3203 1652 3792 1751 E-vangelii'mundum,
3819 1680 3910 1748 qui

2347 1776 2466 1823 erat
2494 1769 2548 1823 in
2578 1769 2817 1827 tenebris
2842 1778 3210 1841 peccatorum,
3241 1769 3621 1826 illuminatum.
3644 1768 3796 1835 Quod
3817 1785 3913 1825 au-

2347 1865 2456 1914 tem
2474 1860 2662 1926 eadem
2681 1861 2959 1930 processio
2981 1861 3241 1932 evangelii
3265 1862 3334 1916 ab
3354 1860 3576 1915 australi
3597 1866 3750 1930 parte
3771 1859 3831 1914 ﬁt
3857 1861 3912 1916 in

2346 1948 2559 2024 plagam
2595 1951 3068 2019 septentrionalem
3088 1992 3101 2017 ,
3133 1951 3373 2008 declarat
3400 1951 3684 2007 Dominum
3729 1949 3913 2006 Iesum

2347 2033 2644 2103 Christum,
2675 2039 2767 2107 qui
2788 2040 3014 2096 verbum
3039 2041 3227 2097 salutis
3241 2041 3437 2098 mundo
3462 2040 3662 2106 intulit,
3695 2058 3726 2096 a
3754 2051 3910 2112 parte

2347 2125 2651 2182 meridiana
2667 2136 2850 2183 ortum
2875 2143 3015 2185 esse.
3040 2128 3174 2184 Nam
3197 2130 3561 2197 Hierusalem,
3598 2132 3652 2186 in
3678 2146 3784 2202 qua
3803 2130 3912 2186 Do-

2346 2216 2525 2274 minus
2548 2215 2705 2274 Jesus
2731 2218 2978 2274 Christus
3000 2222 3174 2290 primo
3187 2223 3409 2278 verbum
3425 2223 3612 2278 salutis
3627 2221 3914 2276 annuntiao

2343 2305 2441 2370 vit,
2465 2306 2518 2360 in
2539 2308 2763 2363 meridie
2779 2308 2941 2363 habet
2956 2310 3250 2379 Bethleem,
3277 2328 3304 2366 a
3321 2328 3428 2384 quo
3450 2313 3568 2368 loco
3589 2313 3702 2382 ipse
3727 2311 3912 2367 Salva—

2347 2402 2432 2449 tor
2453 2398 2620 2462 venit,
2669 2399 2808 2455 sicut
2837 2401 3094 2470 scriptum
3124 2410 3206 2456 est
3236 2416 3252 2454 :
3280 2402 3424 2456 Deus
3445 2402 3508 2456 ab
3538 2411 3717 2457 austro
3747 2403 3910 2457 veniet

2346 2485 2576 2558 (Habac.
2606 2505 2692 2554 ιιι,
2715 2489 2793 2561 5).

2414 2597 2646 2654 Cantore
2673 2599 2983 2670 incipiente,
3014 2600 3174 2673 Kyrie
3201 2602 3415 2671 eleison,
3445 2606 3781 2660 collocantur
3817 2619 3908 2661 ce-

2346 2688 2422 2741 rei
2454 2689 2506 2742 in
2532 2688 2722 2745 ordine
2766 2705 2796 2744 a
2848 2701 3004 2760 parte
3046 2695 3271 2748 australi
3308 2695 3360 2750 in
3393 2696 3815 2764 septentrionem
3843 2695 3914 2751 ab

2345 2778 2578 2850 acolyto,
2613 2780 2929 2837 ostendente
2977 2782 3081 2837 hoc
3129 2782 3307 2850 facto,
3356 2783 3500 2854 quod
3543 2785 3800 2860 misertus
3842 2787 3913 2840 sit

2345 2872 2604 2928 Dominus
2641 2875 2981 2944 omnipotens
3009 2875 3228 2941 mundo,
3275 2878 3328 2931 in
3363 2877 3592 2933 meridie
3619 2886 3674 2933 et
3700 2887 3916 2950 septen-

663 2975 771 3040 die,
824 2989 929 3044 quo
983 2974 1243 3028 Dominus
1293 2975 1629 3040 resurrexit,
1661 2991 1692 3029 a
1722 2977 1993 3033 ruralibus
2038 2994 2241 3052 vacans

2309 2989 2317 3054 ι
2348 2957 2542 3012 trione.
2570 2958 2694 3012 Ideo
2721 2966 2902 3014 autem
2927 2958 3090 3031 Kyrie
3115 2960 3308 3016 eleison
3346 2971 3401 3016 et
3425 2961 3599 3018 Latini
3620 2963 3827 3029 Gmce,
3857 2971 3915 3019 et

661 3068 916 3137 operibus
939 3108 953 3131 ,
986 3066 1290 3122 instruatur
1335 3067 1605 3136 quomodo
1632 3082 1730 3138 per
1755 3075 1919 3143 totam
1951 3070 2242 3127 hebdoma-

665 3157 790 3210 dam
812 3155 1132 3226 spiritaliter
1154 3155 1264 3210 Deo
1284 3156 1468 3211 vivere
1489 3156 1712 3223 debeat;
1742 3165 1797 3213 et
1824 3160 1916 3229 qui
1942 3176 2040 3229 per
2067 3169 2241 3216 totam

666 3246 1066 3302 hebdomadam
1107 3261 1294 3300 curam
1323 3248 1567 3316 corporis
1593 3250 1844 3304 morituri
1873 3252 2244 3308 indesinenter

663 3337 793 3408 egit,
818 3351 884 3392 eo
901 3336 986 3390 die
1007 3349 1191 3389 curam
1211 3335 1407 3390 animm
1431 3335 1485 3390 in
1501 3348 1820 3408 perpetuum
1844 3341 2067 3396 victum
2082 3358 2242 3414 agere

665 3435 840 3484 curet.

732 3537 916 3597 Primo
941 3541 1184 3596 omnium
1228 3541 1429 3597 dicitur
1474 3543 1768 3614 antiphona
1812 3543 1879 3599 ad
1929 3544 2236 3600 introitum.

660 3632 972 3701 Antiphona
1008 3646 1077 3686 ex
1107 3630 1299 3687 Graec
1326 3632 1712 3705 interpretatur
1732 3651 1836 3691 vox
1857 3637 2144 3708 reciproca
2179 3638 2235 3692 in

663 3721 884 3786 Latino,
913 3722 1122 3777 duobus
1148 3723 1456 3778 alternatim
1483 3725 1858 3794 psallentibus,
1881 3728 2072 3782 ordine
2093 3742 2244 3782 com-

666 3817 920 3874 mutato,
964 3810 1079 3863 sive
1105 3810 1173 3863 de
1221 3826 1330 3880 uno
1361 3813 1430 3866 ad
1476 3828 1663 3867 unum.
1705 3814 1860 3880 Quod
1894 3830 2062 3884 genus
2098 3814 2240 3884 psal-

663 3900 807 3954 lendi
831 3899 1006 3954 (ἔτωεί
1028 3900 1300 3956 invenisse
1327 3902 1615 3956 traduntur
1642 3917 1795 3972 :quze
1816 3902 1938 3958 ideo
1956 3903 2038 3957 Ad
2058 3903 2242 3957 introi-

662 4000 772 4042 tum
799 3988 1019 4053 dicitur,
1043 3989 1168 4058 quia
1199 4003 1299 4059 per
1324 3990 1467 4046 hanc
1496 3990 1780 4046 introimus
1806 3991 1873 4046 ad
1901 3990 2134 4048 oﬂlcium
2161 3993 2242 4048 di-

663 4083 864 4145 vinum,
898 4081 1040 4137 sicut
1069 4097 1166 4153 per
1191 4082 1472 4142 introitum
1502 4084 1630 4140 ostii
1676 4085 1743 4141 ad
1768 4079 1993 4142 secreta
2024 4087 2236 4143 domus.

665 4173 866 4228 Deinde
893 4174 1227 4244 imponitur:
1264 4171 1447 4228 Gloria
1463 4173 1617 4230 Patri
1645 4187 1693 4231 et
1721 4175 1871 4233 Filio
1914 4188 1972 4234 et
2020 4178 2239 4250 Spiritui

662 4271 865 4315 sancto.
907 4260 1036 4328 Qum
1080 4265 1245 4318 verba
1291 4265 1358 4319 ad
1403 4265 1720 4321 divisionem
1750 4269 2108 4337 psalmorum,
2145 4271 2255 4338 qui-

2347 3047 2521 3103 (irasci
2549 3048 2739 3103 Latine
2786 3049 3083 3119 proferunt,
3139 3053 3267 3122 quia
3317 3062 3372 3108 et
3405 3054 3616 3110 illorum
3661 3055 3910 3125 qumda

2343 3144 2531 3200 Graeca
2551 3144 3002 3215 bonestius‘quam
3021 3145 3230 3212 Latina,
3253 3155 3308 3203 et
3321 3148 3565 3217 quaedam
3580 3146 3772 3211 Latina
3795 3160 3911 3201 me-

2342 3235 2448 3293 lius
2467 3253 2630 3307 quam
2651 3237 2838 3293 Greca
2868 3236 3079 3303 sonant,
3114 3246 3168 3295 et
3210 3248 3271 3293 ut
3319 3254 3485 3293 unum
3510 3239 3634 3308 ejus
3653 3237 3910 3308 populum

2341 3343 2442 3383 nos
2458 3342 2577 3383 esse
2602 3329 2968 3394 ostendamus,
2997 3342 3286 3402 unumque}
3304 3327 3473 3383 Deum
3501 3335 3794 3400 utrumque
3815 3342 3914 3400 po-

2341 3417 2526 3490 pulum
2568 3419 2810 3484 credere,
2857 3417 3042 3489 Kyrie,
3099 3419 3342 3486 Domine,
3373 3419 3599 3488 eleisou,
3630 3422 3909 3484 miserere.

2342 3506 2564 3576 Christe,
2595 3508 2807 3577 eleison,
2834 3510 2886 3565 id
2907 3520 3008 3575 est,
3030 3513 3191 3582 quies
3205 3521 3396 3568 unctus
3420 3529 3528 3569 non
3547 3507 3672 3570 Vol-eo
3691 3514 3912 3582 visibili,

2342 3603 2436 3658 sed
2463 3603 2796 3673 plenitudine
2810 3602 3150 3670 ,divinitatis,
3183 3605 3458 3662 miserere.
3506 3603 3643 3660 Nam
3679 3603 3915 3662 chrisma

2339 3693 2540 3749 dicitur
2567 3696 2766 3750 unctio.

2409 3787 2604 3857 Incipit
2627 3786 2820 3841 deinde
2860 3785 3113 3841 sacerdos
3148 3805 3162 3840 :
3209 3783 3390 3842 Gloria
3418 3788 3474 3840 in
3515 3787 3733 3842 excelsis
3774 3784 3910 3853 Deo,

2341 3876 2601 3947 hymnum
2627 3876 2680 3930 in
2707 3875 2988 3930 nativitate
3018 3874 3314 3931 Salvatoris
3358 3875 3428 3931 ab
3467 3875 3672 3948 angelis
3711 3876 3910 3931 decan-

2342 3974 2511 4021 tatum
2537 3983 2556 4020 :»
2583 3966 2677 4021 sed
2698 3981 2730 4020 a
2763 3966 2924 4022 beato
2956 3964 3156 4022 Hilario
3198 3966 3520 4024 Pictaviensi
3547 3975 3734 4037 postea
3764 3980 3790 4007 ιι
3813 3982 3911 4022 au-

2342 4066 2490 4114 ctum
2521 4065 2578 4114 et
2605 4065 3069 4126 consummatum,
3096 4067 3152 4114 et
3191 4060 3296 4114 hoc
3335 4059 3511 4129 ipsum
3535 4058 3604 4116 ad
3629 4058 3912 4116 .imitatio-
3981 4085 3984 4088 ~

2342 4169 2467 4208 nem
2496 4141 2836 4224 angelorum,
2867 4161 2929 4207 ut
2960 4153 3308 4209 ostendamus
3339 4167 3437 4222 nos
3460 4151 3710 4205 eumdem
3728 4148 3915 4207 Domi-

2341 4261 2470 4300 num
2493 4244 2675 4300 colere
2699 4245 2752 4299 in
2777 4245 2968 4310 terris,
3015 4259 3172 4313 quem
3199 4249 3255 4297 et
3281 4241 3471 4312 Λημιί
3505 4248 3831 4297 venerantur
3855 4241 3910 4298 in

663 4352 816 4424 prius
866 4350 1240 4407 indifferenter
1290 4354 1653 4421 canebantur,
1717 4336 1909 4413 hcetus
1970 4336 2236 4428 Hieron—y-
2267 4346 2319 4406 D
2345 4336 2533 4390 οωιίῧέ

663 4459 786 4498 mus
804 4460 827 4506 ',
869 4443 1102 4501 Damaso
1140 4460 1276 4518 papa
1314 4454 1530 4518 petente
1556 4490 1570 4515 ,
1613 4452 1938 4521 composuit.
1976 4451 2082 4507 Sed
2110 4468 2237 4508 cum

663 4551 1005 4606 nequaquam
1049 4540 1104 4594 id
1147 4538 1419 4597 sufﬁceret
1446 4584 1460 4608 ,
1510 4544 1774 4613 praedicto
1812 4545 2108 4616 apostolico
2138 4545 2239 4600 ite-

665 4649 782 4688 rum
824 4640 1175 4703 suggerente,
1217 4634 1421 4690 addidit
1448 4637 1622 4692 adhuc
1655 4632 1846 4695 LSicut
1878 4647 1993 4692 erat
2019 4638 2074 4691 in
2099 4639 2242 4708 prin-

663 4727 798 4796 cipio
824 4766 838 4791 ,
879 4733 984 4779 etc.
1024 4722 1092 4777 Et
1121 4724 1224 4779 hoc
1253 4724 1320 4778 ad
1350 4735 1541 4779 nutum
1567 4726 1779 4781 diaconi
1807 4728 1884 4781 ait
1915 4736 2128 4792 cantor,
2158 4728 2237 4782 si-

664 4829 757 4874 cut
782 4829 838 4874 et
860 4818 1022 4890 Kyrie
1041 4817 1258 4883 eleison,
1288 4818 1413 4887 quia
1443 4819 1508 4872 ad
1538 4798 1641 4872 hoc
1671 4819 1724 4871 in
1759 4818 2120 4873 ministerium
2145 4822 2240 4876 ad-
2283 4887 2288 4891 δ

665 4913 925 4977 mittitur,
951 4920 1011 4966 ut
1031 4911 1263 4966 ollicium
1291 4912 1499 4983 integre
1529 4911 1712 4981 peragi
1743 4911 1933 4980 possit.
1966 4908 2237 4976 Quoniam

663 5009 944 5078 presbyter
969 5009 1086 5064 sine
1131 5009 1356 5065 diacono
1405 5022 1600 5065 nomen
1633 5009 1833 5074 habet,
1862 5006 2095 5064 ollicium
2129 5026 2236 5065 non

664 5097 847 5152 habeL

736 5188 911 5243 lnduit
934 5191 1190 5246 diaconus
1223 5191 1560 5247 dalmaticam
1589 5192 1641 5246 in
1669 5192 2076 5248 similitudinem
2111 5205 2241 5246 cru-

664 5279 742 5338 cis
764 5321 778 5347 ,
823 5290 881 5336 ut
911 5281 1278 5352 quitmiuister
1299 5283 1449 5337 verbi
1477 5283 1711 5350 Christi,
1743 5285 2052 5354 passionem
2096 5262 2245 5337 illius

735 5451 759 5478 ι
801 5439 891 5494 Sic
921 5436 1259 5494 Mabillonius
1283 5437 1414 5509 legit
1439 5439 1491 5491 in
1514 5438 1754 5508 Liturgia
1782 5438 2054 5493 Callicana
2102 5446 2235 5491 tom.

599 5533 601 5535 -
664 5506 705 5568 l.
750 5523 867 5576 cap.
911 5509 962 5573 4,
1012 5525 1134 5632 pag.
1167 5509 1254 5563 29.
1287 5506 1440 5578 Apud
1469 5506 1862 5574 Quercetanum
1914 5509 2234 5589 legebatur,

667 5589 840 5632 postea
867 5589 1036 5632 actu":
1062 5622 1074 5632 .
1125 5596 1219 5632 oco
1238 5619 1249 5632 .
1276 5590 1505 5632 auctum.
1543 5579 1618 5632 Dc
1639 5588 1855 5632 auctore
1873 5579 2027 5632 huius
2046 5580 2234 5632 hvmm

667 5589 840 5643 postea
867 5589 1036 5633 actum
1062 5622 1074 5645 ,
1101 5579 1249 5645 loco,
1276 5590 1505 5636 auritum.
1543 5579 1618 5635 Dc
1639 5588 1855 5638 auctore
1873 5579 2027 5648 littjils
2046 5580 2237 5650 hymni

2417 4443 2610 4499 Postea
2635 4426 2771 4500 dicit
2790 4443 3070 4499 sacerdos:
3096 4443 3352 4500 Dominus
3363 4445 3646 4514 uobiscum,
3671 4447 3910 4504 salutans

2344 4533 2600 4606 populum
2623 4541 2679 4588 et
2707 4549 2886 4597 orans,
2914 4541 2974 4588 ut
2992 4533 3251 4591 Dominus
3276 4536 3503 4592 sit'cum-
3524 4538 3636 4604 eis,
3669 4537 3810 4594 sicut
3831 4537 3914 4593 di-

2346 4634 2542 4697 gnatus
2569 4631 2654 4680 est
2678 4624 2858 4679 dicere
2881 4640 2978 4694 per
2992 4625 3345 4697 Prophetam:
3373 4624 3684 4684 [Mtlbo
3709 4625 3763 4678 in
3784 4625 3908 4689 illis,

2346 4723 2401 4788 et
2427 4713 2631 4783 reliqua
2681 4712 2769 4785 (II
2801 4712 2920 4770 Cor.
2950 4731 3027 4780 vt,
3059 4713 3148 4787 16)
3176 4732 3190 4769 :
3223 4721 3279 4768 et
3303 4713 3446 4784 quod
3486 4713 3734 4788 Salvator
3768 4715 3911 4770 dixit

2345 4785 2620 4877 discipulis
2666 4807 2799 4873 suis,
2847 4816 2902 4862 et
2924 4808 2977 4862 in
3005 4785 3134 4870 illis,
3171 4805 3424 4861 omnibus
3453 4785 3701 4862 ﬁdelibus
3735 4825 3748 4861 :
3778 4805 3912 4863 Ecce

2344 4913 2436 4969 ego
2462 4899 2723 4953 vobiscum
2753 4914 2869 4952 sum
2899 4896 3336 4969 (Hattlt..xxvm,
3368 4894 3482 4968 20).
3511 4895 3612 4965 Qui
3629 4896 3911 4954 salutatio-

2343 4993 2427 5047 nis
2453 5004 2636 5047 sermo
2666 5006 2771 5046 non
2803 4991 3039 5044 humano
3066 4987 3294 5043 arbitrio
3329 4991 3690 5060 compositus,
3716 4989 3810 5047 sed
3843 5004 3909 5045 ex

2342 5083 2536 5139 divina:
2563 5083 2856 5152 Scriptura:
2877 5078 3202 5134 auctoritate
3225 5080 3486 5152 probatur
3509 5090 3786 5151 sumptus,
3817 5081 3908 5138 ubi

2343 5158 2655 5242 frequenter
2692 5178 2747 5224 et
2781 5168 3128 5239 singulariter
3165 5179 3220 5226 et
3252 5173 3543 5242 plurariter
3575 5174 3788 5245 positus
3829 5173 3906 5228 le-

2337 5262 2482 5332 gitur
2518 5258 2941 5329 :singulariter,
2991 5259 3128 5313 sicut
3173 5262 3396 5332 angelus
3444 5264 3515 5319 ad
3552 5264 3767 5320 beatam
3795 5262 3907 5318 lla-

2341 5441 2586 5517 videatur
2615 5439 2994 5517 :l'illemontius
3040 5450 3169 5517 tom.
3207 5444 3316 5517 γη,
3350 5461 3474 5517 pag.
3527 5443 3688 5514 467;.
3710 5453 3766 5501 et
3797 5442 3908 5517 Vlli-

2343 5512 2572 5587 vetusjn
2607 5510 2774 5587 Gallia
2811 5511 3096 5587 Litteraria
3122 5523 3248 5570 tom.
3284 5510 3506 5587 lfpavrt.
3541 5533 3603 5584 ll,
3631 5510 3757 5587 pag.
3785 5510 3910 5573 {80.

2346 5582 2460 5633 Vizl.
2496 5581 2630 5650 llng.
2659 5580 2895 5638 Menard.
2929 5590 3037 5638 not.
3068 5585 3119 5637 7.
