4232 6202
371 347 507 405 ΙΜΘ

1096 336 1113 357 ’ν
1172 356 1317 410 OPP.
1360 355 1759 413 SUPPOSITA.
1799 387 1865 394 —
1903 355 2025 425 LIB.
2071 304 2155 410 DE
2192 355 2437 411 DiVlNiS
2474 356 2777 413 OFFICIIS.

3460 356 3594 415 i250

368 468 503 523 riam
526 465 684 529 :Ave,
712 466 880 536 gratia
904 466 1075 537 pleno,
1097 468 1347 524 Dominus
1370 470 1701 540 tecum(Luc.
1731 468 1875 538 1,28)
1905 485 1915 518 :
1954 470 1997 525 Α
2027 467 2178 521 tiam.
2212 466 2375 521 Amen
2408 484 2536 522 vero
2567 468 2905 523 conﬁrmatio
2926 476 3010 521 est
3037 468 3298 522 orationis
3322 485 3350 522 a
3377 471 3591 538 populo.

366 564 423 610 et
462 555 601 609 sicut
637 554 705 609 ad
750 553 1053 610 Gedeonem
1100 557 1347 611 similiter
1378 557 1597 626 angelus
1640 557 1924 611 salutando

366 645 503 699 dixit
534 662 547 697 :
580 643 832 698 Dominus
857 654 1043 708 tecum,
1070 646 1295 698 virorum
1316 646 1593 714 fortissime
1616 644 1814 714 (Judic.
1847 659 1921 707 v1,

367 734 455 807 12)
482 750 498 786 :
532 732 829 799 Pluraliter,
853 735 994 789 sicut
1022 735 1075 788 in
1108 734 1243 789 libro
1268 735 1413 787 Ruth
1439 734 1635 803 legitur
1662 732 1802 786 Booz
1831 747 1919 785 sa-

366 827 584 881 lutando
606 826 805 881 dixisse
837 827 1165 881 messoribus
1190 826 1303 881 suis
1327 844 1339 877 :
1380 825 1634 879 Dominus
1663 824 1921 877 uobiscum

367 916 550 988 (Ruth.
581 931 657 981 si,
680 915 735 987 4)
768 934 781 969 :
812 925 867 969 et
894 916 1032 970 sicut
1057 918 1109 970 in
1135 916 1581 989 Paralipomenon
1602 915 1864 985 propheta
1892 928 1922 967 a

364 1006 714 1071 Deomissus,
769 1007 1038 1061 invenitur
1089 1007 1348 1061 salutasse
1393 1004 1504 1059 Aza
1555 1019 1734 1074 regem
1785 1002 1919 1058 Juda

368 1110 493 1152 cum
535 1096 773 1150 exercitu
802 1112 898 1151 suo
930 1097 1162 1151 victores
1206 1097 1272 1151 de
1319 1096 1501 1166 praelia
1541 1103 1867 1150 revertentes
1903 1113 1915 1146 :

371 1184 623 1240 Dominus
644 1187 923 1251 vobiscum,
952 1188 1075 1258 quia
1106 1188 1277 1257 fuistis
1298 1204 1415 1253 cum
1437 1186 1661 1241 Domino
1692 1185 1743 1257 (1
1749 1184 1777 1238 Ι
1807 1184 1918 1238 Ρα-

366 1277 468 1333 ral.
500 1295 589 1344 xv,
615 1278 691 1349 ἓ).
732 1280 972 1334 Ecclesia
1015 1294 1144 1350 ergo
1195 1288 1303 1333 tam
1352 1280 1555 1334 salubri
1602 1280 1920 1335 salutatione

366 1368 659 1424 sacerdotis
697 1377 916 1438 accepta
938 1410 952 1433 ,
1006 1378 1061 1424 et
1108 1370 1220 1438 ipsa
1276 1369 1615 1424 resalutando
1667 1377 1827 1435 orat,
1866 1377 1921 1425 et

364 1457 568 1512 orando
617 1457 873 1512 resalutat
915 1476 927 1510 :
977 1458 1275 1528 postulans,
1325 1465 1387 1511 ut
1437 1458 1577 1513 sicut
1602 1457 1689 1513 ille
1718 1459 1922 1528 optavit

366 1544 656 1599 Dominum
669 1560 788 1601 esse
810 1562 934 1601 cum
958 1547 1109 1615 ipsis,
1134 1548 1211 1601 ita
1234 1548 1305 1602 sit
1323 1555 1518 1602 etcum
1541 1547 1679 1617 ipso,
1701 1548 1913 1602 dicens:

364 1633 437 1690 Et
455 1650 575 1688 cum
595 1636 781 1706 spiritu
805 1644 916 1703 tuo,
946 1636 1000 1690 id
1039 1644 1145 1703 est,
1184 1652 1308 1691 cum
1334 1638 1511 1692 anima
1538 1646 1629 1692 tua
1655 1639 1727 1693 sit
1749 1638 1923 1692 omni-

363 1732 558 1795 potens
576 1725 736 1790 Deus,
767 1734 829 1780 ut
869 1727 1028 1796 digne
1051 1742 1149 1797 pro
1178 1734 1361 1781 nostra
1405 1728 1589 1781 salute
1632 1744 1754 1782 eum
1794 1743 1922 1782 exo-

2026 556 2411 625 lnterpretatur
2451 559 2615 623 enim,
2666 571 2825 621 vere,
2868 558 2981 612 sive
3034 558 3284 622 ﬁdeliter,
3339 569 3593 630 tanquam

2023 647 2351 717 respondens
2378 648 2602 717 populus
2646 648 2789 703 dicat
2815 665 2828 701 :
2854 650 2992 704 Vere
3030 650 3103 703 ita
3153 648 3383 706 ﬁdeliter
3420 654 3598 708 credi-

2021 752 2145 791 mus
2163 738 2302 792 sicut
2323 739 2477 804 dicis,
2510 739 2702 793 Filium
2730 740 2979 795 videlicet
3003 742 3097 795 Dei
3127 750 3268 819 ante,
3284 744 3463 798 omnia
3497 760 3593 799 sre-

2021 831 2163 895 cula,
2193 840 2248 886 et
2272 832 2324 885 in
2362 834 2634 901 praesenti,
2665 844 2719 889 et
2748 833 2801 887 in
2826 833 3005 890 futuro
3027 851 3252 905 regnare
3273 852 3396 891 cum
3438 835 3596 892 Patre

2021 928 2075 974 et
2118 920 2320 991 Spiritu
2362 930 2568 987 sancto,
2623 932 2678 977 et
2729 937 2952 993 regnum
2999 939 3064 979 ac
3108 933 3435 993 potestatem
3478 928 3598 1000 ejus

2021 1011 2166 1065 nullo
2188 1012 2293 1066 line
2322 1012 2588 1067 concludi.

2091 1100 2293 1154 Deinde
2318 1100 2561 1168 sequitur
2579 1100 2735 1157 lectio
2761 1104 3051 1171 apostolica
3078 1113 3202 1159 ante
3218 1106 3616 1178 Evangeliump

2021 1203 2127 1242 non
2150 1203 2312 1243 causa
2360 1188 2667 1259 dignitatis,
2710 1191 2805 1247 sed
2849 1194 2915 1247 ad
2954 1209 3156 1249 morem
3209 1198 3591 1266 apostolorum,

2021 1278 2263 1359 quiante
2296 1278 2593 1334 Dominum
2637 1281 2808 1347 ibant,
2850 1283 2989 1337 sicut
3018 1296 3200 1339 narrat
3226 1286 3591 1359 Evangelium,

2019 1383 2155 1439 quos
2181 1368 2426 1424 mittebat
2466 1369 2723 1425 Dominus
2762 1380 2885 1426 ante
2920 1388 2977 1426 se
3003 1373 3158 1428 binos
3194 1384 3249 1429 et
3271 1377 3453 1431 binos.»
3476 1378 3599 1446 Epio

2020 1458 2156 1512 stola
2179 1466 2359 1513 autem
2386 1460 2583 1514 dicitur
2605 1463 2939 1531 supermissa,
2968 1478 3032 1518 eo
3062 1465 3203 1533 quod
3237 1481 3399 1537 super
3428 1468 3596 1522 Vetus

2021 1545 2425 1600 Testamentum
2477 1556 2531 1600 et
2574 1549 2917 1619 Evangelium
2947 1553 3110 1607 missa
3147 1555 3238 1619 sit,
3292 1571 3397 1611 non
3432 1571 3594 1622 causa

2021 1634 2317 1704 dignitatis,
2354 1635 2447 1690 sed
2479 1640 2536 1690 ut
2559 1638 2807 1707 quisque,
2834 1640 2925 1708 qui
2954 1642 3300 1713 Evangelium
3324 1644 3484 1699 fuerit
3510 1646 3594 1699 in-

1978 1746 1981 1747 '
2020 1741 2279 1797 gressus,
2300 1727 2373 1782 ibi
2411 1727 2647 1784 inveniat
2683 1731 3004 1786 medicinam
3050 1734 3260 1789 salutis.
3302 1734 3594 1804 incipiente

366 1828 456 1869 res
485 1822 577 1870 :et
600 1830 708 1870 non
738 1816 888 1882 dicit,
907 1815 1113 1882 Tecum,
1142 1818 1387 1883 sed,cum
1412 1818 1595 1889 spiritu
1622 1828 1730 1884 tuo,
1759 1828 1817 1872 ut
1837 1818 1917 1873 of.
1947 1806 1993 1866 Β
2018 1825 2198 1871 autem
2233 1818 2561 1874 subdiacono
2594 1820 2941 1890 apostolicam
2970 1821 3250 1879 lectionem
3272 1864 3287 1887 ,
3316 1839 3472 1879 verso
3501 1841 3593 1878 or-

365 1901 549 1958 ilcium
584 1903 993 1959 subsecutumm
1023 1904 1334 1975 spiritaliter
1365 1914 1533 1960 totum
1566 1906 1680 1961 ﬁeri
1729 1906 1921 1960 intelli-

364 2003 543 2066 gatur.
594 1994 662 2051 Et
700 1996 838 2051 bene
865 1995 1121 2051 Dominus
1145 2012 1271 2051 cum
1298 1996 1490 2067 spiritu
1537 1997 1768 2051 hominis
1803 2009 1921 2051 esse

362 2091 603 2154 optatur,
624 2085 749 2153 quia
776 2085 830 2138 in
856 2086 1045 2154 spiritu
1095 2093 1152 2141 et
1195 2095 1371 2141 mente
1416 2087 1664 2141 rationali
1708 2095 1922 2142 creatus

362 2181 450 2229 est
487 2174 647 2229 homo
672 2174 739 2229 ad
766 2174 1048 2243 imaginem
1080 2184 1135 2230 et
1181 2177 1581 2233 similitudinem
1612 2178 1729 2245 Dei,
1760 2186 1819 2234 et
1845 2178 1920 2233 ibi

364 2272 451 2321 est
476 2279 645 2335 capax
676 2264 865 2319 divinae
888 2265 1073 2334 gratiae
1098 2274 1154 2320 et
1177 2266 1599 2324 illuminationis.

440 2357 547 2413 Sed
581 2365 636 2412 et
662 2356 750 2411 illa
779 2356 1028 2412 salutatio
1052 2356 1368 2427 episcopalis
1394 2358 1459 2413 ad
1483 2360 1766 2431 populum,
1814 2375 1922 2430 qua

367 2447 565 2516 dicitur
588 2465 601 2501 :
634 2444 753 2501 Pax
773 2448 1048 2513 vobiscum,
1073 2450 1185 2504 sive
1215 2448 1332 2504 Pax
1361 2450 1520 2516 vobis,
1544 2450 1792 2504 similiter
1816 2464 1921 2504 non

312 2560 318 2567 ι
368 2538 605 2593 humano
633 2553 795 2594 sensu
846 2538 1098 2604 inventa,
1153 2540 1245 2595 sed
1272 2539 1338 2595 de
1381 2540 1671 2610 Scriptura:
1722 2552 1925 2597 sanctae

370 2630 694 2684 auctoritate
715 2638 926 2700 sumpta
948 2639 1049 2685 est.
1064 2630 1197 2685 Nam
1216 2640 1271 2685 et
1296 2632 1350 2686 in
1378 2633 1559 2687 Veteri
1583 2632 1925 2688 Testamento

369 2718 645 2775 invenitur
680 2718 879 2774 dixisse
915 2721 1134 2790 angelus
1182 2720 1386 2776 Danieli
1430 2726 1703 2792 prophetae
1736 2742 1749 2778 :
1797 2723 1925 2778 Noli

372 2811 575 2876 timere,
607 2811 687 2864 vir
712 2809 1085 2864 desideriorum
1111 2829 1253 2882 ερατ
1276 2812 1721 2881 tibi,confortare,
1751 2824 1798 2869 et
1819 2827 1926 2870 esto

373 2898 614 2954 robustus
645 2898 805 2972 (Dan.
836 2915 892 2965 ι,
924 2898 1033 2971 l9).
1059 2900 1125 2954 Et
1156 2900 1209 2955 in
1236 2901 1401 2965 Novo,
1428 2903 1482 2957 id
1510 2910 1613 2967 est,
1657 2904 1711 2957 in
1751 2904 1927 2959 Evan—

368 2989 534 3062 gelio,
563 3003 702 3060 pene
730 3005 939 3060 semper
993 2992 1066 3043 ita
1119 2991 1312 3063 legitur
1357 2991 1612 3047 Dominus
1658 2994 1927 3063 apostolos

369 3078 638 3134 salutasse
656 3078 882 3133 dicendo
911 3098 924 3131 :
958 3077 1077 3133 Pax
1125 3082 1283 3147 vobis,
1329 3091 1383 3137 et
1424 3084 1625 3138 eisdem
1672 3085 1927 3154 apostolis

373 3168 617 3224 eamdem
636 3167 973 3221 salutationis
992 3166 1219 3223 formam
1242 3173 1664 3237 commendavit,
1696 3173 1880 3228 dicens
1910 3192 1922 3225 :

373 3255 444 3314 In
472 3273 832 3326 quamcunque
887 3257 1161 3331 civitatem
1197 3268 1285 3312 aut
1323 3259 1534 3312 domum
1571 3262 1886 3315 intraseritis
1911 3302 1927 3327 ,

373 3346 599 3402 salutate
618 3362 731 3401 eam
755 3385 770 3411 ,
810 3346 1037 3399 dicentes
1076 3362 1093 3399 :
1135 3344 1253 3413 Pas:
1280 3348 1399 3400 huic
1424 3347 1601 3401 domui
1624 3346 1838 3419 (Matth.
1870 3366 1927 3415 χ,

376 3436 486 3507 12).
526 3436 717 3490 Merito
736 3451 866 3507 ergo
887 3444 942 3489 et
968 3436 1333 3506 apostolbrum
1358 3436 1521 3508 499
1548 3453 1887 3515 successores
1911 3481 1927 3505 ,

376 3527 430 3582 id
455 3536 539 3583 est
567 3528 925 3583 Ecclesiarum
950 3528 1205 3598 praesules
1228 3569 1242 3592 ,
1299 3529 1400 3583 hac
1428 3528 1749 3585 salutatione
1770 3539 1931 3596 utun-

376 3624 490 3679 tur,
513 3615 730 3670 domum
768 3615 874 3685 Dei
911 3615 1223 3679 salutantes,
1258 3616 1346 3669 ubi
1368 3631 1554 3670 omnes
1572 3626 1782 3685 oportet
1798 3620 1936 3676 ﬁlios

376 3720 494 3761 esse
527 3705 718 3776 pacis,
756 3712 814 3758 ut
851 3704 1104 3757 salutatio
1156 3704 1303 3772 pacis
1362 3719 1524 3773 super
1577 3720 1669 3759 eos
1722 3709 1933 3776 requie-

381 3813 541 3853 scens
565 3838 582 3863 ,
618 3806 677 3853 et
712 3796 1066 3852 salutantibus
1101 3803 1157 3851 et
1201 3796 1445 3850 salutatis
1476 3797 1644 3867 possit
1670 3812 1788 3852 esse
1818 3797 1933 3854 fru-

377 3894 563 3943 ctuosa
574 3926 589 3941 .

394 4034 398 4047 ,
448 3982 648 4038 Deinde
676 3984 823 4047 dicit,
848 3981 1088 4045 Oremus,
1115 3981 1344 4037 invitans
1367 3997 1548 4037 secum
1574 3982 1848 4051 populum,
1874 3992 1934 4036 ut

380 4072 539 4128 simul
579 4082 755 4128 orent.
778 4072 1109 4141 Quapropter
1135 4073 1351 4135 acclivis
1380 4072 1535 4127 debet
1562 4086 1679 4125 esse
1711 4073 1933 4141 populus

381 4177 655 4232 usquequo
698 4162 948 4216 sacerdos
987 4161 1207 4229 incipiat
1250 4161 1469 4214 dicere:
1502 4158 1610 4212 Per
1636 4161 1807 4213 omnia
1835 4177 1934 4213 stc-

380 4252 499 4306 cula
526 4251 855 4307 saeculorum.
894 4249 1147 4319 Sequitur
1177 4247 1424 4317 Collecta,
1470 4263 1588 4318 quae
1624 4248 1765 4321 dicta
1798 4256 1881 4302 est
1901 4263 1931 4301 a

380 4343 713 4408 collectione,
754 4356 817 4397 eo
842 4341 983 4412 quod
1023 4354 1089 4393 ex
1122 4339 1436 4395 auctoritate
1458 4337 1759 4393 divinarum
1791 4338 1935 4393 Scri-

381 4439 655 4501 pturarum
703 4432 810 4487 sint
850 4432 1090 4496 collecta,
1141 4445 1257 4501 quae
1283 4430 1336 4482 in
1379 4428 1617 4483 Ecclesia
1662 4428 1929 4499 leguntur,

381 4520 519 4575 sicut
562 4530 645 4575 est
680 4520 767 4575 illa
801 4521 868 4575 de
896 4522 1065 4575 tribus
1095 4520 1306 4590 pueris;
1342 4519 1427 4573 vcl
1473 4518 1615 4589 quod
1656 4531 1723 4571 ex
1752 4518 1930 4572 multis

380 4610 715 4665 sermonibus
741 4604 843 4664 una
882 4609 1162 4678 colligatur
1199 4609 1400 4674 oratio;
1433 4609 1542 4663 sive
1562 4623 1592 4661 a
1621 4606 1931 4661 collectione

381 4700 466 4756 vel
491 4701 745 4756 societate
773 4695 965 4754 dicitur
1005 4696 1203 4768 pepuli,
1234 4698 1325 4766 qui
1368 4706 1495 4752 tunc
1538 4698 1596 4751 in
1617 4711 1779 4750 unum
1804 4706 1930 4749 con-

378 4808 602 4849 currens
630 4791 915 4861 colligitur.
964 4788 1087 4842 ldeo
1115 4796 1291 4840 autem
1332 4787 1385 4840 in
1408 4788 1657 4841 omnibus
1693 4785 1932 4841 collectis

379 4863 774 4952 interponitur,
823 4877 927 4933 Per
972 4877 1248 4932 Dominum
1288 4887 1519 4929 nostrum
1562 4866 1743 4933 Jesum
1780 4873 1931 4929 Citri—

377 4984 535 5035 stum,
562 4979 692 5035 etc.,
716 4978 777 5040 ut
795 4984 952 5025 omne
974 4968 1115 5037 quod
1141 4966 1295 5020 datur
1323 4981 1353 5018 ιι
1378 4964 1556 5029 Patre,
1578 4964 1933 5038 intelligamus

378 5080 475 5136 per
495 5063 690 5117 Filium
715 5060 831 5129 ejus
855 5073 952 5115 nos
972 5057 1229 5127 accipere,
1258 5055 1407 5123 cujus
1423 5055 1706 5109 baereditas
1728 5070 1930 5121 sumus.

380 5156 485 5212 Per
510 5156 679 5231 ipsum
709 5165 835 5221 ergo
859 5148 1089 5205 hostiam
1127 5149 1299 5202 laudis
1326 5154 1483 5217 atque
1508 5141 1768 5201 orationis
1805 5144 1933 5229 oue;

382 5247 570 5317 rimus,
604 5232 695 5315 qui
738 5256 835 5312 per
872 5245 1097 5293 mortem
1129 5237 1308 5307 ipsius
1351 5234 1677 5290 reconciliati
1725 5249 1929 5300 sumus,

382 5350 502 5389 cum
530 5332 729 5395 inimici
752 5343 1007 5386 essemus.
1052 5324 1244 5381 Dicens
1265 5341 1392 5381 vero
1414 5326 1661 5380 sacerdos
1686 5340 1699 5376 :
1730 5322 1831 5387 Qui
1862 5333 1934 5376 te-

382 5439 498 5476 cum
526 5412 649 5477 oivit
682 5432 730 5475 et
752 5427 953 5491 regnat,
982 5416 1230 5471 admonet
1249 5416 1532 5485 populum,
1560 5422 1621 5468 ut
1644 5414 1827 5469 credat
1849 5413 1935 5467 Fi—

383 5514 515 5569 lium
552 5512 648 5566 Dei
685 5513 865 5567 vivere
900 5518 956 5565 et
993 5522 1216 5578 regnare
1262 5521 1473 5577 semper
1518 5506 1633 5561 sine
1666 5504 1820 5558 initio
1882 5514 1937 5559 et

382 5608 495 5661 sine
518 5588 765 5666 termino,
790 5611 845 5658 et
863 5616 1023 5658 unam
1064 5605 1383 5669 potestatem
1424 5598 1623 5652 habere
1660 5594 1937 5663 aequaliter

381 5711 502 5751 cum
529 5695 685 5751 Patre
726 5701 783 5746 et
809 5689 1009 5761 Spiritu
1055 5696 1271 5775 sancto,
1322 5698 1481 5758 atque
1508 5702 1665 5741 unam
1693 5686 1933 5741 substan-

2023 1909 2145 1964 dine
2163 1910 2305 1965 cerei
2351 1912 2749 1967 transferuntur
2785 1913 2853 1967 ab
2895 1913 3104 1968 oriente
3150 1916 3201 1969 in
3239 1916 3593 1978 occidentem,

2020 2009 2080 2055 ut
2100 2002 2519 2069 demonstretur,
2560 2019 2660 2074 per
2707 2018 2895 2059 vocem
2924 2013 2979 2059 et
3018 2020 3117 2074 per
3158 2007 3592 2074 prredicationem

2021 2092 2383 2160 apostolorum
2429 2101 2600 2148 totum
2635 2094 2890 2149 mundum
2940 2095 3113 2165 gratia
3156 2094 3279 2149 ﬁdei
3326 2095 3594 2151 illumina-

2022 2188 2157 2246 tum,
2207 2198 2313 2238 non
2368 2182 2541 2239 solum
2584 2200 2616 2239 a
2660 2184 2880 2239 meridie
2926 2185 2979 2239 in
3026 2187 3468 2257 septentrionem,
3499 2188 3592 2241 sed

2020 2272 2181 2327 etiam
2211 2262 2278 2327 ab
2304 2274 2511 2328 oriente
2542 2274 2596 2327 in
2618 2274 2970 2330 occidentem.
3000 2274 3227 2330 Nomine
3254 2277 3395 2330 enim
3418 2278 3594 2331 orien-

2023 2362 2092 2415 tis
2120 2370 2176 2417 et
2203 2363 2498 2418 occidentis
2516 2404 2530 2429 ,
2560 2365 2741 2419 omnia
2769 2363 2984 2418 climata
3014 2366 3198 2420 mundi
3238 2369 3583 2437 comprehen-

2024 2454 2239 2521 duntur,
2282 2464 2337 2511 et
2361 2458 2502 2526 quod
2533 2464 2611 2511 tot
2649 2457 2836 2512 diebus
2869 2456 2947 2511 sol
2982 2473 3077 2511 sua
3117 2459 3401 2527 prmsentia
3438 2475 3501 2515 ea
3530 2459 3591 2513 il-

2022 2541 2232 2607 lustret,
2284 2546 2425 2599 sicut
2462 2546 2573 2602 ibi:
2608 2544 2827 2601 Venient
2877 2546 2942 2600 ab
2990 2548 3189 2601 oriente
3233 2558 3281 2602 et
3337 2549 3597 2605 occidente

2026 2633 2175 2705 (Luc.
2207 2652 2322 2702 xm,
2352 2636 2464 2707 29).
3370 2694 3373 2697 λ

2094 2723 2441 2780 Postmodum
2468 2734 2716 2781 cantatur
2742 2728 3162 2795 responsorium,
3202 2728 3426 2793 dictum,
3456 2729 3598 2798 quod

2025 2813 2252 2881 acapite
2288 2822 2579 2883 repetatur.
2626 2815 2827 2869 Deinde
2870 2823 3120 2869 cantatur
3163 2815 3409 2881 Alleluia,
3452 2818 3597 2885 quod

2025 2914 2092 2953 ex
2114 2899 2340 2955 Hebraeo
2367 2902 2423 2955 in
2449 2901 2699 2957 Latinum
2723 2903 3127 2970 interpretatum
3151 2912 3324 2967 sonat,
3354 2901 3589 2981 Laudate

2025 2990 2228 3056 Deum;
2266 3009 2393 3048 nam
2432 2993 2678 3057 Alleluia,
2727 2993 2943 3059 dicitur,
2987 2992 3238 3047 laudate:
3270 2992 3354 3058 Ia,
3405 3009 3601 3049 nomen

2028 3079 2121 3134 Dei
2151 3090 2252 3147 est,
2280 3096 2445 3136 unum
2468 3094 2535 3135 ex
2562 3082 2747 3136 decem
2785 3083 3114 3148 nominibus,
3158 3083 3355 3152 quibus
3380 3093 3603 3139 vocatur

2031 3170 2173 3226 Deus
2216 3173 2367 3241 apud
2397 3172 2667 3227 Hebraeos.
2728 3172 2959 3226 Alleluia
3015 3181 3216 3237 autem,
3265 3177 3497 3243 primum
3531 3176 3599 3233 ,in

2028 3262 2176 3317 Novo
2199 3264 2543 3317 Testamento
2567 3262 2806 3317 additum
2833 3272 2935 3328 est,
2965 3264 3171 3318 dicente
3216 3262 3420 3319 Joanne
3446 3280 3459 3317 :
3492 3266 3602 3318 Au-

2029 3353 2134 3405 divi
2174 3368 2347 3405 vocem
2384 3354 2440 3406 in
2468 3352 2593 3406 caelo
2639 3352 2919 3406 dicentium
2946 3366 2963 3403 :
2990 3352 3215 3407 Alleluia
3251 3355 3452 3423 (Apoc.
3484 3371 3599 3418 xix,

2029 3441 2063 3495 6
2089 3440 2132 3510 ),
2160 3448 2212 3497 et
2238 3442 2363 3512 quia
2389 3443 2493 3497 hac
2531 3457 2661 3498 voee
2690 3442 2920 3513 Angelos
2943 3442 2996 3496 in
3024 3443 3159 3497 caelo
3184 3442 3351 3497 Deum
3382 3443 3605 3500 laudare

2029 3534 2391 3604 cognovimus,
2438 3531 2744 3601 huiusmodi
2788 3547 2919 3587 voce
2972 3531 3291 3586 laudationis
3334 3534 3599 3587 creditum

2030 3631 2113 3676 est
2142 3623 2310 3677 Deum
2348 3620 2620 3675 delectari.
2677 3620 2791 3675 Hoc
2817 3636 3032 3689 quoque
3076 3621 3197 3674 ideo
3236 3621 3507 3685 canimus,
3540 3630 3601 3674 ut

2028 3712 2275 3766 eumdem
2318 3711 2485 3765 Deum
2516 3725 2614 3765 nos
2642 3710 2821 3765 colere
2852 3711 2905 3763 in
2942 3716 3083 3763 terra
3112 3712 3478 3772 ostendamus,
3510 3709 3603 3777 qui
3698 3710 3701 3713 ’
3772 3698 3775 3699 ν

2029 3802 2193 3855 etiam
2229 3800 2427 3855 colitur
2452 3798 2520 3854 ab
2559 3799 2762 3869 angelis
2787 3799 2841 3853 in
2869 3798 3027 3863 cmlo,
3058 3806 3111 3852 et
3142 3800 3243 3852 boc
3270 3808 3394 3852 ante
3419 3798 3606 3852 lectio-

2030 3908 2152 3949 nem
2182 3892 2545 3964 evangclicam
2571 3906 2601 3945 a
2636 3899 2858 3946 cantore
2896 3890 3287 3958 interponitur,
3330 3897 3389 3943 ut
3417 3888 3601 3943 laude-

2030 3994 2120 4039 tur
2139 3984 2207 4039 ab
2235 3982 2508 4045 omnibus,
2536 3980 2688 4049 cujus
2714 3980 2885 4049 gratia
2913 3979 3189 4034 salvantur
3209 3992 3416 4042 omnes,
3446 3978 3603 4048 quasi

2031 4074 2177 4129 dicat
2225 4092 2237 4125 :
2288 4072 2427 4139 Quia
2464 4072 2625 4127 verba
2670 4070 2944 4140 Evangelii
3000 4069 3227 4124 salutem
3272 4067 3608 4124 confercntia

2032 4179 2157 4218 mox
2185 4163 2427 4216 audituri
2448 4162 2600 4225 estis,
2640 4161 2854 4214 laudate
2889 4161 3193 4223 Dominum,
3229 4157 3382 4227 cujus
3408 4159 3611 4214 beneﬁ-

2034 4255 2118 4308 cio
2147 4254 2285 4307 hanc
2311 4251 2541 4321 gratiam
2562 4251 2839 4319 percipere
2865 4249 3159 4302 meruistis.

2104 4344 2354 4398 Defertur
2382 4340 2721 4410 evangelium
2767 4339 2833 4394 ad
2876 4338 3206 4408 analogium,
3254 4337 3607 4407 praecedenti-

2036 4436 2134 4490 bus
2174 4434 2383 4489 cereis:
2415 4438 2475 4485 ut
2501 4430 2818 4486 ostendatur
2844 4428 3016 4500 gratia
3053 4427 3218 4496 ipsius
3257 4425 3513 4480 mundum
3541 4425 3607 4479 il-

2036 4527 2376 4582 luminatum.
2426 4524 2595 4581 Verba
2624 4521 2901 4591 Evangelii
2948 4520 3105 4575 levita
3143 4519 3606 4589 pronuntiaturus,

2035 4622 2224 4671 contra
2248 4613 2673 4684 septentrionem
2696 4610 2888 4664 faciem
2914 4610 3100 4673 vertit,
3124 4616 3185 4661 ut
3208 4608 3452 4675 ostendat
3479 4608 3614 4661 Ver-

1985 4714 1993 4721 '
2034 4707 2163 4761 bum
2191 4704 2287 4759 Dei
2339 4711 2394 4757 et
2422 4700 2888 4756 annuntiationem
2940 4696 3176 4766 Spiritus
3213 4698 3383 4752 sancti
3421 4706 3610 4752 contra

2036 4812 2159 4852 eum
2207 4794 2390 4864 dirigi,
2422 4794 2514 4861 qui
2560 4804 2773 4859 semper
2805 4786 3026 4856 Spiritui
3070 4796 3259 4842 sancto
3304 4788 3613 4843 contrarius

2036 4885 2242 4950 existit,
2270 4892 2326 4937 et
2349 4884 2403 4937 in
2426 4881 2575 4936 nullo
2595 4880 2646 4933 ei
2671 4876 3051 4933 communicat.
3083 4875 3228 4941 Quos
3256 4877 3398 4929 enim
3431 4876 3613 4945 Spiris

2037 4985 2124 5030 tus
2144 4980 2383 5035 sanctus,
2412 4969 2504 5040 qui
2531 4976 2614 5022 est
2640 4967 2800 5029 Deus,
2832 4965 2898 5020 ad
2924 4964 3083 5018 ﬁdem
3113 4962 3365 5033 colligere
3390 4963 3612 5018 deside-—

2036 5073 2137 5130 rat,
2173 5062 2416 5117 diabolus
2443 5060 2749 5127 dispergere
2774 5057 2842 5111 ab
2870 5058 3074 5111 unitate
3103 5053 3356 5109 Ecclesiae
3385 5065 3442 5108 et
3471 5054 3612 5107 inte-

2035 5153 2231 5223 gritate
2272 5148 2397 5203 ﬁdei
2446 5146 2671 5200 laborat.
2705 5144 2859 5199 Sicut
2892 5144 3035 5200 enim
3076 5158 3175 5212 per
3206 5152 3471 5206 austrum,
3514 5141 3613 5210 qui

2034 5249 2227 5297 ventus
2254 5247 2337 5294 est
2366 5236 2602 5302 calidus,
2634 5243 2690 5291 et
2731 5236 2925 5290 leniter
2960 5233 3072 5299 ﬂat,
3112 5232 3346 5303 Spiritus
3390 5240 3617 5288 sanctus

2036 5328 2365 5398 designatur,
2414 5325 2507 5394 qui
2541 5324 2705 5380 corda
2744 5340 2865 5394 qua;
2899 5323 3087 5393 tangit,
3136 5322 3203 5377 ad
3243 5337 3483 5376 amorem
3532 5322 3612 5375 di-

2036 5417 2286 5473 lectionis
2310 5413 2607 5470 inilammat
2635 5432 2650 5469 :
2679 5416 2751 5469 ita
2772 5423 2827 5470 et
2850 5431 2948 5485 per
2968 5413 3295 5483 aquilonem,
3322 5414 3413 5483 qui
3442 5412 3610 5466 durus

2034 5514 2090 5560 et
2125 5503 2351 5574 frigidus
2397 5511 2504 5569 est,
2555 5502 2801 5559 diabolus
2834 5502 3170 5571 intelligitur,
3199 5501 3291 5568 qui
3337 5514 3432 5554 eos
3474 5514 3612 5567 quos

2035 5594 2292 5666 possidet,
2323 5594 2389 5647 ab
2418 5608 2603 5648 amore
2633 5594 2915 5648 cbaritatis
2954 5600 3115 5660 atquc
3145 5589 3469 5652 dilectionis,
3502 5597 3612 5644 tor-

2036 5697 2225 5756 pentes
2251 5692 2305 5739 et
2336 5682 2558 5754 frigidos
2595 5684 2788 5739 reddit.
2828 5682 2982 5749 Quod
2998 5682 3148 5737 enim
3184 5696 3280 5751 per
3308 5679 3611 5749 aquilonem
