4232 6248
647 225 776 283 lilii

1455 219 1513 270 Β.
1556 220 1614 271 F.
1650 217 1870 271 ALBlNl
1906 217 2034 271 SEU
2077 214 2345 269 ALClTlNl
2383 215 2662 271 OPEBUM
2700 212 2876 268 PARS
2911 213 2997 267 ιχ.

3708 210 3840 265 1259.
3912 253 3921 261 ,

642 337 888 394 diabolus
934 303 1269 402 designetur,
1287 328 1516 383 ostendit
1563 328 1843 397 propheta,
1893 325 2072 379 dicens
2100 327 2111 374 ἑ
2144 320 2187 374 0
2218 326 2263 380 Α
2292 324 2358 378 sti
2393 308 2646 378 mundum
2673 323 2951 386 salvatum,
2989 332 3041 375 ct
3065 319 3185 378 sine
3217 335 3278 374 ea
3309 321 3557 375 mundum
3604 336 3709 375 non
3749 302 3851 391 ρος

646 422 878 491 Lucifer,
910 423 996 491 qui
1030 418 1232 472 dicebas
1268 419 1321 469 in
1352 415 1504 469 corde
1547 425 1675 467 tuo:
1704 412 1902 466 Sedabo
1930 413 1985 463 in
2012 409 2191 463 lateri.

648 514 743 567 bus
771 510 1047 581 aquilonis,
1078 516 1130 560 et
1172 506 1375 574 reliqua
1403 502 1555 573 (Isai.
1600 518 1709 565 XIV,
1752 499 1858 570 l5).
1894 498 2119 553 Crucem
2141 497 2194 551 in

648 603 826 657 fronte
851 600 1000 669 ponit
1028 599 1300 658 diaconus,
1330 594 1740 648 annuntiaturus
1780 592 1939 643 verba
1967 588 2110 653 vitae,
2139 594 2199 641 ut

646 691 895 747 ostendat
924 704 980 742 se
1025 685 1340 755 discipulum
1381 682 1520 736 illius
1554 696 1694 744 esse,
1735 678 1824 747 qui
1860 691 2071 733 crucem
2099 691 2198 745 pro

646 784 816 839 totius
856 779 1037 836 mundi
1071 778 1239 831 salute
1266 774 1534 830 sustinuit.
1568 772 1768 826 Deinde
1798 770 1851 823 in
1880 777 2111 837 pectore,
2140 773 2201 818 ut

645 873 825 929 omnis
847 886 983 924 vana
1010 879 1065 924 et
1084 867 1356 923 immunda
1383 863 1637 934 cogitatio
1668 862 1734 916 ab
1752 860 1870 928 ejus
1903 857 2063 913 corde
2086 855 2199 925 pel-

554 964 558 967 ’
651 964 814 1018 latur.
843 960 1051 1016 Salutat
1092 968 1149 1013 et
1181 955 1450 1027 populum,
1498 948 1680 1007 dicens
1710 966 1725 1003 ε
1751 949 2003 1003 Dominus
2035 946 2205 999 uobis-

650 1069 772 1107 cum
792 1090 808 1117 ,
837 1058 1101 1120 quatenus
1132 1045 1289 1101 corda
1322 1042 1529 1097 illorum
1560 1054 1589 1092 a
1615 1035 1899 1093 mundanis
1923 1033 2203 1104 cogitatio-

651 1144 813 1199 nibus
848 1140 1104 1196 Dominus
1150 1134 1422 1197 emundet,
1470 1138 1527 1186 et
1560 1128 1629 1184 ad
1662 1123 1998 1195 suscipienda
2042 1122 2204 1177 verba

648 1230 929 1289 salutifera
976 1216 1184 1298 atkrire
1228 1223 1491 1295 dignetur.
1535 1218 1616 1274 Ad
1652 1214 1806 1284 cuius
1833 1211 2205 1269 salutationem

654 1321 881 1394 populus
905 1332 1117 1374 crucem
1147 1314 1202 1370 in
1227 1312 1491 1380 (rentibus
1517 1310 1700 1381 ponit,
1730 1313 1792 1360 ut
1810 1320 1856 1394 7a
1874 1302 2043 1394 malis
2064 1300 2208 1394 cogi-

657 1389 951 1468 tationibus
998 1406 1160 1461 corda
1204 1417 1299 1459 sua
1343 1399 1614 1463 emundet,
1658 1404 1720 1450 ut
1759 1393 1825 1447 ad
1868 1389 2206 1459 intelligenda

656 1501 818 1557 verba
846 1498 1030 1556 salutis
1053 1509 1185 1565 pura
1208 1494 1571 1563 permaneant.
1618 1485 1757 1540 Dicit
1783 1484 2040 1538 diaconus
2068 1495 2080 1529 ε
2116 1476 2209 1532 Se-

2276 413 2460 491 tuisse
2515 413 2727 467 salvari.
2779 410 2931 479 Quod
2978 417 3154 465 autem
3198 409 3475 464 sacerdote
3520 409 3843 465 oblationem

2295 502 2637 571 suscipiente,
2682 500 2857 556 clerus
2880 500 2990 554 Deo
3016 499 3199 553 laudes
3234 498 3447 553 interim
3473 499 3745 568 persolvit,
3778 501 3844 556 ad

2296 592 2646 647 imitationem
2672 591 2852 662 populi
2885 590 3336 659 lsraelsumptum
3363 588 3462 655 est,
3487 591 3581 660 qui
3620 592 3846 646 oblatio-

2298 696 2394 737 nes
2436 691 2493 737 et
2528 692 2651 737 vota
2697 696 2821 737 cum
2868 680 3025 735 laude
3074 679 3449 735 modulationis
3495 680 3603 735 Dea
3652 680 3846 737 oil‘erre

2296 778 2667 824 consueverat.
2772 831 2783 841 ε
3688 809 3699 815 -
3790 778 3795 779 ί

2369 859 2496 914 Post
2538 859 2862 914 oblationem
2897 857 3111 929 ponitur
3137 857 3412 914 incensum
3452 872 3616 929 super
3660 858 3843 923 altare,

2298 951 2509 1007 dicente
2529 951 2805 1007 sacerdote
2834 968 2850 1003 :
2881 949 3153 1019 Dirigatur
3176 950 3342 1004 oratio
3373 965 3487 1003 mea
3515 951 3650 1003 sicut
3676 951 3845 1003 incen-

2299 1055 2415 1092 sum
2443 1040 2499 1093 in
2518 1046 2798 1109 conspectu
2823 1046 2931 1101 tuo,
2960 1044 3063 1091 etc.
3097 1034 3210 1090 Hoc
3231 1043 3315 1090 est
3342 1035 3521 1091 dicere
3545 1054 3558 1089 :
3588 1034 3740 1091 Sicut
3762 1037 3844 1091 in-

2298 1142 2519 1184 censum
2564 1136 2777 1198 gratum
2806 1134 2889 1181 est
2926 1133 2981 1181 et
3015 1134 3290 1196 acceptum
3327 1128 3382 1181 iu
3423 1135 3713 1198 conspectu
3757 1143 3847 1199 po-

2301 1219 2431 1288 puli,
2470 1217 2543 1272 ita
2579 1216 2672 1271 tlat
2720 1216 2893 1271 oratio
2935 1228 3051 1270 mea
3085 1216 3429 1287 acceptabilis
3464 1216 3519 1271 iu
3562 1227 3847 1287 conspectu

2302 1319 2414 1364 tua.

2373 1398 2575 1467 Quibus
2609 1397 2852 1468 expletis,
2898 1398 3159 1454 convertit
3201 1413 3262 1454 se
3306 1400 3554 1456 sacerdos
3590 1399 3658 1455 ad
3691 1414 3851 1470 popu-

2304 1492 2437 1555 lum,
2482 1504 2708 1559 pescens
2732 1496 2793 1543 ut
2812 1489 3039 1560 iungant
3067 1503 3252 1559 preces
3278 1503 3402 1544 suas
3441 1491 3689 1561 precibus
3714 1489 3849 1558 eius,

654 1592 866 1664 quentia
908 1588 1071 1644 sancti
1124 1581 1386 1652 Evangelii
1435 1578 1715 1634 secundum
1763 1572 2205 1664 Mammium,“
2237 1599 2325 1664 ,ε

2182 1584 2205 1623 ο
2237 1651 2279 1664 _
2309 1592 2364 1639 et
2388 1588 2656 1637 mereatur
2678 1579 2919 1636 exaudiri
2947 1595 3046 1651 pro
3075 1581 3246 1636 salute
3270 1580 3502 1635 illorum.
3536 1580 3649 1637 Hoc
3677 1591 3853 1636 autem

659 1651 801 1751 quod
846 1686 969 1747 past
1015 1651 1366 1744 praecedentia
1423 1666 1698 1737 Evangelii
1752 1667 2044 1732 sequantur
2094 1659 2202 1714 illa.
2237 1651 2330 1729 Bg

2188 1700 2202 1714 ο
2237 1651 2281 1712 Β
2311 1673 2592 1729 dicendum
2632 1679 2716 1727 est
2741 1686 2773 1726 a
2802 1672 3081 1728 sacerdote
3120 1686 3240 1727 cum
3283 1672 3495 1728 silentio
3523 1686 3539 1725 :
3572 1670 3729 1726 Orate
3763 1670 3855 1741 pro

660 1770 815 1828 Unde
861 1767 1074 1839 quando
1115 1763 1326 1819 initium
1364 1758 1587 1829 alicujus
1622 1754 1956 1826 evangelista:
1996 1752 2208 1823 legitur,

657 1877 767 1917 non
794 1859 924 1914 dicit
944 1854 1241 1927 Sequentia,
1281 1851 1375 1906 sed
1413 1849 1649 1905 Initium.
1693 1845 1898 1901 Idcirco
1927 1851 2103 1898 autem
2130 1855 2212 1895 se-

656 1951 893 2008 cundum
942 1948 1272 2010 Matthazum,
1322 1950 1416 1996 aut
1446 1940 1706 2003 Marcum,
1750 1944 1845 1990 aut
1874 1933 2088 1997 Lucam,
2131 1931 2243 1986 vel~

660 2043 940 2104 Joannem,
970 2046 1031 2092 ut
1065 2037 1287 2099 sciatur,
1312 2032 1603 2089 secundum
1632 2044 1789 2100 quem
1829 2026 2212 2097 evangelistam

661 2130 820 2186 lectio
846 2128 931 2181 illa
961 2126 1180 2195 legatur.
1223 2122 1406 2178 Potest
1428 2128 1481 2174 et
1509 2120 1581 2174 ita
1620 2117 1876 2187 intelligi,
1916 2115 2060 2184 quod
2087 2113 2217 2168 dicit

664 2219 956 2291 Sequentia,
990 2223 1048 2269 ut
1074 2230 1137 2270 ea
1180 2227 1298 2282 qua:
1324 2216 1619 2279 sequuntur
1658 2213 1779 2276 past
1818 2204 2213 2267 salutationem,

663 2312 718 2364 in
750 2309 840 2364 illa
871 2306 1099 2360 lectione
1134 2299 1424 2355 secundum
1454 2298 1599 2352 illum
1627 2295 2003 2366 evangelistam
2047 2294 2217 2348 conti-

662 2404 913 2453 neantur.
944 2393 1080 2448 Hinc
1106 2391 1346 2460 sequitur
1371 2386 1735 2457 Evangelium,
1778 2386 1917 2455 quod
1942 2386 2006 2439 de
2030 2382 2216 2439 Graeco

668 2489 722 2541 in
751 2486 1016 2546 Latinum,
1045 2488 1198 2536 sanat
1220 2481 1415 2533 bonum
1446 2476 1722 2531 nuntiuin.-
1739 2475 1805 2528 Et
1833 2475 1973 2544 quod
1999 2482 2081 2528 est
2106 2488 2221 2528 me-

668 2577 773 2632 lius
806 2573 1070 2633 nuntium,
1116 2584 1274 2638 quam
1318 2566 1458 2621 istud
1494 2583 1506 2618 :
1538 2563 1899 2619 Paenitentiam
1930 2564 2086 2632 agite,
2114 2556 2220 2631 .ap-
2263 2628 2279 2641 ί

665 2660 1024 2735 propinquabit
1051 2659 1186 2712 enim
1231 2670 1444 2725 regnum
1470 2652 1713 2707 caelorum
1751 2650 1960 2721 (Matth.
2010 2666 2090 2713 ιιι,
2121 2649 2176 2706 2)
2202 2666 2216 2714 ;

668 2767 789 2822 quae
816 2752 869 2805 in
900 2747 1187 2818 Evangelia
1209 2745 1457 2799 dicuntur
1482 2741 1547 2794 de
1576 2739 1939 2795 incarnatione
1959 2737 2079 2791 Filii
2103 2738 2216 2803 Dei,

669 2843 810 2898 etde
836 2840 953 2907 eius
979 2835 1271 2896 miraculis,
1302 2832 1695 2903 przcdicatiane,
1727 2837 1781 2883 et
1807 2829 2218 2893 resurrectione,

669 2939 829 2999 atque
862 2926 1194 2988 ascensione,
1236 2924 1299 2977 de
1344 2921 1510 2991 gloria
1551 2935 1763 2990 quoque
1809 2919 2097 2974 electorum
2167 2927 2221 2973 et

673 3023 1010 3077 damnatione
1065 3015 1457 3087 reproborum?
1508 3013 1748 3069 Perlecto
1785 3013 2078 3083 evangelio,
2125 3012 2223 3067 ite-

674 3128 792 3167 rum
840 3128 909 3187 se_
949 3111 1100 3180 signa
1139 3110 1313 3163 crucis
1356 3106 1580 3175 populus
1623 3105 1832 3160 munire
1880 3104 2115 3170 festinat,
2167 3113 2225 3159 ut

675 3202 905 3271 quodex
935 3199 1129 3253 divinis
1154 3197 1377 3265 eloquiis
1412 3196 1476 3250 ad
1506 3195 1728 3250 salutem
1752 3196 2009 3265 percepit,
2048 3196 2225 3264 signa—

678 3300 788 3342 tum
819 3288 991 3357 sigilla
1031 3286 1229 3350 crucis,
1261 3293 1419 3354 atque
1460 3285 1719 3338 munitum
1745 3291 2072 3352 permaneat,
2104 3300 2170 3338 ne
2195 3300 2224 3338 a

677 3379 943 3431 mentibus
967 3391 1152 3429 eorum
1178 3375 1437 3429 diabolica
1467 3372 1654 3427 fraude
1676 3372 1922 3425 evacuari
1961 3371 2153 3426 valeat.

748 3465 873 3521 Post
911 3464 1189 3517 recitatum
1237 3461 1567 3531 evangelium
1614 3462 1806 3516 iterum
1839 3461 2088 3515 sacerdos
2132 3476 2227 3534 po-

680 3556 860 3626 pulum
885 3554 1110 3617 salutat,
1138 3567 1297 3607 orans
1326 3552 1379 3607 in
1409 3551 1655 3605 cordibus
1682 3566 1865 3605 eorum
1892 3554 2057 3606 verba
2088 3552 2229 3607 salu-

680 3650 766 3709 tis,
791 3661 909 3715 qua:
935 3652 1286 3714 perceperunt
1308 3658 1340 3697 n
1372 3643 1610 3705 Domino,
1648 3628 1977 3709 conﬁrmari,
2010 3652 2065 3697 et
2089 3643 2226 3697 invi-

684 3746 757 3791 tat
779 3737 929 3789 illum
958 3748 1136 3788 secum
1164 3734 1366 3799 pariter
1407 3733 1473 3785 ad
1500 3733 1820 3797 arationem,
1846 3732 2029 3786 dicens
2054 3747 2068 3785 :
2097 3732 2227 3795 Ore-e

682 3827 816 3876 mus.
864 3821 968 3874 Sed
996 3820 1120 3874 licet
1146 3819 1283 3888 apud
1311 3834 1408 3873 nos
1436 3826 1562 3873 tunc
1594 3810 1827 3874 collecta
1845 3821 1983 3874 inter
2004 3836 2241 3893 evange-_

686 3910 813 3962 lium
843 3916 896 3962 et
920 3907 1242 3962 offerendam
1264 3922 1367 3960 non
1392 3908 1619 3972 dicatur,
1641 3910 1781 3977 apud
1806 3906 2019 3983 Grecae
2056 3919 2231 3966 tamen

687 4000 899 4053 dicitur.
939 3998 1015 4051 ita
1053 4007 1229 4051 autem
1273 4005 1448 4066 potest
1492 3998 1711 4065 intelligi
1753 4003 2039 4056 secundum
2074 4002 2233 4073 500

686 4088 825 4155 quod
856 4086 990 4153 apud
1036 4100 1131 4140 nos
1178 4085 1265 4151 iit,
1296 4094 1357 4139 ut
1392 4087 1566 4141 omnis
1611 4087 1833 4155 populus
1868 4089 2119 4144 oblationi
2153 4092 2235 4145 in-

689 4179 876 4231 sistere
905 4174 1155 4242 jubeatur
1182 4215 1197 4240 ,
1250 4176 1371 4230 dum
1420 4176 1647 4231 oblaturi
1692 4177 2037 4233 intentionem
2083 4196 2232 4234 suam

2249 2981 2296 3038 C

2311 1779 2410 1828 me,
2452 1760 2662 1831 fratres,
2684 1769 2738 1814 ut
2770 1774 2946 1816 meum
2981 1760 3178 1830 pariter
3214 1768 3263 1813 et
3289 1770 3510 1815 vestrum
3546 1759 3857 1827 sacriﬁcium

2311 1858 2573 1921 acceptum
2614 1850 2680 1903 sit
2710 1850 2964 1903 Domino.
3019 1847 3300 1904 Acclinans
3341 1862 3470 1919 ergo
3508 1862 3568 1903 se
3610 1848 3857 1919 populus,

2311 1954 2469 1996 orare
2494 1940 2651 1995 debet
2673 1940 2746 1994 ita
2778 1956 2792 1991 :
2825 1939 2905 1993 Sit
2946 1936 3197 1992 Dominus
3232 1939 3289 1991 in
3315 1938 3467 1991 corde
3489 1947 3599 2003 tuo,
3626 1939 3749 1992 etin
3775 1953 3862 1991 ore

2313 2041 2422 2095 tuo,
2454 2040 2501 2086 et
2523 2030 2771 2101 suscipiat
2795 2029 3108 2098 sacri/icium
3142 2027 3239 2081 sibi
3267 2037 3529 2112 acceptum
3558 2029 3622 2083 de
3648 2043 3736 2082 ore
3773 2036 3862 2081 tua

2313 2132 2361 2177 et
2390 2122 2453 2177 de
2500 2122 2739 2176 manibus
2784 2122 2887 2175 tuis
2931 2137 3023 2191 pro
3068 2129 3243 2174 nostra
3298 2120 3625 2188 omniumque
3676 2114 3859 2177 salute,

2314 2213 2493 2267 Amen.
2527 2212 2623 2268 Vel
2642 2212 2745 2267 hoc
2777 2211 2957 2267 dicant
2979 2223 3164 2264 omnes
3191 2224 3203 2260 :
3234 2206 3500 2261 Exaudiat
3528 2215 3577 2260 te
3604 2204 3856 2259 Dominus

2312 2305 2368 2359 in
2395 2304 2479 2359 die
2498 2302 2866 2367 tribulationis,
2905 2308 3134 2371 protegat
3160 2307 3209 2353 te
3228 2313 3412 2353 nomen
3442 2296 3538 2353 Dei
3558 2294 3746 2361 Iacob,
3776 2310 3865 2349 us-

2315 2407 2436 2461 que,
2467 2391 2655 2462 pingue
2679 2390 2793 2460 ﬁat.

2386 2481 2668 2553 Corporale
2718 2480 2802 2535 cui
2852 2479 3227 2549 superponitur
3267 2492 3462 2547 corpus
3509 2475 3864 2539 Dominicunt,
3928 2532 3933 2537 ,

2318 2588 2423 2628 non
2454 2571 2595 2626 aliud
2622 2588 2781 2642 quam
2825 2571 3023 2625 lineum
3068 2583 3185 2623 esse
3226 2574 3452 2638 oportet,
3492 2564 3746 2636 quoniam
3777 2561 3868 2617 la—

2319 2666 2447 2733 seph
2487 2663 2706 2717 linteum
2752 2659 3004 2715 mundum
3050 2659 3244 2730 legitur
3285 2657 3497 2721 emisse,
3541 2654 3631 2711 ubi
3675 2668 3868 2724 corpus

2319 2752 2644 2809 dominicum
2672 2751 2909 2806 involvit.
2941 2750 3071 2804 Nam
3112 2757 3164 2804 et
3196 2749 3384 2821 linum,
3421 2762 3611 2817 purum
3651 2758 3868 2821 germen

2320 2850 2402 2899 est
2430 2849 2619 2898 terrae:
2649 2850 2703 2895 et
2743 2842 2993 2895 Dominus
3030 2855 3221 2909 purum
3255 2847 3311 2893 et
3337 2853 3522 2892 verum
3543 2851 3737 2906 corpus
3777 2837 3869 2891 ha-

2323 2932 2457 2995 buit,
2500 2945 2605 2985 non
2630 2930 2953 2984 simulatum.
2984 2931 3051 2985 Et
3079 2932 3218 2985 sicut
3239 2930 3404 2985 linum
3436 2944 3533 2998 per
3560 2928 3757 2983 multas
3781 2943 3871 2982 su-

2324 3017 2481 3073 dores
2505 3018 2750 3086 pervenit
2771 3019 2838 3073 ad
2862 3019 3165 3083 candorem,
3198 3018 3270 3072 ita
3290 3016 3445 3073 Iesus
3467 3016 3711 3071 Christus
3738 3016 3871 3070 mul-

2327 3111 2395 3165 tis
2423 3109 2643 3165 ail‘ectus
2680 3109 3018 3178 passionihus
3044 3109 3293 3179 migravit
3337 3108 3405 3162 ab
3445 3108 3547 3162 bac
3576 3095 3788 3169 smcu‘lo,
3820 3114 3873 3160 ct

2326 3203 2392 3257 ad
2441 3201 2727 3256 candorem
2787 3199 3193 3255 resurrectionis
3252 3206 3411 3267 atque
3461 3196 3874 3250 immortalitatis

2325 3290 2610 3359 perductus
2634 3287 2840 3343 est.'lta
2866 3303 3010 3358 ergo,
3058 3290 3147 3358 qui
3173 3303 3368 3355 corpus
3394 3286 3592 3341 Christi
3636 3287 3686 3340 in
3714 3300 3771 3339 se
3792 3302 3875 3339 re-

2324 3378 2503 3447 cipere
2552 3376 2840 3441 desiderat,
2878 3392 2975 3446 per
3013 3376 3206 3431 multas
3238 3376 3497 3430 bonarum
3533 3388 3753 3444 operum
3799 3372 3876 3427 la-

2326 3467 2503 3529 bores,
2527 3474 2581 3521 et
2606 3482 2701 3537 per
2735 3467 3036 3521 castitatem
3077 3467 3271 3521 mentis
3295 3474 3348 3521 et
3371 3464 3609 3533 corporis
3638 3463 3791 3518 debet
3818 3477 3877 3517 se

2327 3556 2553 3611 reddere
2582 3554 2841 3609 mundum’
2873 3562 2928 3607 et
2960 3555 3259 3608 candidum.
3296 3552 3444 3620 Quod
3470 3552 3543 3607 ita
3570 3551 3754 3621 plicari
3784 3551 3877 3606 de-

2328 3647 2437 3710 bet,
2468 3655 2527 3700 nt
2556 3661 2653 3700 nec
2688 3646 2918 3709 initium,
2958 3660 3053 3699 nec
3083 3644 3203 3698 ilnis
3242 3650 3525 3713 appareat,
3553 3644 3690 3697 sicut
3713 3642 3876 3697 etiam

2330 3737 2600 3791 sudarium
2647 3734 2697 3789 in
2741 3734 2981 3805 sepulcro
3009 3733 3219 3789 Domini
3263 3733 3533 3787 inventum
3574 3739 3675 3787 est.
3708 3730 3878 3785 Suda-

2330 3828 2468 3881 rium
2503 3834 2589 3881 est
2630 3826 2969 3896 ligamentum
3012 3824 3219 3892 capitis.
3266 3822 3369 3877 Per
3418 3830 3578 3890 caput
3622 3821 3877 3876 divinitas

2331 3918 2664 3987 designatur,
2701 3916 2824 3984 quia
2868 3922 3025 3984 caput
3064 3913 3260 3968 Christi
3295 3912 3453 3969 Deus.
3483 3910 3740 3966 lnvolutio
3780 3925 3876 3965 au—

2331 4019 2437 4064 tem
2478 4008 2579 4060 hoc
2606 4006 2887 4077 signiﬁcat,
2935 4006 3058 4074 quia
3091 4004 3374 4067 Christus,
3423 4002 3515 4073 qui
3551 4001 3605 4056 in
3623 4001 3879 4056 humani-

2328 4108 2440 4154 tate
2465 4094 2646 4151 habuit
2669 4097 2875 4149 initium
2911 4096 3198 4166 nascendo,
3222 4102 3277 4147 et
3304 4094 3460 4147 tinem
3486 4092 3792 4157 moriendo,
3825 4092 3879 4146 in

2334 4188 2608 4242 divinitate
2635 4194 2881 4240 neutrum
2916 4186 3103 4239 horum
3122 4224 3137 4250 ,
3176 4185 3269 4239 sed
3297 4198 3506 4252 semper
3530 4199 3648 4239 esse
3674 4183 3877 4237 habuit.

688 4265 937 4359 “Teium:
982 4272 1241 4359 quatenus
1266 4264 1736 4359 _illorum;oblatio
1761 4275 1978 4359 accepti!
2028 4266 2094 4359 iiii
2132 4267 2235 4359 ροο
2261 4299 2311 4359 υ
2404 4283 2543 4337 Dicit
2570 4282 2823 4337 sacerdos
2857 4281 3131 4336 collectam
3172 4296 3331 4350 super
3355 4280 3550 4344 oblata,
3596 4286 3649 4334 et
3676 4281 3729 4335 in
3768 4281 3885 4349 ejus

690 4356 853 4409 mina.
903 4353 1155 4421 Sequitur
1196 4352 1387 4407 deinde
1441 4351 1736 4420 Oﬁ'erenda,
1794 4365 1911 4423 Quae
1958 4355 2079 4411 inde
2133 4358 2235 4412 hac

690 4458 881 4497 nomen
930 4442 1173 4510 accepit,
1238 4440 1377 4509 quod
1427 4448 1552 4495 tunc
1601 4443 1823 4512 papulus
1873 4460 1970 4499 sua
2016 4461 2234 4500 munera

692 4532 900 4586 ail‘erat.
957 4532 1265 4600 Sequuntur
1321 4530 1536 4598 Versus,
1568 4548 1599 4586 a
1626 4534 1879 4589 vertendo
1920 4535 2069 4599 dicti,
2098 4536 2237 4609 quod

691 4624 744 4675 in
773 4620 1040 4675 oil‘erenda
1064 4629 1423 4687 revertantur,
1451 4622 1581 4676 dum
1606 4623 1862 4691 repetitur
1880 4622 2167 4679 oil‘erenda.

763 4710 999 4778 Suscipit
1046 4712 1257 4765 interim
1312 4712 1562 4766 sacerdos
1610 4727 1639 4765 a
1685 4714 1875 4783 papula
1926 4716 2131 4781 oblata,
2181 4728 2240 4771 ut
2282 4706 2285 4707 ⁷

697 4800 827 4868 ipse,
859 4800 950 4867 qui
980 4806 1064 4853 est
1092 4800 1233 4853 inter
1258 4799 1423 4854 Deum
1457 4808 1513 4853 et
1544 4801 1713 4869 ipsum
1754 4805 2001 4873 populum
2038 4808 2239 4860 media-

698 4902 799 4955 tor,
845 4904 1031 4959 preces
1058 4904 1242 4943 corum
1284 4897 1337 4944 et
1381 4898 1501 4943 vota
1541 4891 1763 4947 Domina
1803 4893 2006 4947 ail'erat.
2047 4896 2100 4948 in
2137 4908 2239 4965 qua

696 4982 959 5035 oblatione
988 4996 1125 5050 aqua
1156 4982 1408 5035 miscetur
1432 4974 1572 5037 vina.
1628 4984 1730 5037 Per
1754 4984 1933 5037 vinum
1977 4985 2243 5053 signiﬁca-

700 5081 785 5123 tur
822 5071 1085 5134 Christus,
1131 5086 1227 5140 per
1251 5084 1444 5141 aquam
1480 5083 1655 5127 autem
1696 5076 1915 5144 populus
1944 5094 1957 5141 ;
1990 5087 2044 5131 ct
2079 5078 2122 5131 si
2162 5080 2241 5132 vi—

704 5176 829 5213 num
857 5160 1077 5214 odertur
1121 5163 1235 5215 sine
1280 5175 1413 5230 aqua
1444 5203 1457 5226 ,
1503 5166 1715 5218 videtur
1759 5167 2057 5233 significare
2103 5171 2243 5237 quod

703 5251 879 5319 passio
902 5249 1099 5303 Christi
1125 5252 1255 5303 nihil
1284 5249 1545 5317 profuerit
1570 5254 1747 5321 generi
1770 5256 2001 5311 humana
2030 5277 2039 5309 :
2074 5258 2117 5311 si
2148 5272 2245 5311 au-

707 5350 809 5391 tem
840 5353 975 5408 aqua
1022 5338 1136 5392 sine
1161 5339 1302 5402 vina,
1349 5339 1557 5392 videtur
1589 5340 1886 5409 signiﬁcare
1930 5346 2123 5399 salvari
2156 5359 2248 5413 po-

709 5431 871 5483 tuisse
923 5429 1170 5497 populum
1223 5430 1335 5482 sine
1382 5426 1579 5481 Christi
1633 5420 1894 5496 passione.
1952 5435 2249 5505 Utrumque

709 5531 835 5586 ergo
858 5518 1105 5570 miscetur
1133 5519 1310 5583 simul,
1356 5528 1412 5572 ut
1443 5518 1781 5589 intelligatur,
1827 5526 2074 5589 passione
2100 5526 2249 5581 Chri-

2339 4372 2442 4426 iine
2473 4388 2487 4424 :
2520 4372 2622 4426 Per
2647 4373 2817 4425 omnia
2846 4371 3039 4424 swcula
3081 4370 3407 4435 sucularum,
3449 4377 3509 4423 ut
3548 4384 3729 4440 supra.
3776 4370 3885 4424 ilu~

2338 4477 2534 4529 cusque
2564 4460 2825 4529 prmiatio,
2849 4460 2901 4513 id
2928 4468 3042 4523 est,
3084 4460 3390 4528 przelacutio
3423 4467 3478 4515 et
3509 4460 3757 4516 allocutio
3788 4477 3885 4530 po-

2337 4551 2464 4621 puli,
2498 4550 2621 4619 hinc
2649 4552 2885 4618 sequitur
2911 4550 3209 4605 exhortatio
3240 4565 3255 4603 :
3281 4548 3499 4615 Sursum
3520 4551 3702 4603 corda.
3748 4549 3887 4604 lior-

2338 4647 2482 4693 tatur
2506 4640 2645 4691 enim
2683 4639 2929 4692 sacerdos
2958 4640 3209 4708 populum
3228 4678 3242 4703 ,
3272 4645 3524 4707 tanquam
3556 4637 3701 4692 dicat
3728 4637 3886 4693 :Jam

2341 4726 2731 4795 apostolicis'et
2775 4728 3095 4796 evangelicis
3136 4728 3414 4797 praeceptis
3451 4728 3775 4783 suiiicienter
3807 4730 3891 4785 in-

2340 4818 2530 4872 structi
2576 4826 2630 4871 et
2668 4818 2988 4881 continuati,
3026 4819 3184 4872 corda
3206 4826 3389 4873 vestra
3422 4834 3451 4870 a
3484 4819 3711 4883 terrenis
3746 4819 3892 4873 curis

2341 4921 2551 4961 sursum
2594 4906 2659 4961 ad
2691 4905 2967 4961 Dominum
2994 4908 3226 4977 dirigite,
3276 4916 3335 4961 ut
3374 4908 3711 4975 sacrificium,
3748 4909 3891 4977 quod

2342 4997 2450 5052 Deo
2498 4995 2821 5050 oiferendum
2852 4998 2982 5051 mihi
3022 4996 3302 5063 obtulistis,
3359 4999 3514 5067 digne
3564 4997 3755 5053 ail'erre
3796 5014 3894 5051 va—

2342 5088 2497 5141 leam.
2521 5086 2825 5156 Respondet
2871 5088 3137 5157 popular:
3177 5088 3438 5146 Habemus
3480 5091 3547 5144 ad
3587 5090 3891 5157 Dominum,

2343 5178 2493 5247 quasi
2530 5172 2707 5231 dicat:
2739 5176 2910 5233 Corda
2952 5188 3155 5245 nostra,
3190 5189 3249 5235 ut
3290 5182 3552 5252 praecipis,
3585 5191 3758 5238 erecta
3796 5184 3896 5238 ha-

2343 5264 2530 5319 bemus
2568 5265 2634 5319 ad
2662 5263 2967 5331 Dominum,
2990 5271 3075 5323 ut
3119 5271 3387 5340 suscipere
3434 5271 3680 5341 dignetur
3708 5281 3896 5327 votum

2344 5363 2605 5409 nostrum.
2639 5354 2893 5411 Hortatur
2928 5360 3117 5413 iterum
3145 5378 3159 5412 :
3192 5359 3403 5415 Gratias
3433 5377 3647 5431 agamus
3673 5360 3897 5415 Domino

2348 5443 2454 5497 Deo
2492 5455 2685 5515 nostra,
2724 5446 2880 5499 simul
2930 5456 3025 5519 ego
3056 5458 3111 5505 et
3155 5463 3279 5514 vos;
3324 5450 3592 5515 subaudis,
3628 5452 3693 5507 de
3725 5442 3899 5507 omni;

2350 5536 2449 5589 bus
2476 5536 2627 5588 bonis
2652 5536 2715 5588 ab
2746 5536 2832 5592 illo
2874 5538 3141 5607 prrrst‘itis.
3168 5536 3467 5609 Respondet
3500 5541 3721 5609 populus
3747 5550 3799 5595 et
3825 5540 3900 5595 af-
