4232 6238
385 223 520 278 ηὸὗ

1181 216 1329 274 OPP.
1372 211 1769 272 SUPPOSITA.
1811 237 1874 250 --
1915 206 2041 260 LIB.
2083 206 2171 259 DE
2210 203 2458 258 DlVlNIS
2495 202 2797 259 OFFICIIS.

3466 198 3599 254 ιῖεὶι

358 338 577 408 Ᾰὶιυωεη,
604 331 786 387 dicens
817 344 831 385 :
865 329 1091 399 Dignum
1118 337 1164 381 et
1198 328 1400 397 justum
1428 333 1525 385 est,
1554 330 1614 376 ut
1643 320 1715 374 illi
1741 318 1941 389 gratias
1970 320 2015 380 Α
2044 313 2151 366 lum
2172 322 2297 367 sunt
2323 313 2491 368 creati
2519 329 2534 378 ;
2574 320 2629 368 et
2655 327 2762 367 non
2788 310 2960 366 solum
2987 312 3161 382 angeli
3192 326 3288 382 per
3320 312 3468 366 illum
3491 313 3604 367 lau-

376 436 625 496 agamus,
660 420 887 476 Domino
914 411 1027 474 Deo
1056 425 1260 473 nostro.
1301 415 1451 470 Hanc
1493 409 1941 473 exhortationem,

376 528 497 585 qua:
532 511 795 581 sequitur,
838 510 1083 567 Gelasius
1123 506 1488 579 composuisse
1521 503 1734 559 dicitur.
1789 497 1945 554 Amr-

378 608 493 655 mat
548 599 800 655 sacerdos
856 588 1037 669 populi
1086 611 1295 661 vocem,
1348 603 1402 650 et
1454 590 1717 647 convertit
1766 604 1824 643 se
1877 589 1944 642 ad

377 689 548 747 Deum
572 699 807 762 patrem,
829 690 1051 745 dicens:
1095 687 1227 742 Vere
1259 687 1475 757 dignum
1509 694 1556 739 et
1591 683 1796 753 justum
1845 689 1940 744 est,

381 778 436 833 id
469 786 573 845 est,
622 780 763 835 sicut
807 778 1035 851 populus
1082 786 1208 833 tuus
1250 776 1558 848 respondet,
1602 773 1697 828 tibi
1744 771 1945 842 gratias

378 884 540 941 agere
569 870 808 941 dignum,
835 868 1060 938 justum.
1107 875 1164 921 et
1191 880 1400 936 aequum
1435 863 1667 933 idipsum
1699 868 1809 925 est;
1843 858 1945 915 So-

377 957 566 1023 lutare,
607 958 662 1013 id
691 968 796 1025 est,
841 956 1012 1014 salute
1042 946 1283 1032 plenum,
1317 954 1575 1025 quoniam
1606 952 1674 1007 ad
1705 958 1942 1017 nostram

374 1047 620 1115 corporis
654 1054 709 1103 et
753 1046 946 1101 animm
987 1045 1213 1101 salutem
1239 1043 1491 1113 pertinet,
1522 1041 1569 1095 si
1603 1040 1758 1111 digne
1796 1038 1943 1093 illum

375 1134 671 1190 laudemus.
716 1135 843 1191 Post
877 1128 1269 1191 confessionem
1309 1132 1519 1204 populi,
1570 1131 1789 1202 dignum
1822 1144 1942 1184 esse

374 1230 429 1278 et
449 1211 685 1291 'justum,
729 1232 789 1277 ut
818 1223 930 1278 Deo
976 1225 1159 1296 gratiae
1210 1223 1592 1292 rependuntur,
1640 1220 1945 1276 intermisso

375 1312 593 1383 populo,
641 1312 731 1367 cui
763 1312 1100 1383 loquebatur,
1141 1310 1259 1379 jam
1291 1310 1556 1367 convertit
1603 1325 1661 1365 se
1694 1311 1945 1364 sacerdos

378 1403 447 1456 ad
479 1394 645 1456 Deum
677 1402 917 1468 Patrem,
940 1411 996 1457 et
1030 1410 1282 1473 tanquam
1313 1402 1381 1457 ad
1408 1408 1729 1472 prmsentem
1759 1400 1947 1470 incipit

373 1493 540 1564 loqui,
574 1495 757 1563 dicens
787 1514 799 1549 :
833 1494 945 1549 Nos
981 1494 1074 1548 tibi
1106 1494 1302 1565 gratias
1324 1510 1496 1567 agere,
1529 1502 1584 1549 et
1613 1495 1716 1549 hoc
1748 1508 1855 1547 non
1878 1492 1945 1547 ad

374 1582 597 1648 horam,
634 1582 728 1638 sed
781 1600 997 1654 semper,
1039 1584 1091 1638 id
1132 1592 1246 1650 est,
1282 1572 1430 1639 omni
1477 1592 1738 1652 tempore,
1782 1590 1837 1636 et
1887 1581 1943 1634 in

2042 404 2173 459 dant
2198 403 2367 457 Deum
2393 401 2631 469 Patrem,
2652 417 2839 458 verum
2861 402 3025 458 etiam
3056 402 3161 459 illa:
3184 403 3416 459 virtutes
3440 403 3605 459 coelo-

2041 511 2184 561 rum,
2211 482 2331 565 qua!
2367 510 2529 565 super
2557 495 2692 550 alias
2735 494 3158 551 dominationem
3184 503 3241 550 et
3280 503 3603 566 potestatem

2040 584 2260 639 habent.
2292 582 2358 638 Hi
2387 598 2516 654 ergo
2546 591 2658 638 tam
2685 583 2830 638 beati
2870 590 2927 638 et
2962 582 3222 639 sublimes
3252 581 3487 655 Spiritus
3511 598 3608 654 per

2040 672 2322 728 Christum
2344 673 2680 743 majestatem
2699 672 2793 728 Dei
2818 672 3061 739 laudant,
3095 673 3235 728 sicut
3262 676 3329 729 ad
3355 688 3449 730 eos
3472 690 3606 729 con-

2042 763 2361 833 gratulando
2405 764 2604 819 dicitur
2656 764 2712 817 in
2742 762 2953 834 psalmo
2982 781 2995 816 :
3040 762 3277 817 Laudate
3300 762 3599 825 Dominum.

2042 870 2219 908 omnes
2265 855 2477 909 virtutes
2528 854 2643 924 ejus
2701 851 2873 926 (Psal.
2931 869 3131 909 chvm
3160 895 3176 920 ,
3233 854 3311 925 Ξ).
3368 854 3607 910 Aderant

2043 958 2256 1013 quoque
2281 944 2529 998 eamdem
2559 943 2792 998 divinam
2821 943 3176 1017 majestatem,
3210 943 3350 999 sicut
3372 945 3427 999 in
3453 946 3610 1016 hym-

2042 1047 2114 1088 no
2141 1031 2497 1088 confessionis
2528 1033 2713 1089 Esdrm
2741 1033 2807 1088 ad
2836 1035 3011 1105 ipsum
3040 1035 3327 1091 Dominum
3364 1036 3565 1091 dicitur
3590 1056 3603 1087 :

2002 1193 2011 1207 ι
2042 1121 2320 1185 Exercitus
2348 1122 2459 1177 cwli
2488 1133 2537 1176 te
2579 1123 2801 1178 adorant
2823 1120 2911 1196 (ΙΙ
2935 1107 3095 1179 Esdr.
3121 1140 3196 1191 tx,
3238 1126 3314 1197 6).
3360 1124 3609 1180 Tremunt

2042 1215 2225 1277 etiam,
2255 1213 2394 1267 sicut
2413 1228 2510 1283 per
2543 1213 2768 1285 figuram
2805 1214 2871 1269 de
2899 1216 2979 1271 eis
3009 1216 3062 1269 in
3084 1215 3222 1271 libro
3241 1212 3343 1272 Job
3369 1215 3605 1271 dicitur:

2044 1304 2314 1361 Columna
2336 1306 2448 1361 ειειὶ
2472 1309 2896 1372 contremiscunt,
2924 1317 2973 1362 et
2994 1316 3177 1396 pavent
3203 1308 3272 1361 ad
3294 1317 3474 1363 nutum
3495 1308 3609 1378 ejus

2046 1398 2187 1470 (Job.
2218 1415 2369 1464 xxvi,
2401 1398 2513 1467 il).
2545 1397 2645 1465 Qui
2676 1406 2851 1452 tamen
2883 1407 3088 1453 tremor
3111 1439 3125 1462 ,
3159 1413 3225 1452 ne
3274 1398 3354 1452 eis
3382 1397 3610 1469 poenalis

1992 1484 1995 1489 ”
2046 1490 2137 1555 sit,
2168 1505 2275 1544 non
2326 1489 2539 1544 timoris
2566 1496 2692 1553 est,
2722 1488 2817 1543 scd
2850 1487 3241 1544 admirationis.
3287 1486 3419 1543 Cum
3446 1488 3613 1557 igitur

2046 1582 2101 1636 in
2131 1580 2441 1636 caelestibus
2471 1588 2618 1635 tanta
2653 1581 2724 1635 sit
2745 1578 2960 1635 devotio
2982 1579 3312 1634 laudantium
3340 1619 3355 1645 ,
3376 1574 3605 1634 venera-

373 1672 647 1741 prosperis
676 1678 731 1726 et
758 1672 815 1726 in
838 1670 1100 1735 adversis,
1150 1662 1356 1741 ubique,
1389 1671 1444 1725 id
1481 1679 1585 1735 est,
1626 1671 1771 1724 omni
1800 1670 1937 1726 loco.
1976 1662 2017 1720 Β
2046 1673 2119 1727 tio
2145 1671 2481 1725 adorantium
2507 1710 2523 1736 ,
2575 1676 2803 1724 tremor.
2832 1669 3214 1724 admirantium
3233 1709 3248 1734 ,
3300 1668 3607 1724 consideret

374 1759 595 1813 Domine
616 1767 814 1824 sancte,
839 1759 929 1828 qui
952 1758 1246 1813 dominaris
1266 1759 1527 1823 omnium,
1556 1773 1676 1827 quae
1708 1758 1762 1812 in
1792 1757 1943 1813 caelis

375 1857 519 1915 sunt,
553 1857 609 1904 et
636 1865 757 1920 quae
786 1850 839 1903 in
876 1859 1044 1915 terra,
1073 1858 1129 1905 et
1154 1850 1247 1923 qui
1274 1849 1456 1904 omnia
1499 1858 1685 1905 sancta
1717 1859 1811 1904 tua
1839 1850 1942 1905 be-

376 1942 679 1997 nedictione
721 1942 1051 2009 sanctificas,
1083 1950 1143 1997 ut
1171 1951 1357 1999 sancta
1382 1942 1508 1998 sint.
1542 1940 1705 1997 Pater
1735 1940 1939 2007 Graece,

372 2030 563 2085 Latine
586 2032 783 2087 dicitur
806 2032 1033 2102 genitor.
1060 2031 1204 2097 Deus
1227 2032 1371 2086 enim
1393 2029 1735 2087 ineﬂ‘abiliter
1763 2030 1945 2102 genuit

375 2121 571 2175 Filium
604 2130 728 2176 ante
750 2123 931 2176 omnia
957 2122 1172 2179 mula.
1200 2122 1537 2193 Omnipotens
1560 2122 1757 2186 dicitur
1780 2122 1941 2187 Deus,

376 2211 507 2282 quia
541 2212 723 2266 omnia
768 2219 969 2282 potest,
1003 2227 1124 2281 qua:
1158 2211 1309 2266 illum
1342 2212 1553 2266 decent.
1588 2211 1810 2273 Mentiri,
1836 2226 1944 2265 non

374 2309 574 2371 potest,
599 2302 723 2371 quia
744 2302 944 2356 veritas
983 2310 1094 2367 est;
1138 2302 1277 2356 mori
1313 2316 1419 2355 non
1460 2307 1656 2369 potest,
1686 2300 1811 2370 quia
1846 2302 1945 2355 im-

378 2393 644 2457 mortalis,
675 2392 783 2448 imo
808 2394 918 2447 vita
944 2401 1055 2458 est;
1106 2392 1303 2447 mutari
1328 2407 1433 2446 non
1463 2398 1656 2460 potest,
1694 2390 1817 2461 quia
1847 2391 1945 2445 im-

375 2480 649 2535 mutabilis
692 2489 792 2535 est.
845 2480 1195 2551 Omnipotens
1239 2480 1385 2539 enim
1433 2479 1630 2536 dicitur
1673 2479 1942 2547 faciendo,

372 2568 517 2639 quod
557 2569 689 2631 vult,
736 2586 842 2625 non
867 2571 1140 2639 patiendo,
1185 2569 1329 2639 quod
1366 2585 1471 2625 non
1501 2569 1633 2624 vult.
1690 2568 1945 2624 Eternus

374 2667 460 2714 est
508 2658 668 2725 Deus,
706 2660 832 2728 quia
876 2676 979 2715 nec
1016 2661 1227 2715 initium
1261 2659 1469 2724 habuit,
1512 2673 1613 2714 nec
1657 2659 1945 2715 terminum

376 2750 609 2814 habebit,
643 2750 767 2820 quia
801 2766 905 2806 nec
930 2751 1092 2820 carpit
1125 2766 1225 2804 nec
1255 2749 1469 2805 desinit.
1507 2740 1709 2805 Gratia:
1736 2755 1941 2815 autem,

376 2859 514 2913 quas
537 2842 793 2898 debemus
822 2841 1038 2907 offerre,
1065 2857 1161 2912 per
1185 2840 1470 2895 Dominum
1493 2849 1737 2895 nostrum
1761 2835 1944 2894 Jesutu

376 2934 651 2989 Christum
704 2930 988 2988 oﬂ‘erendzn
1029 2940 1178 2999 sunt,
1234 2932 1326 3001 qui
1365 2927 1448 2986 est
1491 2930 1758 2986 mediator
1801 2929 1946 2984 inter

2044 1764 2148 1820 hoc
2162 1764 2351 1828 homo,
2369 1763 2457 1817 cui
2473 1763 2678 1820 dictum
2697 1768 2781 1816 est
2806 1779 2819 1815 :
2841 1759 2979 1827 Quid
2994 1760 3250 1832 superbis,
3268 1768 3406 1813 terra
3418 1768 3465 1813 et
3478 1760 3611 1812 cinis

2045 1852 2236 1923 (Eccli.
2260 1869 2317 1919 x,
2348 1854 2442 1924 9)?
2490 1852 2691 1908 Audiat
2736 1852 3052 1924 Apostolum
3097 1859 3445 1917 monentem:
3478 1850 3611 1906 Cum

2042 1950 2181 1996 metu
2201 1950 2249 1995 et
2276 1942 2482 2006 timore,
2507 1950 2553 1994 et
2577 1950 2798 1995 tremore
2837 1951 3057 1997 vestram
3108 1942 3340 2012 ipsorum
3386 1940 3610 1995 salutem

2044 2032 2333 2102 aperamini
2392 2028 2559 2102 (Phil.
2608 2046 2683 2094 χι,
2735 2020 2867 2101 l2).
2901 2014 3026 2087 Coeli
3076 2045 3334 2101 quoque,
3387 2030 3478 2100 qui
3516 2018 3615 2099 per

2044 2121 2319 2178 Christum
2365 2122 2494 2178 facti
2525 2129 2665 2187 sunt,
2720 2130 2851 2177 tunc
2901 2121 3138 2180 laudant.
3168 2121 3338 2175 Deum
3373 2119 3608 2183 Patrem,

2045 2213 2259 2283 quando
2314 2226 2413 2266 nos
2458 2218 2752 2282 provocant
2800 2211 2868 2265 ad
2900 2208 3113 2265 laudem
3158 2209 3294 2279 ejus.
3352 2208 3611 2264 Calorum

2044 2318 2243 2373 quoque
2272 2300 2484 2355 virtutes
2526 2308 2575 2354 et
2622 2300 2883 2371 seraphim
2929 2298 3307 2364 concelebrant,
3336 2298 3390 2354 id
3428 2307 3529 2365 est,
3557 2300 3615 2353 in

2046 2403 2331 2450 commune
2351 2390 2628 2445 celebrant
2645 2387 2898 2445 concordi
2928 2389 3230 2455 devotione,
3256 2398 3311 2444 et
3342 2391 3613 2445 communi

2044 2479 2240 2549 gaudio
2268 2478 2510 2534 laudant.
2544 2478 2680 2533 Nam
2701 2479 2991 2535 celebritas
3013 2486 3098 2535 est
3117 2488 3413 2535 conventus
3433 2480 3614 2551 populi

2046 2571 2102 2625 in
2151 2570 2308 2626 laude
2341 2588 2354 2624 :
2386 2578 2441 2626 et
2483 2570 2751 2626 celebrata
2782 2570 3012 2626 dicimus
3058 2570 3113 2626 in
3138 2570 3359 2637 celebri,
3419 2570 3472 2625 id
3509 2580 3615 2635 est,

2044 2660 2479 2733 frequentissimo
2507 2668 2774 2717 conventu
2826 2669 2965 2717 acta.
3008 2660 3131 2718 Ideo
3161 2668 3341 2716 autem
3372 2662 3569 2717 dicitur
3594 2702 3608 2725 ,

2046 2751 2171 2827 quia
2186 2750 2520 2819 maiestatem
2537 2753 2703 2818 socia,
2730 2750 2784 2807 id
2808 2744 2913 2817 est,
2927 2750 3116 2819 juncta
3129 2751 3477 2806 exsultatione
3495 2768 3617 2806 con-

2046 2839 2326 2905 celebrant,
2363 2843 2617 2911 quoniam
2645 2844 2762 2897 sine
2790 2844 3189 2899 intermissione
3211 2844 3514 2910 laudantes,
3536 2846 3617 2899 vi-

2048 2931 2231 2986 cissim
2258 2932 2323 2986 de
2347 2930 2437 2985 illo
2478 2939 2535 2984 et
2584 2931 2652 2986 de
2678 2947 2735 2987 se
2762 2933 2815 2987 in
2847 2932 2937 2989 illo
2976 2933 3246 2989 lmtantur.
3304 2934 3460 2990 Hunc
3486 2950 3617 3005 ergo

376 3024 547 3077 Deum
574 3029 629 3077 et
654 3037 783 3087 nos,
808 3028 862 3076 et
895 3023 987 3092 qui
1018 3030 1100 3077 est
1125 2996 1363 3092 pontifex
1406 3021 1740 3091 pontificum.
1785 3018 1942 3075 Chri-
1972 2996 2017 3058 (ἶ
2050 3024 2289 3079 omnium
2315 3032 2614 3077 creatorem
2662 3032 2719 3077 et
2742 3032 3004 3080 rectorem
3036 3025 3255 3078 laudant
3282 3034 3337 3079 et
3366 2996 3615 3080 concele-

375 3124 487 3169 stus
516 3113 723 3179 Grmce,
756 3112 944 3167 Latine
983 3113 1183 3167 dicitur
1220 3120 1431 3167 unctus.
1478 3112 1686 3168 Unctus
1724 3118 1807 3166 est
1849 3110 1947 3166 Dei

375 3203 542 3258 Filius
597 3202 889 3258 secundum
933 3201 1347 3265 humanitatem,
1404 3214 1511 3254 non
1559 3200 1678 3255 oleo
1725 3200 1942 3265 visibili,

375 3310 485 3363 quo
520 3296 854 3365 ungebantur
883 3308 1035 3363 reges
1059 3301 1113 3348 et
1153 3292 1479 3356 sacerdotes,
1531 3305 1717 3348 verum
1766 3303 1945 3359 regem

376 3393 431 3438 et
461 3385 792 3440 sacerdotem
822 3386 1229 3455 praefigurantes
1261 3382 1549 3437 Dominum
1585 3390 1829 3436 nostrum
1853 3380 1945 3436 Je-

303 3465 307 3469 ’
381 3457 825 3539 ειιπινϐὴιτίεωιὶι,
893 3474 985 3530 sed
1027 3474 1361 3543 plenitudine
1394 3472 1691 3529 divinitatis
1724 3479 1781 3526 et
1809 3472 1948 3526 dono

380 3561 587 3633 gratim,
633 3563 775 3631 quod
805 3561 1001 3617 visibili
1028 3561 1270 3629 signatur
1296 3567 1593 3629 unguento,
1634 3575 1740 3628 quo
1776 3559 1949 3627 bapti-

380 3662 529 3708 zatos
554 3650 729 3722 jungit
758 3651 1016 3706 Ecclesia.
1054 3650 1301 3705 Christus
1348 3656 1526 3703 tamen
1563 3663 1668 3702 non
1703 3656 1833 3703 tunc
1867 3655 1951 3703 est

380 3751 571 3798 unctus
600 3740 801 3812 Spiritu
846 3750 1065 3806 sancto,
1104 3741 1316 3810 quando
1345 3754 1505 3811 super
1547 3755 1673 3795 eum
1701 3738 1946 3807 baptiza-

382 3842 497 3889 tum
544 3834 683 3887 sicut
734 3832 978 3886 columlia
1028 3832 1327 3896 descendit;
1382 3839 1509 3884 tunc
1552 3829 1696 3883 enim
1752 3843 1950 3897 corpus

383 3938 557 3985 suum,
586 3923 639 3975 id
668 3930 770 3986 est,
798 3920 1092 3975 Ecclesiam
1122 3920 1469 3990 praetigurare
1490 3914 1737 3988 dignattis
1764 3926 1863 3981 est,
1893 3918 1949 3972 in

380 4025 484 4079 qua
542 4010 799 4077 baptizati
854 4010 1127 4079 accipiunt
1181 4007 1442 4079 Spiritum
1508 4014 1753 4061 sanctum
1797 4022 1811 4059 :
1856 4008 1949 4061 sed

380 4103 604 4173 mystica
642 4102 893 4155 unctione
918 4107 1049 4155 tunc
1075 4105 1268 4154 unctus
1305 4107 1406 4161 est,
1451 4096 1665 4166 quando
1700 4096 1949 4152 veniente

384 4190 623 4262 [angelo]
670 4190 737 4244 ad
782 4188 1002 4243 Mariam
1044 4188 1305 4266 virginem
1350 4173 1537 4240 uterus
1584 4184 1819 4255 repletus
1866 4193 1950 4240 est

385 4280 587 4347 Spiritu
629 4286 845 4344 sancto,
907 4278 1011 4334 hoc
1057 4286 1158 4343 est,
1210 4276 1421 4346 quando
1469 4275 1703 4329 humana
1751 4283 1943 4330 natura

383 4372 499 4425 sine
549 4370 671 4426 ullis
725 4362 1147 4442 praecedentibus
1196 4370 1460 4424 bonorum
1509 4380 1732 4437 Operum
1780 4366 1945 4422 meri-

386 4461 494 4525 tis,
550 4460 658 4515 Deo
713 4475 844 4516 vero
897 4461 952 4514 in
1010 4446 1163 4515 utero
1214 4458 1439 4528 virginis
1493 4466 1575 4513 est
1628 4458 1701 4512 ita
1751 4456 1899 4510 unita
1928 4484 1956 4519 ,-

386 4560 444 4607 ut
468 4566 590 4607 cum
614 4552 703 4605 illo
722 4568 827 4605 una
854 4551 1007 4605 ﬁeret
1030 4566 1257 4620 persona
1286 4569 1300 4605 :
1324 4552 1467 4607 unde
1497 4559 1550 4607 et
1572 4551 1641 4606 ob
1681 4551 1784 4606 hoc
1818 4563 1946 4604 con-

388 4641 599 4696 litemur
650 4640 797 4693 illum
849 4648 1033 4697 natum
1066 4640 1134 4693 de
1183 4639 1385 4709 Spiritu
1431 4649 1617 4696 sancto
1661 4655 1727 4694 ex
1779 4638 1945 4692 Maria

386 4732 610 4803 virgine.
643 4730 919 4785 .Unctione
960 4738 1138 4783 autem
1184 4729 1289 4785 olei
1328 4728 1639 4798 designatur
1673 4726 1947 4797 plenitudo

387 4820 621 4890 Spiritus
668 4821 839 4876 sancti
869 4861 884 4886 ,
933 4820 1186 4889 quoniam
1234 4820 1373 4875 sicut
1415 4817 1534 4875 oleo
1578 4820 1781 4888 optimo
1828 4834 1948 4874 cor-

384 4926 486 4979 pus
509 4908 785 4979 perfusum
812 4920 1022 4965 recreat
1061 4911 1211 4977 illud,
1256 4919 1417 4980 atque
1461 4923 1715 4965 recreans
1751 4909 1949 4979 jucun-

389 5001 508 5055 dius
547 5000 761 5055 reddit:
791 5000 869 5053 sic
900 5008 957 5054 et
986 5002 1160 5069 gratia
1188 5001 1421 5072 Spiritus
1458 5000 1627 5055 sancti
1656 5015 1768 5064 cor,
1806 5001 1948 5070 quod

391 5089 695 5159 repleverit,
725 5089 780 5142 in
804 5102 987 5143 amore
1016 5098 1071 5144 et
1096 5090 1379 5157 dilectione
1413 5089 1507 5145 Dei
1530 5088 1768 5162 perfecte
1794 5106 1949 5161 repa-

394 5192 536 5241 rans,
572 5192 784 5233 omnem
818 5177 1025 5231 timoris
1051 5178 1378 5245 mmstitiam,
1413 5193 1575 5249 quam
1594 5194 1693 5250 pro
1713 5179 1949 5249 peccatis

395 5266 566 5333 primo
604 5272 983 5330 contraxerat,
1011 5266 1079 5321 ab
1107 5281 1204 5327 ore
1237 5266 1479 5337 repellit,
1507 5278 1563 5324 et
1592 5270 1645 5325 in
1674 5267 1950 5323 charitatis

398 5354 551 5425 501
565 5356 895 5423 perfectione
914 5357 1256 5423 conﬁrmans,
1274 5358 1341 5415 de
1361 5375 1459 5430 spe
1475 5362 1599 5415 vitae
1625 5367 1837 5415 aeternae
1862 5373 1956 5413 ex—

743 5449 997 5520 gaudiutn
1040 5449 1433 5508 subministrat.
1466 5449 1571 5508 Per
1608 5469 1759 5520 quem
1798 5450 1956 5521 Chri-

408 5548 549 5593 stum
586 5540 906 5607 majestatem
934 5554 1076 5597 tuam
1133 5543 1350 5597 laudant
1379 5546 1567 5615 angeli,
1600 5545 1723 5615 quia
1771 5556 1865 5612 per
1891 5542 1950 5595 il-

2049 3114 2215 3168 brant
2236 3112 2381 3176 caeli,
2406 3113 2543 3191 sicut
2573 3126 2694 3166 cum
2736 3112 2958 3168 laudant
2979 3112 3057 3168 sol
3083 3121 3137 3167 et
3182 3113 3332 3191 lu’na,
3371 3113 3538 3168 stella:
3566 3124 3620 3168 et

2046 3202 2247 3258 lumen.
2276 3188 2430 3258 Unde
2456 3202 2508 3256 in
2532 3202 2740 3273 psalmo
2760 3202 2957 3257 dicitur
2982 3218 2996 3255 :
3025 3188 3260 3259 Laudate
3286 3220 3427 3268 eum,
3458 3203 3536 3257 sol
3565 3213 3614 3257 et

2046 3292 2170 3346 luna
2199 3306 2216 3343 :
2245 3307 2435 3361 usque,
2487 3309 2659 3363 aquw,
2700 3309 2816 3363 qum
2865 3310 3019 3363 super
3069 3292 3221 3347 cmlos
3267 3301 3388 3346 sunt
3440 3290 3613 3363 (Psal.

2046 3398 2259 3447 cxnvu,
2294 3382 2370 3453 3).
2444 3380 2502 3437 ln
2551 3383 2751 3453 hymno
2802 3398 3021 3455 quoque
3082 3384 3245 3438 trium
3276 3398 3618 3453 puerorum,

2048 3471 2145 3526 Dei
2182 3472 2249 3527 ad
2288 3470 2499 3527 laudem
2546 3473 2812 3527 elementa
2856 3473 3036 3527 omnia
3081 3481 3479 3542 provocamur:
3512 3478 3618 3531 non

2048 3561 2193 3631 quod
2212 3559 2481 3614 elementa
2511 3568 2658 3614 muta
2685 3562 2919 3616 habeant
2952 3576 3168 3615 sensum
3198 3560 3471 3628 laudandi,
3520 3565 3615 3619 sed

2047 3648 2192 3717 quod
2220 3654 2411 3703 cuncta
2456 3648 2595 3704 bene
2618 3649 2875 3719 cogitata,
2919 3647 3131 3713 laudem
3158 3649 3390 3719 pariant,
3425 3658 3479 3707 et
3510 3651 3614 3707 im-

2048 3739 2224 3809 pletur
2246 3753 2342 3795 cor
2380 3738 2809 3794 consideratione
2852 3746 3117 3795 creatura!
3157 3738 3222 3793 ad
3258 3741 3613 3799 eructandum

2049 3826 2309 3895 hymnum
2341 3823 2591 3905 creatori.
2636 3822 2703 3878 Et
2732 3823 2859 3895 quia
2884 3820 3104 3905 longum
3134 3822 3237 3878 fuit
3268 3823 3321 3879 in
3352 3824 3455 3879 ista
3493 3842 3617 3896 gra-
3688 3880 3691 3883 .

2053 3918 2251 3971 tiarum
2303 3903 2513 3973 actione
2563 3924 2703 3972 totos
2755 3903 3065 3987 angelorum
3115 3917 3367 3983 ordines,
3424 3919 3515 3987 qui
3567 3918 3620 3973 in

2052 4005 2345 4076 Scripturis
2380 4022 2572 4061 novem
2626 4008 2972 4061 inveniuntur
2997 4047 3011 4073 ,
3056 4021 3258 4077 ponere
3284 4044 3298 4071 ,
3330 4006 3619 4078 sigillatum

2049 4103 2172 4163 post
2201 4094 2369 4150 caelos
2396 4102 2670 4163 ponuntur
2714 4088 2962 4161 virtutes,
3011 4111 3117 4164 quo
3153 4095 3368 4149 nomine
3429 4111 3621 4154 omnes

2051 4186 2302 4241 caelestes
2354 4186 2578 4256 spiritus
2603 4186 2927 4257 generaliter
2966 4184 3220 4256 appellari
3251 4185 3446 4252 solent,
3478 4194 3538 4241 ut
3563 4188 3621 4243 in

2050 4277 2257 4348 psalmo
2283 4296 2294 4329 :
2318 4277 2572 4332 Dominus
2596 4276 2843 4333 uirtutum
2888 4278 2996 4347 ipse
3019 4285 3091 4330 est
3119 4292 3205 4330 rex
3228 4274 3411 4347 gloria
3444 4273 3616 4347 (Psal.

2051 4384 2210 4436 xxnt,
2266 4367 2377 4439 10).
2408 4368 2477 4425 Et
2525 4369 2719 4425 iterum
2748 4358 2765 4422 Ξ
2825 4364 2985 4422 Verbo
3016 4360 3378 4422 Dominicmli
3424 4367 3620 4436 firmati

2050 4450 2190 4522 sunt,
2217 4467 2263 4511 et
2312 4458 2500 4527 spiritu
2527 4458 2632 4521 oris
2669 4456 2781 4527 ejus
2822 4459 2989 4513 omnis
3021 4457 3181 4512 virtus
3230 4473 3407 4511 eorum
3446 4454 3615 4530 (Psal.

2052 4564 2221 4613 xxxii,
2238 4542 2313 4619 6).
2327 4546 2409 4603 Ad
2422 4546 2667 4603 ultimum
2682 4558 2955 4617 ponuntur
2973 4548 3265 4619 seraphim,
3282 4550 3373 4619 qui
3388 4556 3471 4604 est
3482 4563 3621 4604 sum-

2054 4656 2172 4695 mus
2194 4640 2327 4695 ordo
2348 4637 2712 4708 angelicorum
2736 4639 3044 4709 spirituum,
3063 4649 3117 4695 et
3144 4654 3270 4695 vere
3297 4641 3477 4707 beata,
3500 4638 3619 4712 qua:

2052 4748 2120 4787 ex
2152 4730 2410 4803 singulari
2435 4728 2837 4800 propinquitate
2866 4728 3128 4785 creatoris
3167 4730 3251 4785 sui
3285 4731 3618 4801 incompara-

2048 4824 2140 4878 bili
2176 4820 2366 4877 ardent
2390 4825 2598 4879 ‘atnore.
2626 4817 2777 4874 Unde
2800 4827 2855 4874 et
2881 4807 3136 4877 ardentes
3166 4820 3249 4876 vel
3273 4819 3621 4877 incendentes

2050 4913 2491 4983 interpretantur.
2544 4907 2835 4965 Sciendum
2871 4919 3050 4965 autem
3088 4908 3231 4981 quod
3264 4909 3545 4966 cherubim
3566 4918 3616 4963 et

2048 5004 2318 5081 seraphitn
2347 5015 2507 5075 perm
2532 4998 2770 5055 litteram
2795 5001 3025 5070 prolata,
3048 4998 3204 5070 juxta
3235 5001 3620 5074 proprietatem

2050 5096 2243 5165 linguae
2265 5093 2512 5156 bebrzz,
2529 5091 2815 5147 masculini
2832 5099 2957 5147 sunt
2976 5090 3189 5165 generis
3203 5098 3259 5147 et
3277 5088 3501 5162 pluralis
3523 5105 3622 5143 nn-

2050 5185 2187 5240 meri
2200 5188 2427 5241 tantum.
2445 5178 2503 5236 Si
2520 5189 2699 5238 autem
2713 5196 2811 5252 per
2824 5197 2857 5235 n
2873 5180 3107 5237 litteram
3122 5177 3389 5243 dicantur,
3406 5178 3547 5235 sicut
3564 5180 3621 5234 in

2051 5270 2270 5344 psalmis
2290 5280 2343 5326 et
2369 5272 2604 5341 hymnis,
2635 5272 2762 5328 etin
2800 5270 3050 5343 praesenti
3076 5268 3369 5342 gratiarum
3408 5267 3622 5324 actione

2054 5362 2290 5433 ponitur,
2303 5358 2489 5417 (ἔνθεα
2503 5357 2861 5416 declinatione
2873 5358 2927 5415 in
2941 5357 3186 5415 neutrale
3222 5372 3392 5429 genus
3413 5366 3625 5413 mutan-

2061 5463 2166 5509 tur.
2205 5450 2495 5506 Velutcum
2521 5451 2752 5510 dicimus
2772 5449 2948 5506 lucida
2961 5448 3163 5511 sidera,
3184 5448 3428 5517 speciosa
3444 5462 3624 5503 nemo-

2063 5560 2139 5610 ra,
2156 5541 2387 5613 jucnnda
2404 5540 2607 5606 littora,
2630 5540 2706 5596 sic
2721 5549 2773 5594 et
2789 5541 2945 5595 beata
2970 5536 3238 5605 seraphim
3253 5534 3445 5592 neutro
3464 5552 3625 5609 geno-
