4232 6224
625 355 762 409 1255

1449 347 1506 399 Β.
1554 347 1613 399 F.
1652 344 1875 400 ALBINI
1915 343 2042 398 SEU
2083 338 2354 396 ALCUINI
2391 337 2672 394 OPERUM
2710 339 2886 394 PARS
2920 339 3007 392 IX.

3711 342 3885 398 1256.

621 484 683 522 re
708 459 1612 535 etpluralinumeroaccipiamus'.
1641 457 1710 512 Ut
1734 465 1912 510 autem
1934 452 2183 508 adsolum
2215 459 2262 516 Α
2290 451 2423 520 (Jer.
2479 466 2631 513 xxiii,
2679 450 2790 517 24).
2823 450 3194 519 Adiunguntur
3239 456 3418 503 autem
3464 451 3594 505 huic
3640 445 3842 522 hymn'o

625 554 836 607 Patrem
877 552 1140 621 dirigatur
1166 550 1360 613 oratio,
1390 565 1512 602 cum
1540 547 1706 600 totius
1730 552 1930 599 sanctae
1953 542 2184 595 Trinita-

625 644 719 707 tis,
752 643 892 698 sicut
917 657 1020 695 una
1041 648 1125 694 est
1148 639 1422 702 divinitas,
1452 638 1524 690 ita
1550 635 1772 704 :equalis
1799 636 1970 687 honor
1993 641 2047 685 et
2073 630 2182 699 glo—

625 733 879 798 rilicatio,
925 731 977 786 id
1003 731 1227 800 apostoli
1257 739 1441 784 sancto
1477 744 1574 796 per
1614 742 1706 781 eos
1753 725 2035 779 ordinante
2065 722 2183 790 Spi-

628 824 736 879 ritu
779 829 1093 886 sanxerunt,
1148 821 1317 888 utqui
1359 818 1647 872 multorum
1694 816 1918 870 deorum
1970 826 2184 866 errores

626 915 786 968 unius
838 913 936 968 Dei
987 912 1369 982 praedicatione
1413 908 1726 961 nitebantur
1766 905 2032 966 evellere,
2084 902 2184 956 sub

627 1005 909 1060 Trinitatis
933 1010 1270 1056 sacramento
1298 998 1388 1051 uni
1413 1012 1658 1065 persona:
1694 996 1748 1047 in
1801 992 2184 1047 sacriﬁciorum

627 1095 740 1148 ritu
761 1107 882 1147 esse
925 1089 1330 1160 supplicandum
1372 1088 1762 1141 decernerent:
1799 1098 1864 1136 ne
1910 1081 1998 1149 qui
2023 1095 2185 1132 unum

632 1184 798 1239 Deum
826 1181 1206 1252 pradicabant,
1232 1178 1285 1230 in
1309 1175 1571 1246 pluralem
1601 1172 1893 1226 divinitatis
1907 1182 2186 1223 numerum

630 1275 883 1329 incidisse
908 1279 1283 1342 arguerentur,
1311 1277 1366 1320 et
1388 1266 1512 1334 quia
1538 1264 1695 1317 Pater
1716 1270 1769 1314 et
1794 1260 1957 1313 Filius
1984 1267 2038 1312 et
2069 1257 2188 1326 Spi-

632 1366 770 1419 ritus
806 1369 1045 1424 sanctus,
1077 1359 1236 1412 unius
1290 1353 1524 1416 deitatis,
1575 1352 1733 1406 unius
1767 1357 1990 1411 naturai,
2031 1347 2191 1398 unius

630 1452 965 1515 substantiae,
1020 1441 1179 1503 unius
1207 1446 1436 1513 denique
1481 1441 1760 1511 potestatis
1804 1438 2056 1500 existunt,
2086 1449 2191 1488 una

632 1562 697 1599 ex
732 1545 810 1597 eis
831 1555 1062 1611 persona
1102 1546 1319 1607 propter
1349 1534 1572 1589 unitatis
1597 1529 1911 1600 mysterium
1957 1526 2191 1579 retinen-

633 1638 760 1691 dum
787 1635 840 1688 in
875 1630 1142 1686 sacriﬁcio
1173 1629 1551 1687 invocaretur;
1585 1636 1682 1675 nec
1708 1619 1811 1672 alia
1856 1615 2059 1680 debuit,
2089 1614 2191 1668 nisi

2283 540 2611 610 angelorum,
2647 548 2856 609 sumpta
2911 555 2977 594 ex
3023 539 3311 610 Evangelio
3350 541 3515 594 verba
3563 542 3840 600 turbarum

2282 629 2611 684 laudantium
2644 630 2808 684 Deum
2835 639 2890 684 et
2911 645 3089 700 regem
3120 639 3363 684 nostrum
3393 631 3700 686 venientem
3723 632 3845 688 Hie-

2284 722 2609 790 rosolymam
2635 761 2648 784 ,
2704 729 2864 791 atque
2912 721 3203 776 dicentium
3236 740 3247 774 ί
3283 719 3497 774 Osanna
3536 721 3593 774 in
3635 723 3845 780 excelsis

2283 810 2477 882 (Marc.
2523 827 2597 874 ιι,
2640 812 2748 882 10),
2789 819 2843 866 et
2884 813 3109 882 reliqua.
3153 813 3230 866 lta
3275 813 3419 866 enim
3466 827 3535 866 ex
3569 813 3843 883 Scriptura

2283 901 2593 968 prophetica
2625 900 2781 970 502
2815 910 2869 955 et
2893 901 3200 972 evangelica
3223 903 3524 972 completur
3546 903 3701 972 plena
3736 904 3845 964 lau-

2286 991 2450 1056 datio,
2479 1007 2598 1044 cum
2627 1000 2748 1059 post
2780 991 2993 1045 laudern
3039 1000 3094 1045 et
3123 993 3346 1063 gloriam
3382 1000 3581 1048 sancta:
3612 993 3845 1048 Trinita-

2286 1081 2355 1134 tis
2408 1080 2714 1150 adjungitur
2757 1083 2919 1136 etiam
2981 1085 3275 1152 gratiarum
3328 1085 3470 1137 actio
3521 1085 3588 1136 de
3618 1083 3844 1137 adventu

2285 1168 2601 1232 Salvatoris,
2660 1171 2750 1238 qui
2784 1187 2923 1225 unus
2969 1186 3037 1224 ex
3069 1172 3184 1240 ipsa
3229 1172 3491 1239 Trinitate
3533 1188 3631 1241 pro
3679 1173 3844 1228 salute

2287 1271 2471 1314 nostra
2504 1262 2664 1314 homo
2688 1262 2860 1316 factus
2882 1269 2982 1324 est,
3017 1270 3070 1315 et
3093 1263 3332 1317 eamdem
3371 1264 3596 1317 salutem
3623 1265 3846 1317 morien-

2288 1353 2356 1406 do
2399 1360 2454 1406 et
2484 1354 2806 1423 resurgendo
2840 1353 3083 1421 perfecit.
3119 1354 3270 1409 Unde
3301 1355 3493 1407 merito
3529 1354 3604 1407 illi
3649 1355 3845 1424 gratias

2288 1452 2528 1513 agentes,
2560 1444 2824 1500 dicimus:
2855 1443 3091 1510 Osanna,
3114 1447 3166 1501 id
3180 1456 3297 1512 'est,
3321 1447 3486 1513 salus,
3518 1449 3572 1501 in
3610 1426 3842 1501 excelsis;

2291 1533 2440 1588 Unde
2463 1534 2516 1586 in
2531 1533 2739 1601 psalmo
2764 1553 2775 1586 :
2807 1533 3016 1588 Domini
3037 1545 3113 1588 est
3137 1537 3281 1589 salus
3309 1534 3478 1606 (Psal.
3506 1551 3586 1600 ιιι,
3613 1533 3688 1605 9).
3715 1535 3847 1589 Bec-

2291 1635 2345 1680 te
2373 1640 2583 1694 quoque
2617 1624 2992 1695 subjungitur:
3029 1626 3340 1680 Benedictus
3370 1627 3458 1697 qui
3500 1628 3634 1680 venit
3659 1627 3715 1679 in
3753 1643 3846 1680 no-

632 1743 752 1797 qua:
781 1727 954 1796 prima
979 1731 1082 1785 est,
1116 1721 1170 1773 in
1216 1733 1324 1787 qua
1351 1716 1467 1770 dua:
1491 1721 1697 1768 caetera:
1726 1703 2062 1762 naturaliter'
2080 1718 2194 1797 αιτι-
2229 1791 2263 1797 _
2291 1715 2438 1780 τηίηε,
2453 1714 2685 1777 Domini,
2704 1712 2858 1780 juxta
2883 1715 3025 1784 quod
3053 1716 3164 1784 ipse
3198 1715 3275 1769 ait
3297 1717 3352 1769 in
3379 1715 3670 1785 Evangelio
3698 1733 3710 1767 :
3737 1713 3847 1784 Ego

633 1825 824 1872 nentes
846 1814 1104 1867 existunt.
1130 1806 1262 1862 Cum
1283 1806 1466 1876 quibus
1492 1813 1538 1857 et
1573 1810 1778 1855 nostras
1803 1813 1969 1861 voces,
1990 1803 2043 1848 et
2064 1794 2189 1848 reli-
2224 1791 2270 1850 Β
2294 1807 2406 1858 ueni
2433 1806 2486 1857 ξη
2517 1804 2718 1857 nomine
2759 1803 2932 1858 pam',
2965 1807 3064 1858 ,ηεξ
3105 1806 3283 1878 (1mm
3317 1821 3368 1869 ν’
3396 1806 3508 1876 ιδ),
3555 1806 3850 1860 Assumum

636 1923 762 1977 qua.
788 1906 960 1958 Voces
986 1899 1295 1970 angelorum
1326 1902 1451 1949 sunt
1469 1894 1524 1946 in
1555 1890 1712 1945 laude
1741 1886 2053 1949 conditoris,
2079 1884 2194 1951 ipsa

637 1995 926 2051 admiratio
947 1992 1146 2046 intima:
1163 1983 1646 2053 contemplationis.
1674 1979 1871 2048 Quales
1889 1993 2015 2048 ergo
2039 1990 2195 2044 opor-

637 2099 714 2144 tet
727 2102 845 2143 esse
856 2099 1013 2140 voces
1027 2091 1260 2145 nostras,
1275 2094 1407 2149 quas
1424 2078 1478 2130 in
1494 2082 1781 2144 conspectu
1797 2072 1889 2125 Dei
1903 2084 2024 2122 cum
2042 2081 2197 2137 angeo

635 2181 755 2234 licis
775 2176 1019 2231 laudibus
1037 2171 1390 2241 deprecamur
1403 2166 1636 2228 admitti,
1663 2164 1718 2217 id
1743 2170 1846 2226 est,
1877 2157 2198 2214 intromitti?

637 2269 836 2338 Utique
863 2266 996 2319 tales
1021 2276 1180 2316 voces
1204 2274 1308 2314 non
1327 2266 1454 2312 sunt
1476 2258 1529 2311 in
1551 2271 1682 2310 sono
1703 2253 1834 2316 oris,
1860 2251 1954 2306 sed
1984 2251 2037 2303 in
2061 2249 2200 2303 desi-

639 2360 789 2413 derio
802 2353 997 2410 cordis.
1013 2353 1186 2408 Voces
1197 2348 1339 2405 enim
1357 2348 1496 2416 apud
1508 2344 1896 2400 secretissimas
1920 2354 2082 2394 aures
2105 2338 2200 2392 Dei

639 2465 747 2505 non
762 2447 963 2503 faciunt
981 2445 1146 2499 verba
1160 2450 1367 2504 nostra,
1390 2439 1483 2492 sed
1496 2434 1761 2491 desideria
1776 2449 1791 2498 ;
1815 2441 1870 2486 et
1883 2431 2008 2500 quia
2021 2443 2204 2496 super-

640 2555 710 2595 na
723 2538 912 2593 civitas
925 2551 992 2591 ex
1005 2533 1210 2604 angelis
1223 2540 1277 2587 et
1288 2529 1591 2606 hominibus
1603 2533 1830 2589 constat,
1847 2522 2035 2576 merito
2048 2535 2201 2574 sanc-

641 2636 698 2685 ta
719 2625 971 2688 Ecclesia,
989 2639 1108 2693 qua:
1121 2623 1225 2676 illis
1254 2618 1506 2676 socianda
1518 2623 1602 2671 est
1626 2616 1677 2668 in
1693 2613 1851 2677 coelo,
1879 2619 1933 2665 et
1958 2624 2080 2664 cum
2099 2608 2203 2662 illis

641 2723 698 2776 in
731 2720 823 2774 Dei
848 2717 1094 2772 laudibus
1129 2723 1502 2783 permansura,
1519 2706 1632 2776 jam
1656 2719 1798 2758 nunc
1819 2701 1951 2771 ipsis
1982 2698 2203 2754 vocibus

643 2816 811 2869 Deum
854 2810 1033 2865 laudat
1058 2808 1111 2861 in
1165 2805 1346 2868 terris,
1396 2801 1590 2870 quibus
1637 2812 1758 2851 eum
1811 2792 1982 2849 sancti
2033 2788 2204 2860 angeli

639 2906 863 2980 laudant
889 2905 941 2956 in
963 2899 1113 2955 caelis
1141 2917 1153 2950 :
1189 2905 1242 2950 et
1264 2897 1370 2949 hoc
1389 2907 1494 2946 non
1524 2889 1751 2957 superba
1769 2882 2201 2956 prmsumptione,

645 2971 998 3060 sed-supplici
1035 2985 1372 3051 confessione,
1421 2979 1472 3033 id
1512 2987 1612 3042 est,
1675 2975 1865 3031 humili
1895 2974 2089 3036 laude;
2129 2971 2207 3024 sic

647 3083 958 3139 desiderans
1011 3077 1343 3145 majestatcm
1379 3070 1470 3125 Dei
1502 3069 1721 3124 credere
1755 3075 1810 3120 et
1858 3061 2099 3118 confiteri
2151 3059 2205 3112 in

2295 1901 2474 1946 autem
2516 1887 2688 1947 laudis
2731 1892 3055 1947 versiculum
3102 1893 3268 1946 turba:
3321 1892 3387 1947 de
3439 1891 3648 1961 psalmo
3687 1893 3847 1956 cxvu,

2293 1999 2450 2054 quem
2487 1985 2554 2038 de
2603 1985 2828 2038 Domino
2874 1999 2993 2038 esse
3043 1992 3318 2038 cantatum
3372 1983 3714 2038 manifestum
3748 1991 3846 2045 est,

2294 2075 2434 2144 quod
2456 2075 2599 2127 enim
2631 2074 2836 2133 dicunt.
2871 2071 3107 2138 Osanna,
3139 2074 3382 2136 hoc‘est,
3428 2073 3570 2142 quod
3603 2073 3679 2126 ibi
3723 2073 3852 2127 dici-

2296 2173 2414 2217 tur:
2450 2161 2493 2216 O
2517 2163 2756 2226 Domine,
2791 2160 2989 2215 salvum
3010 2178 3089 2215 me
3109 2163 3215 2232 fac,
3241 2178 3270 2215 o
3293 2161 3528 2227 Domine,
3554 2177 3853 2232 prosperare

2297 2249 2636 2320 (Psal.cxvu,
2661 2248 2751 2317 25)
2784 2265 2798 2313 ;
2824 2256 2878 2301 et
2915 2249 3096 2302 statim
3125 2250 3324 2304 eisdem
3369 2248 3549 2303 verbis
3579 2248 3856 2317 subjungi-

2299 2350 2422 2395 tur:
2452 2339 2757 2392 Benedictus
2803 2339 2892 2407 qui
2947 2338 3080 2391 venit
3106 2338 3162 2391 in
3184 2339 3386 2391 nomine
3422 2337 3652 2392 Domini.
3705 2336 3854 2402 Quod

2297 2445 2426 2485 vero
2446 2428 2784 2497 subjungitur
2805 2425 3041 2492 Osanna,
3073 2428 3128 2481 id
3157 2434 3259 2492 est,
3282 2426 3426 2481 salus
3456 2427 3568 2482 sive
3593 2425 3854 2492 salvitica,

2297 2521 2354 2574 in
2381 2519 2614 2582 excelsis,
2644 2526 2828 2586 aperte
2851 2518 3006 2572 docet
3041 2504 3328 2572 adventum
3357 2518 3566 2571 Domini
3592 2519 3646 2571 in
3675 2532 3853 2582 carne,

2300 2624 2407 2662 non
2436 2607 2604 2661 solum
2618 2607 2838 2659 humani
2860 2607 3072 2675 generis
3097 2607 3151 2659 in
3181 2616 3344 2670 terra,
3367 2608 3461 2660 sed
3477 2615 3530 2659 et
3551 2607 3856 2676 angelorum

2302 2700 2356 2754 in
2390 2699 2539 2754 cmlis
2589 2713 2708 2752 esse
2758 2697 3019 2751 salutem:
3053 2698 3179 2767 quia
3210 2695 3335 2752 dum
3363 2713 3463 2752 nos
3502 2698 3760 2768 redempti
3788 2697 3857 2751 ad

2304 2803 2530 2859 superna
2557 2788 2917 2865 perducimur,
2963 2802 3149 2842 eorum
3186 2802 3463 2851 numerus,
3513 2788 3603 2856 qui
3632 2789 3855 2842 cadente

2306 2878 2504 2934 Satana
2551 2887 2667 2931 erat
2714 2877 3026 2932 imminutus
3054 2918 3069 2942 ,
3127 2877 3394 2946 impletur.
3451 2877 3619 2930 flecte
3655 2877 3854 2948 igitur,

2309 2969 2523 3026 Osanna
2553 2971 2606 3024 in
2633 2970 2868 3034 excelsis,
2927 2968 2984 3022 in
3014 2968 3127 3035 ejus
3156 2968 3312 3039 laude
3349 2968 3579 3032 canitur,
3628 2968 3711 3022 cui
3749 2974 3856 3022 tota

2310 3057 2695 3112 incarnationis
2721 3055 3045 3125 dispensatio
3066 3070 3163 3124 pro
3188 3054 3450 3123 implenda
3481 3055 3643 3124 gloria
3675 3057 3859 3123 patria:

649 3173 866 3236 mundo,
893 3171 1031 3223 sicut
1064 3121 1132 3219 ab
1158 3162 1363 3231 angelis
1389 3161 1599 3214 videtur
1625 3164 1680 3210 et
1725 3154 1968 3207 laudatur
1995 3151 2048 3203 in
2096 3162 2205 3219 cmf
2232 3121 2278 3183 (ἶ
2309 3149 2542 3203 caelestis
2572 3121 2833 3218 apparuit.
2867 3121 3151 3214 Hucusque
3179 3121 3421 3216 praefatio
3450 3121 3505 3200 et
3535 3121 3858 3210 exhortatio,

647 3263 744 3326 lo;
795 3263 906 3314 haec
939 3257 1081 3310 enim
1134 3251 1400 3310 confessio
1434 3263 1541 3300 non
1577 3253 1660 3300 est
1699 3241 1927 3314 peccati,
1965 3237 2059 3293 sed
2099 3237 2207 3290 lau-

650 3352 737 3407 dis
758 3358 811 3404 et
838 3349 1130 3418 gratiarum
1157 3343 1401 3398 actionis.
1435 3339 1552 3395 Una
1574 3339 1737 3408 igitur
1761 3333 2116 3393 confessione,
2156 3329 2207 3382 id

651 3450 755 3496 est.
787 3437 948 3491 laude
993 3446 1048 3489 et
1067 3435 1362 3504 gratiarum
1392 3430 1602 3482 actione
1625 3428 1737 3496 jam
1783 3439 1924 3477 nunc
1967 3421 2208 3475 homines

654 3547 776 3585 cum
801 3527 1003 3599 angelis
1051 3525 1346 3587 sociantur,
1395 3520 1672 3575 laudantes
1719 3518 1784 3571 de
1826 3512 2131 3569 coelestibus
2159 3520 2213 3564 et

653 3619 1025 3680 terrestribus,
1071 3623 1326 3683 tanquam
1354 3625 1497 3675 cum,
1527 3608 1616 3678 qui
1653 3606 1779 3660 fecit
1801 3604 1995 3659 cmlum
2026 3609 2079 3654 et
2107 3609 2212 3652 ter-

653 3726 795 3772 ram,
832 3716 885 3760 et
907 3707 1145 3761 dicentes
1174 3701 1186 3755 ὲ
1215 3700 1462 3765 Sanctus,
1502 3697 1744 3759 Sanctus,
1785 3695 2009 3749 Sanctus
2038 3689 2213 3743 Domi-
2249 3707 2255 3718 ι

656 3818 753 3856 nus
782 3797 922 3852 Deus
959 3793 1206 3856 Sabaoth,
1237 3789 1378 3860 pleni
1422 3796 1540 3840 sunt
1579 3785 1730 3857 (Isai.
1763 3799 1838 3846 v1,
1868 3781 1943 3852 3),
1993 3787 2048 3834 et
2085 3779 2212 3833 reli~

656 3906 782 3964 qua.
806 3890 925 3943 Ista:
961 3893 1085 3940 sunt
1111 3897 1270 3936 voces
1301 3880 1608 3950 angelorum
1643 3875 1976 3931 laudantium
2024 3873 2076 3925 in
2100 3885 2210 3925 coe—

656 3983 743 4035 lis.
783 3980 937 4033 Hunc
952 3978 1210 4045 hymnum
1235 3970 1415 4042 gloria:
1440 3970 1557 4033 Dei,
1591 3977 1647 4023 et
1695 3968 1860 4022 Isaias
1909 3980 1967 4019 se
2006 3963 2215 4016 audisse

661 4073 975 4130 testatur,et
997 4061 1227 4116 Joannes
1257 4061 1310 4112 in
1323 4057 1637 4127 Apocalypsi
1660 4054 1839 4124 (Apoc.
1868 4069 1941 4115 iv,
1974 4051 2050 4121 8).
2075 4051 2216 4117 Ergo

660 4174 766 4214 non
796 4158 1029 4210 humano
1058 4151 1278 4206 arbitrio
1306 4190 1321 4214 ,
1349 4149 1441 4203 sed
1470 4148 1746 4216 utriusque
1773 4145 2064 4213 Scripturaa
2086 4157 2215 4196 auc-

662 4251 881 4308 toritate
927 4245 1231 4315 conjuncta,
1265 4240 1495 4296 dicimus
1546 4246 1631 4293 ter
1657 4235 1900 4300 Sanctus,
1955 4242 2009 4288 et
2054 4231 2216 4287 semel

662 4343 916 4398 Dominus
946 4379 961 4403 ,
993 4347 1053 4391 ut
1089 4335 1432 4390 ostendamus
1484 4332 1902 4395 omnipotentem
1945 4327 2149 4386 Deum,
2159 4331 2218 4399 et

665 4429 960 4485 trinitatem
986 4426 1039 4478 in
1070 4421 1315 4492 personis
1341 4420 1560 4482 habere,
1608 4427 1666 4472 et
1687 4416 1946 4473 unitatem
1995 4415 2047 4466 in
2093 4413 2219 4466 sub-
2243 4445 2295 4503 Β

666 4517 886 4574 stantia.
925 4513 1150 4567 Sabaoth
1198 4517 1376 4562 autem
1431 4520 1599 4561 unum
1641 4513 1812 4560 estex
1837 4504 2021 4557 decem
2048 4503 2221 4556 nomi-

668 4608 826 4664 nibus
872 4604 968 4656 Dei
1003 4601 1140 4670 apud
1185 4599 1455 4662 Hebrreos,
1510 4605 1563 4651 et
1611 4596 2014 4665 interpretatur,
2076 4607 2224 4646 excr-

671 4702 906 4761 cituum,
957 4695 1070 4748 sive
1127 4691 1382 4743 virtutum
1412 4729 1427 4754 ,
1466 4687 1550 4741 vel
1591 4687 1921 4740 militiarum.
1969 4683 2226 4736 Dominus

673 4797 851 4841 autem
876 4784 1132 4846 Sabaoth,
1184 4779 1440 4833 Dominus
1481 4776 1814 4843 omnipotens
1854 4771 2065 4833 dicitur,
2099 4770 2222 4838 quia

673 4877 847 4932 omnis
875 4876 1141 4929 exercitus
1191 4879 1244 4925 et
1285 4868 1490 4924 militiae
1540 4867 1870 4931 virtutesque
1917 4862 2224 4931 angelorum

677 4968 754 5022 illi
810 4966 1067 5020 serviunt.
1124 4961 1408 5030 Angelicos
1454 4967 1634 5012 autem
1685 4956 2105 5025 spiritus,recte
2127 4953 2225 5006 mi-

674 5061 848 5114 litiam
871 5055 1121 5118 dicimus,
1151 5053 1277 5122 quia
1299 5051 1574 5108 decertare
1595 5062 1688 5102 eos
1718 5053 1901 5100 contra
1923 5057 2109 5096 aereas
2133 5054 2228 5112 po-

677 5160 898 5205 testates
925 5163 1030 5203 non
1057 5147 1386 5216 ignoramus.
1424 5140 1550 5205 Qua:
1594 5148 1770 5192 tamen
1802 5134 2095 5191 certamina
2122 5148 2227 5186 non

683 5241 887 5302 labore,
934 5237 1035 5292 sed
1093 5232 1318 5303 imperio
1349 5235 1651 5299 peragunt,
1712 5226 1838 5294 quia
1892 5223 2034 5292 quod
2067 5237 2226 5291 agen-

679 5334 802 5385 dum
829 5335 1015 5382 contra
1046 5321 1348 5377 immundos
1379 5317 1598 5386 spiritus
1625 5321 1900 5384 appetunt,
1929 5327 1994 5365 ex
2025 5310 2228 5379 adjuto-

681 5423 759 5474 rio
782 5426 973 5473 cuncta
1017 5414 1246 5484 regentis
1280 5417 1520 5482 possunt.
1553 5395 1757 5467 Gloria,
1810 5405 1861 5458 id
1886 5413 1986 5467 est,
2039 5403 2232 5457 divini-

683 5521 787 5562 tate
812 5507 951 5576 ejus,
1002 5503 1141 5573 pleni
1189 5514 1306 5554 sunt
1348 5499 1459 5554 cteli
1480 5507 1525 5550 et
1551 5507 1711 5557 terra,
1737 5502 1793 5547 et
1817 5494 1993 5547 omnia
2023 5493 2229 5560 implet,

677 5596 826 5663 juxta
857 5596 996 5665 quod
1024 5595 1135 5661 ipse
1167 5592 1295 5644 dicit
1322 5609 1332 5641 :
1384 5588 1573 5643 Caelum
1607 5595 1653 5639 et
1700 5596 1889 5665 terrain
1925 5601 2018 5653 ego
2046 5579 2232 5652 impleo

2310 3241 2434 3295 hinc
2469 3240 2772 3294 obsecratio
2809 3239 3068 3306 sequitur.

2377 3330 2505 3384 Post
2535 3331 2632 3383 has
2683 3327 2862 3381 laudes
2888 3334 2942 3380 et
2986 3326 3278 3396 gratiarum
3304 3326 3544 3379 actiones
3588 3339 3688 3394 pro
3714 3332 3859 3378 tanta

2311 3421 2484 3488 gratia
2510 3417 2892 3484 redemptionis
2911 3424 3129 3480 nostrae,
3167 3429 3285 3483 qua:
3333 3415 3384 3467 in
3431 3407 3521 3467 illo
3552 3413 3730 3468 divino
3753 3425 3863 3482 my-

2311 3510 2475 3563 sterio
2498 3507 2671 3577 agitur
2693 3515 2746 3559 et
2775 3504 3202 3577 commendatur,
3247 3503 3390 3555 facto
3416 3502 3581 3555 totius
3613 3500 3864 3555 Ecclesia

2313 3601 2541 3662 silentio,
2583 3601 2635 3651 in
2680 3613 2785 3666 quo
2832 3605 3075 3651 cessante
3112 3595 3254 3648 omni
3288 3594 3512 3663 strepitu
3554 3594 3861 3656 verborum,

2312 3691 2420 3746 sola
2453 3691 2518 3744 ad
2551 3690 2714 3743 Deum
2742 3688 2986 3757 dirigitur
3011 3686 3252 3751 intentio,
3281 3695 3334 3739 et
3359 3683 3572 3738 devotio
3596 3683 3860 3746 cordium,

2312 3781 2527 3837 sociatis
2548 3781 2645 3834 sibi
2671 3778 2905 3833 omnium
2923 3776 3057 3830 votis
3081 3784 3133 3829 ct
3154 3775 3454 3838 desideriis,
3483 3771 3673 3844 incipit
3692 3787 3868 3830 sacer-

2321 3871 2418 3927 dos
2451 3871 2748 3925 orationem
2780 3865 3021 3929 fundere,
3075 3879 3177 3933 qua
3226 3864 3399 3931 ipsum
3425 3864 3740 3933 mysterium
3763 3863 3868 3918 Do-

2315 3963 2496 4018 minici
2527 3959 2767 4028 corporis
2803 3968 2858 4011 et
2879 3957 3154 4027 sanguinis
3197 3963 3561 4010 consecratur.
3594 3952 3685 4008 Sic
3726 3954 3868 4009 enim

2316 4061 2523 4122 oportet
2543 4059 2601 4102 ut
2632 4051 2682 4102 in
2716 4048 2800 4100 illa
2835 4049 2966 4100 liora
2997 4053 3105 4098 tam
3137 4061 3304 4098 sacra:
3332 4053 3388 4097 et
3416 4045 3609 4098 divinae
3644 4043 3870 4098 actionis

2317 4155 2427 4200 tota
2454 4159 2549 4212 per
2575 4141 2667 4195 Dei
2694 4139 2920 4209 gratiam
2955 4152 2985 4189 a
3009 4137 3239 4190 terrenis
3263 4135 3672 4205 cogitationibus
3693 4140 3871 4188 mente

2318 4241 2562 4303 separata
2589 4239 2644 4284 et
2671 4229 2895 4284 ecclesia
2922 4242 3045 4300 cum
3072 4225 3365 4288 sacerdote,
3392 4231 3446 4277 et
3469 4223 3725 4276 sacerdos
3749 4235 3868 4275 cum

2320 4323 2553 4378 Ecclesia
2579 4313 2801 4391 spiritali
2828 4317 3093 4373 desiderio
3126 4317 3289 4370 intret
3317 4315 3368 4366 in
3393 4314 3758 4367 sanctuarium
3777 4311 3871 4365 Dei

2320 4421 2573 4467 aeternum
2592 4419 2646 4463 et
2670 4421 2958 4477 supernum
2983 4397 3008 4458 :~
3023 4415 3078 4459 et
3099 4404 3349 4473 quoniam
3376 4403 3590 4471 spiritus
3611 4409 3687 4454 est
3707 4398 3869 4460 Deus,

2322 4511 2368 4555 et
2397 4518 2479 4554 eos
2500 4499 2595 4571 qui
2629 4500 2850 4550 adorant
2877 4512 3009 4557 eum,
3062 4495 3115 4546 in
3138 4493 3322 4562 spiritu
3354 4501 3401 4545 et
3425 4492 3641 4544 veritate
3675 4497 3872 4557 oportet

2325 4592 2544 4644 adorare
2574 4588 2750 4657 (Joan.
2779 4602 2848 4649 iv,
2865 4583 2977 4654 24),
3004 4585 3083 4638 sic
3103 4581 3350 4636 eumdem
3376 4580 3593 4633 Patrem
3605 4577 3773 4631 Deum
3789 4577 3876 4630 de-

2324 4687 2572 4750 precetur
2601 4696 2611 4729 :
2649 4676 2718 4729 Te
2738 4677 2917 4745 igitur,
2943 4669 3332 4724 clementissime
3362 4666 3546 4734 Pater,
3574 4673 3628 4719 et
3645 4664 3871 4732 reliqua.

2325 4768 2555 4830 Idcirco,
2591 4773 2650 4819 ut
2678 4763 2873 4826 ferunt,
2901 4758 3228 4814 consuetudo
3265 4756 3411 4810 venit
3439 4756 3492 4807 in
3528 4751 3789 4816 Ecclesia,
3817 4760 3876 4804 ut

2325 4859 2485 4913 tacite
2513 4859 2612 4910 ista
2641 4852 2941 4909 obsecratio
2975 4858 3135 4918 atque
3181 4843 3511 4901 consecratio
3545 4857 3573 4896 a
3602 4841 3878 4896 sacerdote

2327 4955 2588 5011 cantetur,
2613 4961 2679 4998 ne
2704 4944 2867 4998 verba
2897 4951 3007 4994 tam
3043 4951 3220 5001 sacra,
3249 4944 3306 4989 et
3348 4934 3413 4987 ad
3434 4940 3640 4986 tantum
3685 4940 3881 5000 myste-

2326 5039 2464 5090 rium
2506 5033 2846 5105 pertinentia,
2870 5029 3210 5090 vilescerent,
3246 5025 3369 5078 dum
3398 5036 3536 5092 pene
3561 5034 3747 5104 omnes
3769 5033 3880 5087 per

2327 5139 2482 5179 usum
2505 5096 2564 5176 ea
2607 5123 2898 5175 retinentes
2925 5157 2940 5180 ,
2975 5131 3072 5184 per
3094 5114 3243 5167 vicos
3265 5120 3319 5166 et
3349 5111 3553 5180 plateas
3578 5096 3802 5176 aliisque
3821 5106 3881 5158 in

2326 5216 2460 5272 locis
2478 5255 2492 5278 ,
2516 5213 2602 5267 ubi
2634 5227 2738 5266 non
2761 5207 3077 5263 conveniret
3104 5247 3115 5267 ,
3145 5218 3208 5256 ea
3228 5203 3596 5256 decantarent.
3625 5192 3881 5250 lnde‘fer-

2331 5317 2419 5360 tur
2441 5304 2580 5376 quod
2610 5310 2895 5368 antequam
2916 5297 3034 5351 hare
3058 5291 3387 5349 consuetudo
3408 5288 3731 5359 inolevissEt,
3759 5299 3884 5340 cum

2333 5375 2572 5466 pastores
2595 5408 2656 5447 ea
2678 5392 3022 5445 decantarent
3051 5387 3105 5439 in
3142 5397 3271 5453 agro
3293 5423 3306 5444 ,
3337 5375 3590 5462 divinitus
3620 5387 3744 5431 sunt
3767 5386 3914 5446 perv

2337 5470 2496 5546 cussi.
2535 5489 2674 5543 Dicit
2720 5498 2847 5553 ergo
2893 5481 3150 5559 sacerdos
3184 5495 3197 5531 :
3264 5469 3530 5558 Supplices
3562 5483 3803 5541 rogamus
3833 5477 3885 5522 et

2338 5574 2572 5650 petimus,
2604 5586 2658 5631 et
2680 5579 2900 5646 hocper
2918 5568 3098 5628 lusum
3122 5561 3415 5628 Christum,
3456 5574 3741 5633 per-quem
3775 5573 3888 5614 om-

755 5718 780 5746 ι
809 5661 924 5758 γιζι.
955 5700 1230 5772 epistolam
1246 5696 1495 5751 Ain-ilasrii
1523 5697 1585 5747 ad
1614 5662 2228 5765 llcttonemmonaclmm
2265 5689 2399 5756 apud
2427 5688 2691 5750 d‘Acherii
2729 5685 3005 5756 Spicileg.,
3033 5692 3162 5735 tom.
3193 5661 3279 5740 lll,
3303 5676 3420 5748 pag.
3455 5673 3575 5726 53L
