  <div class='ocr_page' id='page_1' title='image "/cluster/home/n/w/nwhite01/storage/ocr_20150623/101/uva.x000834944/634.png"; bbox 0 0 4232 6206; ppageno 0'>
   <div class='ocr_carea' id='block_1_1' title="bbox 296 344 448 401">
    <p class='ocr_par' dir='ltr' id='par_1_1' title="bbox 296 344 448 401">
     <span class='ocr_line' id='line_1_1' title="bbox 296 344 448 401; baseline -0.013 0"><span class='ocrx_word' id='word_1_1' title='bbox 296 344 448 401; x_wconf 70' lang='grc'><strong>125⁸1</strong></span> 
     </span>
    </p>
   </div>
   <div class='ocr_carea' id='block_1_2' title="bbox 1134 327 2745 404">
    <p class='ocr_par' dir='ltr' id='par_1_2' title="bbox 1134 327 2745 404">
     <span class='ocr_line' id='line_1_2' title="bbox 1134 327 2745 404; baseline -0.002 -1"><span class='ocrx_word' id='word_1_2' title='bbox 1134 345 1279 403; x_wconf 80' lang='lat' dir='ltr'><strong>OPP.</strong></span> <span class='ocrx_word' id='word_1_3' title='bbox 1323 346 1719 404; x_wconf 76' lang='lat' dir='ltr'><strong>SL&#39;PPOSITA.</strong></span> <span class='ocrx_word' id='word_1_4' title='bbox 1762 378 1829 386; x_wconf 68' lang='lat'><strong>--</strong></span> <span class='ocrx_word' id='word_1_5' title='bbox 1866 345 1989 402; x_wconf 82' lang='lat' dir='ltr'><strong>LIB.</strong></span> <span class='ocrx_word' id='word_1_6' title='bbox 2030 346 2118 401; x_wconf 81' lang='lat' dir='ltr'><strong>DE</strong></span> <span class='ocrx_word' id='word_1_7' title='bbox 2154 327 2745 402; x_wconf 12' lang='lat' dir='ltr'><strong>DIVINISOOFFICIIS.</strong></span> 
     </span>
    </p>
   </div>
   <div class='ocr_carea' id='block_1_3' title="bbox 3413 330 3591 427">
    <p class='ocr_par' dir='ltr' id='par_1_3' title="bbox 3413 330 3591 427">
     <span class='ocr_line' id='line_1_3' title="bbox 3413 330 3591 427; baseline 0 -30"><span class='ocrx_word' id='word_1_8' title='bbox 3413 344 3591 427; x_wconf 30' lang='lat' dir='ltr'><strong>i258.</strong></span> 
     </span>
    </p>
   </div>
   <div class='ocr_carea' id='block_1_4' title="bbox 294 455 3554 535">
    <p class='ocr_par' dir='ltr' id='par_1_4' title="bbox 294 455 3554 535">
     <span class='ocr_line' id='line_1_4' title="bbox 294 455 3554 535; baseline -0.002 -22"><span class='ocrx_word' id='word_1_9' title='bbox 294 458 393 514; x_wconf 76' lang='lat' dir='ltr'><strong>nis</strong></span> <span class='ocrx_word' id='word_1_10' title='bbox 415 456 741 529; x_wconf 76' lang='lat' dir='ltr'><strong>supplicatio</strong></span> <span class='ocrx_word' id='word_1_11' title='bbox 762 466 815 513; x_wconf 90' lang='lat' dir='ltr'><strong>et</strong></span> <span class='ocrx_word' id='word_1_12' title='bbox 836 458 1024 527; x_wconf 86' lang='lat' dir='ltr'><strong>petitio</strong></span> <span class='ocrx_word' id='word_1_13' title='bbox 1045 468 1230 515; x_wconf 91' lang='lat' dir='ltr'><strong>nostra</strong></span> <span class='ocrx_word' id='word_1_14' title='bbox 1257 460 1413 530; x_wconf 91' lang='lat' dir='ltr'><strong>dirigi</strong></span> <span class='ocrx_word' id='word_1_15' title='bbox 1437 460 1595 515; x_wconf 87' lang='lat' dir='ltr'><strong>debet</strong></span> <span class='ocrx_word' id='word_1_16' title='bbox 1611 459 1679 514; x_wconf 86' lang='lat' dir='ltr'><strong>ad</strong></span> <span class='ocrx_word' id='word_1_17' title='bbox 1696 458 1883 523; x_wconf 91' lang='lat' dir='ltr'><strong>Deum,</strong></span> <span class='ocrx_word' id='word_1_18' title='bbox 1914 470 1961 529; x_wconf 70' lang='grc' dir='ltr'><strong>Α</strong></span> <span class='ocrx_word' id='word_1_19' title='bbox 1990 458 2172 526; x_wconf 91' lang='lat' dir='ltr'><strong>quitur</strong></span> <span class='ocrx_word' id='word_1_20' title='bbox 2199 475 2210 510; x_wconf 92' lang='lat'>:</span> <span class='ocrx_word' id='word_1_21' title='bbox 2241 456 2309 535; x_wconf 76' lang='lat' dir='ltr'><strong>Et</strong></span> <span class='ocrx_word' id='word_1_22' title='bbox 2358 457 2587 512; x_wconf 82' lang='lat' dir='ltr'><strong>antistite</strong></span> <span class='ocrx_word' id='word_1_23' title='bbox 2613 465 2808 511; x_wconf 84' lang='lat' dir='ltr'><strong>nostra.</strong></span> <span class='ocrx_word' id='word_1_24' title='bbox 2840 455 2990 511; x_wconf 89' lang='lat' dir='ltr'><strong>Sicut.</strong></span> <span class='ocrx_word' id='word_1_25' title='bbox 3036 456 3177 510; x_wconf 76' lang='lat' dir='ltr'><strong>enim</strong></span> <span class='ocrx_word' id='word_1_26' title='bbox 3236 455 3554 511; x_wconf 72' lang='lat' dir='ltr'><strong>universalis</strong></span> 
     </span>
    </p>
   </div>
   <div class='ocr_carea' id='block_1_5' title="bbox 294 548 1885 619">
    <p class='ocr_par' dir='ltr' id='par_1_5' title="bbox 294 548 1885 619">
     <span class='ocr_line' id='line_1_5' title="bbox 294 548 1885 619; baseline -0.003 -16"><span class='ocrx_word' id='word_1_27' title='bbox 294 556 576 619; x_wconf 76' lang='lat' dir='ltr'><strong>tanquam</strong></span> <span class='ocrx_word' id='word_1_28' title='bbox 604 562 699 618; x_wconf 89' lang='lat' dir='ltr'><strong>per</strong></span> <span class='ocrx_word' id='word_1_29' title='bbox 726 562 910 602; x_wconf 87' lang='lat' dir='ltr'><strong>verum</strong></span> <span class='ocrx_word' id='word_1_30' title='bbox 946 548 1297 603; x_wconf 88' lang='lat' dir='ltr'><strong>mediatorem</strong></span> <span class='ocrx_word' id='word_1_31' title='bbox 1333 555 1388 601; x_wconf 91' lang='lat' dir='ltr'><strong>et</strong></span> <span class='ocrx_word' id='word_1_32' title='bbox 1422 558 1682 601; x_wconf 64' lang='lat' dir='ltr'><strong>mternum</strong></span> <span class='ocrx_word' id='word_1_33' title='bbox 1712 560 1885 601; x_wconf 86' lang='lat' dir='ltr'><strong>sacer-</strong></span> 
     </span>
    </p>
   </div>
   <div class='ocr_carea' id='block_1_6' title="bbox 295 639 1886 710">
    <p class='ocr_par' dir='ltr' id='par_1_6' title="bbox 295 639 1886 710">
     <span class='ocr_line' id='line_1_6' title="bbox 295 639 1886 710; baseline -0.002 -15"><span class='ocrx_word' id='word_1_34' title='bbox 295 639 519 705; x_wconf 88' lang='lat' dir='ltr'><strong>dotem,</strong></span> <span class='ocrx_word' id='word_1_35' title='bbox 552 640 644 709; x_wconf 87' lang='lat' dir='ltr'><strong>qui</strong></span> <span class='ocrx_word' id='word_1_36' title='bbox 667 639 820 694; x_wconf 90' lang='lat' dir='ltr'><strong>sedet</strong></span> <span class='ocrx_word' id='word_1_37' title='bbox 854 640 918 694; x_wconf 91' lang='lat' dir='ltr'><strong>ad</strong></span> <span class='ocrx_word' id='word_1_38' title='bbox 944 639 1223 695; x_wconf 75' lang='lat' dir='ltr'><strong>dexteram</strong></span> <span class='ocrx_word' id='word_1_39' title='bbox 1263 640 1463 705; x_wconf 86' lang='lat' dir='ltr'><strong>Patris,</strong></span> <span class='ocrx_word' id='word_1_40' title='bbox 1504 649 1560 695; x_wconf 89' lang='lat' dir='ltr'><strong>et</strong></span> <span class='ocrx_word' id='word_1_41' title='bbox 1587 639 1886 710; x_wconf 82' lang='lat' dir='ltr'><strong>interpellat</strong></span> 
     </span>
    </p>
   </div>
   <div class='ocr_carea' id='block_1_7' title="bbox 294 730 1887 805">
    <p class='ocr_par' dir='ltr' id='par_1_7' title="bbox 294 730 1887 805">
     <span class='ocr_line' id='line_1_7' title="bbox 294 730 1887 805; baseline -0.003 -19"><span class='ocrx_word' id='word_1_42' title='bbox 294 746 407 803; x_wconf 87' lang='lat' dir='ltr'><strong>pro</strong></span> <span class='ocrx_word' id='word_1_43' title='bbox 436 731 617 788; x_wconf 90' lang='lat' dir='ltr'><strong>nobis.</strong></span> <span class='ocrx_word' id='word_1_44' title='bbox 654 730 792 797; x_wconf 83' lang='lat' dir='ltr'><strong>Quid</strong></span> <span class='ocrx_word' id='word_1_45' title='bbox 830 739 1009 786; x_wconf 87' lang='lat' dir='ltr'><strong>autem</strong></span> <span class='ocrx_word' id='word_1_46' title='bbox 1041 742 1195 805; x_wconf 89' lang='lat' dir='ltr'><strong>roget</strong></span> <span class='ocrx_word' id='word_1_47' title='bbox 1220 740 1273 787; x_wconf 89' lang='lat' dir='ltr'><strong>et</strong></span> <span class='ocrx_word' id='word_1_48' title='bbox 1309 740 1479 803; x_wconf 87' lang='lat' dir='ltr'><strong>petat,</strong></span> <span class='ocrx_word' id='word_1_49' title='bbox 1509 732 1783 786; x_wconf 88' lang='lat' dir='ltr'><strong>ostendit:</strong></span> <span class='ocrx_word' id='word_1_50' title='bbox 1808 730 1887 783; x_wconf 89' lang='lat' dir='ltr'><strong>vi-</strong></span> 
     </span>
    </p>
   </div>
   <div class='ocr_carea' id='block_1_8' title="bbox 294 822 1889 893">
    <p class='ocr_par' dir='ltr' id='par_1_8' title="bbox 294 822 1889 893">
     <span class='ocr_line' id='line_1_8' title="bbox 294 822 1889 893; baseline -0.003 -14"><span class='ocrx_word' id='word_1_51' title='bbox 294 823 534 890; x_wconf 85' lang='lat' dir='ltr'><strong>delicet,</strong></span> <span class='ocrx_word' id='word_1_52' title='bbox 561 834 621 878; x_wconf 92' lang='lat' dir='ltr'><strong>ut</strong></span> <span class='ocrx_word' id='word_1_53' title='bbox 644 839 707 878; x_wconf 89' lang='lat' dir='ltr'><strong>ea</strong></span> <span class='ocrx_word' id='word_1_54' title='bbox 748 838 868 893; x_wconf 82' lang='lat' dir='ltr'><strong>qua:</strong></span> <span class='ocrx_word' id='word_1_55' title='bbox 894 822 1192 878; x_wconf 83' lang='lat' dir='ltr'><strong>oﬁ&#39;eruntur</strong></span> <span class='ocrx_word' id='word_1_56' title='bbox 1216 824 1378 888; x_wconf 87' lang='lat' dir='ltr'><strong>dona,</strong></span> <span class='ocrx_word' id='word_1_57' title='bbox 1425 841 1664 887; x_wconf 75' lang='lat' dir='ltr'><strong>munera,</strong></span> <span class='ocrx_word' id='word_1_58' title='bbox 1705 832 1889 877; x_wconf 85' lang='lat' dir='ltr'><strong>sancta</strong></span> 
     </span>
    </p>
   </div>
   <div class='ocr_carea' id='block_1_9' title="bbox 293 914 1888 983">
    <p class='ocr_par' dir='ltr' id='par_1_9' title="bbox 293 914 1888 983">
     <span class='ocr_line' id='line_1_9' title="bbox 293 914 1888 983; baseline -0.002 -15"><span class='ocrx_word' id='word_1_59' title='bbox 293 914 599 982; x_wconf 76' lang='lat' dir='ltr'><strong>sacriﬁcia,</strong></span> <span class='ocrx_word' id='word_1_60' title='bbox 633 923 862 983; x_wconf 84' lang='lat' dir='ltr'><strong>accepta,</strong></span> <span class='ocrx_word' id='word_1_61' title='bbox 895 914 949 968; x_wconf 90' lang='lat' dir='ltr'><strong>id</strong></span> <span class='ocrx_word' id='word_1_62' title='bbox 970 920 1074 979; x_wconf 88' lang='lat' dir='ltr'><strong>est,</strong></span> <span class='ocrx_word' id='word_1_63' title='bbox 1121 914 1345 983; x_wconf 83' lang='lat' dir='ltr'><strong>placita,</strong></span> <span class='ocrx_word' id='word_1_64' title='bbox 1395 914 1583 967; x_wconf 78' lang='lat' dir='ltr'><strong>habent</strong></span> <span class='ocrx_word' id='word_1_65' title='bbox 1614 923 1660 967; x_wconf 84' lang='lat' dir='ltr'><strong>ct</strong></span> <span class='ocrx_word' id='word_1_66' title='bbox 1680 914 1888 966; x_wconf 81' lang='lat' dir='ltr'><strong>benedi-</strong></span> 
     </span>
    </p>
   </div>
   <div class='ocr_carea' id='block_1_10' title="bbox 294 1002 1888 1071">
    <p class='ocr_par' dir='ltr' id='par_1_10' title="bbox 294 1002 1888 1071">
     <span class='ocr_line' id='line_1_10' title="bbox 294 1002 1888 1071; baseline -0.002 -13"><span class='ocrx_word' id='word_1_67' title='bbox 294 1012 412 1058; x_wconf 72' lang='grc' dir='ltr'><strong>σαι.</strong></span> <span class='ocrx_word' id='word_1_68' title='bbox 445 1002 806 1061; x_wconf 88' lang='lat' dir='ltr'><strong>Saeerdotum</strong></span> <span class='ocrx_word' id='word_1_69' title='bbox 831 1002 979 1057; x_wconf 89' lang='lat' dir='ltr'><strong>enim</strong></span> <span class='ocrx_word' id='word_1_70' title='bbox 1011 1010 1096 1057; x_wconf 84' lang='lat' dir='ltr'><strong>est</strong></span> <span class='ocrx_word' id='word_1_71' title='bbox 1120 1002 1332 1065; x_wconf 80' lang='lat' dir='ltr'><strong>oﬁ&#39;crre,</strong></span> <span class='ocrx_word' id='word_1_72' title='bbox 1355 1011 1409 1056; x_wconf 91' lang='lat' dir='ltr'><strong>et</strong></span> <span class='ocrx_word' id='word_1_73' title='bbox 1436 1002 1769 1071; x_wconf 74' lang='lat' dir='ltr'><strong>maiestatem</strong></span> <span class='ocrx_word' id='word_1_74' title='bbox 1794 1002 1888 1055; x_wconf 87' lang='lat' dir='ltr'><strong>Dei</strong></span> 
     </span>
    </p>
   </div>
   <div class='ocr_carea' id='block_1_11' title="bbox 295 1091 1889 1162">
    <p class='ocr_par' dir='ltr' id='par_1_11' title="bbox 295 1091 1889 1162">
     <span class='ocr_line' id='line_1_11' title="bbox 295 1091 1889 1162; baseline -0.005 -13"><span class='ocrx_word' id='word_1_75' title='bbox 295 1092 605 1149; x_wconf 85' lang='lat' dir='ltr'><strong>invocare:</strong></span> <span class='ocrx_word' id='word_1_76' title='bbox 632 1093 724 1147; x_wconf 90' lang='lat' dir='ltr'><strong>Dei</strong></span> <span class='ocrx_word' id='word_1_77' title='bbox 750 1101 955 1157; x_wconf 87' lang='lat' dir='ltr'><strong>autem,</strong></span> <span class='ocrx_word' id='word_1_78' title='bbox 980 1091 1265 1162; x_wconf 75' lang='lat' dir='ltr'><strong>dignanter</strong></span> <span class='ocrx_word' id='word_1_79' title='bbox 1288 1092 1581 1160; x_wconf 87' lang='lat' dir='ltr'><strong>suscipere,</strong></span> <span class='ocrx_word' id='word_1_80' title='bbox 1599 1100 1653 1144; x_wconf 89' lang='lat' dir='ltr'><strong>et</strong></span> <span class='ocrx_word' id='word_1_81' title='bbox 1681 1105 1743 1144; x_wconf 91' lang='lat' dir='ltr'><strong>ea</strong></span> <span class='ocrx_word' id='word_1_82' title='bbox 1772 1104 1889 1158; x_wconf 78' lang='lat' dir='ltr'><strong>qua:</strong></span> 
     </span>
    </p>
   </div>
   <div class='ocr_carea' id='block_1_12' title="bbox 292 1179 1889 1251">
    <p class='ocr_par' dir='ltr' id='par_1_12' title="bbox 292 1179 1889 1251">
     <span class='ocr_line' id='line_1_12' title="bbox 292 1179 1889 1251; baseline -0.004 -11"><span class='ocrx_word' id='word_1_83' title='bbox 292 1183 630 1250; x_wconf 75' lang='lat' dir='ltr'><strong>oﬁ&#39;eruntur,</strong></span> <span class='ocrx_word' id='word_1_84' title='bbox 679 1183 1033 1238; x_wconf 85' lang='lat' dir='ltr'><strong>benedicere:</strong></span> <span class='ocrx_word' id='word_1_85' title='bbox 1067 1182 1201 1237; x_wconf 89' lang='lat' dir='ltr'><strong>dicit</strong></span> <span class='ocrx_word' id='word_1_86' title='bbox 1234 1197 1401 1251; x_wconf 88' lang='lat' dir='ltr'><strong>ergo:</strong></span> <span class='ocrx_word' id='word_1_87' title='bbox 1438 1179 1527 1234; x_wconf 89' lang='lat' dir='ltr'><strong>Uti</strong></span> <span class='ocrx_word' id='word_1_88' title='bbox 1552 1188 1765 1249; x_wconf 79' lang='lat' dir='ltr'><strong>accepta</strong></span> <span class='ocrx_word' id='word_1_89' title='bbox 1800 1179 1889 1233; x_wconf 84' lang='lat' dir='ltr'><strong>Im—</strong></span> 
     </span>
    </p>
   </div>
   <div class='ocr_carea' id='block_1_13' title="bbox 294 1269 1887 1342">
    <p class='ocr_par' dir='ltr' id='par_1_13' title="bbox 294 1269 1887 1342">
     <span class='ocr_line' id='line_1_13' title="bbox 294 1269 1887 1342; baseline -0.004 -14"><span class='ocrx_word' id='word_1_90' title='bbox 294 1272 458 1340; x_wconf 81' lang='lat' dir='ltr'><strong>beas,</strong></span> <span class='ocrx_word' id='word_1_91' title='bbox 494 1284 543 1328; x_wconf 89' lang='lat' dir='ltr'><strong>et</strong></span> <span class='ocrx_word' id='word_1_92' title='bbox 570 1274 863 1336; x_wconf 84' lang='lat' dir='ltr'><strong>benedicas,</strong></span> <span class='ocrx_word' id='word_1_93' title='bbox 898 1287 961 1328; x_wconf 88' lang='lat' dir='ltr'><strong>ac</strong></span> <span class='ocrx_word' id='word_1_94' title='bbox 984 1274 1030 1327; x_wconf 91' lang='lat' dir='ltr'><strong>si</strong></span> <span class='ocrx_word' id='word_1_95' title='bbox 1071 1270 1385 1342; x_wconf 87' lang='lat' dir='ltr'><strong>suppliciter</strong></span> <span class='ocrx_word' id='word_1_96' title='bbox 1408 1270 1551 1325; x_wconf 82' lang='lat' dir='ltr'><strong>dicat</strong></span> <span class='ocrx_word' id='word_1_97' title='bbox 1579 1289 1591 1323; x_wconf 88' lang='lat'>:</span> <span class='ocrx_word' id='word_1_98' title='bbox 1626 1269 1887 1331; x_wconf 85' lang='lat' dir='ltr'><strong>Petimus,</strong></span> 
     </span>
    </p>
   </div>
   <div class='ocr_carea' id='block_1_14' title="bbox 290 1361 1887 1434">
    <p class='ocr_par' dir='ltr' id='par_1_14' title="bbox 290 1361 1887 1434">
     <span class='ocr_line' id='line_1_14' title="bbox 290 1361 1887 1434; baseline -0.003 -15"><span class='ocrx_word' id='word_1_99' title='bbox 290 1374 363 1420; x_wconf 91' lang='lat' dir='ltr'><strong>ut</strong></span> <span class='ocrx_word' id='word_1_100' title='bbox 401 1365 527 1421; x_wconf 74' lang='lat' dir='ltr'><strong>htec</strong></span> <span class='ocrx_word' id='word_1_101' title='bbox 546 1364 734 1434; x_wconf 86' lang='lat' dir='ltr'><strong>spiritu</strong></span> <span class='ocrx_word' id='word_1_102' title='bbox 773 1372 865 1417; x_wconf 92' lang='lat' dir='ltr'><strong>tuo</strong></span> <span class='ocrx_word' id='word_1_103' title='bbox 893 1362 1220 1427; x_wconf 87' lang='lat' dir='ltr'><strong>sanctiﬁces,</strong></span> <span class='ocrx_word' id='word_1_104' title='bbox 1263 1370 1423 1431; x_wconf 89' lang='lat' dir='ltr'><strong>atque</strong></span> <span class='ocrx_word' id='word_1_105' title='bbox 1449 1376 1545 1416; x_wconf 88' lang='lat' dir='ltr'><strong>ore</strong></span> <span class='ocrx_word' id='word_1_106' title='bbox 1574 1361 1887 1421; x_wconf 84' lang='lat' dir='ltr'><strong>benedicas,</strong></span> 
     </span>
    </p>
   </div>
   <div class='ocr_carea' id='block_1_15' title="bbox 292 1450 1890 1529">
    <p class='ocr_par' dir='ltr' id='par_1_15' title="bbox 292 1450 1890 1529">
     <span class='ocr_line' id='line_1_15' title="bbox 292 1450 1890 1529; baseline -0.007 -16"><span class='ocrx_word' id='word_1_107' title='bbox 292 1465 361 1513; x_wconf 87' lang='lat' dir='ltr'><strong>ut</strong></span> <span class='ocrx_word' id='word_1_108' title='bbox 385 1456 540 1529; x_wconf 91' lang='lat' dir='ltr'><strong>quod</strong></span> <span class='ocrx_word' id='word_1_109' title='bbox 592 1464 793 1511; x_wconf 67' lang='lat' dir='ltr'><strong>nostra:</strong></span> <span class='ocrx_word' id='word_1_110' title='bbox 834 1453 1155 1509; x_wconf 72' lang='lat' dir='ltr'><strong>humilitatis</strong></span> <span class='ocrx_word' id='word_1_111' title='bbox 1187 1451 1393 1525; x_wconf 76' lang='lat' dir='ltr'><strong>geritur</strong></span> <span class='ocrx_word' id='word_1_112' title='bbox 1439 1450 1758 1512; x_wconf 87' lang='lat' dir='ltr'><strong>ministerio,</strong></span> <span class='ocrx_word' id='word_1_113' title='bbox 1787 1457 1890 1503; x_wconf 68' lang='lat' dir='ltr'><strong>tuac</strong></span> 
     </span>
    </p>
   </div>
   <div class='ocr_carea' id='block_1_16' title="bbox 289 1539 1885 1615">
    <p class='ocr_par' dir='ltr' id='par_1_16' title="bbox 289 1539 1885 1615">
     <span class='ocr_line' id='line_1_16' title="bbox 289 1539 1885 1615; baseline -0.007 -11"><span class='ocrx_word' id='word_1_114' title='bbox 289 1547 532 1604; x_wconf 77' lang='lat' dir='ltr'><strong>Virtutis</strong></span> <span class='ocrx_word' id='word_1_115' title='bbox 572 1545 857 1615; x_wconf 85' lang='lat' dir='ltr'><strong>impleatur</strong></span> <span class='ocrx_word' id='word_1_116' title='bbox 898 1543 1115 1600; x_wconf 85' lang='lat' dir='ltr'><strong>effectu.</strong></span> <span class='ocrx_word' id='word_1_117' title='bbox 1151 1543 1304 1611; x_wconf 87' lang='lat' dir='ltr'><strong>Quod</strong></span> <span class='ocrx_word' id='word_1_118' title='bbox 1324 1552 1519 1597; x_wconf 68' lang='lat' dir='ltr'><strong>autem</strong></span> <span class='ocrx_word' id='word_1_119' title='bbox 1569 1539 1840 1612; x_wconf 86' lang='lat' dir='ltr'><strong>subiungit</strong></span> <span class='ocrx_word' id='word_1_120' title='bbox 1874 1558 1885 1592; x_wconf 90' lang='lat'>:</span> 
     </span>
    </p>
   </div>
   <div class='ocr_carea' id='block_1_17' title="bbox 296 1629 1891 1699">
    <p class='ocr_par' dir='ltr' id='par_1_17' title="bbox 296 1629 1891 1699">
     <span class='ocr_line' id='line_1_17' title="bbox 296 1629 1891 1699; baseline -0.004 -8"><span class='ocrx_word' id='word_1_121' title='bbox 296 1632 445 1691; x_wconf 80' lang='lat' dir='ltr'><strong>Ha&#39;c</strong></span> <span class='ocrx_word' id='word_1_122' title='bbox 491 1636 652 1699; x_wconf 87' lang='lat' dir='ltr'><strong>dona,</strong></span> <span class='ocrx_word' id='word_1_123' title='bbox 684 1633 797 1686; x_wconf 76' lang='lat' dir='ltr'><strong>hwc</strong></span> <span class='ocrx_word' id='word_1_124' title='bbox 840 1640 1059 1686; x_wconf 77' lang='lat' dir='ltr'><strong>munera</strong></span> <span class='ocrx_word' id='word_1_125' title='bbox 1079 1672 1094 1697; x_wconf 93' lang='lat'><strong>,</strong></span> <span class='ocrx_word' id='word_1_126' title='bbox 1123 1632 1237 1687; x_wconf 73' lang='lat' dir='ltr'><strong>hac</strong></span> <span class='ocrx_word' id='word_1_127' title='bbox 1269 1638 1453 1686; x_wconf 88' lang='lat' dir='ltr'><strong>sancta</strong></span> <span class='ocrx_word' id='word_1_128' title='bbox 1476 1629 1760 1699; x_wconf 79' lang='lat' dir='ltr'><strong>sacriﬁcia,</strong></span> <span class='ocrx_word' id='word_1_129' title='bbox 1784 1643 1891 1684; x_wconf 90' lang='lat' dir='ltr'><strong>non</strong></span> 
     </span>
    </p>
   </div>
   <div class='ocr_carea' id='block_1_18' title="bbox 295 1719 1893 1793">
    <p class='ocr_par' dir='ltr' id='par_1_18' title="bbox 295 1719 1893 1793">
     <span class='ocr_line' id='line_1_18' title="bbox 295 1719 1893 1793; baseline -0.004 -14"><span class='ocrx_word' id='word_1_130' title='bbox 295 1723 457 1779; x_wconf 68' lang='lat' dir='ltr'><strong>aliud</strong></span> <span class='ocrx_word' id='word_1_131' title='bbox 505 1731 666 1793; x_wconf 89' lang='lat' dir='ltr'><strong>atque</strong></span> <span class='ocrx_word' id='word_1_132' title='bbox 693 1722 837 1778; x_wconf 83' lang='lat' dir='ltr'><strong>aliud</strong></span> <span class='ocrx_word' id='word_1_133' title='bbox 874 1722 1103 1785; x_wconf 89' lang='lat' dir='ltr'><strong>dicitur,</strong></span> <span class='ocrx_word' id='word_1_134' title='bbox 1158 1721 1255 1777; x_wconf 89' lang='lat' dir='ltr'><strong>sed</strong></span> <span class='ocrx_word' id='word_1_135' title='bbox 1282 1735 1370 1774; x_wconf 88' lang='lat' dir='ltr'><strong>res</strong></span> <span class='ocrx_word' id='word_1_136' title='bbox 1398 1735 1502 1774; x_wconf 89' lang='lat' dir='ltr'><strong>una</strong></span> <span class='ocrx_word' id='word_1_137' title='bbox 1538 1734 1639 1789; x_wconf 90' lang='lat' dir='ltr'><strong>pro</strong></span> <span class='ocrx_word' id='word_1_138' title='bbox 1658 1719 1741 1774; x_wconf 90' lang='lat' dir='ltr'><strong>sui</strong></span> <span class='ocrx_word' id='word_1_139' title='bbox 1782 1734 1893 1779; x_wconf 84' lang='lat' dir='ltr'><strong>ma-</strong></span> 
     </span>
    </p>
   </div>
   <div class='ocr_carea' id='block_1_19' title="bbox 1990 545 3555 615">
    <p class='ocr_par' dir='ltr' id='par_1_19' title="bbox 1990 545 3555 615">
     <span class='ocr_line' id='line_1_19' title="bbox 1990 545 3555 615; baseline -0.003 -14"><span class='ocrx_word' id='word_1_140' title='bbox 1990 548 2242 603; x_wconf 72' lang='lat' dir='ltr'><strong>lieelesia:</strong></span> <span class='ocrx_word' id='word_1_141' title='bbox 2269 556 2706 602; x_wconf 81' lang='lat' dir='ltr'><strong>commemoratio</strong></span> <span class='ocrx_word' id='word_1_142' title='bbox 2740 554 2957 615; x_wconf 88' lang='lat' dir='ltr'><strong>propter</strong></span> <span class='ocrx_word' id='word_1_143' title='bbox 2996 547 3256 600; x_wconf 87' lang='lat' dir='ltr'><strong>unitatem</strong></span> <span class='ocrx_word' id='word_1_144' title='bbox 3284 545 3555 600; x_wconf 79' lang='lat' dir='ltr'><strong>societatis</strong></span> 
     </span>
    </p>
   </div>
   <div class='ocr_carea' id='block_1_20' title="bbox 1977 633 3553 715">
    <p class='ocr_par' dir='ltr' id='par_1_20' title="bbox 1977 633 3553 715">
     <span class='ocr_line' id='line_1_20' title="bbox 1977 633 3553 715; baseline -0.003 -24"><span class='ocrx_word' id='word_1_145' title='bbox 1977 648 2042 715; x_wconf 32' lang='lat' dir='ltr'><strong>.ct</strong></span> <span class='ocrx_word' id='word_1_146' title='bbox 2063 638 2211 705; x_wconf 89' lang='lat' dir='ltr'><strong>pacis</strong></span> <span class='ocrx_word' id='word_1_147' title='bbox 2233 634 2575 705; x_wconf 82' lang='lat' dir='ltr'><strong>coniungitur</strong></span> <span class='ocrx_word' id='word_1_148' title='bbox 2600 633 3096 690; x_wconf 82' lang='lat' dir='ltr'><strong>conuucmorationi</strong></span> <span class='ocrx_word' id='word_1_149' title='bbox 3124 634 3401 703; x_wconf 80' lang='lat' dir='ltr'><strong>apostOlici</strong></span> <span class='ocrx_word' id='word_1_150' title='bbox 3423 648 3553 704; x_wconf 85' lang='lat' dir='ltr'><strong>pon—</strong></span> 
     </span>
    </p>
   </div>
   <div class='ocr_carea' id='block_1_21' title="bbox 1990 724 3554 797">
    <p class='ocr_par' dir='ltr' id='par_1_21' title="bbox 1990 724 3554 797">
     <span class='ocr_line' id='line_1_21' title="bbox 1990 724 3554 797; baseline -0.003 -16"><span class='ocrx_word' id='word_1_151' title='bbox 1990 728 2167 793; x_wconf 90' lang='lat' dir='ltr'><strong>tiﬁcis,</strong></span> <span class='ocrx_word' id='word_1_152' title='bbox 2206 728 2281 781; x_wconf 90' lang='lat' dir='ltr'><strong>ita</strong></span> <span class='ocrx_word' id='word_1_153' title='bbox 2310 727 2528 797; x_wconf 88' lang='lat' dir='ltr'><strong>dignum</strong></span> <span class='ocrx_word' id='word_1_154' title='bbox 2550 732 2606 780; x_wconf 87' lang='lat' dir='ltr'><strong>et</strong></span> <span class='ocrx_word' id='word_1_155' title='bbox 2628 724 2931 796; x_wconf 89' lang='lat' dir='ltr'><strong>religiosum</strong></span> <span class='ocrx_word' id='word_1_156' title='bbox 2962 733 3065 789; x_wconf 85' lang='lat' dir='ltr'><strong>est,</strong></span> <span class='ocrx_word' id='word_1_157' title='bbox 3103 733 3161 777; x_wconf 90' lang='lat' dir='ltr'><strong>ut</strong></span> <span class='ocrx_word' id='word_1_158' title='bbox 3188 725 3410 796; x_wconf 68' lang='lat' dir='ltr'><strong>singulae</strong></span> <span class='ocrx_word' id='word_1_159' title='bbox 3456 724 3554 778; x_wconf 41' lang='lat' dir='ltr'><strong>Er-</strong></span> 
     </span>
    </p>
   </div>
   <div class='ocr_carea' id='block_1_22' title="bbox 1990 802 3555 887">
    <p class='ocr_par' dir='ltr' id='par_1_22' title="bbox 1990 802 3555 887">
     <span class='ocr_line' id='line_1_22' title="bbox 1990 802 3555 887; baseline -0.004 -14"><span class='ocrx_word' id='word_1_160' title='bbox 1990 821 2164 875; x_wconf 70' lang='lat' dir='ltr'><strong>elcsite</strong></span> <span class='ocrx_word' id='word_1_161' title='bbox 2185 818 2747 874; x_wconf 85' lang='lat' dir='ltr'><strong>commemorationem</strong></span> <span class='ocrx_word' id='word_1_162' title='bbox 2765 802 2982 872; x_wconf 81' lang='lat' dir='ltr'><strong>suerum</strong></span> <span class='ocrx_word' id='word_1_163' title='bbox 3008 814 3331 887; x_wconf 80' lang='lat' dir='ltr'><strong>subiungant</strong></span> <span class='ocrx_word' id='word_1_164' title='bbox 3346 817 3555 870; x_wconf 74' lang='lat' dir='ltr'><strong>antisti-</strong></span> 
     </span>
    </p>
   </div>
   <div class='ocr_carea' id='block_1_23' title="bbox 1990 911 3557 986">
    <p class='ocr_par' dir='ltr' id='par_1_23' title="bbox 1990 911 3557 986">
     <span class='ocr_line' id='line_1_23' title="bbox 1990 911 3557 986; baseline -0.003 -18"><span class='ocrx_word' id='word_1_165' title='bbox 1990 928 2128 980; x_wconf 86' lang='lat' dir='ltr'><strong>tum,</strong></span> <span class='ocrx_word' id='word_1_166' title='bbox 2145 916 2431 986; x_wconf 87' lang='lat' dir='ltr'><strong>probantes</strong></span> <span class='ocrx_word' id='word_1_167' title='bbox 2448 932 2503 970; x_wconf 82' lang='lat' dir='ltr'><strong>se</strong></span> <span class='ocrx_word' id='word_1_168' title='bbox 2520 930 2616 984; x_wconf 71' lang='lat' dir='ltr'><strong>per</strong></span> <span class='ocrx_word' id='word_1_169' title='bbox 2632 915 2772 968; x_wconf 88' lang='lat' dir='ltr'><strong>illam</strong></span> <span class='ocrx_word' id='word_1_170' title='bbox 2789 914 3085 969; x_wconf 88' lang='lat' dir='ltr'><strong>orationem</strong></span> <span class='ocrx_word' id='word_1_171' title='bbox 3102 928 3320 967; x_wconf 87' lang='lat' dir='ltr'><strong>scrvare</strong></span> <span class='ocrx_word' id='word_1_172' title='bbox 3335 928 3453 965; x_wconf 85' lang='lat' dir='ltr'><strong>cum</strong></span> <span class='ocrx_word' id='word_1_173' title='bbox 3476 911 3557 964; x_wconf 74' lang='lat' dir='ltr'><strong>eis</strong></span> 
     </span>
    </p>
   </div>
   <div class='ocr_carea' id='block_1_24' title="bbox 1991 1002 3552 1079">
    <p class='ocr_par' dir='ltr' id='par_1_24' title="bbox 1991 1002 3552 1079">
     <span class='ocr_line' id='line_1_24' title="bbox 1991 1002 3552 1079; baseline -0.004 -19"><span class='ocrx_word' id='word_1_174' title='bbox 1991 1009 2246 1060; x_wconf 89' lang='lat' dir='ltr'><strong>unitatem</strong></span> <span class='ocrx_word' id='word_1_175' title='bbox 2273 1006 2491 1075; x_wconf 81' lang='lat' dir='ltr'><strong>spiritus</strong></span> <span class='ocrx_word' id='word_1_176' title='bbox 2514 1007 2567 1059; x_wconf 90' lang='lat' dir='ltr'><strong>iu</strong></span> <span class='ocrx_word' id='word_1_177' title='bbox 2588 1004 2802 1079; x_wconf 82' lang='lat' dir='ltr'><strong>vinculo</strong></span> <span class='ocrx_word' id='word_1_178' title='bbox 2822 1005 2989 1074; x_wconf 80' lang='lat' dir='ltr'><strong>pacis.</strong></span> <span class='ocrx_word' id='word_1_179' title='bbox 3022 1002 3329 1063; x_wconf 73' lang='lat' dir='ltr'><strong>Ortbodaxi,</strong></span> <span class='ocrx_word' id='word_1_180' title='bbox 3360 1004 3409 1057; x_wconf 91' lang='lat' dir='ltr'><strong>id</strong></span> <span class='ocrx_word' id='word_1_181' title='bbox 3450 1013 3552 1063; x_wconf 77' lang='lat' dir='ltr'><strong>est,</strong></span> 
     </span>
    </p>
   </div>
   <div class='ocr_carea' id='block_1_25' title="bbox 1992 1093 3558 1168">
    <p class='ocr_par' dir='ltr' id='par_1_25' title="bbox 1992 1093 3558 1168">
     <span class='ocr_line' id='line_1_25' title="bbox 1992 1093 3558 1168; baseline -0.004 -18"><span class='ocrx_word' id='word_1_182' title='bbox 1992 1108 2151 1151; x_wconf 75' lang='lat' dir='ltr'><strong>recta:</strong></span> <span class='ocrx_word' id='word_1_183' title='bbox 2200 1097 2384 1168; x_wconf 80' lang='lat' dir='ltr'><strong>gloria:</strong></span> <span class='ocrx_word' id='word_1_184' title='bbox 2443 1096 2727 1157; x_wconf 85' lang='lat' dir='ltr'><strong>dicuntur,</strong></span> <span class='ocrx_word' id='word_1_185' title='bbox 2771 1111 2837 1150; x_wconf 80' lang='lat' dir='ltr'><strong>eo</strong></span> <span class='ocrx_word' id='word_1_186' title='bbox 2882 1094 3023 1163; x_wconf 84' lang='lat' dir='ltr'><strong>quod</strong></span> <span class='ocrx_word' id='word_1_187' title='bbox 3060 1094 3203 1148; x_wconf 87' lang='lat' dir='ltr'><strong>nullo</strong></span> <span class='ocrx_word' id='word_1_188' title='bbox 3235 1109 3417 1157; x_wconf 75' lang='lat' dir='ltr'><strong>errore.</strong></span> <span class='ocrx_word' id='word_1_189' title='bbox 3465 1093 3558 1145; x_wconf 87' lang='lat' dir='ltr'><strong>de—</strong></span> 
     </span>
    </p>
   </div>
   <div class='ocr_carea' id='block_1_26' title="bbox 1992 1184 3555 1258">
    <p class='ocr_par' dir='ltr' id='par_1_26' title="bbox 1992 1184 3555 1258">
     <span class='ocr_line' id='line_1_26' title="bbox 1992 1184 3555 1258; baseline -0.006 -15"><span class='ocrx_word' id='word_1_190' title='bbox 1992 1189 2197 1258; x_wconf 84' lang='lat' dir='ltr'><strong>pravati</strong></span> <span class='ocrx_word' id='word_1_191' title='bbox 2228 1228 2241 1251; x_wconf 95' lang='lat'><strong>,</strong></span> <span class='ocrx_word' id='word_1_192' title='bbox 2280 1196 2441 1243; x_wconf 75' lang='lat' dir='ltr'><strong>rectae</strong></span> <span class='ocrx_word' id='word_1_193' title='bbox 2490 1187 2613 1242; x_wconf 88' lang='lat' dir='ltr'><strong>ﬁdei</strong></span> <span class='ocrx_word' id='word_1_194' title='bbox 2654 1185 2988 1241; x_wconf 77' lang='lat' dir='ltr'><strong>confessione</strong></span> <span class='ocrx_word' id='word_1_195' title='bbox 3041 1185 3208 1238; x_wconf 86' lang='lat' dir='ltr'><strong>Deum</strong></span> <span class='ocrx_word' id='word_1_196' title='bbox 3238 1184 3555 1255; x_wconf 81' lang='lat' dir='ltr'><strong>gloriﬁcent.</strong></span> 
     </span>
    </p>
   </div>
   <div class='ocr_carea' id='block_1_27' title="bbox 1994 1272 3554 1349">
    <p class='ocr_par' dir='ltr' id='par_1_27' title="bbox 1994 1272 3554 1349">
     <span class='ocr_line' id='line_1_27' title="bbox 1994 1272 3554 1349; baseline -0.005 -18"><span class='ocrx_word' id='word_1_197' title='bbox 1994 1279 2134 1333; x_wconf 89' lang='lat' dir='ltr'><strong>Idem</strong></span> <span class='ocrx_word' id='word_1_198' title='bbox 2168 1292 2295 1349; x_wconf 88' lang='lat' dir='ltr'><strong>ergo</strong></span> <span class='ocrx_word' id='word_1_199' title='bbox 2320 1284 2448 1331; x_wconf 89' lang='lat' dir='ltr'><strong>sunt</strong></span> <span class='ocrx_word' id='word_1_200' title='bbox 2478 1276 2746 1330; x_wconf 81' lang='lat' dir='ltr'><strong>catholica:</strong></span> <span class='ocrx_word' id='word_1_201' title='bbox 2768 1286 2816 1329; x_wconf 85' lang='lat' dir='ltr'><strong>et</strong></span> <span class='ocrx_word' id='word_1_202' title='bbox 2843 1273 3137 1345; x_wconf 65' lang='lat' dir='ltr'><strong>apostolicw</strong></span> <span class='ocrx_word' id='word_1_203' title='bbox 3164 1273 3287 1341; x_wconf 78' lang='lat' dir='ltr'><strong>ﬁdei</strong></span> <span class='ocrx_word' id='word_1_204' title='bbox 3310 1272 3554 1326; x_wconf 78' lang='lat' dir='ltr'><strong>cultores.</strong></span> 
     </span>
    </p>
   </div>
   <div class='ocr_carea' id='block_1_28' title="bbox 1993 1361 3559 1435">
    <p class='ocr_par' dir='ltr' id='par_1_28' title="bbox 1993 1361 3559 1435">
     <span class='ocr_line' id='line_1_28' title="bbox 1993 1361 3559 1435; baseline -0.003 -15"><span class='ocrx_word' id='word_1_205' title='bbox 1993 1367 2305 1431; x_wconf 56' lang='lat' dir='ltr'><strong>Catholicae,</strong></span> <span class='ocrx_word' id='word_1_206' title='bbox 2328 1366 2381 1421; x_wconf 90' lang='lat' dir='ltr'><strong>id</strong></span> <span class='ocrx_word' id='word_1_207' title='bbox 2400 1374 2506 1430; x_wconf 89' lang='lat' dir='ltr'><strong>cst,</strong></span> <span class='ocrx_word' id='word_1_208' title='bbox 2529 1365 2870 1431; x_wconf 78' lang='lat' dir='ltr'><strong>universalis,</strong></span> <span class='ocrx_word' id='word_1_209' title='bbox 2898 1380 3059 1435; x_wconf 89' lang='lat' dir='ltr'><strong>quam</strong></span> <span class='ocrx_word' id='word_1_210' title='bbox 3083 1363 3331 1418; x_wconf 87' lang='lat' dir='ltr'><strong>universa</strong></span> <span class='ocrx_word' id='word_1_211' title='bbox 3363 1361 3559 1430; x_wconf 86' lang='lat' dir='ltr'><strong>ubique</strong></span> 
     </span>
    </p>
   </div>
   <div class='ocr_carea' id='block_1_29' title="bbox 1994 1455 3556 1527">
    <p class='ocr_par' dir='ltr' id='par_1_29' title="bbox 1994 1455 3556 1527">
     <span class='ocr_line' id='line_1_29' title="bbox 1994 1455 3556 1527; baseline -0.004 -13"><span class='ocrx_word' id='word_1_212' title='bbox 1994 1468 2175 1514; x_wconf 78' lang='lat' dir='ltr'><strong>servat</strong></span> <span class='ocrx_word' id='word_1_213' title='bbox 2207 1458 2481 1524; x_wconf 82' lang='lat' dir='ltr'><strong>Ecclesia;</strong></span> <span class='ocrx_word' id='word_1_214' title='bbox 2536 1455 2882 1526; x_wconf 84' lang='lat' dir='ltr'><strong>eiusdemque</strong></span> <span class='ocrx_word' id='word_1_215' title='bbox 2924 1457 3250 1527; x_wconf 67' lang='lat' dir='ltr'><strong>apostoliete,</strong></span> <span class='ocrx_word' id='word_1_216' title='bbox 3296 1470 3456 1525; x_wconf 88' lang='lat' dir='ltr'><strong>quam</strong></span> <span class='ocrx_word' id='word_1_217' title='bbox 3504 1456 3556 1508; x_wconf 90' lang='lat' dir='ltr'><strong>in</strong></span> 
     </span>
    </p>
   </div>
   <div class='ocr_carea' id='block_1_30' title="bbox 1996 1545 3560 1619">
    <p class='ocr_par' dir='ltr' id='par_1_30' title="bbox 1996 1545 3560 1619">
     <span class='ocr_line' id='line_1_30' title="bbox 1996 1545 3560 1619; baseline -0.004 -14"><span class='ocrx_word' id='word_1_218' title='bbox 1996 1561 2107 1606; x_wconf 91' lang='lat' dir='ltr'><strong>toto</strong></span> <span class='ocrx_word' id='word_1_219' title='bbox 2131 1552 2332 1606; x_wconf 88' lang='lat' dir='ltr'><strong>mundo</strong></span> <span class='ocrx_word' id='word_1_220' title='bbox 2356 1550 2597 1606; x_wconf 89' lang='lat' dir='ltr'><strong>doctrina</strong></span> <span class='ocrx_word' id='word_1_221' title='bbox 2630 1549 2988 1619; x_wconf 89' lang='lat' dir='ltr'><strong>apostolorum</strong></span> <span class='ocrx_word' id='word_1_222' title='bbox 3024 1546 3283 1602; x_wconf 72' lang='lat' dir='ltr'><strong>fundavit.</strong></span> <span class='ocrx_word' id='word_1_223' title='bbox 3310 1545 3560 1609; x_wconf 73' lang='lat' dir='ltr'><strong>Additur,</strong></span> 
     </span>
    </p>
   </div>
   <div class='ocr_carea' id='block_1_31' title="bbox 1994 1625 3564 1715">
    <p class='ocr_par' dir='ltr' id='par_1_31' title="bbox 1994 1625 3564 1715">
     <span class='ocr_line' id='line_1_31' title="bbox 1994 1625 3564 1715; baseline -0.004 -17"><span class='ocrx_word' id='word_1_224' title='bbox 1994 1661 2087 1715; x_wconf 84' lang='lat' dir='ltr'><strong>per</strong></span> <span class='ocrx_word' id='word_1_225' title='bbox 2121 1625 2405 1698; x_wconf 72' lang='lat' dir='ltr'><strong>Christum</strong></span> <span class='ocrx_word' id='word_1_226' title='bbox 2441 1642 2720 1696; x_wconf 85' lang='lat' dir='ltr'><strong>Dominum</strong></span> <span class='ocrx_word' id='word_1_227' title='bbox 2768 1651 3041 1694; x_wconf 82' lang='lat' dir='ltr'><strong>nostrum:</strong></span> <span class='ocrx_word' id='word_1_228' title='bbox 3078 1640 3203 1708; x_wconf 85' lang='lat' dir='ltr'><strong>quia</strong></span> <span class='ocrx_word' id='word_1_229' title='bbox 3256 1638 3411 1693; x_wconf 86' lang='lat' dir='ltr'><strong>aliter</strong></span> <span class='ocrx_word' id='word_1_230' title='bbox 3462 1651 3564 1693; x_wconf 90' lang='lat' dir='ltr'><strong>nec</strong></span> 
     </span>
    </p>
   </div>
   <div class='ocr_carea' id='block_1_32' title="bbox 1996 1730 3560 1801">
    <p class='ocr_par' dir='ltr' id='par_1_32' title="bbox 1996 1730 3560 1801">
     <span class='ocr_line' id='line_1_32' title="bbox 1996 1730 3560 1801; baseline -0.004 -12"><span class='ocrx_word' id='word_1_231' title='bbox 1996 1735 2176 1789; x_wconf 86' lang='lat' dir='ltr'><strong>oratio</strong></span> <span class='ocrx_word' id='word_1_232' title='bbox 2212 1734 2485 1798; x_wconf 67' lang='lat' dir='ltr'><strong>Ecclesite,</strong></span> <span class='ocrx_word' id='word_1_233' title='bbox 2530 1749 2636 1789; x_wconf 86' lang='lat' dir='ltr'><strong>nec</strong></span> <span class='ocrx_word' id='word_1_234' title='bbox 2654 1732 2852 1787; x_wconf 90' lang='lat' dir='ltr'><strong>oblatio</strong></span> <span class='ocrx_word' id='word_1_235' title='bbox 2878 1732 2988 1787; x_wconf 90' lang='lat' dir='ltr'><strong>Deo</strong></span> <span class='ocrx_word' id='word_1_236' title='bbox 3008 1730 3186 1786; x_wconf 85' lang='lat' dir='ltr'><strong>oﬁ‘erri</strong></span> <span class='ocrx_word' id='word_1_237' title='bbox 3226 1740 3425 1801; x_wconf 85' lang='lat' dir='ltr'><strong>potest,</strong></span> <span class='ocrx_word' id='word_1_238' title='bbox 3459 1732 3560 1784; x_wconf 86' lang='lat' dir='ltr'><strong>nisi</strong></span> 
     </span>
    </p>
   </div>
   <div class='ocr_carea' id='block_1_33' title="bbox 296 1806 3563 1898">
    <p class='ocr_par' dir='ltr' id='par_1_33' title="bbox 296 1806 3563 1898">
     <span class='ocr_line' id='line_1_33' title="bbox 296 1806 3563 1898; baseline 0.004 -30"><span class='ocrx_word' id='word_1_239' title='bbox 296 1806 595 1887; x_wconf 85' lang='lat' dir='ltr'><strong>gnitudine</strong></span> <span class='ocrx_word' id='word_1_240' title='bbox 616 1814 829 1868; x_wconf 88' lang='lat' dir='ltr'><strong>diversa</strong></span> <span class='ocrx_word' id='word_1_241' title='bbox 866 1811 1223 1883; x_wconf 85' lang='lat' dir='ltr'><strong>appellatione</strong></span> <span class='ocrx_word' id='word_1_242' title='bbox 1275 1809 1538 1865; x_wconf 86' lang='lat' dir='ltr'><strong>laudatur.</strong></span> <span class='ocrx_word' id='word_1_243' title='bbox 1577 1809 1705 1877; x_wconf 65' lang='lat' dir='ltr'><strong>Quae</strong></span> <span class='ocrx_word' id='word_1_244' title='bbox 1749 1809 1894 1864; x_wconf 89' lang='lat' dir='ltr'><strong>enim</strong></span> <span class='ocrx_word' id='word_1_245' title='bbox 1926 1811 1971 1870; x_wconf 85' lang='grc' dir='ltr'><strong><em>Β</em></strong></span> <span class='ocrx_word' id='word_1_246' title='bbox 1996 1844 2091 1898; x_wconf 67' lang='grc' dir='ltr'><strong>ρει.</strong></span> <span class='ocrx_word' id='word_1_247' title='bbox 2118 1844 2282 1882; x_wconf 64' lang='lat' dir='ltr'><strong>unum</strong></span> <span class='ocrx_word' id='word_1_248' title='bbox 2332 1829 2683 1883; x_wconf 62' lang='lat' dir='ltr'><strong>mediamrem</strong></span> <span class='ocrx_word' id='word_1_249' title='bbox 2714 1828 2806 1883; x_wconf 72' lang='lat' dir='ltr'><strong>Dei</strong></span> <span class='ocrx_word' id='word_1_250' title='bbox 2842 1836 2897 1883; x_wconf 65' lang='grc' dir='ltr'>ει</span> <span class='ocrx_word' id='word_1_251' title='bbox 2930 1828 3230 1890; x_wconf 77' lang='lat' dir='ltr'><strong>hominum,</strong></span> <span class='ocrx_word' id='word_1_252' title='bbox 3275 1827 3416 1895; x_wconf 89' lang='lat' dir='ltr'><strong>quod</strong></span> <span class='ocrx_word' id='word_1_253' title='bbox 3451 1827 3563 1895; x_wconf 80' lang='lat' dir='ltr'><strong>ipse</strong></span> 
     </span>
    </p>
   </div>
   <div class='ocr_carea' id='block_1_34' title="bbox 299 1898 1889 1970">
    <p class='ocr_par' dir='ltr' id='par_1_34' title="bbox 299 1898 1889 1970">
     <span class='ocr_line' id='line_1_34' title="bbox 299 1898 1889 1970; baseline -0.005 -10"><span class='ocrx_word' id='word_1_254' title='bbox 299 1904 519 1960; x_wconf 87' lang='lat' dir='ltr'><strong>divinis</strong></span> <span class='ocrx_word' id='word_1_255' title='bbox 540 1902 840 1959; x_wconf 83' lang='lat' dir='ltr'><strong>oﬁ&#39;eruntur</strong></span> <span class='ocrx_word' id='word_1_256' title='bbox 875 1902 1158 1967; x_wconf 85' lang='lat' dir='ltr'><strong>altaribus,</strong></span> <span class='ocrx_word' id='word_1_257' title='bbox 1210 1909 1265 1957; x_wconf 91' lang='lat' dir='ltr'><strong>et</strong></span> <span class='ocrx_word' id='word_1_258' title='bbox 1291 1915 1514 1955; x_wconf 90' lang='lat' dir='ltr'><strong>munera</strong></span> <span class='ocrx_word' id='word_1_259' title='bbox 1535 1898 1889 1970; x_wconf 84' lang='lat' dir='ltr'><strong>appellantur,</strong></span> 
     </span>
    </p>
   </div>
   <div class='ocr_carea' id='block_1_35' title="bbox 296 1986 1887 2064">
    <p class='ocr_par' dir='ltr' id='par_1_35' title="bbox 296 1986 1887 2064">
     <span class='ocr_line' id='line_1_35' title="bbox 296 1986 1887 2064; baseline -0.007 -14"><span class='ocrx_word' id='word_1_260' title='bbox 296 1996 456 2051; x_wconf 85' lang='lat' dir='ltr'><strong>sicut</strong></span> <span class='ocrx_word' id='word_1_261' title='bbox 471 1994 730 2049; x_wconf 82' lang='lat' dir='ltr'><strong>Dominus</strong></span> <span class='ocrx_word' id='word_1_262' title='bbox 760 2013 773 2049; x_wconf 92' lang='lat'><strong>:</strong></span> <span class='ocrx_word' id='word_1_263' title='bbox 799 1992 859 2049; x_wconf 89' lang='lat' dir='ltr'><strong>Si</strong></span> <span class='ocrx_word' id='word_1_264' title='bbox 875 1995 1032 2064; x_wconf 67' lang='lat' dir='ltr'><strong>offers</strong></span> <span class='ocrx_word' id='word_1_265' title='bbox 1059 2008 1249 2047; x_wconf 81' lang='lat' dir='ltr'><strong>munus</strong></span> <span class='ocrx_word' id='word_1_266' title='bbox 1277 2001 1423 2045; x_wconf 85' lang='lat' dir='ltr'><strong>tuum</strong></span> <span class='ocrx_word' id='word_1_267' title='bbox 1439 1988 1655 2061; x_wconf 79' lang='lat' dir='ltr'><strong>(Matth.</strong></span> <span class='ocrx_word' id='word_1_268' title='bbox 1683 2004 1739 2053; x_wconf 92' lang='lat' dir='ltr'><strong>v,</strong></span> <span class='ocrx_word' id='word_1_269' title='bbox 1761 1986 1887 2057; x_wconf 73' lang='lat'><strong>23):</strong></span> 
     </span>
    </p>
   </div>
   <div class='ocr_carea' id='block_1_36' title="bbox 300 2079 1887 2161">
    <p class='ocr_par' dir='ltr' id='par_1_36' title="bbox 300 2079 1887 2161">
     <span class='ocr_line' id='line_1_36' title="bbox 300 2079 1887 2161; baseline -0.004 -19"><span class='ocrx_word' id='word_1_270' title='bbox 300 2094 363 2142; x_wconf 88' lang='lat' dir='ltr'><strong>et</strong></span> <span class='ocrx_word' id='word_1_271' title='bbox 384 2086 536 2161; x_wconf 79' lang='lat' dir='ltr'><strong>dona</strong></span> <span class='ocrx_word' id='word_1_272' title='bbox 576 2085 661 2139; x_wconf 89' lang='lat' dir='ltr'><strong>vel</strong></span> <span class='ocrx_word' id='word_1_273' title='bbox 690 2084 982 2152; x_wconf 84' lang='lat' dir='ltr'><strong>sacriﬁcia,</strong></span> <span class='ocrx_word' id='word_1_274' title='bbox 1010 2084 1151 2140; x_wconf 88' lang='lat' dir='ltr'><strong>sicut</strong></span> <span class='ocrx_word' id='word_1_275' title='bbox 1177 2080 1465 2153; x_wconf 84' lang='lat' dir='ltr'><strong>Apostolus</strong></span> <span class='ocrx_word' id='word_1_276' title='bbox 1490 2082 1556 2136; x_wconf 93' lang='lat' dir='ltr'><strong>de</strong></span> <span class='ocrx_word' id='word_1_277' title='bbox 1594 2079 1887 2151; x_wconf 89' lang='lat' dir='ltr'><strong>pontiﬁce;</strong></span> 
     </span>
    </p>
   </div>
   <div class='ocr_carea' id='block_1_37' title="bbox 302 2171 1888 2249">
    <p class='ocr_par' dir='ltr' id='par_1_37' title="bbox 302 2171 1888 2249">
     <span class='ocr_line' id='line_1_37' title="bbox 302 2171 1888 2249; baseline -0.006 -15"><span class='ocrx_word' id='word_1_278' title='bbox 302 2176 381 2234; x_wconf 79' lang='lat' dir='ltr'><strong>Ut</strong></span> <span class='ocrx_word' id='word_1_279' title='bbox 407 2179 600 2249; x_wconf 71' lang='lat' dir='ltr'><strong>olferat</strong></span> <span class='ocrx_word' id='word_1_280' title='bbox 620 2178 761 2232; x_wconf 82' lang='lat' dir='ltr'><strong>dona</strong></span> <span class='ocrx_word' id='word_1_281' title='bbox 788 2184 837 2231; x_wconf 80' lang='lat' dir='ltr'><strong>et</strong></span> <span class='ocrx_word' id='word_1_282' title='bbox 858 2175 1122 2245; x_wconf 73' lang='lat' dir='ltr'><strong>sacriﬁcia</strong></span> <span class='ocrx_word' id='word_1_283' title='bbox 1149 2192 1242 2244; x_wconf 83' lang='lat' dir='ltr'><strong>pro</strong></span> <span class='ocrx_word' id='word_1_284' title='bbox 1265 2174 1489 2245; x_wconf 87' lang='lat' dir='ltr'><strong>peccatis</strong></span> <span class='ocrx_word' id='word_1_285' title='bbox 1516 2172 1675 2244; x_wconf 85' lang='lat' dir='ltr'><strong>(Heb.</strong></span> <span class='ocrx_word' id='word_1_286' title='bbox 1708 2187 1781 2245; x_wconf 48' lang='grc' dir='ltr'><strong>ν..</strong></span> <span class='ocrx_word' id='word_1_287' title='bbox 1798 2171 1849 2243; x_wconf 75' lang='grc'><strong>1)</strong></span> <span class='ocrx_word' id='word_1_288' title='bbox 1875 2189 1888 2236; x_wconf 88' lang='lat'><strong>;</strong></span> 
     </span>
    </p>
   </div>
   <div class='ocr_carea' id='block_1_38' title="bbox 300 2261 1894 2336">
    <p class='ocr_par' dir='ltr' id='par_1_38' title="bbox 300 2261 1894 2336">
     <span class='ocr_line' id='line_1_38' title="bbox 300 2261 1894 2336; baseline -0.009 -9"><span class='ocrx_word' id='word_1_289' title='bbox 300 2270 433 2336; x_wconf 81' lang='lat' dir='ltr'><strong>sed,</strong></span> <span class='ocrx_word' id='word_1_290' title='bbox 462 2278 522 2323; x_wconf 91' lang='lat' dir='ltr'><strong>ut</strong></span> <span class='ocrx_word' id='word_1_291' title='bbox 555 2268 759 2324; x_wconf 89' lang='lat' dir='ltr'><strong>dictum</strong></span> <span class='ocrx_word' id='word_1_292' title='bbox 784 2274 889 2331; x_wconf 88' lang='lat' dir='ltr'><strong>est,</strong></span> <span class='ocrx_word' id='word_1_293' title='bbox 927 2278 1234 2322; x_wconf 75' lang='lat' dir='ltr'><strong>sermonum</strong></span> <span class='ocrx_word' id='word_1_294' title='bbox 1257 2263 1527 2332; x_wconf 87' lang='lat' dir='ltr'><strong>repetitio,</strong></span> <span class='ocrx_word' id='word_1_295' title='bbox 1550 2261 1683 2315; x_wconf 89' lang='lat' dir='ltr'><strong>tanti</strong></span> <span class='ocrx_word' id='word_1_296' title='bbox 1711 2276 1894 2315; x_wconf 87' lang='lat' dir='ltr'><strong>sacra-</strong></span> 
     </span>
    </p>
   </div>
   <div class='ocr_carea' id='block_1_39' title="bbox 303 2353 1886 2429">
    <p class='ocr_par' dir='ltr' id='par_1_39' title="bbox 303 2353 1886 2429">
     <span class='ocr_line' id='line_1_39' title="bbox 303 2353 1886 2429; baseline -0.007 -13"><span class='ocrx_word' id='word_1_297' title='bbox 303 2360 485 2417; x_wconf 80' lang='lat' dir='ltr'><strong>menti</strong></span> <span class='ocrx_word' id='word_1_298' title='bbox 505 2368 591 2429; x_wconf 76' lang='lat' dir='ltr'><strong>est</strong></span> <span class='ocrx_word' id='word_1_299' title='bbox 610 2356 1028 2422; x_wconf 88' lang='lat' dir='ltr'><strong>commendatio,</strong></span> <span class='ocrx_word' id='word_1_300' title='bbox 1053 2364 1108 2411; x_wconf 93' lang='lat' dir='ltr'><strong>et</strong></span> <span class='ocrx_word' id='word_1_301' title='bbox 1136 2356 1238 2426; x_wconf 79' lang='lat' dir='ltr'><strong>piae</strong></span> <span class='ocrx_word' id='word_1_302' title='bbox 1276 2354 1577 2409; x_wconf 84' lang='lat' dir='ltr'><strong>devotionis</strong></span> <span class='ocrx_word' id='word_1_303' title='bbox 1610 2353 1886 2421; x_wconf 78' lang='lat' dir='ltr'><strong>excitatio.</strong></span> 
     </span>
    </p>
   </div>
   <div class='ocr_carea' id='block_1_40' title="bbox 304 2443 1892 2519">
    <p class='ocr_par' dir='ltr' id='par_1_40' title="bbox 304 2443 1892 2519">
     <span class='ocr_line' id='line_1_40' title="bbox 304 2443 1892 2519; baseline -0.005 -15"><span class='ocrx_word' id='word_1_304' title='bbox 304 2451 454 2519; x_wconf 85' lang='lat' dir='ltr'><strong>Quia</strong></span> <span class='ocrx_word' id='word_1_305' title='bbox 483 2450 598 2505; x_wconf 60' lang='lat' dir='ltr'><strong>haec</strong></span> <span class='ocrx_word' id='word_1_306' title='bbox 644 2456 771 2503; x_wconf 91' lang='lat' dir='ltr'><strong>sunt</strong></span> <span class='ocrx_word' id='word_1_307' title='bbox 796 2463 924 2502; x_wconf 91' lang='lat' dir='ltr'><strong>vere</strong></span> <span class='ocrx_word' id='word_1_308' title='bbox 957 2456 1141 2502; x_wconf 84' lang='lat' dir='ltr'><strong>sancta</strong></span> <span class='ocrx_word' id='word_1_309' title='bbox 1170 2456 1217 2499; x_wconf 91' lang='lat' dir='ltr'><strong>et</strong></span> <span class='ocrx_word' id='word_1_310' title='bbox 1244 2444 1473 2509; x_wconf 84' lang='lat' dir='ltr'><strong>illibata,</strong></span> <span class='ocrx_word' id='word_1_311' title='bbox 1501 2444 1553 2499; x_wconf 93' lang='lat' dir='ltr'><strong>id</strong></span> <span class='ocrx_word' id='word_1_312' title='bbox 1595 2451 1699 2508; x_wconf 91' lang='lat' dir='ltr'><strong>est,</strong></span> <span class='ocrx_word' id='word_1_313' title='bbox 1725 2443 1892 2497; x_wconf 87' lang='lat' dir='ltr'><strong>invio—</strong></span> 
     </span>
    </p>
   </div>
   <div class='ocr_carea' id='block_1_41' title="bbox 304 2534 1892 2606">
    <p class='ocr_par' dir='ltr' id='par_1_41' title="bbox 304 2534 1892 2606">
     <span class='ocr_line' id='line_1_41' title="bbox 304 2534 1892 2606; baseline -0.005 -11"><span class='ocrx_word' id='word_1_314' title='bbox 304 2542 427 2596; x_wconf 88' lang='lat' dir='ltr'><strong>lata</strong></span> <span class='ocrx_word' id='word_1_315' title='bbox 465 2550 522 2594; x_wconf 88' lang='lat' dir='ltr'><strong>et</strong></span> <span class='ocrx_word' id='word_1_316' title='bbox 568 2539 990 2595; x_wconf 86' lang='lat' dir='ltr'><strong>incontaminata</strong></span> <span class='ocrx_word' id='word_1_317' title='bbox 1032 2537 1321 2601; x_wconf 87' lang='lat' dir='ltr'><strong>sacriﬁcia,</strong></span> <span class='ocrx_word' id='word_1_318' title='bbox 1363 2551 1482 2606; x_wconf 74' lang='lat' dir='ltr'><strong>qua:</strong></span> <span class='ocrx_word' id='word_1_319' title='bbox 1509 2536 1563 2590; x_wconf 92' lang='lat' dir='ltr'><strong>in</strong></span> <span class='ocrx_word' id='word_1_320' title='bbox 1594 2534 1892 2593; x_wconf 87' lang='lat' dir='ltr'><strong>ministerio</strong></span> 
     </span>
    </p>
   </div>
   <div class='ocr_carea' id='block_1_42' title="bbox 306 2626 1891 2699">
    <p class='ocr_par' dir='ltr' id='par_1_42' title="bbox 306 2626 1891 2699">
     <span class='ocr_line' id='line_1_42' title="bbox 306 2626 1891 2699; baseline -0.005 -13"><span class='ocrx_word' id='word_1_321' title='bbox 306 2629 576 2686; x_wconf 86' lang='lat' dir='ltr'><strong>dominici</strong></span> <span class='ocrx_word' id='word_1_322' title='bbox 607 2630 848 2699; x_wconf 89' lang='lat' dir='ltr'><strong>corporis</strong></span> <span class='ocrx_word' id='word_1_323' title='bbox 885 2627 1188 2699; x_wconf 89' lang='lat' dir='ltr'><strong>offeruntur</strong></span> <span class='ocrx_word' id='word_1_324' title='bbox 1215 2646 1227 2681; x_wconf 94' lang='lat'>:</span> <span class='ocrx_word' id='word_1_325' title='bbox 1255 2627 1339 2682; x_wconf 87' lang='lat' dir='ltr'><strong>vel</strong></span> <span class='ocrx_word' id='word_1_326' title='bbox 1364 2626 1571 2681; x_wconf 85' lang='lat' dir='ltr'><strong>illibata</strong></span> <span class='ocrx_word' id='word_1_327' title='bbox 1613 2626 1891 2689; x_wconf 80' lang='lat' dir='ltr'><strong>dicuntur;</strong></span> 
     </span>
    </p>
   </div>
   <div class='ocr_carea' id='block_1_43' title="bbox 308 2715 1895 2790">
    <p class='ocr_par' dir='ltr' id='par_1_43' title="bbox 308 2715 1895 2790">
     <span class='ocr_line' id='line_1_43' title="bbox 308 2715 1895 2790; baseline -0.004 -13"><span class='ocrx_word' id='word_1_328' title='bbox 308 2721 368 2779; x_wconf 84' lang='lat' dir='ltr'><strong>id</strong></span> <span class='ocrx_word' id='word_1_329' title='bbox 398 2728 484 2777; x_wconf 88' lang='lat' dir='ltr'><strong>est</strong></span> <span class='ocrx_word' id='word_1_330' title='bbox 510 2759 525 2785; x_wconf 92' lang='lat'><strong>,</strong></span> <span class='ocrx_word' id='word_1_331' title='bbox 554 2735 662 2774; x_wconf 91' lang='lat' dir='ltr'><strong>non</strong></span> <span class='ocrx_word' id='word_1_332' title='bbox 689 2727 1035 2790; x_wconf 76' lang='lat' dir='ltr'><strong>przegustata,</strong></span> <span class='ocrx_word' id='word_1_333' title='bbox 1067 2717 1164 2771; x_wconf 89' lang='lat' dir='ltr'><strong>sed</strong></span> <span class='ocrx_word' id='word_1_334' title='bbox 1203 2717 1413 2790; x_wconf 84' lang='lat' dir='ltr'><strong>integra</strong></span> <span class='ocrx_word' id='word_1_335' title='bbox 1458 2715 1633 2771; x_wconf 86' lang='lat' dir='ltr'><strong>adhuc</strong></span> <span class='ocrx_word' id='word_1_336' title='bbox 1675 2730 1895 2770; x_wconf 90' lang='lat' dir='ltr'><strong>manen-</strong></span> 
     </span>
    </p>
   </div>
   <div class='ocr_carea' id='block_1_44' title="bbox 310 2802 1893 2867">
    <p class='ocr_par' dir='ltr' id='par_1_44' title="bbox 310 2802 1893 2867">
     <span class='ocr_line' id='line_1_44' title="bbox 310 2802 1893 2867; baseline -0.004 -1"><span class='ocrx_word' id='word_1_337' title='bbox 310 2810 413 2867; x_wconf 88' lang='lat' dir='ltr'><strong>tia.</strong></span> <span class='ocrx_word' id='word_1_338' title='bbox 448 2808 641 2864; x_wconf 88' lang='lat' dir='ltr'><strong>Libare</strong></span> <span class='ocrx_word' id='word_1_339' title='bbox 661 2809 807 2863; x_wconf 91' lang='lat' dir='ltr'><strong>enim</strong></span> <span class='ocrx_word' id='word_1_340' title='bbox 831 2807 933 2863; x_wconf 88' lang='lat' dir='ltr'><strong>sub</strong></span> <span class='ocrx_word' id='word_1_341' title='bbox 960 2822 1068 2862; x_wconf 90' lang='lat' dir='ltr'><strong>uno</strong></span> <span class='ocrx_word' id='word_1_342' title='bbox 1098 2819 1261 2861; x_wconf 88' lang='lat' dir='ltr'><strong>sensu</strong></span> <span class='ocrx_word' id='word_1_343' title='bbox 1288 2804 1485 2860; x_wconf 89' lang='lat' dir='ltr'><strong>dicitur</strong></span> <span class='ocrx_word' id='word_1_344' title='bbox 1507 2802 1751 2859; x_wconf 91' lang='lat' dir='ltr'><strong>fundere.</strong></span> <span class='ocrx_word' id='word_1_345' title='bbox 1782 2802 1893 2859; x_wconf 84' lang='lat' dir='ltr'><strong>Un—</strong></span> 
     </span>
    </p>
   </div>
   <div class='ocr_carea' id='block_1_45' title="bbox 311 2892 1889 2969">
    <p class='ocr_par' dir='ltr' id='par_1_45' title="bbox 311 2892 1889 2969">
     <span class='ocr_line' id='line_1_45' title="bbox 311 2892 1889 2969; baseline -0.006 -12"><span class='ocrx_word' id='word_1_346' title='bbox 311 2902 386 2957; x_wconf 89' lang='lat' dir='ltr'><strong>de</strong></span> <span class='ocrx_word' id='word_1_347' title='bbox 415 2900 667 2969; x_wconf 75' lang='lat' dir='ltr'><strong>legimus,</strong></span> <span class='ocrx_word' id='word_1_348' title='bbox 717 2898 862 2969; x_wconf 91' lang='lat' dir='ltr'><strong>quod</strong></span> <span class='ocrx_word' id='word_1_349' title='bbox 906 2897 1076 2952; x_wconf 85' lang='lat' dir='ltr'><strong>David</strong></span> <span class='ocrx_word' id='word_1_350' title='bbox 1106 2896 1296 2952; x_wconf 86' lang='lat' dir='ltr'><strong>libavit</strong></span> <span class='ocrx_word' id='word_1_351' title='bbox 1322 2910 1517 2967; x_wconf 88' lang='lat' dir='ltr'><strong>aquam</strong></span> <span class='ocrx_word' id='word_1_352' title='bbox 1546 2894 1773 2949; x_wconf 91' lang='lat' dir='ltr'><strong>Domino</strong></span> <span class='ocrx_word' id='word_1_353' title='bbox 1803 2892 1889 2967; x_wconf 85' lang='lat' dir='ltr'><strong>(II</strong></span> 
     </span>
    </p>
   </div>
   <div class='ocr_carea' id='block_1_46' title="bbox 313 2984 1893 3061">
    <p class='ocr_par' dir='ltr' id='par_1_46' title="bbox 313 2984 1893 3061">
     <span class='ocr_line' id='line_1_46' title="bbox 313 2984 1893 3061; baseline -0.003 -16"><span class='ocrx_word' id='word_1_354' title='bbox 313 2990 446 3061; x_wconf 80' lang='lat' dir='ltr'><strong>Reg.</strong></span> <span class='ocrx_word' id='word_1_355' title='bbox 475 3005 634 3054; x_wconf 78' lang='lat' dir='ltr'><strong>mu,</strong></span> <span class='ocrx_word' id='word_1_356' title='bbox 670 2990 758 3059; x_wconf 77' lang='grc'><strong>16)</strong></span> <span class='ocrx_word' id='word_1_357' title='bbox 791 2988 894 3045; x_wconf 89' lang='lat' dir='ltr'><strong>sibi</strong></span> <span class='ocrx_word' id='word_1_358' title='bbox 926 2988 1184 3053; x_wconf 90' lang='lat' dir='ltr'><strong>oblatam,</strong></span> <span class='ocrx_word' id='word_1_359' title='bbox 1210 2987 1265 3042; x_wconf 91' lang='lat' dir='ltr'><strong>id</strong></span> <span class='ocrx_word' id='word_1_360' title='bbox 1289 2994 1395 3052; x_wconf 89' lang='lat' dir='ltr'><strong>est,</strong></span> <span class='ocrx_word' id='word_1_361' title='bbox 1433 2984 1594 3040; x_wconf 78' lang='lat' dir='ltr'><strong>fudit.</strong></span> <span class='ocrx_word' id='word_1_362' title='bbox 1629 2984 1742 3040; x_wconf 90' lang='lat' dir='ltr'><strong>Sub</strong></span> <span class='ocrx_word' id='word_1_363' title='bbox 1783 2984 1893 3041; x_wconf 87' lang='lat' dir='ltr'><strong>alio</strong></span> 
     </span>
    </p>
   </div>
   <div class='ocr_carea' id='block_1_47' title="bbox 313 3077 1889 3157">
    <p class='ocr_par' dir='ltr' id='par_1_47' title="bbox 313 3077 1889 3157">
     <span class='ocr_line' id='line_1_47' title="bbox 313 3077 1889 3157; baseline -0.002 -20"><span class='ocrx_word' id='word_1_364' title='bbox 313 3095 485 3137; x_wconf 80' lang='lat' dir='ltr'><strong>sensu</strong></span> <span class='ocrx_word' id='word_1_365' title='bbox 514 3079 711 3137; x_wconf 91' lang='lat' dir='ltr'><strong>dicitur</strong></span> <span class='ocrx_word' id='word_1_366' title='bbox 738 3080 924 3157; x_wconf 82' lang='lat' dir='ltr'><strong>libare,</strong></span> <span class='ocrx_word' id='word_1_367' title='bbox 955 3088 1171 3148; x_wconf 81' lang='lat' dir='ltr'><strong>gustare</strong></span> <span class='ocrx_word' id='word_1_368' title='bbox 1200 3096 1213 3132; x_wconf 93' lang='lat'><strong>:</strong></span> <span class='ocrx_word' id='word_1_369' title='bbox 1243 3078 1384 3133; x_wconf 87' lang='lat' dir='ltr'><strong>unde</strong></span> <span class='ocrx_word' id='word_1_370' title='bbox 1409 3086 1463 3133; x_wconf 90' lang='lat' dir='ltr'><strong>et</strong></span> <span class='ocrx_word' id='word_1_371' title='bbox 1499 3077 1773 3151; x_wconf 69' lang='lat' dir='ltr'><strong>pra-libata</strong></span> <span class='ocrx_word' id='word_1_372' title='bbox 1801 3093 1889 3134; x_wconf 83' lang='lat' dir='ltr'><strong>res</strong></span> 
     </span>
    </p>
   </div>
   <div class='ocr_carea' id='block_1_48' title="bbox 315 3169 899 3239">
    <p class='ocr_par' dir='ltr' id='par_1_48' title="bbox 315 3169 899 3239">
     <span class='ocr_line' id='line_1_48' title="bbox 315 3169 899 3239; baseline -0.007 -14"><span class='ocrx_word' id='word_1_373' title='bbox 315 3169 523 3226; x_wconf 87' lang='lat' dir='ltr'><strong>dicitur</strong></span> <span class='ocrx_word' id='word_1_374' title='bbox 555 3176 899 3239; x_wconf 68' lang='lat' dir='ltr'><strong>prmgustata.</strong></span> 
     </span>
    </p>
   </div>
   <div class='ocr_carea' id='block_1_49' title="bbox 392 3273 1896 3345">
    <p class='ocr_par' dir='ltr' id='par_1_49' title="bbox 392 3273 1896 3345">
     <span class='ocr_line' id='line_1_49' title="bbox 392 3273 1896 3345; baseline -0.001 -13"><span class='ocrx_word' id='word_1_375' title='bbox 392 3276 647 3333; x_wconf 80' lang='lat' dir='ltr'><strong>Reddidit</strong></span> <span class='ocrx_word' id='word_1_376' title='bbox 673 3284 854 3331; x_wconf 89' lang='lat' dir='ltr'><strong>autem</strong></span> <span class='ocrx_word' id='word_1_377' title='bbox 876 3291 1093 3330; x_wconf 85' lang='lat' dir='ltr'><strong>causam</strong></span> <span class='ocrx_word' id='word_1_378' title='bbox 1134 3276 1411 3339; x_wconf 84' lang='lat' dir='ltr'><strong>sacerdos,</strong></span> <span class='ocrx_word' id='word_1_379' title='bbox 1438 3291 1537 3345; x_wconf 90' lang='lat' dir='ltr'><strong>pro</strong></span> <span class='ocrx_word' id='word_1_380' title='bbox 1562 3291 1666 3344; x_wconf 89' lang='lat' dir='ltr'><strong>qua</strong></span> <span class='ocrx_word' id='word_1_381' title='bbox 1704 3274 1790 3328; x_wconf 84' lang='lat' dir='ltr'><strong>illa</strong></span> <span class='ocrx_word' id='word_1_382' title='bbox 1817 3273 1896 3330; x_wconf 84' lang='lat' dir='ltr'><strong>of-</strong></span> 
     </span>
    </p>
   </div>
   <div class='ocr_carea' id='block_1_50' title="bbox 318 3366 1895 3437">
    <p class='ocr_par' dir='ltr' id='par_1_50' title="bbox 318 3366 1895 3437">
     <span class='ocr_line' id='line_1_50' title="bbox 318 3366 1895 3437; baseline -0.004 -12"><span class='ocrx_word' id='word_1_383' title='bbox 318 3368 764 3433; x_wconf 88' lang='lat' dir='ltr'><strong>feratsacriﬁcia,</strong></span> <span class='ocrx_word' id='word_1_384' title='bbox 791 3374 848 3422; x_wconf 90' lang='lat' dir='ltr'><strong>et</strong></span> <span class='ocrx_word' id='word_1_385' title='bbox 867 3366 998 3421; x_wconf 92' lang='lat' dir='ltr'><strong>dicit</strong></span> <span class='ocrx_word' id='word_1_386' title='bbox 1028 3382 1087 3420; x_wconf 91' lang='lat' dir='ltr'><strong>se</strong></span> <span class='ocrx_word' id='word_1_387' title='bbox 1110 3367 1167 3420; x_wconf 88' lang='lat' dir='ltr'><strong>in</strong></span> <span class='ocrx_word' id='word_1_388' title='bbox 1188 3366 1394 3436; x_wconf 83' lang='lat' dir='ltr'><strong>primis,</strong></span> <span class='ocrx_word' id='word_1_389' title='bbox 1424 3366 1478 3420; x_wconf 90' lang='lat' dir='ltr'><strong>id</strong></span> <span class='ocrx_word' id='word_1_390' title='bbox 1500 3373 1606 3427; x_wconf 90' lang='lat' dir='ltr'><strong>est,</strong></span> <span class='ocrx_word' id='word_1_391' title='bbox 1625 3366 1895 3437; x_wconf 86' lang='lat' dir='ltr'><strong>principa-</strong></span> 
     </span>
    </p>
   </div>
   <div class='ocr_carea' id='block_1_51' title="bbox 317 3453 1894 3529">
    <p class='ocr_par' dir='ltr' id='par_1_51' title="bbox 317 3453 1894 3529">
     <span class='ocr_line' id='line_1_51' title="bbox 317 3453 1894 3529; baseline -0.003 -16"><span class='ocrx_word' id='word_1_392' title='bbox 317 3458 447 3513; x_wconf 89' lang='lat' dir='ltr'><strong>liter</strong></span> <span class='ocrx_word' id='word_1_393' title='bbox 464 3476 558 3529; x_wconf 86' lang='lat' dir='ltr'><strong>pro</strong></span> <span class='ocrx_word' id='word_1_394' title='bbox 573 3457 811 3512; x_wconf 83' lang='lat' dir='ltr'><strong>Ecclesia</strong></span> <span class='ocrx_word' id='word_1_395' title='bbox 827 3456 1106 3521; x_wconf 81' lang='lat' dir='ltr'><strong>catholica,</strong></span> <span class='ocrx_word' id='word_1_396' title='bbox 1125 3456 1178 3519; x_wconf 83' lang='lat' dir='ltr'><strong>id</strong></span> <span class='ocrx_word' id='word_1_397' title='bbox 1197 3463 1297 3520; x_wconf 86' lang='lat' dir='ltr'><strong>est,</strong></span> <span class='ocrx_word' id='word_1_398' title='bbox 1316 3454 1623 3510; x_wconf 82' lang='lat' dir='ltr'><strong>universali.</strong></span> <span class='ocrx_word' id='word_1_399' title='bbox 1644 3453 1735 3509; x_wconf 89' lang='lat' dir='ltr'><strong>Sic</strong></span> <span class='ocrx_word' id='word_1_400' title='bbox 1748 3456 1894 3510; x_wconf 89' lang='lat' dir='ltr'><strong>enim</strong></span> 
     </span>
    </p>
   </div>
   <div class='ocr_carea' id='block_1_52' title="bbox 316 3543 1896 3619">
    <p class='ocr_par' dir='ltr' id='par_1_52' title="bbox 316 3543 1896 3619">
     <span class='ocr_line' id='line_1_52' title="bbox 316 3543 1896 3619; baseline -0.003 -16"><span class='ocrx_word' id='word_1_401' title='bbox 316 3548 539 3619; x_wconf 86' lang='lat' dir='ltr'><strong>dignum</strong></span> <span class='ocrx_word' id='word_1_402' title='bbox 562 3548 680 3612; x_wconf 90' lang='lat' dir='ltr'><strong>fuit,</strong></span> <span class='ocrx_word' id='word_1_403' title='bbox 708 3556 766 3602; x_wconf 92' lang='lat' dir='ltr'><strong>ut</strong></span> <span class='ocrx_word' id='word_1_404' title='bbox 791 3546 1047 3615; x_wconf 88' lang='lat' dir='ltr'><strong>inciperet</strong></span> <span class='ocrx_word' id='word_1_405' title='bbox 1069 3553 1253 3599; x_wconf 86' lang='lat' dir='ltr'><strong>sancta</strong></span> <span class='ocrx_word' id='word_1_406' title='bbox 1288 3544 1509 3607; x_wconf 87' lang='lat' dir='ltr'><strong>oblatio,</strong></span> <span class='ocrx_word' id='word_1_407' title='bbox 1533 3543 1781 3599; x_wconf 89' lang='lat' dir='ltr'><strong>videlicet</strong></span> <span class='ocrx_word' id='word_1_408' title='bbox 1798 3559 1896 3613; x_wconf 88' lang='lat' dir='ltr'><strong>pro</strong></span> 
     </span>
    </p>
   </div>
   <div class='ocr_carea' id='block_1_53' title="bbox 319 3635 1896 3704">
    <p class='ocr_par' dir='ltr' id='par_1_53' title="bbox 319 3635 1896 3704">
     <span class='ocr_line' id='line_1_53' title="bbox 319 3635 1896 3704; baseline -0.004 -9"><span class='ocrx_word' id='word_1_409' title='bbox 319 3638 560 3695; x_wconf 81' lang='lat' dir='ltr'><strong>Ecclesia</strong></span> <span class='ocrx_word' id='word_1_410' title='bbox 589 3639 682 3693; x_wconf 89' lang='lat' dir='ltr'><strong>Dei</strong></span> <span class='ocrx_word' id='word_1_411' title='bbox 698 3647 809 3693; x_wconf 89' lang='lat' dir='ltr'><strong>toto</strong></span> <span class='ocrx_word' id='word_1_412' title='bbox 828 3638 959 3691; x_wconf 90' lang='lat' dir='ltr'><strong>orbe</strong></span> <span class='ocrx_word' id='word_1_413' title='bbox 982 3635 1193 3699; x_wconf 83' lang='lat' dir='ltr'><strong>diﬁ&#39;usa,</strong></span> <span class='ocrx_word' id='word_1_414' title='bbox 1221 3646 1434 3704; x_wconf 64' lang='lat' dir='ltr'><strong>quaeest</strong></span> <span class='ocrx_word' id='word_1_415' title='bbox 1452 3635 1611 3690; x_wconf 91' lang='lat' dir='ltr'><strong>unico</strong></span> <span class='ocrx_word' id='word_1_416' title='bbox 1637 3636 1896 3703; x_wconf 78' lang='lat' dir='ltr'><strong>sanguine</strong></span> 
     </span>
    </p>
   </div>
   <div class='ocr_carea' id='block_1_54' title="bbox 320 3724 1894 3797">
    <p class='ocr_par' dir='ltr' id='par_1_54' title="bbox 320 3724 1894 3797">
     <span class='ocr_line' id='line_1_54' title="bbox 320 3724 1894 3797; baseline -0.004 -13"><span class='ocrx_word' id='word_1_417' title='bbox 320 3728 536 3784; x_wconf 89' lang='lat' dir='ltr'><strong>Domini</strong></span> <span class='ocrx_word' id='word_1_418' title='bbox 556 3728 849 3797; x_wconf 88' lang='lat' dir='ltr'><strong>redempta.</strong></span> <span class='ocrx_word' id='word_1_419' title='bbox 869 3726 1041 3792; x_wconf 79' lang='lat' dir='ltr'><strong>Quam</strong></span> <span class='ocrx_word' id='word_1_420' title='bbox 1063 3725 1343 3796; x_wconf 77' lang='lat' dir='ltr'><strong>paciﬁcare</strong></span> <span class='ocrx_word' id='word_1_421' title='bbox 1362 3724 1609 3795; x_wconf 76' lang='lat' dir='ltr'><strong>digneris,</strong></span> <span class='ocrx_word' id='word_1_422' title='bbox 1627 3732 1687 3778; x_wconf 89' lang='lat' dir='ltr'><strong>ut</strong></span> <span class='ocrx_word' id='word_1_423' title='bbox 1706 3738 1894 3793; x_wconf 88' lang='lat' dir='ltr'><strong>pacem</strong></span> 
     </span>
    </p>
   </div>
   <div class='ocr_carea' id='block_1_55' title="bbox 323 3815 1897 3887">
    <p class='ocr_par' dir='ltr' id='par_1_55' title="bbox 323 3815 1897 3887">
     <span class='ocr_line' id='line_1_55' title="bbox 323 3815 1897 3887; baseline -0.003 -13"><span class='ocrx_word' id='word_1_424' title='bbox 323 3818 524 3875; x_wconf 87' lang='lat' dir='ltr'><strong>habeat</strong></span> <span class='ocrx_word' id='word_1_425' title='bbox 547 3818 615 3873; x_wconf 88' lang='lat' dir='ltr'><strong>ab</strong></span> <span class='ocrx_word' id='word_1_426' title='bbox 643 3818 913 3873; x_wconf 72' lang='lat' dir='ltr'><strong>bmreticis</strong></span> <span class='ocrx_word' id='word_1_427' title='bbox 946 3825 1004 3871; x_wconf 90' lang='lat' dir='ltr'><strong>et</strong></span> <span class='ocrx_word' id='word_1_428' title='bbox 1040 3816 1311 3887; x_wconf 83' lang='lat' dir='ltr'><strong>paganis;</strong></span> <span class='ocrx_word' id='word_1_429' title='bbox 1342 3815 1598 3881; x_wconf 82' lang='lat' dir='ltr'><strong>adunare,</strong></span> <span class='ocrx_word' id='word_1_430' title='bbox 1627 3830 1746 3886; x_wconf 62' lang='lat' dir='ltr'><strong>qua:</strong></span> <span class='ocrx_word' id='word_1_431' title='bbox 1790 3815 1897 3870; x_wconf 87' lang='lat' dir='ltr'><strong>dis-</strong></span> 
     </span>
    </p>
   </div>
   <div class='ocr_carea' id='block_1_56' title="bbox 322 3904 1893 3979">
    <p class='ocr_par' dir='ltr' id='par_1_56' title="bbox 322 3904 1893 3979">
     <span class='ocr_line' id='line_1_56' title="bbox 322 3904 1893 3979; baseline -0.003 -16"><span class='ocrx_word' id='word_1_432' title='bbox 322 3923 482 3979; x_wconf 88' lang='lat' dir='ltr'><strong>persa</strong></span> <span class='ocrx_word' id='word_1_433' title='bbox 532 3916 617 3963; x_wconf 90' lang='lat' dir='ltr'><strong>est</strong></span> <span class='ocrx_word' id='word_1_434' title='bbox 637 3923 734 3977; x_wconf 89' lang='lat' dir='ltr'><strong>per</strong></span> <span class='ocrx_word' id='word_1_435' title='bbox 776 3921 1015 3978; x_wconf 77' lang='lat' dir='ltr'><strong>paganos</strong></span> <span class='ocrx_word' id='word_1_436' title='bbox 1043 3915 1099 3961; x_wconf 89' lang='lat' dir='ltr'><strong>et</strong></span> <span class='ocrx_word' id='word_1_437' title='bbox 1132 3906 1507 3961; x_wconf 66' lang='lat' dir='ltr'><strong>hareticorum</strong></span> <span class='ocrx_word' id='word_1_438' title='bbox 1536 3904 1804 3976; x_wconf 84' lang='lat' dir='ltr'><strong>dogmata.</strong></span> <span class='ocrx_word' id='word_1_439' title='bbox 1836 3905 1893 3959; x_wconf 89' lang='lat' dir='ltr'><strong>ld</strong></span> 
     </span>
    </p>
   </div>
   <div class='ocr_carea' id='block_1_57' title="bbox 324 3994 1890 4068">
    <p class='ocr_par' dir='ltr' id='par_1_57' title="bbox 324 3994 1890 4068">
     <span class='ocr_line' id='line_1_57' title="bbox 324 3994 1890 4068; baseline -0.002 -17"><span class='ocrx_word' id='word_1_440' title='bbox 324 3998 501 4068; x_wconf 78' lang='lat' dir='ltr'><strong>ipsum</strong></span> <span class='ocrx_word' id='word_1_441' title='bbox 521 4005 701 4051; x_wconf 85' lang='lat' dir='ltr'><strong>autem</strong></span> <span class='ocrx_word' id='word_1_442' title='bbox 732 3996 941 4050; x_wconf 87' lang='lat' dir='ltr'><strong>videtur</strong></span> <span class='ocrx_word' id='word_1_443' title='bbox 974 4010 1096 4057; x_wconf 87' lang='lat' dir='ltr'><strong>esse</strong></span> <span class='ocrx_word' id='word_1_444' title='bbox 1116 3996 1377 4060; x_wconf 89' lang='lat' dir='ltr'><strong>adunare,</strong></span> <span class='ocrx_word' id='word_1_445' title='bbox 1402 3995 1544 4064; x_wconf 88' lang='lat' dir='ltr'><strong>quod</strong></span> <span class='ocrx_word' id='word_1_446' title='bbox 1567 3994 1890 4065; x_wconf 74' lang='lat' dir='ltr'><strong>paciﬁcate:</strong></span> 
     </span>
    </p>
   </div>
   <div class='ocr_carea' id='block_1_58' title="bbox 326 4083 1897 4158">
    <p class='ocr_par' dir='ltr' id='par_1_58' title="bbox 326 4083 1897 4158">
     <span class='ocr_line' id='line_1_58' title="bbox 326 4083 1897 4158; baseline -0.004 -15"><span class='ocrx_word' id='word_1_447' title='bbox 326 4087 386 4143; x_wconf 89' lang='lat' dir='ltr'><strong>id</strong></span> <span class='ocrx_word' id='word_1_448' title='bbox 408 4088 585 4158; x_wconf 85' lang='lat' dir='ltr'><strong>ipsum</strong></span> <span class='ocrx_word' id='word_1_449' title='bbox 612 4085 905 4149; x_wconf 85' lang='lat' dir='ltr'><strong>custodire,</strong></span> <span class='ocrx_word' id='word_1_450' title='bbox 930 4085 1072 4155; x_wconf 89' lang='lat' dir='ltr'><strong>quod</strong></span> <span class='ocrx_word' id='word_1_451' title='bbox 1097 4093 1153 4138; x_wconf 86' lang='lat' dir='ltr'><strong>et</strong></span> <span class='ocrx_word' id='word_1_452' title='bbox 1178 4099 1370 4155; x_wconf 77' lang='lat' dir='ltr'><strong>regere.</strong></span> <span class='ocrx_word' id='word_1_453' title='bbox 1394 4083 1737 4139; x_wconf 87' lang='lat' dir='ltr'><strong>Paciﬁcando</strong></span> <span class='ocrx_word' id='word_1_454' title='bbox 1751 4099 1897 4137; x_wconf 51' lang='lat' dir='ltr'><strong>nam.</strong></span> 
     </span>
    </p>
   </div>
   <div class='ocr_carea' id='block_1_59' title="bbox 327 4174 1895 4249">
    <p class='ocr_par' dir='ltr' id='par_1_59' title="bbox 327 4174 1895 4249">
     <span class='ocr_line' id='line_1_59' title="bbox 327 4174 1895 4249; baseline -0.001 -18"><span class='ocrx_word' id='word_1_455' title='bbox 327 4177 676 4249; x_wconf 84' lang='lat' dir='ltr'><strong>quc-adnuat,</strong></span> <span class='ocrx_word' id='word_1_456' title='bbox 699 4191 823 4231; x_wconf 91' lang='lat' dir='ltr'><strong>cum</strong></span> <span class='ocrx_word' id='word_1_457' title='bbox 845 4175 1087 4231; x_wconf 89' lang='lat' dir='ltr'><strong>omnium</strong></span> <span class='ocrx_word' id='word_1_458' title='bbox 1110 4174 1346 4231; x_wconf 86' lang='lat' dir='ltr'><strong>ﬁdelium</strong></span> <span class='ocrx_word' id='word_1_459' title='bbox 1374 4174 1539 4230; x_wconf 88' lang='lat' dir='ltr'><strong>corda</strong></span> <span class='ocrx_word' id='word_1_460' title='bbox 1566 4174 1620 4229; x_wconf 89' lang='lat' dir='ltr'><strong>in</strong></span> <span class='ocrx_word' id='word_1_461' title='bbox 1650 4189 1745 4229; x_wconf 88' lang='lat' dir='ltr'><strong>sua</strong></span> <span class='ocrx_word' id='word_1_462' title='bbox 1764 4189 1895 4243; x_wconf 85' lang='lat' dir='ltr'><strong>pace</strong></span> 
     </span>
    </p>
   </div>
   <div class='ocr_carea' id='block_1_60' title="bbox 328 4261 1897 4338">
    <p class='ocr_par' dir='ltr' id='par_1_60' title="bbox 328 4261 1897 4338">
     <span class='ocr_line' id='line_1_60' title="bbox 328 4261 1897 4338; baseline -0.004 -15"><span class='ocrx_word' id='word_1_463' title='bbox 328 4266 629 4338; x_wconf 88' lang='lat' dir='ltr'><strong>coniungit,</strong></span> <span class='ocrx_word' id='word_1_464' title='bbox 658 4281 779 4321; x_wconf 89' lang='lat' dir='ltr'><strong>cum</strong></span> <span class='ocrx_word' id='word_1_465' title='bbox 802 4264 1045 4321; x_wconf 89' lang='lat' dir='ltr'><strong>omnium</strong></span> <span class='ocrx_word' id='word_1_466' title='bbox 1074 4262 1310 4319; x_wconf 86' lang='lat' dir='ltr'><strong>ﬁdelium</strong></span> <span class='ocrx_word' id='word_1_467' title='bbox 1358 4270 1567 4337; x_wconf 85' lang='lat' dir='ltr'><strong>mentes</strong></span> <span class='ocrx_word' id='word_1_468' title='bbox 1594 4262 1757 4317; x_wconf 86' lang='lat' dir='ltr'><strong>unius</strong></span> <span class='ocrx_word' id='word_1_469' title='bbox 1791 4261 1897 4317; x_wconf 80' lang='lat' dir='ltr'><strong>elli-</strong></span> 
     </span>
    </p>
   </div>
   <div class='ocr_carea' id='block_1_61' title="bbox 329 4352 1897 4429">
    <p class='ocr_par' dir='ltr' id='par_1_61' title="bbox 329 4352 1897 4429">
     <span class='ocr_line' id='line_1_61' title="bbox 329 4352 1897 4429; baseline -0.003 -17"><span class='ocrx_word' id='word_1_470' title='bbox 329 4358 408 4413; x_wconf 92' lang='lat' dir='ltr'><strong>cit</strong></span> <span class='ocrx_word' id='word_1_471' title='bbox 430 4356 740 4421; x_wconf 85' lang='lat' dir='ltr'><strong>voluntatis,</strong></span> <span class='ocrx_word' id='word_1_472' title='bbox 786 4355 979 4412; x_wconf 74' lang='lat' dir='ltr'><strong>diﬁ‘usa</strong></span> <span class='ocrx_word' id='word_1_473' title='bbox 1001 4356 1265 4429; x_wconf 84' lang='lat' dir='ltr'><strong>charitate</strong></span> <span class='ocrx_word' id='word_1_474' title='bbox 1308 4368 1405 4424; x_wconf 89' lang='lat' dir='ltr'><strong>per</strong></span> <span class='ocrx_word' id='word_1_475' title='bbox 1446 4352 1707 4424; x_wconf 87' lang='lat' dir='ltr'><strong>Spiritum</strong></span> <span class='ocrx_word' id='word_1_476' title='bbox 1745 4368 1897 4408; x_wconf 81' lang='lat' dir='ltr'><strong>sanc-</strong></span> 
     </span>
    </p>
   </div>
   <div class='ocr_carea' id='block_1_62' title="bbox 322 4443 1928 4519">
    <p class='ocr_par' dir='ltr' id='par_1_62' title="bbox 322 4443 1928 4519">
     <span class='ocr_line' id='line_1_62' title="bbox 322 4443 1928 4519; baseline 0.001 -18"><span class='ocrx_word' id='word_1_477' title='bbox 322 4454 488 4509; x_wconf 89' lang='lat' dir='ltr'><strong>tum:</strong></span> <span class='ocrx_word' id='word_1_478' title='bbox 514 4446 865 4503; x_wconf 79' lang='lat' dir='ltr'><strong>custodiendo</strong></span> <span class='ocrx_word' id='word_1_479' title='bbox 914 4447 1074 4519; x_wconf 87' lang='lat' dir='ltr'><strong>regit,</strong></span> <span class='ocrx_word' id='word_1_480' title='bbox 1102 4462 1227 4501; x_wconf 89' lang='lat' dir='ltr'><strong>cum</strong></span> <span class='ocrx_word' id='word_1_481' title='bbox 1269 4448 1410 4501; x_wconf 86' lang='lat' dir='ltr'><strong>inter</strong></span> <span class='ocrx_word' id='word_1_482' title='bbox 1439 4444 1620 4500; x_wconf 89' lang='lat' dir='ltr'><strong>omnia</strong></span> <span class='ocrx_word' id='word_1_483' title='bbox 1658 4443 1928 4514; x_wconf 89' lang='lat' dir='ltr'><strong>pericula.</strong></span> 
     </span>
    </p>
   </div>
   <div class='ocr_carea' id='block_1_63' title="bbox 1914 3158 1962 3218">
    <p class='ocr_par' dir='ltr' id='par_1_63' title="bbox 1914 3158 1962 3218">
     <span class='ocr_line' id='line_1_63' title="bbox 1914 3158 1962 3218; baseline 0 0"><span class='ocrx_word' id='word_1_484' title='bbox 1914 3158 1962 3218; x_wconf 77' lang='grc' dir='ltr'>ϐ</span> 
     </span>
    </p>
   </div>
   <div class='ocr_carea' id='block_1_64' title="bbox 1992 1916 3561 1988">
    <p class='ocr_par' dir='ltr' id='par_1_64' title="bbox 1992 1916 3561 1988">
     <span class='ocr_line' id='line_1_64' title="bbox 1992 1916 3561 1988; baseline -0.001 -17"><span class='ocrx_word' id='word_1_485' title='bbox 1992 1916 2151 1988; x_wconf 80' lang='lat'><strong>503</strong></span> <span class='ocrx_word' id='word_1_486' title='bbox 2178 1918 2231 1971; x_wconf 89' lang='lat' dir='ltr'><strong>in</strong></span> <span class='ocrx_word' id='word_1_487' title='bbox 2292 1916 2579 1988; x_wconf 87' lang='lat' dir='ltr'><strong>Evangelio</strong></span> <span class='ocrx_word' id='word_1_488' title='bbox 2625 1918 2989 1983; x_wconf 89' lang='lat' dir='ltr'><strong>commendat,</strong></span> <span class='ocrx_word' id='word_1_489' title='bbox 3024 1918 3240 1971; x_wconf 87' lang='lat' dir='ltr'><strong>dicens:</strong></span> <span class='ocrx_word' id='word_1_490' title='bbox 3294 1916 3561 1987; x_wconf 77' lang='lat' dir='ltr'><strong>Quidquid</strong></span> 
     </span>
    </p>
   </div>
   <div class='ocr_carea' id='block_1_65' title="bbox 1990 2006 3557 2078">
    <p class='ocr_par' dir='ltr' id='par_1_65' title="bbox 1990 2006 3557 2078">
     <span class='ocr_line' id='line_1_65' title="bbox 1990 2006 3557 2078; baseline -0.001 -16"><span class='ocrx_word' id='word_1_491' title='bbox 1990 2008 2239 2078; x_wconf 82' lang='lat' dir='ltr'><strong>petieritis</strong></span> <span class='ocrx_word' id='word_1_492' title='bbox 2262 2008 2316 2061; x_wconf 84' lang='lat' dir='ltr'><strong>in</strong></span> <span class='ocrx_word' id='word_1_493' title='bbox 2332 2008 2540 2062; x_wconf 81' lang='lat' dir='ltr'><strong>nomine</strong></span> <span class='ocrx_word' id='word_1_494' title='bbox 2564 2023 2697 2071; x_wconf 89' lang='lat' dir='ltr'><strong>meo,</strong></span> <span class='ocrx_word' id='word_1_495' title='bbox 2744 2008 2841 2061; x_wconf 78' lang='lat' dir='ltr'><strong>hoc</strong></span> <span class='ocrx_word' id='word_1_496' title='bbox 2866 2006 3059 2075; x_wconf 80' lang='lat' dir='ltr'><strong>faciam</strong></span> <span class='ocrx_word' id='word_1_497' title='bbox 3101 2006 3280 2077; x_wconf 84' lang='lat' dir='ltr'><strong>(.Ioau.</strong></span> <span class='ocrx_word' id='word_1_498' title='bbox 3306 2022 3416 2071; x_wconf 77' lang='lat' dir='ltr'><strong>xw,</strong></span> <span class='ocrx_word' id='word_1_499' title='bbox 3447 2006 3557 2077; x_wconf 71' lang='grc'><strong>14).</strong></span> 
     </span>
    </p>
   </div>
   <div class='ocr_carea' id='block_1_66' title="bbox 1990 2097 3560 2169">
    <p class='ocr_par' dir='ltr' id='par_1_66' title="bbox 1990 2097 3560 2169">
     <span class='ocr_line' id='line_1_66' title="bbox 1990 2097 3560 2169; baseline 0 -17"><span class='ocrx_word' id='word_1_500' title='bbox 1990 2097 2161 2164; x_wconf 88' lang='lat' dir='ltr'><strong>Quam</strong></span> <span class='ocrx_word' id='word_1_501' title='bbox 2187 2098 2461 2169; x_wconf 88' lang='lat' dir='ltr'><strong>petitionis</strong></span> <span class='ocrx_word' id='word_1_502' title='bbox 2495 2097 2724 2153; x_wconf 87' lang='lat' dir='ltr'><strong>formam</strong></span> <span class='ocrx_word' id='word_1_503' title='bbox 2775 2100 2828 2152; x_wconf 91' lang='lat' dir='ltr'><strong>in</strong></span> <span class='ocrx_word' id='word_1_504' title='bbox 2864 2099 3007 2153; x_wconf 88' lang='lat' dir='ltr'><strong>omni</strong></span> <span class='ocrx_word' id='word_1_505' title='bbox 3037 2098 3281 2153; x_wconf 88' lang='lat' dir='ltr'><strong>oratione</strong></span> <span class='ocrx_word' id='word_1_506' title='bbox 3332 2114 3426 2153; x_wconf 88' lang='lat' dir='ltr'><strong>sua</strong></span> <span class='ocrx_word' id='word_1_507' title='bbox 3465 2113 3560 2155; x_wconf 85' lang='lat' dir='ltr'><strong>cu—</strong></span> 
     </span>
    </p>
   </div>
   <div class='ocr_carea' id='block_1_67' title="bbox 1991 2188 3149 2267">
    <p class='ocr_par' dir='ltr' id='par_1_67' title="bbox 1991 2188 3149 2267">
     <span class='ocr_line' id='line_1_67' title="bbox 1991 2188 3149 2267; baseline -0.005 -22"><span class='ocrx_word' id='word_1_508' title='bbox 1991 2188 2157 2245; x_wconf 80' lang='lat' dir='ltr'><strong>s‘t’odit</strong></span> <span class='ocrx_word' id='word_1_509' title='bbox 2177 2190 2439 2245; x_wconf 84' lang='lat' dir='ltr'><strong>Ecclesia.</strong></span> <span class='ocrx_word' id='word_1_510' title='bbox 3148 2264 3149 2267; x_wconf 11' lang='grc' dir='ltr'><strong>η</strong></span> 
     </span>
    </p>
   </div>
   <div class='ocr_carea' id='block_1_68' title="bbox 2058 2297 3565 2369">
    <p class='ocr_par' dir='ltr' id='par_1_68' title="bbox 2058 2297 3565 2369">
     <span class='ocr_line' id='line_1_68' title="bbox 2058 2297 3565 2369; baseline -0.001 -15"><span class='ocrx_word' id='word_1_511' title='bbox 2058 2298 2191 2354; x_wconf 81' lang='lat' dir='ltr'><strong>Cum</strong></span> <span class='ocrx_word' id='word_1_512' title='bbox 2222 2299 2419 2353; x_wconf 84' lang='lat' dir='ltr'><strong>dicitur</strong></span> <span class='ocrx_word' id='word_1_513' title='bbox 2451 2318 2462 2352; x_wconf 89' lang='lat'>:</span> <span class='ocrx_word' id='word_1_514' title='bbox 2500 2297 2780 2364; x_wconf 79' lang='lat' dir='ltr'><strong>Memento,</strong></span> <span class='ocrx_word' id='word_1_515' title='bbox 2816 2298 3057 2361; x_wconf 83' lang='lat' dir='ltr'><strong>Domine,</strong></span> <span class='ocrx_word' id='word_1_516' title='bbox 3107 2298 3447 2367; x_wconf 77' lang='lat' dir='ltr'><strong>famulorum,</strong></span> <span class='ocrx_word' id='word_1_517' title='bbox 3483 2299 3565 2369; x_wconf 78' lang='lat' dir='ltr'><strong>[a-</strong></span> 
     </span>
    </p>
   </div>
   <div class='ocr_carea' id='block_1_69' title="bbox 1990 2387 3561 2461">
    <p class='ocr_par' dir='ltr' id='par_1_69' title="bbox 1990 2387 3561 2461">
     <span class='ocr_line' id='line_1_69' title="bbox 1990 2387 3561 2461; baseline 0.004 -21"><span class='ocrx_word' id='word_1_518' title='bbox 1990 2388 2353 2460; x_wconf 83' lang='lat' dir='ltr'><strong>mularumque</strong></span> <span class='ocrx_word' id='word_1_519' title='bbox 2382 2398 2614 2456; x_wconf 82' lang='lat' dir='ltr'><strong>tuarum,</strong></span> <span class='ocrx_word' id='word_1_520' title='bbox 2654 2399 2709 2445; x_wconf 90' lang='lat' dir='ltr'><strong>et</strong></span> <span class='ocrx_word' id='word_1_521' title='bbox 2756 2390 2833 2444; x_wconf 89' lang='lat' dir='ltr'><strong>sic</strong></span> <span class='ocrx_word' id='word_1_522' title='bbox 2862 2390 3052 2445; x_wconf 89' lang='lat' dir='ltr'><strong>deinde</strong></span> <span class='ocrx_word' id='word_1_523' title='bbox 3094 2387 3467 2461; x_wconf 87' lang='lat' dir='ltr'><strong>subiungitur:</strong></span> <span class='ocrx_word' id='word_1_524' title='bbox 3511 2399 3561 2445; x_wconf 83' lang='lat' dir='ltr'><strong>et</strong></span> 
     </span>
    </p>
   </div>
   <div class='ocr_carea' id='block_1_70' title="bbox 1990 2478 3563 2549">
    <p class='ocr_par' dir='ltr' id='par_1_70' title="bbox 1990 2478 3563 2549">
     <span class='ocr_line' id='line_1_70' title="bbox 1990 2478 3563 2549; baseline 0.003 -18"><span class='ocrx_word' id='word_1_525' title='bbox 1990 2478 2219 2532; x_wconf 83' lang='lat' dir='ltr'><strong>omnium</strong></span> <span class='ocrx_word' id='word_1_526' title='bbox 2252 2480 2724 2545; x_wconf 79' lang='lat' dir='ltr'><strong>circumstantium,</strong></span> <span class='ocrx_word' id='word_1_527' title='bbox 2755 2481 3093 2535; x_wconf 86' lang='lat' dir='ltr'><strong>manifestum</strong></span> <span class='ocrx_word' id='word_1_528' title='bbox 3115 2488 3217 2540; x_wconf 85' lang='lat' dir='ltr'><strong>est,</strong></span> <span class='ocrx_word' id='word_1_529' title='bbox 3248 2481 3388 2549; x_wconf 92' lang='lat' dir='ltr'><strong>quod</strong></span> <span class='ocrx_word' id='word_1_530' title='bbox 3410 2482 3563 2549; x_wconf 87' lang='lat' dir='ltr'><strong>quasi</strong></span> 
     </span>
    </p>
   </div>
   <div class='ocr_carea' id='block_1_71' title="bbox 1990 2567 3563 2641">
    <p class='ocr_par' dir='ltr' id='par_1_71' title="bbox 1990 2567 3563 2641">
     <span class='ocr_line' id='line_1_71' title="bbox 1990 2567 3563 2641; baseline 0.003 -20"><span class='ocrx_word' id='word_1_531' title='bbox 1990 2567 2207 2636; x_wconf 84' lang='lat' dir='ltr'><strong>quidam</strong></span> <span class='ocrx_word' id='word_1_532' title='bbox 2238 2568 2388 2625; x_wconf 90' lang='lat' dir='ltr'><strong>locus</strong></span> <span class='ocrx_word' id='word_1_533' title='bbox 2416 2570 2505 2636; x_wconf 89' lang='lat' dir='ltr'><strong>sit,</strong></span> <span class='ocrx_word' id='word_1_534' title='bbox 2535 2571 2627 2625; x_wconf 90' lang='lat' dir='ltr'><strong>ubi</strong></span> <span class='ocrx_word' id='word_1_535' title='bbox 2673 2570 2941 2641; x_wconf 86' lang='lat' dir='ltr'><strong>aliquibus</strong></span> <span class='ocrx_word' id='word_1_536' title='bbox 2988 2569 3291 2639; x_wconf 80' lang='lat' dir='ltr'><strong>specialiter</strong></span> <span class='ocrx_word' id='word_1_537' title='bbox 3319 2572 3563 2625; x_wconf 89' lang='lat' dir='ltr'><strong>nomina-</strong></span> 
     </span>
    </p>
   </div>
   <div class='ocr_carea' id='block_1_72' title="bbox 1992 2659 3561 2730">
    <p class='ocr_par' dir='ltr' id='par_1_72' title="bbox 1992 2659 3561 2730">
     <span class='ocr_line' id='line_1_72' title="bbox 1992 2659 3561 2730; baseline 0.003 -17"><span class='ocrx_word' id='word_1_538' title='bbox 1992 2660 2080 2725; x_wconf 88' lang='lat' dir='ltr'><strong>tis,</strong></span> <span class='ocrx_word' id='word_1_539' title='bbox 2134 2659 2295 2713; x_wconf 90' lang='lat' dir='ltr'><strong>etiam</strong></span> <span class='ocrx_word' id='word_1_540' title='bbox 2351 2668 2699 2725; x_wconf 66' lang='lat' dir='ltr'><strong>cancrorum,</strong></span> <span class='ocrx_word' id='word_1_541' title='bbox 2750 2660 2843 2730; x_wconf 90' lang='lat' dir='ltr'><strong>qui</strong></span> <span class='ocrx_word' id='word_1_542' title='bbox 2893 2661 3151 2716; x_wconf 87' lang='lat' dir='ltr'><strong>assistunt</strong></span> <span class='ocrx_word' id='word_1_543' title='bbox 3200 2662 3254 2717; x_wconf 90' lang='lat' dir='ltr'><strong>in</strong></span> <span class='ocrx_word' id='word_1_544' title='bbox 3315 2663 3561 2727; x_wconf 86' lang='lat' dir='ltr'><strong>ecclesia,</strong></span> 
     </span>
    </p>
   </div>
   <div class='ocr_carea' id='block_1_73' title="bbox 1991 2747 3561 2821">
    <p class='ocr_par' dir='ltr' id='par_1_73' title="bbox 1991 2747 3561 2821">
     <span class='ocr_line' id='line_1_73' title="bbox 1991 2747 3561 2821; baseline 0.003 -18"><span class='ocrx_word' id='word_1_545' title='bbox 1991 2749 2429 2805; x_wconf 86' lang='lat' dir='ltr'><strong>commemoratio</strong></span> <span class='ocrx_word' id='word_1_546' title='bbox 2458 2747 2798 2821; x_wconf 77' lang='lat' dir='ltr'><strong>adiungatur.</strong></span> <span class='ocrx_word' id='word_1_547' title='bbox 2836 2748 2892 2805; x_wconf 91' lang='lat' dir='ltr'><strong>ln</strong></span> <span class='ocrx_word' id='word_1_548' title='bbox 2921 2763 3029 2820; x_wconf 89' lang='lat' dir='ltr'><strong>quo</strong></span> <span class='ocrx_word' id='word_1_549' title='bbox 3054 2751 3173 2806; x_wconf 93' lang='lat' dir='ltr'><strong>loco</strong></span> <span class='ocrx_word' id='word_1_550' title='bbox 3206 2751 3433 2808; x_wconf 89' lang='lat' dir='ltr'><strong>liberum</strong></span> <span class='ocrx_word' id='word_1_551' title='bbox 3474 2763 3561 2809; x_wconf 86' lang='lat' dir='ltr'><strong>est</strong></span> 
     </span>
    </p>
   </div>
   <div class='ocr_carea' id='block_1_74' title="bbox 1991 2838 3564 2913">
    <p class='ocr_par' dir='ltr' id='par_1_74' title="bbox 1991 2838 3564 2913">
     <span class='ocr_line' id='line_1_74' title="bbox 1991 2838 3564 2913; baseline 0.004 -20"><span class='ocrx_word' id='word_1_552' title='bbox 1991 2838 2283 2903; x_wconf 87' lang='lat' dir='ltr'><strong>sacerdoti,</strong></span> <span class='ocrx_word' id='word_1_553' title='bbox 2329 2854 2467 2908; x_wconf 87' lang='lat' dir='ltr'><strong>quos</strong></span> <span class='ocrx_word' id='word_1_554' title='bbox 2516 2840 2924 2906; x_wconf 88' lang='lat' dir='ltr'><strong>desideraverit,</strong></span> <span class='ocrx_word' id='word_1_555' title='bbox 2995 2842 3343 2913; x_wconf 88' lang='lat' dir='ltr'><strong>peculiariter</strong></span> <span class='ocrx_word' id='word_1_556' title='bbox 3392 2845 3564 2899; x_wconf 90' lang='lat' dir='ltr'><strong>nomi-</strong></span> 
     </span>
    </p>
   </div>
   <div class='ocr_carea' id='block_1_75' title="bbox 1992 2931 3567 3009">
    <p class='ocr_par' dir='ltr' id='par_1_75' title="bbox 1992 2931 3567 3009">
     <span class='ocr_line' id='line_1_75' title="bbox 1992 2931 3567 3009; baseline 0.004 -24"><span class='ocrx_word' id='word_1_557' title='bbox 1992 2944 2143 2996; x_wconf 82' lang='lat' dir='ltr'><strong>nare,</strong></span> <span class='ocrx_word' id='word_1_558' title='bbox 2171 2940 2227 2985; x_wconf 87' lang='lat' dir='ltr'><strong>et</strong></span> <span class='ocrx_word' id='word_1_559' title='bbox 2259 2931 2575 2986; x_wconf 89' lang='lat' dir='ltr'><strong>nominatim</strong></span> <span class='ocrx_word' id='word_1_560' title='bbox 2611 2932 2733 3009; x_wconf 18' lang='lat' dir='ltr'><strong>Deo!</strong></span> <span class='ocrx_word' id='word_1_561' title='bbox 2758 2935 3139 2993; x_wconf 86' lang='lat' dir='ltr'><strong>commendare</strong></span> <span class='ocrx_word' id='word_1_562' title='bbox 3170 2955 3183 2989; x_wconf 89' lang='lat'>:</span> <span class='ocrx_word' id='word_1_563' title='bbox 3215 2944 3308 2991; x_wconf 89' lang='lat' dir='ltr'><strong>aut</strong></span> <span class='ocrx_word' id='word_1_564' title='bbox 3335 2947 3481 2993; x_wconf 83' lang='lat' dir='ltr'><strong>certe</strong></span> <span class='ocrx_word' id='word_1_565' title='bbox 3503 2938 3567 2992; x_wconf 86' lang='lat' dir='ltr'><strong>il—</strong></span> 
     </span>
    </p>
   </div>
   <div class='ocr_carea' id='block_1_76' title="bbox 1991 3019 3563 3091">
    <p class='ocr_par' dir='ltr' id='par_1_76' title="bbox 1991 3019 3563 3091">
     <span class='ocr_line' id='line_1_76' title="bbox 1991 3019 3563 3091; baseline 0.004 -16"><span class='ocrx_word' id='word_1_566' title='bbox 1991 3019 2081 3077; x_wconf 86' lang='lat' dir='ltr'><strong>lud</strong></span> <span class='ocrx_word' id='word_1_567' title='bbox 2106 3019 2176 3076; x_wconf 83' lang='lat' dir='ltr'><strong>ab</strong></span> <span class='ocrx_word' id='word_1_568' title='bbox 2214 3021 2449 3091; x_wconf 87' lang='lat' dir='ltr'><strong>antiquis</strong></span> <span class='ocrx_word' id='word_1_569' title='bbox 2491 3029 2577 3075; x_wconf 92' lang='lat' dir='ltr'><strong>est</strong></span> <span class='ocrx_word' id='word_1_570' title='bbox 2601 3021 2964 3090; x_wconf 86' lang='lat' dir='ltr'><strong>observatum,</strong></span> <span class='ocrx_word' id='word_1_571' title='bbox 3011 3032 3071 3079; x_wconf 90' lang='lat' dir='ltr'><strong>ut</strong></span> <span class='ocrx_word' id='word_1_572' title='bbox 3108 3025 3181 3080; x_wconf 91' lang='lat' dir='ltr'><strong>ibi</strong></span> <span class='ocrx_word' id='word_1_573' title='bbox 3224 3026 3563 3082; x_wconf 76' lang='lat' dir='ltr'><strong>offerentium</strong></span> 
     </span>
    </p>
   </div>
   <div class='ocr_carea' id='block_1_77' title="bbox 1991 3111 3566 3183">
    <p class='ocr_par' dir='ltr' id='par_1_77' title="bbox 1991 3111 3566 3183">
     <span class='ocr_line' id='line_1_77' title="bbox 1991 3111 3566 3183; baseline 0.003 -15"><span class='ocrx_word' id='word_1_574' title='bbox 1991 3113 2209 3169; x_wconf 84' lang='lat' dir='ltr'><strong>nomina</strong></span> <span class='ocrx_word' id='word_1_575' title='bbox 2262 3114 2639 3168; x_wconf 87' lang='lat' dir='ltr'><strong>recitarentur.</strong></span> <span class='ocrx_word' id='word_1_576' title='bbox 2691 3111 2849 3169; x_wconf 86' lang='lat' dir='ltr'><strong>Prius</strong></span> <span class='ocrx_word' id='word_1_577' title='bbox 2892 3129 3023 3183; x_wconf 86' lang='lat' dir='ltr'><strong>ergo</strong></span> <span class='ocrx_word' id='word_1_578' title='bbox 3084 3114 3381 3172; x_wconf 75' lang='lat' dir='ltr'><strong>oblatiOnes</strong></span> <span class='ocrx_word' id='word_1_579' title='bbox 3438 3127 3566 3172; x_wconf 91' lang='lat' dir='ltr'><strong>sunt</strong></span> 
     </span>
    </p>
   </div>
   <div class='ocr_carea' id='block_1_78' title="bbox 1994 3205 3563 3278">
    <p class='ocr_par' dir='ltr' id='par_1_78' title="bbox 1994 3205 3563 3278">
     <span class='ocr_line' id='line_1_78' title="bbox 1994 3205 3563 3278; baseline 0.002 -16"><span class='ocrx_word' id='word_1_580' title='bbox 1994 3205 2455 3270; x_wconf 66' lang='lat' dir='ltr'><strong>commendandus,</strong></span> <span class='ocrx_word' id='word_1_581' title='bbox 2503 3219 2567 3259; x_wconf 92' lang='lat' dir='ltr'><strong>ac</strong></span> <span class='ocrx_word' id='word_1_582' title='bbox 2613 3212 2741 3260; x_wconf 89' lang='lat' dir='ltr'><strong>tunc</strong></span> <span class='ocrx_word' id='word_1_583' title='bbox 2796 3220 2984 3261; x_wconf 91' lang='lat' dir='ltr'><strong>eorum</strong></span> <span class='ocrx_word' id='word_1_584' title='bbox 3029 3209 3271 3274; x_wconf 90' lang='lat' dir='ltr'><strong>nomina,</strong></span> <span class='ocrx_word' id='word_1_585' title='bbox 3336 3224 3563 3278; x_wconf 89' lang='lat' dir='ltr'><strong>quorum</strong></span> 
     </span>
    </p>
   </div>
   <div class='ocr_carea' id='block_1_79' title="bbox 1996 3294 3565 3367">
    <p class='ocr_par' dir='ltr' id='par_1_79' title="bbox 1996 3294 3565 3367">
     <span class='ocr_line' id='line_1_79' title="bbox 1996 3294 3565 3367; baseline 0.001 -17"><span class='ocrx_word' id='word_1_586' title='bbox 1996 3304 2141 3361; x_wconf 90' lang='lat' dir='ltr'><strong>sunt,</strong></span> <span class='ocrx_word' id='word_1_587' title='bbox 2171 3294 2450 3359; x_wconf 90' lang='lat' dir='ltr'><strong>cdicenda,</strong></span> <span class='ocrx_word' id='word_1_588' title='bbox 2480 3306 2541 3349; x_wconf 90' lang='lat' dir='ltr'><strong>ut</strong></span> <span class='ocrx_word' id='word_1_589' title='bbox 2573 3294 2715 3350; x_wconf 89' lang='lat' dir='ltr'><strong>inter</strong></span> <span class='ocrx_word' id='word_1_590' title='bbox 2738 3310 2891 3350; x_wconf 89' lang='lat' dir='ltr'><strong>sacra</strong></span> <span class='ocrx_word' id='word_1_591' title='bbox 2913 3298 3171 3367; x_wconf 85' lang='lat' dir='ltr'><strong>mysteria</strong></span> <span class='ocrx_word' id='word_1_592' title='bbox 3202 3298 3565 3363; x_wconf 90' lang='lat' dir='ltr'><strong>nominentur,</strong></span> 
     </span>
    </p>
   </div>
   <div class='ocr_carea' id='block_1_80' title="bbox 1996 3386 3567 3459">
    <p class='ocr_par' dir='ltr' id='par_1_80' title="bbox 1996 3386 3567 3459">
     <span class='ocr_line' id='line_1_80' title="bbox 1996 3386 3567 3459; baseline 0.001 -18"><span class='ocrx_word' id='word_1_593' title='bbox 1996 3402 2103 3442; x_wconf 90' lang='lat' dir='ltr'><strong>non</strong></span> <span class='ocrx_word' id='word_1_594' title='bbox 2129 3387 2271 3442; x_wconf 89' lang='lat' dir='ltr'><strong>inter</strong></span> <span class='ocrx_word' id='word_1_595' title='bbox 2296 3386 2400 3441; x_wconf 89' lang='lat' dir='ltr'><strong>alia</strong></span> <span class='ocrx_word' id='word_1_596' title='bbox 2432 3401 2553 3456; x_wconf 73' lang='lat' dir='ltr'><strong>qua:</strong></span> <span class='ocrx_word' id='word_1_597' title='bbox 2580 3387 2978 3456; x_wconf 63' lang='lat' dir='ltr'><strong>praemittimus.</strong></span> <span class='ocrx_word' id='word_1_598' title='bbox 3025 3386 3260 3453; x_wconf 83' lang='lat' dir='ltr'><strong>Quorum</strong></span> <span class='ocrx_word' id='word_1_599' title='bbox 3301 3389 3394 3443; x_wconf 88' lang='lat' dir='ltr'><strong>tibi</strong></span> <span class='ocrx_word' id='word_1_600' title='bbox 3435 3389 3567 3459; x_wconf 76' lang='lat' dir='ltr'><strong>ﬁdes</strong></span> 
     </span>
    </p>
   </div>
   <div class='ocr_carea' id='block_1_81' title="bbox 1995 3476 3565 3547">
    <p class='ocr_par' dir='ltr' id='par_1_81' title="bbox 1995 3476 3565 3547">
     <span class='ocr_line' id='line_1_81' title="bbox 1995 3476 3565 3547; baseline 0.003 -17"><span class='ocrx_word' id='word_1_601' title='bbox 1995 3477 2200 3547; x_wconf 83' lang='lat' dir='ltr'><strong>cognita</strong></span> <span class='ocrx_word' id='word_1_602' title='bbox 2229 3485 2328 3541; x_wconf 86' lang='lat' dir='ltr'><strong>est,</strong></span> <span class='ocrx_word' id='word_1_603' title='bbox 2358 3486 2407 3529; x_wconf 84' lang='lat' dir='ltr'><strong>et</strong></span> <span class='ocrx_word' id='word_1_604' title='bbox 2431 3485 2554 3529; x_wconf 87' lang='lat' dir='ltr'><strong>nota</strong></span> <span class='ocrx_word' id='word_1_605' title='bbox 2585 3476 2783 3530; x_wconf 81' lang='lat' dir='ltr'><strong>devotio</strong></span> <span class='ocrx_word' id='word_1_606' title='bbox 2806 3491 2825 3527; x_wconf 90' lang='lat'><strong><em>:</em></strong></span> <span class='ocrx_word' id='word_1_607' title='bbox 2860 3477 2912 3531; x_wconf 90' lang='lat' dir='ltr'><strong>id</strong></span> <span class='ocrx_word' id='word_1_608' title='bbox 2938 3486 3043 3541; x_wconf 90' lang='lat' dir='ltr'><strong>est,</strong></span> <span class='ocrx_word' id='word_1_609' title='bbox 3069 3494 3231 3546; x_wconf 89' lang='lat' dir='ltr'><strong>quam</strong></span> <span class='ocrx_word' id='word_1_610' title='bbox 3272 3487 3417 3534; x_wconf 84' lang='lat' dir='ltr'><strong>recte</strong></span> <span class='ocrx_word' id='word_1_611' title='bbox 3446 3496 3565 3534; x_wconf 88' lang='lat' dir='ltr'><strong>cre-</strong></span> 
     </span>
    </p>
   </div>
   <div class='ocr_carea' id='block_1_82' title="bbox 1995 3563 3569 3638">
    <p class='ocr_par' dir='ltr' id='par_1_82' title="bbox 1995 3563 3569 3638">
     <span class='ocr_line' id='line_1_82' title="bbox 1995 3563 3569 3638; baseline 0.002 -19"><span class='ocrx_word' id='word_1_612' title='bbox 1995 3566 2145 3630; x_wconf 91' lang='lat' dir='ltr'><strong>dant,</strong></span> <span class='ocrx_word' id='word_1_613' title='bbox 2168 3574 2224 3621; x_wconf 90' lang='lat' dir='ltr'><strong>et</strong></span> <span class='ocrx_word' id='word_1_614' title='bbox 2249 3580 2409 3635; x_wconf 88' lang='lat' dir='ltr'><strong>quam</strong></span> <span class='ocrx_word' id='word_1_615' title='bbox 2434 3563 2623 3619; x_wconf 86' lang='lat' dir='ltr'><strong>devote</strong></span> <span class='ocrx_word' id='word_1_616' title='bbox 2641 3564 2883 3633; x_wconf 88' lang='lat' dir='ltr'><strong>diligant,</strong></span> <span class='ocrx_word' id='word_1_617' title='bbox 2923 3574 2985 3638; x_wconf 87' lang='lat' dir='ltr'><strong>tu_</strong></span> <span class='ocrx_word' id='word_1_618' title='bbox 3014 3566 3162 3622; x_wconf 88' lang='lat' dir='ltr'><strong>solus</strong></span> <span class='ocrx_word' id='word_1_619' title='bbox 3184 3566 3338 3622; x_wconf 84' lang='lat' dir='ltr'><strong>vides</strong></span> <span class='ocrx_word' id='word_1_620' title='bbox 3364 3568 3418 3622; x_wconf 92' lang='lat' dir='ltr'><strong>in</strong></span> <span class='ocrx_word' id='word_1_621' title='bbox 3442 3583 3569 3623; x_wconf 92' lang='lat' dir='ltr'><strong>con-</strong></span> 
     </span>
    </p>
   </div>
   <div class='ocr_carea' id='block_1_83' title="bbox 1994 3662 3573 3737">
    <p class='ocr_par' dir='ltr' id='par_1_83' title="bbox 1994 3662 3573 3737">
     <span class='ocr_line' id='line_1_83' title="bbox 1994 3662 3573 3737; baseline 0.003 -20"><span class='ocrx_word' id='word_1_622' title='bbox 1994 3662 2236 3718; x_wconf 85' lang='lat' dir='ltr'><strong>scientiis</strong></span> <span class='ocrx_word' id='word_1_623' title='bbox 2263 3678 2468 3728; x_wconf 90' lang='lat' dir='ltr'><strong>eorum,</strong></span> <span class='ocrx_word' id='word_1_624' title='bbox 2504 3664 2594 3733; x_wconf 89' lang='lat' dir='ltr'><strong>qui</strong></span> <span class='ocrx_word' id='word_1_625' title='bbox 2627 3664 2720 3719; x_wconf 88' lang='lat' dir='ltr'><strong>tibi</strong></span> <span class='ocrx_word' id='word_1_626' title='bbox 2762 3663 2993 3720; x_wconf 79' lang='lat' dir='ltr'><strong>olferunt</strong></span> <span class='ocrx_word' id='word_1_627' title='bbox 3025 3683 3037 3719; x_wconf 91' lang='lat'><strong>:</strong></span> <span class='ocrx_word' id='word_1_628' title='bbox 3084 3665 3137 3720; x_wconf 91' lang='lat' dir='ltr'><strong>in</strong></span> <span class='ocrx_word' id='word_1_629' title='bbox 3170 3668 3365 3737; x_wconf 87' lang='lat' dir='ltr'><strong>quilms</strong></span> <span class='ocrx_word' id='word_1_630' title='bbox 3392 3668 3573 3724; x_wconf 89' lang='lat' dir='ltr'><strong>verbis</strong></span> 
     </span>
    </p>
   </div>
   <div class='ocr_carea' id='block_1_84' title="bbox 1997 3744 3569 3826">
    <p class='ocr_par' dir='ltr' id='par_1_84' title="bbox 1997 3744 3569 3826">
     <span class='ocr_line' id='line_1_84' title="bbox 1997 3744 3569 3826; baseline 0.004 -19"><span class='ocrx_word' id='word_1_631' title='bbox 1997 3754 2227 3809; x_wconf 89' lang='lat' dir='ltr'><strong>ﬁdeliter</strong></span> <span class='ocrx_word' id='word_1_632' title='bbox 2252 3754 2701 3810; x_wconf 88' lang='lat' dir='ltr'><strong>considerandum</strong></span> <span class='ocrx_word' id='word_1_633' title='bbox 2728 3764 2832 3821; x_wconf 90' lang='lat' dir='ltr'><strong>est,</strong></span> <span class='ocrx_word' id='word_1_634' title='bbox 2864 3744 3004 3826; x_wconf 74' lang='grc' dir='ltr'>(ιιισά</span> <span class='ocrx_word' id='word_1_635' title='bbox 3034 3765 3146 3811; x_wconf 92' lang='lat' dir='ltr'><strong>tota</strong></span> <span class='ocrx_word' id='word_1_636' title='bbox 3193 3758 3430 3814; x_wconf 84' lang='lat' dir='ltr'><strong>Ecclesia</strong></span> <span class='ocrx_word' id='word_1_637' title='bbox 3459 3759 3569 3815; x_wconf 92' lang='lat' dir='ltr'><strong>Deo</strong></span> 
     </span>
    </p>
   </div>
   <div class='ocr_carea' id='block_1_85' title="bbox 1997 3842 3567 3919">
    <p class='ocr_par' dir='ltr' id='par_1_85' title="bbox 1997 3842 3567 3919">
     <span class='ocr_line' id='line_1_85' title="bbox 1997 3842 3567 3919; baseline 0.004 -22"><span class='ocrx_word' id='word_1_638' title='bbox 1997 3842 2187 3899; x_wconf 77' lang='lat' dir='ltr'><strong>offerat</strong></span> <span class='ocrx_word' id='word_1_639' title='bbox 2216 3843 2345 3898; x_wconf 90' lang='lat' dir='ltr'><strong>illud</strong></span> <span class='ocrx_word' id='word_1_640' title='bbox 2372 3844 2697 3900; x_wconf 86' lang='lat' dir='ltr'><strong>sacriﬁcium</strong></span> <span class='ocrx_word' id='word_1_641' title='bbox 2725 3846 2917 3911; x_wconf 89' lang='lat' dir='ltr'><strong>laudis,</strong></span> <span class='ocrx_word' id='word_1_642' title='bbox 2940 3847 3065 3919; x_wconf 88' lang='lat' dir='ltr'><strong>quia</strong></span> <span class='ocrx_word' id='word_1_643' title='bbox 3093 3849 3342 3904; x_wconf 76' lang='lat' dir='ltr'><strong>dc~omni</strong></span> <span class='ocrx_word' id='word_1_644' title='bbox 3386 3850 3567 3904; x_wconf 90' lang='lat' dir='ltr'><strong>multi-</strong></span> 
     </span>
    </p>
   </div>
   <div class='ocr_carea' id='block_1_86' title="bbox 2001 3930 3571 4013">
    <p class='ocr_par' dir='ltr' id='par_1_86' title="bbox 2001 3930 3571 4013">
     <span class='ocr_line' id='line_1_86' title="bbox 2001 3930 3571 4013; baseline 0.006 -24"><span class='ocrx_word' id='word_1_645' title='bbox 2001 3936 2182 3991; x_wconf 89' lang='lat' dir='ltr'><strong>tudine</strong></span> <span class='ocrx_word' id='word_1_646' title='bbox 2232 3936 2698 3995; x_wconf 86' lang='lat' dir='ltr'><strong>circumstantium</strong></span> <span class='ocrx_word' id='word_1_647' title='bbox 2746 3930 2981 3997; x_wconf 76' lang='lat' dir='ltr'><strong>dicitur:</strong></span> <span class='ocrx_word' id='word_1_648' title='bbox 3036 3941 3139 4009; x_wconf 82' lang='lat' dir='ltr'><strong>Qui</strong></span> <span class='ocrx_word' id='word_1_649' title='bbox 3184 3945 3279 3998; x_wconf 86' lang='lat' dir='ltr'><strong>tibi</strong></span> <span class='ocrx_word' id='word_1_650' title='bbox 3320 3946 3571 4013; x_wconf 70' lang='lat' dir='ltr'><strong>o/ferunt.</strong></span> 
     </span>
    </p>
   </div>
   <div class='ocr_carea' id='block_1_87' title="bbox 1995 4027 3573 4101">
    <p class='ocr_par' dir='ltr' id='par_1_87' title="bbox 1995 4027 3573 4101">
     <span class='ocr_line' id='line_1_87' title="bbox 1995 4027 3573 4101; baseline 0.008 -22"><span class='ocrx_word' id='word_1_651' title='bbox 1995 4027 2150 4093; x_wconf 86' lang='lat' dir='ltr'><strong>Quod</strong></span> <span class='ocrx_word' id='word_1_652' title='bbox 2174 4027 2316 4081; x_wconf 91' lang='lat' dir='ltr'><strong>enim</strong></span> <span class='ocrx_word' id='word_1_653' title='bbox 2347 4027 2670 4098; x_wconf 88' lang='lat' dir='ltr'><strong>adimpletur</strong></span> <span class='ocrx_word' id='word_1_654' title='bbox 2712 4031 2929 4101; x_wconf 88' lang='lat' dir='ltr'><strong>proprie</strong></span> <span class='ocrx_word' id='word_1_655' title='bbox 2973 4032 3273 4088; x_wconf 89' lang='lat' dir='ltr'><strong>ministerio</strong></span> <span class='ocrx_word' id='word_1_656' title='bbox 3317 4037 3573 4091; x_wconf 87' lang='lat' dir='ltr'><strong>sacerdo-</strong></span> 
     </span>
    </p>
   </div>
   <div class='ocr_carea' id='block_1_88' title="bbox 1997 4127 3570 4200">
    <p class='ocr_par' dir='ltr' id='par_1_88' title="bbox 1997 4127 3570 4200">
     <span class='ocr_line' id='line_1_88' title="bbox 1997 4127 3570 4200; baseline 0.004 -18"><span class='ocrx_word' id='word_1_657' title='bbox 1997 4138 2133 4193; x_wconf 90' lang='lat' dir='ltr'><strong>tum,</strong></span> <span class='ocrx_word' id='word_1_658' title='bbox 2163 4127 2266 4183; x_wconf 91' lang='lat' dir='ltr'><strong>hoc</strong></span> <span class='ocrx_word' id='word_1_659' title='bbox 2292 4127 2617 4199; x_wconf 89' lang='lat' dir='ltr'><strong>generaliter</strong></span> <span class='ocrx_word' id='word_1_660' title='bbox 2656 4129 2834 4200; x_wconf 87' lang='lat' dir='ltr'><strong>agitur</strong></span> <span class='ocrx_word' id='word_1_661' title='bbox 2878 4129 2983 4186; x_wconf 87' lang='lat' dir='ltr'><strong>ﬁde</strong></span> <span class='ocrx_word' id='word_1_662' title='bbox 3008 4138 3065 4186; x_wconf 89' lang='lat' dir='ltr'><strong>et</strong></span> <span class='ocrx_word' id='word_1_663' title='bbox 3104 4131 3387 4188; x_wconf 88' lang='lat' dir='ltr'><strong>devotione</strong></span> <span class='ocrx_word' id='word_1_664' title='bbox 3433 4148 3570 4188; x_wconf 86' lang='lat' dir='ltr'><strong>cun-</strong></span> 
     </span>
    </p>
   </div>
   <div class='ocr_carea' id='block_1_89' title="bbox 1997 4218 3577 4297">
    <p class='ocr_par' dir='ltr' id='par_1_89' title="bbox 1997 4218 3577 4297">
     <span class='ocr_line' id='line_1_89' title="bbox 1997 4218 3577 4297; baseline 0.006 -20"><span class='ocrx_word' id='word_1_665' title='bbox 1997 4218 2596 4290; x_wconf 67' lang='lat' dir='ltr'><strong>morum-Sacriﬁcium</strong></span> <span class='ocrx_word' id='word_1_666' title='bbox 2632 4222 2830 4278; x_wconf 90' lang='lat' dir='ltr'><strong>dicitur</strong></span> <span class='ocrx_word' id='word_1_667' title='bbox 2854 4222 3050 4290; x_wconf 86' lang='lat' dir='ltr'><strong>laudis,</strong></span> <span class='ocrx_word' id='word_1_668' title='bbox 3089 4226 3213 4297; x_wconf 88' lang='lat' dir='ltr'><strong>quia</strong></span> <span class='ocrx_word' id='word_1_669' title='bbox 3243 4226 3294 4281; x_wconf 92' lang='lat' dir='ltr'><strong>in</strong></span> <span class='ocrx_word' id='word_1_670' title='bbox 3334 4227 3490 4284; x_wconf 87' lang='lat' dir='ltr'><strong>laude</strong></span> <span class='ocrx_word' id='word_1_671' title='bbox 3517 4228 3577 4286; x_wconf 78' lang='lat' dir='ltr'><strong>il-</strong></span> 
     </span>
    </p>
   </div>
   <div class='ocr_carea' id='block_1_90' title="bbox 1998 4316 3571 4391">
    <p class='ocr_par' dir='ltr' id='par_1_90' title="bbox 1998 4316 3571 4391">
     <span class='ocr_line' id='line_1_90' title="bbox 1998 4316 3571 4391; baseline 0.006 -18"><span class='ocrx_word' id='word_1_672' title='bbox 1998 4319 2101 4374; x_wconf 90' lang='lat' dir='ltr'><strong>lius</strong></span> <span class='ocrx_word' id='word_1_673' title='bbox 2142 4316 2389 4374; x_wconf 49' lang='lat' dir='ltr'><strong>oﬁ&#39;ertur.‘</strong></span> <span class='ocrx_word' id='word_1_674' title='bbox 2420 4318 2537 4375; x_wconf 89' lang='lat' dir='ltr'><strong>Non</strong></span> <span class='ocrx_word' id='word_1_675' title='bbox 2564 4320 2709 4376; x_wconf 90' lang='lat' dir='ltr'><strong>enim</strong></span> <span class='ocrx_word' id='word_1_676' title='bbox 2750 4330 2938 4378; x_wconf 89' lang='lat' dir='ltr'><strong>nostra</strong></span> <span class='ocrx_word' id='word_1_677' title='bbox 2981 4322 3055 4378; x_wconf 90' lang='lat' dir='ltr'><strong>illi</strong></span> <span class='ocrx_word' id='word_1_678' title='bbox 3100 4324 3313 4391; x_wconf 90' lang='lat' dir='ltr'><strong>damus,</strong></span> <span class='ocrx_word' id='word_1_679' title='bbox 3343 4326 3438 4382; x_wconf 87' lang='lat' dir='ltr'><strong>sed</strong></span> <span class='ocrx_word' id='word_1_680' title='bbox 3472 4342 3571 4383; x_wconf 87' lang='lat' dir='ltr'><strong>sua</strong></span> 
     </span>
    </p>
   </div>
   <div class='ocr_carea' id='block_1_91' title="bbox 1999 4408 3573 4483">
    <p class='ocr_par' dir='ltr' id='par_1_91' title="bbox 1999 4408 3573 4483">
     <span class='ocr_line' id='line_1_91' title="bbox 1999 4408 3573 4483; baseline 0.004 -18"><span class='ocrx_word' id='word_1_681' title='bbox 1999 4409 2293 4466; x_wconf 86' lang='lat' dir='ltr'><strong>reddimus.</strong></span> <span class='ocrx_word' id='word_1_682' title='bbox 2328 4408 2437 4465; x_wconf 87' lang='lat' dir='ltr'><strong>Pro</strong></span> <span class='ocrx_word' id='word_1_683' title='bbox 2465 4426 2521 4464; x_wconf 90' lang='lat' dir='ltr'><strong>se</strong></span> <span class='ocrx_word' id='word_1_684' title='bbox 2544 4412 2754 4482; x_wconf 78' lang='lat' dir='ltr'><strong>suisque</strong></span> <span class='ocrx_word' id='word_1_685' title='bbox 2795 4414 3057 4479; x_wconf 83' lang='lat' dir='ltr'><strong>omnibus,</strong></span> <span class='ocrx_word' id='word_1_686' title='bbox 3088 4416 3140 4471; x_wconf 91' lang='lat' dir='ltr'><strong>id</strong></span> <span class='ocrx_word' id='word_1_687' title='bbox 3166 4426 3270 4483; x_wconf 90' lang='lat' dir='ltr'><strong>est,</strong></span> <span class='ocrx_word' id='word_1_688' title='bbox 3298 4417 3363 4471; x_wconf 89' lang='lat' dir='ltr'><strong>ad</strong></span> <span class='ocrx_word' id='word_1_689' title='bbox 3390 4433 3467 4481; x_wconf 89' lang='lat' dir='ltr'><strong>se,</strong></span> <span class='ocrx_word' id='word_1_690' title='bbox 3490 4418 3573 4473; x_wconf 89' lang='lat' dir='ltr'><strong>vel</strong></span> 
     </span>
    </p>
   </div>
   <div class='ocr_carea' id='block_1_92' title="bbox 330 4498 3576 4606">
    <p class='ocr_par' dir='ltr' id='par_1_92' title="bbox 330 4498 3576 4606">
     <span class='ocr_line' id='line_1_92' title="bbox 330 4498 3576 4606; baseline 0.002 -48"><span class='ocrx_word' id='word_1_691' title='bbox 330 4498 1383 4606; x_wconf 42' lang='lat' dir='ltr'><strong>gae—8“;</strong></span> <span class='ocrx_word' id='word_1_692' title='bbox 1433 4498 1586 4601; x_wconf 59' lang='grc' dir='ltr'><strong>ῥυσὰ</strong></span> <span class='ocrx_word' id='word_1_693' title='bbox 1612 4498 1743 4589; x_wconf 62' lang='grc' dir='ltr'><strong>νέω</strong></span> <span class='ocrx_word' id='word_1_694' title='bbox 1777 4541 1901 4602; x_wconf 50' lang='lat' dir='ltr'><strong>post</strong></span> <span class='ocrx_word' id='word_1_695' title='bbox 1922 4498 1975 4577; x_wconf 77' lang='grc' dir='ltr'><strong>ὐ</strong></span> <span class='ocrx_word' id='word_1_696' title='bbox 2000 4515 2226 4606; x_wconf 75' lang='lat' dir='ltr'><strong>genere;</strong></span> <span class='ocrx_word' id='word_1_697' title='bbox 2248 4500 2334 4606; x_wconf 76' lang='lat' dir='ltr'><strong>vel</strong></span> <span class='ocrx_word' id='word_1_698' title='bbox 2358 4498 2748 4606; x_wconf 73' lang='lat' dir='ltr'><strong>familiaritate,</strong></span> <span class='ocrx_word' id='word_1_699' title='bbox 2776 4504 2861 4606; x_wconf 84' lang='lat' dir='ltr'><strong>vel</strong></span> <span class='ocrx_word' id='word_1_700' title='bbox 2885 4506 3123 4577; x_wconf 87' lang='lat' dir='ltr'><strong>qualibet</strong></span> <span class='ocrx_word' id='word_1_701' title='bbox 3146 4508 3249 4564; x_wconf 88' lang='lat' dir='ltr'><strong>alia</strong></span> <span class='ocrx_word' id='word_1_702' title='bbox 3272 4510 3576 4596; x_wconf 88' lang='lat' dir='ltr'><strong>conditione</strong></span> 
     </span>
    </p>
   </div>
   <div class='ocr_carea' id='block_1_93' title="bbox 331 4624 1891 4698">
    <p class='ocr_par' dir='ltr' id='par_1_93' title="bbox 331 4624 1891 4698">
     <span class='ocr_line' id='line_1_93' title="bbox 331 4624 1891 4698; baseline -0.001 -17"><span class='ocrx_word' id='word_1_703' title='bbox 331 4624 637 4698; x_wconf 82' lang='lat' dir='ltr'><strong>generalem</strong></span> <span class='ocrx_word' id='word_1_704' title='bbox 682 4624 936 4680; x_wconf 63' lang='lat' dir='ltr'><strong>Ecclesia:</strong></span> <span class='ocrx_word' id='word_1_705' title='bbox 960 4626 1486 4683; x_wconf 87' lang='lat' dir='ltr'><strong>commendationem</strong></span> <span class='ocrx_word' id='word_1_706' title='bbox 1539 4625 1849 4697; x_wconf 86' lang='lat' dir='ltr'><strong>adiungitur</strong></span> <span class='ocrx_word' id='word_1_707' title='bbox 1878 4644 1891 4679; x_wconf 90' lang='lat'><strong>:</strong></span> 
     </span>
    </p>
   </div>
   <div class='ocr_carea' id='block_1_94' title="bbox 334 4713 1899 4789">
    <p class='ocr_par' dir='ltr' id='par_1_94' title="bbox 334 4713 1899 4789">
     <span class='ocr_line' id='line_1_94' title="bbox 334 4713 1899 4789; baseline 0.001 -19"><span class='ocrx_word' id='word_1_708' title='bbox 334 4714 455 4771; x_wconf 80' lang='lat' dir='ltr'><strong>Utta</strong></span> <span class='ocrx_word' id='word_1_709' title='bbox 475 4732 594 4772; x_wconf 76' lang='lat' dir='ltr'><strong>cum</strong></span> <span class='ocrx_word' id='word_1_710' title='bbox 619 4713 819 4787; x_wconf 72' lang='lat' dir='ltr'><strong>famulo</strong></span> <span class='ocrx_word' id='word_1_711' title='bbox 849 4724 938 4768; x_wconf 89' lang='lat' dir='ltr'><strong>tuo</strong></span> <span class='ocrx_word' id='word_1_712' title='bbox 958 4732 1095 4786; x_wconf 76' lang='lat' dir='ltr'><strong>papa</strong></span> <span class='ocrx_word' id='word_1_713' title='bbox 1124 4724 1324 4781; x_wconf 85' lang='lat' dir='ltr'><strong>nostra,</strong></span> <span class='ocrx_word' id='word_1_714' title='bbox 1356 4717 1522 4789; x_wconf 87' lang='lat' dir='ltr'><strong>ipsius</strong></span> <span class='ocrx_word' id='word_1_715' title='bbox 1546 4716 1899 4773; x_wconf 86' lang='lat' dir='ltr'><strong>ecclesiastici</strong></span> 
     </span>
    </p>
   </div>
   <div class='ocr_carea' id='block_1_95' title="bbox 332 4806 1903 4885">
    <p class='ocr_par' dir='ltr' id='par_1_95' title="bbox 332 4806 1903 4885">
     <span class='ocr_line' id='line_1_95' title="bbox 332 4806 1903 4885; baseline -0.003 -21"><span class='ocrx_word' id='word_1_716' title='bbox 332 4809 578 4880; x_wconf 87' lang='lat' dir='ltr'><strong>corporis</strong></span> <span class='ocrx_word' id='word_1_717' title='bbox 610 4812 793 4863; x_wconf 87' lang='lat' dir='ltr'><strong>unitas</strong></span> <span class='ocrx_word' id='word_1_718' title='bbox 828 4806 1022 4863; x_wconf 79' lang='lat' dir='ltr'><strong>fortius</strong></span> <span class='ocrx_word' id='word_1_719' title='bbox 1067 4808 1512 4863; x_wconf 87' lang='lat' dir='ltr'><strong>commendatur:</strong></span> <span class='ocrx_word' id='word_1_720' title='bbox 1541 4810 1668 4885; x_wconf 80' lang='lat' dir='ltr'><strong>quia</strong></span> <span class='ocrx_word' id='word_1_721' title='bbox 1694 4809 1903 4881; x_wconf 81' lang='lat' dir='ltr'><strong>religio-</strong></span> 
     </span>
    </p>
   </div>
   <div class='ocr_carea' id='block_1_96' title="bbox 304 4886 1902 4964">
    <p class='ocr_par' dir='ltr' id='par_1_96' title="bbox 304 4886 1902 4964">
     <span class='ocr_line' id='line_1_96' title="bbox 304 4886 1902 4964; baseline 0.003 -10"><span class='ocrx_word' id='word_1_722' title='bbox 304 4886 423 4955; x_wconf 28' lang='lat' dir='ltr'><strong>‘nis</strong></span> <span class='ocrx_word' id='word_1_723' title='bbox 455 4898 660 4954; x_wconf 89' lang='lat' dir='ltr'><strong>cultum</strong></span> <span class='ocrx_word' id='word_1_724' title='bbox 686 4898 768 4955; x_wconf 86' lang='lat' dir='ltr'><strong>sic</strong></span> <span class='ocrx_word' id='word_1_725' title='bbox 799 4898 1062 4954; x_wconf 84' lang='lat' dir='ltr'><strong>Dominus</strong></span> <span class='ocrx_word' id='word_1_726' title='bbox 1098 4898 1348 4964; x_wconf 87' lang='lat' dir='ltr'><strong>instituit,</strong></span> <span class='ocrx_word' id='word_1_727' title='bbox 1380 4906 1443 4954; x_wconf 89' lang='lat' dir='ltr'><strong>ut</strong></span> <span class='ocrx_word' id='word_1_728' title='bbox 1489 4899 1545 4954; x_wconf 89' lang='lat' dir='ltr'><strong>in</strong></span> <span class='ocrx_word' id='word_1_729' title='bbox 1590 4900 1902 4958; x_wconf 80' lang='lat' dir='ltr'><strong>beatissimo</strong></span> 
     </span>
    </p>
   </div>
   <div class='ocr_carea' id='block_1_97' title="bbox 336 4988 1901 5060">
    <p class='ocr_par' dir='ltr' id='par_1_97' title="bbox 336 4988 1901 5060">
     <span class='ocr_line' id='line_1_97' title="bbox 336 4988 1901 5060; baseline 0.001 -15"><span class='ocrx_word' id='word_1_730' title='bbox 336 4989 496 5046; x_wconf 79' lang='lat' dir='ltr'><strong>Petro</strong></span> <span class='ocrx_word' id='word_1_731' title='bbox 524 4990 886 5060; x_wconf 86' lang='lat' dir='ltr'><strong>apostolorum</strong></span> <span class='ocrx_word' id='word_1_732' title='bbox 928 5005 1139 5045; x_wconf 87' lang='lat' dir='ltr'><strong>summo</strong></span> <span class='ocrx_word' id='word_1_733' title='bbox 1177 4988 1550 5060; x_wconf 84' lang='lat' dir='ltr'><strong>principaliter</strong></span> <span class='ocrx_word' id='word_1_734' title='bbox 1590 4988 1901 5057; x_wconf 87' lang='lat' dir='ltr'><strong>collocaret,</strong></span> 
     </span>
    </p>
   </div>
   <div class='ocr_carea' id='block_1_98' title="bbox 338 5081 1908 5155">
    <p class='ocr_par' dir='ltr' id='par_1_98' title="bbox 338 5081 1908 5155">
     <span class='ocr_line' id='line_1_98' title="bbox 338 5081 1908 5155; baseline -0.001 -17"><span class='ocrx_word' id='word_1_735' title='bbox 338 5093 499 5155; x_wconf 88' lang='lat' dir='ltr'><strong>atque</strong></span> <span class='ocrx_word' id='word_1_736' title='bbox 524 5085 592 5139; x_wconf 90' lang='lat' dir='ltr'><strong>ab</strong></span> <span class='ocrx_word' id='word_1_737' title='bbox 616 5084 732 5154; x_wconf 81' lang='lat' dir='ltr'><strong>ipso</strong></span> <span class='ocrx_word' id='word_1_738' title='bbox 775 5082 930 5153; x_wconf 88' lang='lat' dir='ltr'><strong>quasi</strong></span> <span class='ocrx_word' id='word_1_739' title='bbox 954 5083 1185 5151; x_wconf 89' lang='lat' dir='ltr'><strong>quodam</strong></span> <span class='ocrx_word' id='word_1_740' title='bbox 1213 5083 1393 5153; x_wconf 85' lang='lat' dir='ltr'><strong>capite</strong></span> <span class='ocrx_word' id='word_1_741' title='bbox 1437 5082 1577 5137; x_wconf 90' lang='lat' dir='ltr'><strong>dona</strong></span> <span class='ocrx_word' id='word_1_742' title='bbox 1614 5097 1713 5136; x_wconf 89' lang='lat' dir='ltr'><strong>sua</strong></span> <span class='ocrx_word' id='word_1_743' title='bbox 1748 5081 1908 5137; x_wconf 87' lang='lat' dir='ltr'><strong>vellet</strong></span> 
     </span>
    </p>
   </div>
   <div class='ocr_carea' id='block_1_99' title="bbox 338 5171 1907 5242">
    <p class='ocr_par' dir='ltr' id='par_1_99' title="bbox 338 5171 1907 5242">
     <span class='ocr_line' id='line_1_99' title="bbox 338 5171 1907 5242; baseline 0 -15"><span class='ocrx_word' id='word_1_744' title='bbox 338 5172 393 5227; x_wconf 90' lang='lat' dir='ltr'><strong>in</strong></span> <span class='ocrx_word' id='word_1_745' title='bbox 428 5171 627 5242; x_wconf 84' lang='lat' dir='ltr'><strong>corp’us</strong></span> <span class='ocrx_word' id='word_1_746' title='bbox 652 5188 813 5227; x_wconf 86' lang='lat' dir='ltr'><strong>omne</strong></span> <span class='ocrx_word' id='word_1_747' title='bbox 847 5186 1084 5226; x_wconf 90' lang='lat' dir='ltr'><strong>manare.</strong></span> <span class='ocrx_word' id='word_1_748' title='bbox 1141 5171 1295 5227; x_wconf 88' lang='lat' dir='ltr'><strong>Unde</strong></span> <span class='ocrx_word' id='word_1_749' title='bbox 1324 5179 1537 5229; x_wconf 87' lang='lat' dir='ltr'><strong>constat</strong></span> <span class='ocrx_word' id='word_1_750' title='bbox 1576 5172 1645 5226; x_wconf 87' lang='lat' dir='ltr'><strong>ab</strong></span> <span class='ocrx_word' id='word_1_751' title='bbox 1669 5172 1907 5227; x_wconf 86' lang='lat' dir='ltr'><strong>universi</strong></span> 
     </span>
    </p>
   </div>
   <div class='ocr_carea' id='block_1_100' title="bbox 338 5260 1908 5330">
    <p class='ocr_par' dir='ltr' id='par_1_100' title="bbox 338 5260 1908 5330">
     <span class='ocr_line' id='line_1_100' title="bbox 338 5260 1908 5330; baseline -0.001 -13"><span class='ocrx_word' id='word_1_752' title='bbox 338 5263 485 5318; x_wconf 86' lang='lat' dir='ltr'><strong>orbis</strong></span> <span class='ocrx_word' id='word_1_753' title='bbox 517 5263 893 5318; x_wconf 89' lang='lat' dir='ltr'><strong>communione</strong></span> <span class='ocrx_word' id='word_1_754' title='bbox 922 5268 1199 5330; x_wconf 84' lang='lat' dir='ltr'><strong>separatos</strong></span> <span class='ocrx_word' id='word_1_755' title='bbox 1217 5277 1363 5328; x_wconf 87' lang='lat' dir='ltr'><strong>esse,</strong></span> <span class='ocrx_word' id='word_1_756' title='bbox 1388 5263 1529 5319; x_wconf 89' lang='lat' dir='ltr'><strong>sicut</strong></span> <span class='ocrx_word' id='word_1_757' title='bbox 1545 5262 1734 5316; x_wconf 85' lang='lat' dir='ltr'><strong>beatus</strong></span> <span class='ocrx_word' id='word_1_758' title='bbox 1756 5260 1908 5316; x_wconf 84' lang='lat' dir='ltr'><strong>Pela-</strong></span> 
     </span>
    </p>
   </div>
   <div class='ocr_carea' id='block_1_101' title="bbox 180 5350 1912 5435">
    <p class='ocr_par' dir='ltr' id='par_1_101' title="bbox 180 5350 1912 5435">
     <span class='ocr_line' id='line_1_101' title="bbox 180 5350 1912 5435; baseline -0.001 -28"><span class='ocrx_word' id='word_1_759' title='bbox 180 5401 186 5407; x_wconf 89' lang='lat'><strong>.</strong></span> <span class='ocrx_word' id='word_1_760' title='bbox 239 5430 244 5435; x_wconf 17' lang='lat' dir='ltr'><strong>h</strong></span> <span class='ocrx_word' id='word_1_761' title='bbox 341 5351 459 5422; x_wconf 81' lang='lat' dir='ltr'><strong>gius</strong></span> <span class='ocrx_word' id='word_1_762' title='bbox 478 5351 655 5417; x_wconf 87' lang='lat' dir='ltr'><strong>docet,</strong></span> <span class='ocrx_word' id='word_1_763' title='bbox 681 5352 772 5420; x_wconf 90' lang='lat' dir='ltr'><strong>qui</strong></span> <span class='ocrx_word' id='word_1_764' title='bbox 794 5350 1031 5421; x_wconf 88' lang='lat' dir='ltr'><strong>qualibet</strong></span> <span class='ocrx_word' id='word_1_765' title='bbox 1049 5350 1380 5407; x_wconf 85' lang='lat' dir='ltr'><strong>dissensione</strong></span> <span class='ocrx_word' id='word_1_766' title='bbox 1392 5352 1533 5408; x_wconf 87' lang='lat' dir='ltr'><strong>inter</strong></span> <span class='ocrx_word' id='word_1_767' title='bbox 1553 5366 1703 5407; x_wconf 87' lang='lat' dir='ltr'><strong>sacra</strong></span> <span class='ocrx_word' id='word_1_768' title='bbox 1719 5360 1912 5423; x_wconf 80' lang='lat' dir='ltr'><strong>myste-</strong></span> 
     </span>
    </p>
   </div>
   <div class='ocr_carea' id='block_1_102' title="bbox 344 5440 1906 5512">
    <p class='ocr_par' dir='ltr' id='par_1_102' title="bbox 344 5440 1906 5512">
     <span class='ocr_line' id='line_1_102' title="bbox 344 5440 1906 5512; baseline 0.003 -19"><span class='ocrx_word' id='word_1_769' title='bbox 344 5440 425 5493; x_wconf 85' lang='lat' dir='ltr'><strong>ria</strong></span> <span class='ocrx_word' id='word_1_770' title='bbox 473 5442 753 5511; x_wconf 84' lang='lat' dir='ltr'><strong>apostolici</strong></span> <span class='ocrx_word' id='word_1_771' title='bbox 787 5440 1057 5512; x_wconf 85' lang='lat' dir='ltr'><strong>pontiﬁcis</strong></span> <span class='ocrx_word' id='word_1_772' title='bbox 1091 5441 1409 5496; x_wconf 88' lang='lat' dir='ltr'><strong>memoriam</strong></span> <span class='ocrx_word' id='word_1_773' title='bbox 1456 5440 1750 5497; x_wconf 85' lang='lat' dir='ltr'><strong>secundum</strong></span> <span class='ocrx_word' id='word_1_774' title='bbox 1780 5456 1906 5497; x_wconf 91' lang='lat' dir='ltr'><strong>con-</strong></span> 
     </span>
    </p>
   </div>
   <div class='ocr_carea' id='block_1_103' title="bbox 342 5526 1907 5602">
    <p class='ocr_par' dir='ltr' id='par_1_103' title="bbox 342 5526 1907 5602">
     <span class='ocr_line' id='line_1_103' title="bbox 342 5526 1907 5602; baseline -0.001 -17"><span class='ocrx_word' id='word_1_775' title='bbox 342 5530 680 5587; x_wconf 86' lang='lat' dir='ltr'><strong>suetudinem</strong></span> <span class='ocrx_word' id='word_1_776' title='bbox 710 5548 817 5586; x_wconf 90' lang='lat' dir='ltr'><strong>non</strong></span> <span class='ocrx_word' id='word_1_777' title='bbox 842 5530 1205 5602; x_wconf 79' lang='lat' dir='ltr'><strong>frequentant.</strong></span> <span class='ocrx_word' id='word_1_778' title='bbox 1243 5526 1395 5600; x_wconf 78' lang='lat' dir='ltr'><strong>Papa</strong></span> <span class='ocrx_word' id='word_1_779' title='bbox 1415 5540 1593 5587; x_wconf 89' lang='lat' dir='ltr'><strong>autem</strong></span> <span class='ocrx_word' id='word_1_780' title='bbox 1615 5531 1907 5585; x_wconf 86' lang='lat' dir='ltr'><strong>secundum</strong></span> 
     </span>
    </p>
   </div>
   <div class='ocr_carea' id='block_1_104' title="bbox 343 5620 1907 5693">
    <p class='ocr_par' dir='ltr' id='par_1_104' title="bbox 343 5620 1907 5693">
     <span class='ocr_line' id='line_1_104' title="bbox 343 5620 1907 5693; baseline 0.003 -18"><span class='ocrx_word' id='word_1_781' title='bbox 343 5620 606 5692; x_wconf 91' lang='lat' dir='ltr'><strong>quosdam</strong></span> <span class='ocrx_word' id='word_1_782' title='bbox 634 5622 831 5677; x_wconf 88' lang='lat' dir='ltr'><strong>dicitur</strong></span> <span class='ocrx_word' id='word_1_783' title='bbox 850 5622 1180 5678; x_wconf 83' lang='lat' dir='ltr'><strong>admirabilis</strong></span> <span class='ocrx_word' id='word_1_784' title='bbox 1201 5622 1283 5676; x_wconf 91' lang='lat' dir='ltr'><strong>vel</strong></span> <span class='ocrx_word' id='word_1_785' title='bbox 1310 5624 1742 5687; x_wconf 82' lang='lat' dir='ltr'><strong>coronatus,-sed</strong></span> <span class='ocrx_word' id='word_1_786' title='bbox 1767 5626 1907 5693; x_wconf 90' lang='lat' dir='ltr'><strong>quod</strong></span> 
     </span>
    </p>
   </div>
   <div class='ocr_carea' id='block_1_105' title="bbox 344 5710 1906 5784">
    <p class='ocr_par' dir='ltr' id='par_1_105' title="bbox 344 5710 1906 5784">
     <span class='ocr_line' id='line_1_105' title="bbox 344 5710 1906 5784; baseline 0.004 -21"><span class='ocrx_word' id='word_1_787' title='bbox 344 5710 536 5766; x_wconf 87' lang='lat' dir='ltr'><strong>melius</strong></span> <span class='ocrx_word' id='word_1_788' title='bbox 568 5716 689 5775; x_wconf 73' lang='lat' dir='ltr'><strong>est’,</strong></span> <span class='ocrx_word' id='word_1_789' title='bbox 726 5718 879 5783; x_wconf 86' lang='lat' dir='ltr'><strong>pater</strong></span> <span class='ocrx_word' id='word_1_790' title='bbox 907 5720 1142 5783; x_wconf 84' lang='lat' dir='ltr'><strong>patrum,</strong></span> <span class='ocrx_word' id='word_1_791' title='bbox 1170 5710 1220 5767; x_wconf 90' lang='lat' dir='ltr'><strong>id</strong></span> <span class='ocrx_word' id='word_1_792' title='bbox 1248 5718 1352 5779; x_wconf 86' lang='lat' dir='ltr'><strong>est,</strong></span> <span class='ocrx_word' id='word_1_793' title='bbox 1379 5712 1769 5784; x_wconf 87' lang='lat' dir='ltr'><strong>episcoporum.</strong></span> <span class='ocrx_word' id='word_1_794' title='bbox 1812 5714 1906 5770; x_wconf 72' lang='grc' dir='ltr'><strong>8ο-</strong></span> 
     </span>
    </p>
   </div>
   <div class='ocr_carea' id='block_1_106' title="bbox 745 5804 1147 5867">
    <p class='ocr_par' dir='ltr' id='par_1_106' title="bbox 745 5804 1147 5867">
     <span class='ocr_line' id='line_1_106' title="bbox 745 5804 1147 5867; baseline -0.002 0"><span class='ocrx_word' id='word_1_795' title='bbox 745 5804 989 5867; x_wconf 62' lang='lat' dir='ltr'><strong>Parnm.</strong></span> <span class='ocrx_word' id='word_1_796' title='bbox 1048 5806 1147 5866; x_wconf 88' lang='lat' dir='ltr'><strong>CI.</strong></span> 
     </span>
    </p>
   </div>
   <div class='ocr_carea' id='block_1_107' title="bbox 2004 4592 3576 4676">
    <p class='ocr_par' dir='ltr' id='par_1_107' title="bbox 2004 4592 3576 4676">
     <span class='ocr_line' id='line_1_107' title="bbox 2004 4592 3576 4676; baseline 0.006 -20"><span class='ocrx_word' id='word_1_797' title='bbox 2004 4602 2106 4657; x_wconf 91' lang='lat' dir='ltr'><strong>sub</strong></span> <span class='ocrx_word' id='word_1_798' title='bbox 2126 4592 2370 4671; x_wconf 87' lang='lat' dir='ltr'><strong>eiusdem</strong></span> <span class='ocrx_word' id='word_1_799' title='bbox 2396 4602 2521 4657; x_wconf 86' lang='lat' dir='ltr'><strong>ﬁdei</strong></span> <span class='ocrx_word' id='word_1_800' title='bbox 2560 4602 2895 4672; x_wconf 79' lang='lat' dir='ltr'><strong>professione</strong></span> <span class='ocrx_word' id='word_1_801' title='bbox 2916 4607 3333 4676; x_wconf 85' lang='lat' dir='ltr'><strong>pertinentibus,</strong></span> <span class='ocrx_word' id='word_1_802' title='bbox 3354 4592 3463 4665; x_wconf 85' lang='lat' dir='ltr'><strong>tam</strong></span> <span class='ocrx_word' id='word_1_803' title='bbox 3496 4612 3576 4665; x_wconf 83' lang='lat' dir='ltr'><strong>vi-</strong></span> 
     </span>
    </p>
   </div>
   <div class='ocr_carea' id='block_1_108' title="bbox 2006 4692 3575 4770">
    <p class='ocr_par' dir='ltr' id='par_1_108' title="bbox 2006 4692 3575 4770">
     <span class='ocr_line' id='line_1_108' title="bbox 2006 4692 3575 4770; baseline 0.008 -25"><span class='ocrx_word' id='word_1_804' title='bbox 2006 4693 2255 4749; x_wconf 86' lang='lat' dir='ltr'><strong>ventibus</strong></span> <span class='ocrx_word' id='word_1_805' title='bbox 2287 4708 2449 4764; x_wconf 91' lang='lat' dir='ltr'><strong>quam</strong></span> <span class='ocrx_word' id='word_1_806' title='bbox 2489 4692 2777 4750; x_wconf 90' lang='lat' dir='ltr'><strong>defunctis.</strong></span> <span class='ocrx_word' id='word_1_807' title='bbox 2814 4695 2884 4752; x_wconf 87' lang='lat' dir='ltr'><strong>Et</strong></span> <span class='ocrx_word' id='word_1_808' title='bbox 2924 4699 3047 4766; x_wconf 90' lang='lat' dir='ltr'><strong>hoc,</strong></span> <span class='ocrx_word' id='word_1_809' title='bbox 3091 4716 3194 4770; x_wconf 87' lang='lat' dir='ltr'><strong>qua</strong></span> <span class='ocrx_word' id='word_1_810' title='bbox 3231 4715 3327 4770; x_wconf 89' lang='lat' dir='ltr'><strong>spe</strong></span> <span class='ocrx_word' id='word_1_811' title='bbox 3350 4700 3575 4767; x_wconf 85' lang='lat' dir='ltr'><strong>faciant,</strong></span> 
     </span>
    </p>
   </div>
   <div class='ocr_carea' id='block_1_109' title="bbox 2006 4782 3577 4864">
    <p class='ocr_par' dir='ltr' id='par_1_109' title="bbox 2006 4782 3577 4864">
     <span class='ocr_line' id='line_1_109' title="bbox 2006 4782 3577 4864; baseline 0.006 -24"><span class='ocrx_word' id='word_1_812' title='bbox 2006 4782 2382 4855; x_wconf 88' lang='lat' dir='ltr'><strong>subiungitur:</strong></span> <span class='ocrx_word' id='word_1_813' title='bbox 2425 4783 2551 4853; x_wconf 90' lang='lat' dir='ltr'><strong>quia</strong></span> <span class='ocrx_word' id='word_1_814' title='bbox 2579 4800 2684 4840; x_wconf 88' lang='lat' dir='ltr'><strong>non</strong></span> <span class='ocrx_word' id='word_1_815' title='bbox 2707 4801 2806 4856; x_wconf 89' lang='lat' dir='ltr'><strong>pro</strong></span> <span class='ocrx_word' id='word_1_816' title='bbox 2847 4787 3029 4859; x_wconf 89' lang='lat' dir='ltr'><strong>aliquo</strong></span> <span class='ocrx_word' id='word_1_817' title='bbox 3068 4798 3283 4845; x_wconf 88' lang='lat' dir='ltr'><strong>terreno</strong></span> <span class='ocrx_word' id='word_1_818' title='bbox 3314 4794 3577 4864; x_wconf 89' lang='lat' dir='ltr'><strong>appetitu,</strong></span> 
     </span>
    </p>
   </div>
   <div class='ocr_carea' id='block_1_110' title="bbox 2009 4876 3581 4953">
    <p class='ocr_par' dir='ltr' id='par_1_110' title="bbox 2009 4876 3581 4953">
     <span class='ocr_line' id='line_1_110' title="bbox 2009 4876 3581 4953; baseline 0.006 -23"><span class='ocrx_word' id='word_1_819' title='bbox 2009 4891 2115 4931; x_wconf 92' lang='lat' dir='ltr'><strong>non</strong></span> <span class='ocrx_word' id='word_1_820' title='bbox 2138 4891 2238 4947; x_wconf 91' lang='lat' dir='ltr'><strong>pro</strong></span> <span class='ocrx_word' id='word_1_821' title='bbox 2268 4876 2546 4947; x_wconf 85' lang='lat' dir='ltr'><strong>temporali</strong></span> <span class='ocrx_word' id='word_1_822' title='bbox 2580 4876 2752 4941; x_wconf 90' lang='lat' dir='ltr'><strong>lucro,</strong></span> <span class='ocrx_word' id='word_1_823' title='bbox 2782 4881 2877 4935; x_wconf 90' lang='lat' dir='ltr'><strong>sed</strong></span> <span class='ocrx_word' id='word_1_824' title='bbox 2903 4881 3239 4937; x_wconf 86' lang='lat' dir='ltr'><strong>solummodo</strong></span> <span class='ocrx_word' id='word_1_825' title='bbox 3262 4900 3356 4953; x_wconf 86' lang='lat' dir='ltr'><strong>pro</strong></span> <span class='ocrx_word' id='word_1_826' title='bbox 3381 4884 3581 4939; x_wconf 78' lang='lat' dir='ltr'><strong>redem-</strong></span> 
     </span>
    </p>
   </div>
   <div class='ocr_carea' id='block_1_111' title="bbox 2007 4968 3583 5042">
    <p class='ocr_par' dir='ltr' id='par_1_111' title="bbox 2007 4968 3583 5042">
     <span class='ocr_line' id='line_1_111' title="bbox 2007 4968 3583 5042; baseline 0.007 -23"><span class='ocrx_word' id='word_1_827' title='bbox 2007 4968 2181 5037; x_wconf 84' lang='lat' dir='ltr'><strong>ptione</strong></span> <span class='ocrx_word' id='word_1_828' title='bbox 2205 4968 2500 5031; x_wconf 80' lang='lat' dir='ltr'><strong>animarum</strong></span> <span class='ocrx_word' id='word_1_829' title='bbox 2541 4984 2780 5036; x_wconf 86' lang='lat' dir='ltr'><strong>suarum,</strong></span> <span class='ocrx_word' id='word_1_830' title='bbox 2812 4972 2937 5041; x_wconf 85' lang='lat' dir='ltr'><strong>quia</strong></span> <span class='ocrx_word' id='word_1_831' title='bbox 2970 4972 3024 5026; x_wconf 93' lang='lat' dir='ltr'><strong>in</strong></span> <span class='ocrx_word' id='word_1_832' title='bbox 3048 4972 3163 5042; x_wconf 91' lang='lat' dir='ltr'><strong>ipso</strong></span> <span class='ocrx_word' id='word_1_833' title='bbox 3204 4972 3465 5029; x_wconf 86' lang='lat' dir='ltr'><strong>habemus</strong></span> <span class='ocrx_word' id='word_1_834' title='bbox 3495 4991 3583 5029; x_wconf 84' lang='lat' dir='ltr'><strong>re-</strong></span> 
     </span>
    </p>
   </div>
   <div class='ocr_carea' id='block_1_112' title="bbox 2009 5059 3578 5136">
    <p class='ocr_par' dir='ltr' id='par_1_112' title="bbox 2009 5059 3578 5136">
     <span class='ocr_line' id='line_1_112' title="bbox 2009 5059 3578 5136; baseline 0.005 -23"><span class='ocrx_word' id='word_1_835' title='bbox 2009 5059 2371 5130; x_wconf 89' lang='lat' dir='ltr'><strong>demptionem</strong></span> <span class='ocrx_word' id='word_1_836' title='bbox 2411 5074 2509 5129; x_wconf 86' lang='lat' dir='ltr'><strong>per</strong></span> <span class='ocrx_word' id='word_1_837' title='bbox 2544 5063 2860 5135; x_wconf 87' lang='lat' dir='ltr'><strong>sanguinem</strong></span> <span class='ocrx_word' id='word_1_838' title='bbox 2882 5064 3017 5135; x_wconf 85' lang='lat' dir='ltr'><strong>eius,</strong></span> <span class='ocrx_word' id='word_1_839' title='bbox 3044 5065 3416 5121; x_wconf 84' lang='lat' dir='ltr'><strong>remissionem</strong></span> <span class='ocrx_word' id='word_1_840' title='bbox 3457 5082 3578 5136; x_wconf 82' lang='lat' dir='ltr'><strong>pec-</strong></span> 
     </span>
    </p>
   </div>
   <div class='ocr_carea' id='block_1_113' title="bbox 2011 5149 3580 5226">
    <p class='ocr_par' dir='ltr' id='par_1_113' title="bbox 2011 5149 3580 5226">
     <span class='ocr_line' id='line_1_113' title="bbox 2011 5149 3580 5226; baseline 0.003 -19"><span class='ocrx_word' id='word_1_841' title='bbox 2011 5160 2279 5208; x_wconf 84' lang='lat' dir='ltr'><strong>catorum.</strong></span> <span class='ocrx_word' id='word_1_842' title='bbox 2323 5149 2432 5204; x_wconf 80' lang='lat' dir='ltr'><strong>Pro</strong></span> <span class='ocrx_word' id='word_1_843' title='bbox 2475 5167 2563 5221; x_wconf 81' lang='lat' dir='ltr'><strong>spe</strong></span> <span class='ocrx_word' id='word_1_844' title='bbox 2608 5153 2818 5221; x_wconf 85' lang='lat' dir='ltr'><strong>salutis,</strong></span> <span class='ocrx_word' id='word_1_845' title='bbox 2851 5155 2904 5210; x_wconf 84' lang='lat' dir='ltr'><strong>id</strong></span> <span class='ocrx_word' id='word_1_846' title='bbox 2930 5163 3035 5220; x_wconf 88' lang='lat' dir='ltr'><strong>est,</strong></span> <span class='ocrx_word' id='word_1_847' title='bbox 3078 5170 3176 5226; x_wconf 87' lang='lat' dir='ltr'><strong>pro</strong></span> <span class='ocrx_word' id='word_1_848' title='bbox 3204 5156 3312 5211; x_wconf 89' lang='lat' dir='ltr'><strong>vita</strong></span> <span class='ocrx_word' id='word_1_849' title='bbox 3358 5166 3580 5222; x_wconf 60' lang='lat' dir='ltr'><strong>eterna,</strong></span> 
     </span>
    </p>
   </div>
   <div class='ocr_carea' id='block_1_114' title="bbox 2011 5241 3582 5315">
    <p class='ocr_par' dir='ltr' id='par_1_114' title="bbox 2011 5241 3582 5315">
     <span class='ocr_line' id='line_1_114' title="bbox 2011 5241 3582 5315; baseline 0.003 -18"><span class='ocrx_word' id='word_1_850' title='bbox 2011 5257 2132 5311; x_wconf 62' lang='lat' dir='ltr'><strong>qua</strong></span> <span class='ocrx_word' id='word_1_851' title='bbox 2177 5248 2262 5295; x_wconf 88' lang='lat' dir='ltr'><strong>est</strong></span> <span class='ocrx_word' id='word_1_852' title='bbox 2315 5255 2442 5295; x_wconf 84' lang='lat' dir='ltr'><strong>vera</strong></span> <span class='ocrx_word' id='word_1_853' title='bbox 2495 5241 2661 5297; x_wconf 89' lang='lat' dir='ltr'><strong>salus.</strong></span> <span class='ocrx_word' id='word_1_854' title='bbox 2715 5242 2819 5313; x_wconf 79' lang='lat' dir='ltr'><strong>Spe</strong></span> <span class='ocrx_word' id='word_1_855' title='bbox 2863 5246 3002 5298; x_wconf 84' lang='lat' dir='ltr'><strong>enim</strong></span> <span class='ocrx_word' id='word_1_856' title='bbox 3061 5245 3190 5300; x_wconf 85' lang='lat' dir='ltr'><strong>salvi</strong></span> <span class='ocrx_word' id='word_1_857' title='bbox 3236 5246 3361 5315; x_wconf 78' lang='lat' dir='ltr'><strong>facti</strong></span> <span class='ocrx_word' id='word_1_858' title='bbox 3401 5264 3582 5302; x_wconf 73' lang='lat' dir='ltr'><strong>sumus</strong></span> 
     </span>
    </p>
   </div>
   <div class='ocr_carea' id='block_1_115' title="bbox 2015 5339 3582 5414">
    <p class='ocr_par' dir='ltr' id='par_1_115' title="bbox 2015 5339 3582 5414">
     <span class='ocr_line' id='line_1_115' title="bbox 2015 5339 3582 5414; baseline 0.006 -21"><span class='ocrx_word' id='word_1_859' title='bbox 2015 5339 2190 5410; x_wconf 77' lang='lat' dir='ltr'><strong>(Rom.</strong></span> <span class='ocrx_word' id='word_1_860' title='bbox 2216 5356 2312 5394; x_wconf 81' lang='lat' dir='ltr'><strong>viti</strong></span> <span class='ocrx_word' id='word_1_861' title='bbox 2336 5381 2350 5406; x_wconf 92' lang='lat'><strong>,</strong></span> <span class='ocrx_word' id='word_1_862' title='bbox 2378 5340 2493 5412; x_wconf 69' lang='grc' dir='ltr'>ιι).</span> <span class='ocrx_word' id='word_1_863' title='bbox 2534 5342 2643 5399; x_wconf 86' lang='lat' dir='ltr'><strong>Nec</strong></span> <span class='ocrx_word' id='word_1_864' title='bbox 2677 5343 2848 5399; x_wconf 84' lang='lat' dir='ltr'><strong>solum</strong></span> <span class='ocrx_word' id='word_1_865' title='bbox 2892 5360 2991 5414; x_wconf 92' lang='lat' dir='ltr'><strong>pro</strong></span> <span class='ocrx_word' id='word_1_866' title='bbox 3021 5345 3191 5400; x_wconf 86' lang='lat' dir='ltr'><strong>salute</strong></span> <span class='ocrx_word' id='word_1_867' title='bbox 3232 5354 3451 5410; x_wconf 81' lang='lat' dir='ltr'><strong>acterna,</strong></span> <span class='ocrx_word' id='word_1_868' title='bbox 3486 5349 3582 5402; x_wconf 83' lang='lat' dir='ltr'><strong>sed</strong></span> 
     </span>
    </p>
   </div>
   <div class='ocr_carea' id='block_1_116' title="bbox 2014 5430 3584 5505">
    <p class='ocr_par' dir='ltr' id='par_1_116' title="bbox 2014 5430 3584 5505">
     <span class='ocr_line' id='line_1_116' title="bbox 2014 5430 3584 5505; baseline 0.006 -22"><span class='ocrx_word' id='word_1_869' title='bbox 2014 5430 2178 5485; x_wconf 83' lang='lat' dir='ltr'><strong>etiam</strong></span> <span class='ocrx_word' id='word_1_870' title='bbox 2202 5444 2303 5500; x_wconf 91' lang='lat' dir='ltr'><strong>pro</strong></span> <span class='ocrx_word' id='word_1_871' title='bbox 2338 5432 2616 5503; x_wconf 87' lang='lat' dir='ltr'><strong>temporali</strong></span> <span class='ocrx_word' id='word_1_872' title='bbox 2644 5434 3028 5499; x_wconf 82' lang='lat' dir='ltr'><strong>incolumitate,</strong></span> <span class='ocrx_word' id='word_1_873' title='bbox 3079 5436 3132 5489; x_wconf 90' lang='lat' dir='ltr'><strong>id</strong></span> <span class='ocrx_word' id='word_1_874' title='bbox 3178 5444 3284 5500; x_wconf 90' lang='lat' dir='ltr'><strong>est,</strong></span> <span class='ocrx_word' id='word_1_875' title='bbox 3318 5437 3584 5505; x_wconf 78' lang='lat' dir='ltr'><strong>corporali</strong></span> 
     </span>
    </p>
   </div>
   <div class='ocr_carea' id='block_1_117' title="bbox 2016 5528 3588 5605">
    <p class='ocr_par' dir='ltr' id='par_1_117' title="bbox 2016 5528 3588 5605">
     <span class='ocr_line' id='line_1_117' title="bbox 2016 5528 3588 5605; baseline 0.004 -22"><span class='ocrx_word' id='word_1_876' title='bbox 2016 5528 2265 5583; x_wconf 88' lang='lat' dir='ltr'><strong>sanitate.</strong></span> <span class='ocrx_word' id='word_1_877' title='bbox 2298 5528 2643 5587; x_wconf 88' lang='lat' dir='ltr'><strong>lncolumitas</strong></span> <span class='ocrx_word' id='word_1_878' title='bbox 2677 5534 2821 5589; x_wconf 88' lang='lat' dir='ltr'><strong>enim</strong></span> <span class='ocrx_word' id='word_1_879' title='bbox 2854 5534 3068 5596; x_wconf 88' lang='lat' dir='ltr'><strong>dicitur,</strong></span> <span class='ocrx_word' id='word_1_880' title='bbox 3095 5533 3340 5587; x_wconf 87' lang='lat' dir='ltr'><strong>sanitatis</strong></span> <span class='ocrx_word' id='word_1_881' title='bbox 3365 5534 3588 5605; x_wconf 77' lang='lat' dir='ltr'><strong>integri-</strong></span> 
     </span>
    </p>
   </div>
   <div class='ocr_carea' id='block_1_118' title="bbox 2016 5621 3590 5692">
    <p class='ocr_par' dir='ltr' id='par_1_118' title="bbox 2016 5621 3590 5692">
     <span class='ocr_line' id='line_1_118' title="bbox 2016 5621 3590 5692; baseline 0.004 -18"><span class='ocrx_word' id='word_1_882' title='bbox 2016 5630 2121 5677; x_wconf 91' lang='lat' dir='ltr'><strong>tas.</strong></span> <span class='ocrx_word' id='word_1_883' title='bbox 2156 5621 2392 5692; x_wconf 87' lang='lat' dir='ltr'><strong>Utraque</strong></span> <span class='ocrx_word' id='word_1_884' title='bbox 2438 5633 2617 5679; x_wconf 87' lang='lat' dir='ltr'><strong>autem</strong></span> <span class='ocrx_word' id='word_1_885' title='bbox 2668 5625 2872 5680; x_wconf 87' lang='lat' dir='ltr'><strong>sanitas</strong></span> <span class='ocrx_word' id='word_1_886' title='bbox 2918 5626 2987 5679; x_wconf 86' lang='lat' dir='ltr'><strong>ab</strong></span> <span class='ocrx_word' id='word_1_887' title='bbox 3030 5624 3120 5679; x_wconf 89' lang='lat' dir='ltr'><strong>illo</strong></span> <span class='ocrx_word' id='word_1_888' title='bbox 3166 5635 3271 5692; x_wconf 91' lang='lat' dir='ltr'><strong>est,</strong></span> <span class='ocrx_word' id='word_1_889' title='bbox 3304 5636 3355 5682; x_wconf 90' lang='lat' dir='ltr'><strong>et</strong></span> <span class='ocrx_word' id='word_1_890' title='bbox 3396 5628 3590 5681; x_wconf 70' lang='lat' dir='ltr'><strong>anima:</strong></span> 
     </span>
    </p>
   </div>
   <div class='ocr_carea' id='block_1_119' title="bbox 2016 5715 3582 5787">
    <p class='ocr_par' dir='ltr' id='par_1_119' title="bbox 2016 5715 3582 5787">
     <span class='ocr_line' id='line_1_119' title="bbox 2016 5715 3582 5787; baseline 0.001 -16"><span class='ocrx_word' id='word_1_891' title='bbox 2016 5715 2218 5771; x_wconf 88' lang='lat' dir='ltr'><strong>scilicet</strong></span> <span class='ocrx_word' id='word_1_892' title='bbox 2273 5722 2325 5771; x_wconf 90' lang='lat' dir='ltr'><strong>et</strong></span> <span class='ocrx_word' id='word_1_893' title='bbox 2380 5718 2640 5786; x_wconf 82' lang='lat' dir='ltr'><strong>corporis,</strong></span> <span class='ocrx_word' id='word_1_894' title='bbox 2701 5718 2765 5772; x_wconf 87' lang='lat' dir='ltr'><strong>de</strong></span> <span class='ocrx_word' id='word_1_895' title='bbox 2820 5731 2925 5787; x_wconf 85' lang='lat' dir='ltr'><strong>quo</strong></span> <span class='ocrx_word' id='word_1_896' title='bbox 2979 5717 3029 5770; x_wconf 91' lang='lat' dir='ltr'><strong>in</strong></span> <span class='ocrx_word' id='word_1_897' title='bbox 3084 5717 3289 5784; x_wconf 86' lang='lat' dir='ltr'><strong>psalmo</strong></span> <span class='ocrx_word' id='word_1_898' title='bbox 3338 5720 3582 5773; x_wconf 83' lang='lat' dir='ltr'><strong>canitur:</strong></span> 
     </span>
    </p>
   </div>
   <div class='ocr_carea' id='block_1_120' title="bbox 3086 5809 3160 5869">
    <p class='ocr_par' dir='ltr' id='par_1_120' title="bbox 3086 5809 3160 5869">
     <span class='ocr_line' id='line_1_120' title="bbox 3086 5809 3160 5869; baseline 0.054 -4"><span class='ocrx_word' id='word_1_899' title='bbox 3086 5809 3160 5869; x_wconf 63' lang='lat'><strong>&#39;40</strong></span> 
     </span>
    </p>
   </div>
  </div>
