4232 6238
603 255 609 260 _
651 194 790 248 i259

1502 189 1558 241 Β.
1601 189 1655 242 F.
1705 185 1928 240 ALBlNl
1972 183 2101 238 SEU
2139 179 2414 237 ALCUINI
2454 178 2737 236 O9ERUM
2774 175 2950 229 PARS
2982 175 3070 228 IX.

3763 171 3904 226 1260

647 304 858 357 Domini
884 312 958 354 est
981 300 1126 353 salus
1151 279 1320 365 (Ρεαιξ
1358 311 1414 348 ιιι
1435 337 1448 358 ,
1492 296 1568 363 9).
1599 295 1841 349 Reddunt
1879 304 2012 357 rota,
2039 292 2090 346 id
2118 301 2221 356 est,
2252 303 2298 356 Α
2328 290 2665 346 damnatione
2692 299 2892 359 ereptos
2917 305 2933 341 :
2966 303 3158 356 usque,
3202 284 3304 340 Per
3327 283 3590 360 Christum
3619 283 3901 339 Dominum

645 393 935 456 sacriﬁcia,
973 390 1055 445 vel
1082 399 1201 442 vota
1227 387 1347 441 ﬁdei
1370 395 1423 440 et
1454 387 1556 454 pia:
1580 385 1899 439 devotionis.

715 485 1189 546 Commttnicantes,
1211 490 1340 542 etc.,
1358 493 1548 547 usque,
1572 488 1620 532 et
1646 479 1876 532 omnium
1900 487 2216 532 sanctorum.

639 581 745 646 ‘Sc,
782 580 871 650 qui
918 578 1094 640 olfcrt,
1145 584 1195 631 at
1230 589 1417 629 omnes
1451 573 1885 634 circumstantes,
1934 570 2024 639 qui
2061 567 2221 624 simul

645 669 898 725 offerunt.
927 668 1060 722 tlicit
1090 664 1487 720 communicare
1518 680 1530 714 :
1571 671 1620 715 et
1644 661 1946 716 memoriam
1972 675 2220 713 veneran-

647 773 721 814 tes
746 760 908 813 beatae
930 756 1029 810 Dei
1057 755 1337 826 genitricis,
1383 762 1439 806 et
1469 753 1660 807 omnia,
1726 759 2029 805 sanctorum
2053 766 2069 804 :
2095 750 2220 818 quia

649 858 704 902 ιιι
729 847 1051 902 sacriﬁcium
1089 844 1198 898 Deo
1237 844 1409 913 possit
1444 857 1564 897 esse
1595 849 1899 911 acceptum,
1943 855 2050 894 non
2093 839 2220 893 alibi

647 940 748 993 hoc
781 937 1030 999 offerunt,
1073 935 1178 990 nisi
1208 935 1259 988 in
1291 933 1667 988 communione
1707 939 1762 984 et
1803 931 2063 985 societate
2091 945 2220 984 san-

646 1036 879 1091 ctorum,
909 1033 964 1078 et
997 1026 1052 1079 in
1084 1038 1270 1079 eorum
1297 1022 1572 1077 memoriae
1591 1019 1938 1076 veneratione
1965 1029 2220 1088 tanquam

649 1119 858 1172 iuvero
908 1103 1104 1186 templo
1132 1115 1251 1178 Dei,
1292 1115 1419 1184 quia
1467 1114 1520 1167 in
1565 1113 1651 1168 bis
1686 1111 1854 1167 voluit
1882 1111 2222 1187 omnipotens

650 1208 793 1264 Deus
818 1199 1081 1262 Ecclesia)“
1102 1219 1214 1259 sua:
1244 1213 1496 1258 constare
1517 1202 1941 1257 fundamentum.
1973 1201 2097 1256 Ideo
2131 1216 2222 1255 su-

647 1314 768 1354 mus
798 1297 1252 1353 communicantes
1284 1293 1558 1349 memoria:
1597 1307 1806 1357 eorum,
1847 1299 2100 1360 tanquam
2127 1289 2221 1344 ﬁlii

645 1399 858 1461 patrum
899 1395 956 1443 et
996 1395 1293 1441 sectatores
1327 1384 1783 1455 praecedentium:
1817 1380 2222 1436 Communican-

644 1493 740 1545 tes,
782 1481 838 1535 id
871 1487 974 1544 est,
1023 1477 1408 1548 participantes
1449 1474 1572 1529 ﬁdei
1624 1473 1863 1536 illorum,
1913 1472 2040 1540 quia
2075 1486 2224 1523 eam-

645 1575 767 1630 dem
798 1572 957 1626 fidem
979 1570 1258 1633 habemus,
1283 1583 1449 1638 quam
1469 1577 1525 1620 et
1557 1565 1634 1620 illi
1665 1564 1989 1619 habuerunt.
2017 1560 2219 1615 Memo-

2323 392 2582 436 nostram.

2394 471 2682 542 Hutusque
2710 473 3050 528 obsecratio:
3099 473 3225 526 hinc
3253 471 3497 540 sequitur
3537 470 3912 534 consecratio,

2324 564 2400 618 ita
2429 565 2731 635 incipiens:
2780 563 2953 629 Quam
2983 563 3317 625 oblationem,
3349 570 3454 616 etc.
3503 557 3705 615 Oratur
3738 558 3902 626 Deus,

2323 663 2383 709 ut
2426 654 2756 710 oblationem
2807 655 2921 709 suis
2965 654 3229 709 altaribus
3273 651 3594 720 impositam,
3641 657 3700 704 et
3743 649 3903 703 tantis

2321 746 2574 814 precibus
2616 745 3076 810 commendatam,
3111 744 3227 814 ipse
3253 757 3350 812 per
3379 741 3633 795 virtutem
3671 737 3902 809 Spiritus

2321 836 2495 890 sancti
2546 837 2622 911 ita
2669 835 2968 906 perfectam
3020 834 3408 890 eucharistiam
3450 830 3703 900 accipiat,
3759 838 3819 883 ut
3846 829 3898 882 in

2320 930 2571 985 omnibus
2603 929 2677 984 sit
2710 928 3000 994 benedicta,
3031 929 3283 997 ascripta,
3313 925 3365 979 id
3403 932 3508 988 at,
3538 924 3594 977 in
3621 935 3901 976 numerum

2321 1026 2641 1096 placitorum
2680 1023 2782 1079 sibi
2825 1031 3043 1093 recepta
3069 1022 3160 1087 sit,
3186 1029 3234 1074 et
3258 1029 3394 1084 rata,
3433 1018 3484 1073 id
3514 1024 3617 1081 est,
3644 1014 3901 1070 immobili

2322 1119 2578 1173 firmitate
2611 1124 2892 1187 perpetua,
2917 1116 2993 1169 sit
3014 1127 3228 1184 quoque
3253 1109 3603 1176 rationabilis,
3635 1118 3700 1164 ut
3716 1123 3900 1178 quam-

2320 1208 2404 1262 vis
2457 1207 2524 1262 de
2571 1197 2910 1276 simplicibus
2948 1213 3109 1259 terra:
3147 1202 3390 1272 frugibus
3418 1209 3656 1269 sumpta,
3687 1199 3902 1255 benedi-

2321 1296 2517 1351 ctionis
2543 1295 2781 1366 potentia
2807 1293 3070 1348 elliciatur
3091 1306 3289 1362 corpus
3316 1301 3370 1344 et
3395 1289 3615 1360 sanguis
3640 1287 3763 1342 Filii
3785 1288 3897 1352 Dei,

2320 1396 2377 1440 ut
2404 1401 2502 1455 per
2546 1386 2688 1440 hunc
2722 1383 2901 1438 cibum
2948 1391 3004 1437 et
3036 1379 3238 1452 potum
3289 1380 3578 1450 impleatur
3625 1379 3680 1433 in
3723 1379 3896 1442 nobis,

2320 1478 2465 1546 quod
2495 1476 2621 1546 ipse:
2636 1474 2918 1544 promisit:
2964 1471 3110 1528 Sicut
3154 1473 3294 1526 misit
3323 1487 3405 1525 me
3431 1471 3601 1526 vivens
3645 1467 3824 1536 Pater,
3855 1479 3901 1523 et

2322 1583 2414 1637 ego
2444 1567 2554 1620 uiuo
2585 1575 2797 1636 prapter
2841 1563 3094 1617 Patrem:
3135 1571 3208 1625 et,
3258 1560 3686 1627 Qui‘manducat
3728 1574 3827 1624 me,
3853 1569 3901 1612 et

648 1665 782 1718 riam
825 1669 1149 1724 venerantes,
1190 1659 1244 1713 id
1269 1667 1371 1721 est,
1409 1673 1531 1713 cum
1577 1657 1776 1726 pietate
1810 1663 1864 1709 et
1917 1653 2220 1708 humilitate
2253 1654 2294 1711 Β
2321 1656 2430 1724 ipse
2457 1654 2587 1709 vivet
2615 1662 2826 1723 propter
2851 1669 2932 1705 me
2970 1651 3153 1723 (Joan.
3187 1667 3261 1716 vt,
3293 1651 3406 1724 58).
3432 1651 3546 1705 Hoc
3569 1664 3783 1718 corpus,
3814 1643 3903 1703 hic

647 1753 868 1824 vestigia
893 1765 1081 1807 eorum
1115 1758 1422 1820 sequentes.
1451 1748 1508 1801 ln
1540 1748 1644 1801 hac
1668 1754 1850 1799 autem
1895 1755 2225 1797 commemo-

648 1843 855 1897 ratione
889 1849 1222 1903 sanctorum,
1249 1839 1405 1893 beata
1431 1838 1526 1891 Dei
1556 1835 1793 1908 geuitrix
1817 1834 2048 1904 primum
2075 1832 2223 1903 poni—

647 1941 754 1996 tur,
780 1946 878 2000 per
910 1945 1071 2001 quam
1095 1940 1148 1984 et
1171 1929 1250 1982 illi
1280 1937 1335 1982 et
1359 1943 1457 1983 nos
1481 1925 1783 1981 meruimus
1803 1932 2080 1980 auctorem
2102 1922 2226 1976 vita:

646 2023 966 2090 suscipere:
1019 2027 1075 2074 et
1120 2017 1366 2089 jungitur
1417 2015 1865 2071 commemoratio
1912 2021 2225 2069 sanctorum

645 2111 1006 2182 apostolorum
1027 2117 1081 2164 et
1107 2116 1425 2180 martyrum,
1454 2121 1562 2162 non
1588 2107 1760 2161 solum
1781 2119 1990 2168 eorum,
2019 2103 2111 2174 qui
2138 2104 2226 2157 hic

645 2199 963 2253 nominatim
998 2196 1390 2266 exprimuntur,
1446 2195 1620 2248 sedet
1673 2195 1934 2255 omnium,
1990 2207 2224 2263 quorum

648 2303 746 2344 nec
776 2301 1083 2352 numerum,
1113 2300 1216 2340 nec
1258 2285 1476 2339 nomina
1516 2285 1657 2338 scire
1699 2297 2008 2353 possumus,
2058 2290 2113 2337 et
2143 2291 2222 2336 ta-

651 2395 770 2434 men
797 2393 892 2447 per
935 2376 1115 2442 ﬁdem,
1143 2376 1188 2431 si
1214 2375 1267 2430 in
1299 2375 1383 2430 bis
1423 2374 1708 2443 praecipuis
1735 2373 1822 2442 pie
1868 2373 2224 2437 adhaeremus,
2281 2415 2284 2417 λ

651 2470 816 2523 etiam
841 2467 948 2522 illis
993 2467 1048 2521 in
1095 2465 1304 2519 horum
1345 2463 1728 2518 communione
1761 2461 1993 2531 copulati
2022 2476 2225 2516 sumus.

649 2556 886 2622 Quorum
915 2555 1136 2619 meritis,
1167 2563 1274 2608 etc.
1308 2551 1537 2621 PrOpter
1569 2551 1765 2607 merita
1806 2553 2041 2620 namque
2067 2561 2124 2605 et
2147 2550 2230 2604 in-

651 2645 1031 2700 tercessionem
1063 2641 1339 2712 iustorum
1391 2641 1654 2696 Dominus
1708 2640 2021 2705 miseretur,
2068 2647 2128 2694 ut
2174 2639 2229 2694 in

652 2737 904 2792 omnibus
953 2737 1068 2791 sive
1120 2734 1398 2806 prosperis
1449 2734 1565 2788 sive
1605 2732 1850 2788 adversis
1895 2729 2230 2804 protectiom's

650 2830 764 2901 ejus
805 2830 1109 2884 muniamur
1139 2827 1360 2893 auxilio,
1403 2843 1496 2898 per
1523 2824 1790 2882 Christum
1819 2825 2104 2881 Dominum
2131 2841 2227 2880 πυ·

650 2933 835 2976 stt-unt.
864 2919 955 2977 Sic
978 2927 1036 2975 et
1076 2919 1285 2990 Moyses
1320 2932 1419 2990 pro
1459 2916 1656 2990 populo
1693 2923 1955 2988 peccante
1997 2916 2232 2971 interce-

653 3014 809 3078 dens,
850 3012 1072 3067 Patrum
1125 3010 1258 3066 facit
1303 3008 1644 3064 memoriam.
1691 3008 1936 3063 Eccchize
1970 3003 2300 3063 auxiliumC

654 3104 858 3175 petenti
888 3103 1087 3157 dicitur
1115 3119 1128 3154 :
1159 3101 1432 3155 Civitatem
1453 3100 1589 3156 hanc
1608 3108 1877 3172 protegam
1901 3107 2112 3170 propter
2151 3115 2232 3154 me

653 3204 701 3247 et
736 3201 947 3263 propter
978 3191 1150 3246 David
1174 3207 1378 3246 servum
1417 3206 1589 3244 meum
1612 3188 1717 3261 (IV
1744 3188 1874 3260 Reg.
1903 3205 1992 3253 xx,
2023 3189 2098 3262 6).
2125 3187 2236 3246 Nec

653 3281 1004 3338 dubitandum
1033 3290 1119 3338 est
1167 3280 1406 3336 ﬁdelium
1451 3279 1741 3352 petitiones
1769 3295 1798 3332 a
1831 3277 2112 3347 spiritibus
2139 3277 2230 3348 ju-

654 3381 863 3428 storum
884 3372 1014 3426 sciri
1046 3390 1060 3425 :
1089 3372 1216 3441 quia
1251 3371 1344 3442 qui
1390 3371 1536 3426 intus
1561 3370 1656 3425 Dei
1686 3368 1992 3424 claritatem
2023 3369 2230 3434 vident,

655 3478 763 3519 nou
791 3471 873 3518 est
901 3462 1255 3527 credendum,
1275 3462 1403 3532 quia
1432 3461 1504 3514 sit
1529 3459 1732 3529 aliquid
1757 3457 1888 3514 foris
1904 3459 2058 3528 quod
2082 3458 2233 3530 igno—

657 3563 796 3610 rent.
822 3551 1069 3609 Postulat
1122 3566 1252 3623 ergo
1304 3549 1548 3607 Ecclesia
1601 3547 1856 3619 sulfragia
1908 3556 2229 3620 martyrum,

657 3660 759 3701 nec
785 3653 966 3699 tamen
1014 3642 1286 3699 sacriﬁcat
1334 3642 1688 3713 martyribus,
1739 3640 1835 3696 sed
1885 3640 1976 3694 uni
2024 3638 2135 3718 Deo
2177 3648 2236 3694 et

658 3743 960 3807 martyrum
999 3743 1057 3790 et
1088 3742 1305 3798 nostro;
1339 3732 1408 3789 ad
1439 3732 1582 3802 quod
1611 3731 1938 3788 sacriﬁcium
1963 3731 2106 3786 sicut
2135 3731 2234 3785 ho-

659 3826 833 3882 mines
877 3825 995 3888 Dei,
1024 3823 1116 3893 qui
1153 3821 1412 3878 mundum
1444 3820 1499 3875 in
1545 3820 1665 3891 ejus
1703 3817 2045 3876 confessione
2090 3820 2233 3876 vice-

659 3925 804 3982 runt,
849 3930 949 3970 suo
995 3913 1116 3969 loco
1157 3912 1526 3974 nominantur,
1569 3923 1676 3964 non
1706 3915 1884 3963 tamen
1915 3907 2236 3962 invocantur

661 4025 694 4064 a
749 4009 1048 4073 sacerdote,
1089 4006 1214 4076 quia
1251 4003 1351 4060 Dei
1385 4000 1639 4060 sacerdos
1684 4007 1788 4066 est,
1841 4013 1948 4054 non
1997 3998 2230 4054 illorum.

660 4101 837 4172 Ipsum
867 4113 994 4154 vero
1029 4094 1356 4151 sacriﬁcium
1375 4084 1576 4166 corpus
1595 4099 1682 4150 est
1702 4090 1926 4158 Christi,
1959 4091 2103 4162 quod
2128 4105 2233 4145 non

659 4189 885 4247 oll‘ertur
909 4186 1062 4257 ipsis,
1086 4184 1213 4255 quia
1233 4185 1339 4241 hoc
1361 4197 1471 4239 non
1493 4191 1620 4239 sunt
1642 4189 1700 4237 et
1727 4181 1850 4252 ipsi.
2002 4216 2046 4228 ,-

733 4277 886 4333 ﬂanc
923 4278 1085 4348 igitur
1109 4273 1420 4330 oblationem
1443 4272 1709 4329 servitutis
1752 4273 1981 4326 nostra:
2004 4271 2132 4342 quia
2155 4271 2236 4325 di-

2325 1745 2542 1815 sanguis
2563 1759 2669 1798 non
2695 1743 2748 1798 in
2781 1743 2966 1812 spicis,
3000 1741 3093 1797 sed
3130 1743 3184 1796 in
3212 1739 3569 1798 sacramentis
3599 1739 3900 1811 colligitur;

2323 1845 2379 1892 et
2420 1835 2829 1892 consecratione
2870 1835 3129 1906 mysticus
3165 1832 3224 1887 ﬁt
3267 1833 3440 1896 nobis,
3489 1823 3602 1888 noui
3640 1831 3898 1886 nascitur.

2324 1927 2392 1980 Et
2414 1925 2501 1979 ille
2529 1924 2748 1994 quidem
2773 1923 2948 1992 panis,
2977 1931 3033 1978 et
3065 1923 3196 1977 illud
3221 1923 3405 1977 vinum
3438 1922 3548 1992 'per
3576 1936 3635 1976 se
3682 1919 3902 1975 irratio—

2326 2013 2504 2075 nabile
2530 2019 2650 2068 est:
2683 2012 2777 2067 sed
2811 2019 2934 2066 orat
2982 2010 3255 2074 sacerdos,
3285 2017 3346 2064 ut
3375 2009 3462 2087 ille
3509 2008 3905 2068 rationabiliter

2327 2113 2609 2170 tractatus,
2647 2111 2704 2159 et
2732 2103 2800 2157 ab
2836 2101 3191 2171 omnipotenti
3238 2100 3348 2155 Deo
3390 2109 3760 2166 consecratus,
3801 2116 3896 2154 ra-

2328 2195 2597 2251 tionabilis
2623 2195 2735 2259 ﬁat,
2769 2193 3095 2248 transeundo
3119 2191 3171 2246 in
3194 2205 3389 2262 corpus
3415 2190 3538 2248 Filii
3564 2190 3698 2261 ejus,
3723 2189 3892 2256 nobis,

2327 2288 2382 2342 id
2415 2297 2518 2352 est,
2551 2289 2615 2342 ad
2645 2287 2875 2342 salutem
2912 2296 3172 2339 nostram.

2400 2381 2512 2435 Hoc
2540 2388 2742 2442 autem,
2768 2377 2911 2446 quod
2940 2376 3221 2445 sequitur:
3260 2375 3365 2441 Qui
3389 2375 3559 2446 pridie
3583 2391 3740 2446 quam
3761 2384 3901 2444 pate-

2329 2481 2491 2536 retur,
2523 2485 2714 2540 usque,
2748 2471 2803 2533 in
2823 2470 3127 2523 memoriam
3171 2467 3374 2538 facietis
3397 2483 3418 2521 :
3462 2465 3690 2537 apostoli
3719 2467 3772 2520 in
3803 2482 3899 2521 usu

2329 2563 2636 2618 habuerunt
2656 2571 2779 2633 post
2802 2561 3174 2618 ascensionem
3201 2558 3432 2613 Domini.
3463 2557 3615 2614 Unde
3637 2571 3768 2630 ergo
3797 2557 3897 2613 Ec-

2327 2652 2490 2708 clesia
2521 2652 2708 2724 jugem
2747 2651 2829 2706 sui
2871 2650 3187 2705 memoriam
3237 2648 3614 2718 Redemptoris
3636 2647 3895 2710 celebret,

2329 2745 2444 2814 ipse
2469 2744 2732 2799 Dominus
2755 2743 3030 2812 apostolis,
3068 2749 3124 2795 et
3151 2739 3380 2810 apostoli
3405 2738 3728 2808 generaliter
3755 2738 3898 2793 omni

2327 2833 2582 2892 Ecclesia
2607 2833 2939 2888 tradiderunt
2964 2831 3017 2885 in
3039 2831 3123 2884 his
3149 2829 3350 2891 verbis,
3379 2829 3497 2883 sine
3519 2829 3714 2897 quibus
3739 2827 3899 2902 505

2330 2924 2475 2980 nulla
2495 2924 2702 2995 lingua,
2745 2923 2890 2978 nulla
2922 2925 3095 2994 regio,
3125 2921 3269 2976 nulla
3298 2921 3512 2986 civitas,
3546 2921 3600 2976 id
3621 2930 3722 2985 est,
3757 2920 3900 2976 nulla

2334 3031 2460 3088 pars
2496 3016 2748 3071 Ecclesia:
2795 3004 2972 3086 poteSt
3000 3029 3319 3070 consecrare
3356 3014 3458 3068 hoc
3484 3021 3900 3075 sacramentum,

2333 3105 2476 3177 quod
2523 3105 2808 3175 Apostolus
2855 3103 3460 3168 manifestat,'dieens:
3508 3096 3622 3172 Ego'
3651 3101 3788 3156 enim
3811 3116 3900 3154 ac-

2332 3196 2444 3267 cepi
2470 3211 2503 3249 a
2533 3194 2780 3261 Domino,
2816 3194 2953 3264 quod
2983 3205 3029 3248 et
3055 3193 3250 3247 tradidi
3297 3192 3457 3258 vobis,
3497 3191 3746 3262 quoniam
3791 3189 3900 3244 Do-

2332 3287 2505 3341 minus
2528 3283 2708 3350 Iesus,
2757 3301 2860 3356 qua
2909 3294 3055 3339 nocte
3099 3283 3426 3348 tradebatur,
3455 3283 3651 3352 accepit
3693 3297 3901 3352 pallent,

2332 3384 2388 3432 et
2415 3375 2620 3446 reliqua
2651 3374 2703 3446 (I
2746 3375 2867 3440 Cor.
2900 3390 3006 3439 xu,
3049 3374 3162 3443 2'5).
3198 3373 3401 3429 Christi
3440 3387 3570 3442 ergo
3609 3373 3809 3426 virtute
3850 3380 3903 3427 et

2333 3466 2514 3523 verbis
2535 3467 2637 3522 iste
2668 3467 2825 3536 panis
2853 3474 2910 3522 et
2931 3467 3073 3523 calix
3104 3466 3174 3519 ab
3214 3465 3370 3520 initio
3414 3471 3761 3520 consecratus
3800 3472 3902 3528 est,

2332 3565 2388 3611 et
2411 3571 2625 3626 semper
2665 3563 3032 3620 consecratur,
3065 3564 3120 3610 et
3151 3554 3582 3610 eonseerabitur.
3615 3555 3734 3625 Ipse
3760 3555 3902 3610 enim

2334 3644 2560 3714 loquens
2584 3660 2680 3714 per
2710 3645 3022 3700 sacerdotes
3067 3659 3162 3699 sua
3197 3644 3382 3709 verba,
3431 3644 3640 3700 cuslesti
3686 3644 3903 3701 benedi-

2332 3735 2513 3790 ctione
2536 3741 2781 3789 sanctum
2813 3749 3010 3804 corpus
3037 3741 3093 3790 et
3120 3734 3438 3803 sanguinem
3481 3748 3640 3788 suum
3665 3730 3897 3802 perlicit.

2334 3825 2487 3893 Quod
2504 3833 2685 3881 autem
2709 3826 2823 3880 ait:
2851 3823 3054 3880 Sumite
3075 3841 3140 3878 ea:
3167 3824 3262 3877 hoc
3288 3839 3481 3885 omnes,
3512 3822 3904 3879 commendatio

2331 3926 2415 3972 est
2439 3915 2681 3981 unitatis,
2708 3923 2769 3970 ut
2812 3929 2910 3984 per
2941 3917 3041 3969 hoc
3081 3914 3398 3984 mysterium
3428 3912 3646 3970 Christo
3682 3911 3903 3982 partici-

2334 4015 2546 4076 pautes,
2595 4022 2761 4081 unum
2805 4006 2975 4061 simus
3012 4006 3295 4062 omnes'in
3333 4005 3448 4068 illo,
3495 4004 3638 4081 sicut
3683 4003 3906 4073 Aposto-

2335 4096 2419 4151 lus
2475 4096 2552 4149 ait
2595 4114 2610 4150 :
2650 4079 2822 4150 i'Unus
2877 4097 3048 4165 panis,
3082 4111 3244 4150 unum
3288 4112 3475 4165 corpus
3521 4079 3673 4148 multi
3722 4111 3902 4150 sumus

2336 4191 2390 4264 (Ι
2421 4189 2546 4246 Cor.
2579 4204 2634 4255 ι,
2664 4190 2773 4261 l7).
2817 4190 2988 4244 Tanta
3023 4199 3105 4245 est
3146 4200 3324 4245 autem
3366 4189 3620 4245 Ecclesia:
3642 4188 3821 4242 unitas
3849 4189 3902 4242 in

2333 4280 2573 4346 Christo,
2603 4291 2662 4336 ut
2701 4296 2842 4336 unus
2866 4280 3065 4349 ubique
3106 4280 3179 4335 sit
3205 4281 3360 4350 panis
3401 4280 3644 4348 corporis
3667 4277 3863 4333 Christi
3883 4318 3900 4343 ,

663 4385 830 4445 gnum
850 4377 932 4424 est
959 4377 1020 4422 ιιι
1059 4382 1247 4423 servus
1273 4380 1374 4422 suo
1394 4363 1600 4422 serviat
1622 4363 1882 4427 Domino;
1914 4362 2004 4417 sed
2031 4371 2083 4416 ετ
2104 4378 2232 4416 (αη-
2259 4361 2306 4422 D
2332 4378 2388 4424 et
2407 4384 2547 4424 unus
2571 4369 2710 4424 calix
2741 4367 3018 4435 sanguinis
3039 4367 3157 4436 ejus
3184 4385 3198 4420 :
3228 4367 3516 4438 Accipiens,
3541 4367 3734 4436 inquit,
3764 4366 3902 4420 Italae

663 4474 760 4519 ctte
785 4459 1002 4533 familia:
1024 4467 1154 4524 tua,
1181 4466 1238 4513 et
1255 4458 1482 4529 reliqua.
1514 4455 1580 4510 Et
1603 4453 1660 4509 in
1703 4453 1790 4508 his
1834 4453 2016 4507 verbis
2057 4455 2238 4507 unitas

664 4553 918 4612 Ecclesia:
952 4548 1279 4617 ostenditur,
1323 4547 1538 4618 quando
1582 4547 1636 4601 ln
1665 4545 1758 4600 illa
1783 4543 2056 4600 oblatione
2082 4560 2232 4599 com-

665 4643 844 4700 munis
887 4641 1122 4698 servitus
1167 4637 1457 4692 exhibetur
1501 4636 1612 4690 Deo
1647 4643 1756 4689 tam
1787 4649 1818 4689 a
1849 4634 2232 4699 sacerdotibus,

661 4749 827 4804 quam
865 4747 894 4787 a
939 4737 1132 4786 cuncta
1185 4726 1386 4782 familia
1431 4727 1623 4782 domus
1671 4725 1787 4780 Dei.
1824 4724 2027 4781 Oratur
2055 4725 2235 4794 itaque

665 4821 830 4887 Deus,
856 4829 915 4874 ut
937 4821 1074 4874 hanc
1100 4818 1447 4882 oblationem,
1480 4831 1644 4887 quam
1669 4817 1746 4872 illi
1775 4816 1875 4871 soli
1912 4816 2093 4871 debita
2118 4831 2230 4870 ser-

666 4913 835 4967 vitute
863 4910 1033 4966 defert
1061 4909 1321 4972 Ecclesia,
1361 4905 1596 4976 placatus
1640 4906 1884 4976 accipiat,
1920 4916 1969 4961 et
2009 4906 2083 4960 sic
2122 4906 2233 4959 dies

667 5011 894 5064 nostros,
923 5001 1117 5069 quibus
1163 4999 1307 5053 inter
1356 4999 1567 5053 diversa
1612 4995 1852 5065 pericula
1901 4997 2148 5057 vivimus,
2177 4995 2232 5048 in

666 5095 764 5146 sua
789 5106 915 5161 pace
935 5090 1198 5160 disponat,
1227 5089 1484 5157 ﬁnitoque
1506 5086 1666 5156 hujus
1682 5085 2024 5141 mortalitatis
2044 5100 2230 5150 cursu,

667 5182 733 5236 ab
762 5190 957 5237 aeterna
987 5181 1322 5233 damnatione
1365 5189 1584 5248 ereptos,
1614 5179 1670 5232 in
1701 5177 1980 5232 electorum
2014 5193 2230 5233 suorum

668 5282 818 5340 grege
838 5281 1183 5323 enumerare
1206 5266 1462 5337 dignetur.
1508 5267 1630 5320 Hac
1648 5264 1884 5335 quidem,
1923 5267 1976 5322 id
2006 5276 2109 5333 est,
2143 5283 2232 5323 ex-

672 5360 1052 5424 hortationem,
1109 5356 1541 5412 obsecrationem
1629 5365 1687 5411 et
1748 5360 2228 5425 consecrationem,

669 5449 1035 5518 principaliter
1059 5449 1307 5506 Celasius
1325 5447 1646 5516 composuit.
1679 5447 1786 5502 Sed
1809 5449 2000 5505 beatus
2028 5451 2232 5524 Grego-

673 5554 784 5592 rius
838 5539 1039 5593 addidit
1087 5541 1229 5598 hunc
1280 5536 1599 5596 versiculum
1639 5553 1652 5590 :
1708 5538 1871 5609 Atque
1922 5540 1985 5594 ab
2037 5551 2230 5597 averna

2335 4459 2649 4530 praeclarum
2690 4456 2923 4511 calicem.
2973 4456 3095 4511 Ideo
3123 4457 3283 4526 dicit,
3332 4458 3468 4511 hunc
3496 4458 3713 4522 accepit,
3756 4457 3901 4526 quod

2335 4548 2498 4612 calix,
2527 4562 2687 4616 quem
2723 4547 2975 4603 sacerdos
3003 4547 3299 4602 catholicus
3341 4545 3632 4611 sacriﬁcat,
3682 4561 3789 4602 non
3815 4555 3903 4602 est

2335 4637 2511 4702 alius,
2553 4637 2658 4692 nisi
2697 4637 2812 4707 ipse
2861 4652 3020 4706 quem
3066 4637 3324 4692 Dominus
3357 4635 3613 4705 apostolis
3659 4636 3897 4691 tradidit.

2335 4725 2470 4793 Quia
2503 4727 2643 4784 sicut
2666 4728 2920 4784 divinitas
2945 4727 3108 4783 Verbi
3157 4727 3250 4781 Dei
3294 4741 3400 4780 una
3430 4734 3534 4792 est,
3566 4741 3687 4795 qua:
3726 4733 3898 4783 totum

2335 4818 2521 4888 implet
2543 4818 2824 4880 mundum,
2856 4818 2931 4871 ita
2973 4816 3098 4872 licet
3126 4816 3306 4872 multis
3335 4816 3465 4872 locis
3489 4823 3546 4871 et
3583 4818 3895 4874 innumera-

2333 4909 2530 4964 bilibus
2556 4910 2743 4965 diebus
2782 4906 2913 4960 illud
2965 4920 3162 4976 wnpus
3209 4912 3577 4970 consecretur,
3621 4919 3738 4962 non.
3773 4915 3898 4962 sunt

2336 5007 2515 5057 tamen
2556 4999 2723 5052 multa
2751 5011 2977 5067 corpora
3009 4997 3230 5063 Christi,
3280 5011 3452 5066 neque
3497 4995 3895 5062 multi‘caliees,

2330 5089 2427 5144 sed
2461 5103 2626 5143 unum
2652 5102 2849 5156 corpus
2888 5086 3108 5149 Christi,
3149 5095 3207 5141 et
3254 5101 3394 5141 unus
3417 5085 3636 5156 sanguis
3661 5100 3786 5140 cum
3808 5100 3894 5151 eo,

2331 5179 2474 5247 quod
2500 5177 2730 5248 sumpsit
2760 5178 2810 5230 in
2843 5185 2996 5234 utero
3031 5177 3288 5248 Virginis,
3313 5184 3372 5232 et
3409 5177 3552 5246 quod
3592 5176 3738 5232 dedit
3769 5191 3898 5246 apo-

2330 5269 2503 5327 stolis.
2533 5270 2796 5326 Dlvinitas
2833 5265 3182 5344 enim'ﬁlerbi
3214 5268 3383 5338 replet
3417 5267 3546 5322 illud
3598 5268 3741 5336 quod
3777 5268 3898 5322 ubi-

2332 5377 2436 5432 que
2486 5372 2590 5429 est,
2619 5373 2675 5418 et
2701 5359 3000 5432 coniungit,
3042 5376 3108 5415 ac
3151 5361 3302 5427 facit,
3352 5368 3413 5416 ut
3459 5359 3600 5415 sicut
3641 5361 3758 5429 ipsa
3789 5374 3896 5413 una

2329 5460 2430 5517 est,
2473 5454 2545 5506 ita
2581 5453 2936 5521 coniungatur
2971 5452 3186 5520 corpori
3218 5451 3438 5514 Christi,
3482 5459 3537 5506 et
3579 5464 3742 5506 unum
3767 5462 3897 5506 cor-
3938 5439 3942 5448 ’

2330 5539 2442 5614 pus'
2466 5541 2582 5612 ejus
2611 5541 2680 5599 sit
2717 5543 2768 5598 in
2809 5543 3052 5598 veritate.
