4232 6202
336 193 457 248 ἰῖϐι

1147 196 1295 250 ΟΡΡ.
1337 197 1735 251 ΒιῬΡΟΞΠᾸ.
1780 229 1842 237 —-
1886 198 2011 251 llB.
2058 201 2142 255 Dii
2186 202 2432 256 111Υ1Ν13
2469 204 2772 260 01³1³10118.

3445 215 3581 273 1‘262

384 307 551 365 'Uude
585 309 1115 363 :ntimaalverten:lum
1147 318 1248 371 est,
1291 311 1415 378 quia
1448 310 1559 364 sive
1603 310 1742 378 plus,
1787 311 1898 365 sive
1931 319 1973 372 Α
2004 311 2162 365 clara:
2185 322 2240 368 et
2265 315 2610 384 prmccllrnti,
2654 327 2708 372 ct
2748 320 2992 389 gloriosa
3031 327 3290 392 majestati
3322 331 3434 397 Dei,
3473 351 3581 391 tum

327 399 524 462 minus,
560 399 681 467 quis
720 399 842 452 inde
871 399 1149 469 percipiat,
1193 413 1381 454 omnes
1405 400 1682 468 :equaliter
1712 416 1906 471 corpus

334 488 528 544 Sliristi
551 490 895 559 integerrime
922 499 1162 553 sumunt,
1186 499 1241 544 et
1263 492 1590 560 generaliter
1616 506 1824 555 omnes,
1854 500 1909 546 et

327 579 632 650 specialiter
659 579 1048 650 unusquisque.
1078 580 1201 634 ideo
1226 589 1405 634 autem
1452 582 1672 650 sanguis
1705 580 1906 636 Christi

329 683 525 723 novum
553 675 936 722 testamentum
983 676 1097 732 est,
1153 669 1278 738 quia
1329 683 1464 723 nova
1513 671 1750 735 dilectio,
1803 687 1909 739 qua

329 771 502 827 usque
537 757 602 810 ad
629 763 857 812 mortem
889 758 942 812 in
992 759 1300 814 novissimis
1349 759 1671 813 smculurum
1704 770 1909 830 tempo-

329 845 478 901 ri‘hus
504 861 602 901 nos
630 845 834 902 dilexit.
866 847 932 902 Et
979 847 1098 902 ideo
1126 849 1347 918 sanguis
1373 847 1461 900 illc
1490 849 1608 901 novi
1647 858 1696 901 et
1727 850 1909 902 (etei-ni

331 937 759 1001 testamentiest,
789 939 914 1008 quia
956 953 1094 1008 quos
1146 955 1177 993 a
1224 930 1495 993 vetustate
1555 939 1793 1002 innovat,
1843 940 1910 993 ad

331 1027 702 1083 luereditatem
730 1037 985 1084 aeternam
1012 1029 1278 1099 perducit.
1309 1029 1620 1099 Mysteriam
1644 1029 1769 1097 ﬁdei
1805 1037 1908 1094 est,

332 1117 457 1185 quia
478 1116 698 1172 credere
721 1118 1000 1182 debemus,
1029 1118 1170 1184 quod
1199 1117 1272 1170 ibi
1318 1117 1466 1171 salus
1504 1124 1692 1169 nostra
1737 1117 1913 1171 cousi-

333 1211 460 1256 stat.
490 1203 785 1259 Providens
818 1206 961 1260 enim
989 1205 1141 1259 nobis
1180 1205 1329 1259 dedit
1367 1205 1470 1260 hoc
1514 1216 1912 1261 sacramen'um

333 1293 546 1358 salutis,
572 1295 779 1365 utquia
825 1312 923 1350 nos
953 1297 1193 1366 quotidie
1224 1301 1530 1368 peccamus,
1572 1307 1627 1352 et
1673 1299 1760 1354 ille
1799 1299 1911 1369 jam

333 1385 469 1439 mori
511 1401 618 1440 non
658 1397 853 1457 potest,
895 1403 992 1457 per
1040 1389 1183 1443 istud
1228 1397 1624 1444 sacramentum
1670 1391 1912 1461 corporis

333 1476 416 1530 sui
445 1477 820 1533 remissionem
859 1494 1275 1548 consequamur.
1315 1479 1565 1547 Quotidie
1605 1482 1749 1537 enim
1800 1483 1913 1552 ipse

332 1560 634 1620 comeditur
662 1575 718 1620 et
745 1565 948 1620 bibitur
972 1567 1025 1621 in
1057 1568 1303 1633 veritate,
1333 1579 1388 1622 ct
1416 1570 1626 1640 integer
1652 1571 1912 1640 vivusque

333 1669 388 1711 et
417 1656 792 1710 immaculatus
827 1667 1025 1711 manet.
1063 1656 1382 1728 Mysterium
1423 1668 1529 1724 est,
1575 1659 1719 1727 quod
1763 1660 1908 1716 aliud
1943 1660 1986 1719 Β

337 1744 566 1812 videtur,
592 1756 646 1802 et
679 1747 821 1802 aliud
848 1748 1181 1820 intelligitur.
1209 1749 1362 1818 Quod
1391 1751 1626 1815 videtur,
1675 1752 1911 1821 speciem

297 1843 310 1850 “
336 1838 497 1894 habet
533 1839 864 1908 corporalem
893 1857 905 1892 :
939 1841 1082 1909 quod
1127 1841 1464 1910 intelligitur,
1492 1839 1727 1895 fructum
1753 1842 1915 1896 habet

336 1929 690 2000 spiritualem.
724 1927 830 1984 Sed
858 1945 982 1985 cum
1011 1932 1325 2002 mysterium
1349 1932 1442 1996 sit,
1471 1932 1613 1986 unde
1633 1948 1833 2004 corpus
1859 1942 1915 1988 et

336 2022 558 2090 sanguis
581 2018 782 2082 Christi
818 2019 1052 2074 dicitur?
1087 2020 1386 2078 Consulens
1407 2024 1747 2094 omnipotens
1772 2024 1914 2079 Deus

337 2108 638 2163 inﬁrmitati
669 2117 887 2176 nostrce,
917 2111 1007 2180 qui
1032 2126 1138 2166 non
1161 2113 1423 2169 habemus
1445 2130 1602 2170 usum
1633 2118 1917 2174 comedere

337 2214 557 2254 carnem
603 2199 846 2265 crudam,
881 2210 936 2255 et
968 2202 1282 2271 sanguinem
1332 2205 1552 2269 bibere,
1599 2203 1729 2261 facit
1772 2215 1832 2262 ut
1861 2209 1912 2263 in

336 2288 566 2358 pristina
604 2299 919 2345 remaneant
965 2290 1137 2346 forma
1173 2291 1264 2347 illa
1303 2293 1695 2361 duomunera,
1720 2305 1787 2351 et
1831 2307 1917 2354 est

342 2377 394 2430 in
419 2367 646 2434 veritate
671 2394 869 2450 corpus
893 2379 1093 2452 Christi
1118 2391 1173 2437 et
1212 2384 1452 2452 sanguis,
1498 2386 1639 2441 sicut
1674 2387 1788 2456 ipse
1835 2388 1916 2443 di-

340 2470 435 2526 cit.
1703 2548 1706 2549 ν

413 2561 700 2617 Sciendum
734 2579 862 2620 vero
896 2565 1040 2634 quod
1085 2567 1333 2622 eumdem
1385 2569 1609 2625 calicem
1652 2570 1913 2628 Domiuiei

341 2651 640 2731 sanguinis,
668 2652 771 2708 nisi
801 2654 1020 2708 mistum
1064 2669 1203 2725 aqua
1227 2654 1423 2711 offerre
1474 2673 1580 2712 non
1618 2659 1762 2724 licet,
1789 2662 1916 2731 quia

342 2724 656 2798 viuum'l'uit
695 2744 749 2798 in
797 2724 1184 2816 redemptionis
1225 2755 1424 2803 nostrae
1469 2737 1749 2820 mysterio,
1790 2763 1915 2806 cum

342 2835 419 2889 ait
446 2852 459 2888 :
494 2833 618 2890 Non
642 2835 815 2892 bibam
841 2836 1030 2891 amodo
1073 2836 1138 2891 de
1166 2838 1262 2892 hoc
1294 2840 1553 2909 genimiue
1583 2840 1722 2906 vitis,
1751 2849 1806 2894 rt
1835 2855 1918 2896 re-

343 2925 486 2997 liqua
533 2925 748 2997 (Matth.
781 2945 929 2994 xxvi,
951 2928 1042 3002 29)
1063 2946 1078 2994 ;
1100 2938 1155 2984 ct
1181 2930 1248 2986 de
1278 2930 1446 2987 latere
1475 2930 1590 3000 ejus
1627 2947 1766 3003 aqua
1791 2948 1916 2988 cum

342 3016 626 3086 sanguine,
653 3017 837 3071 vinum
871 3019 938 3072 de
967 3033 1094 3072 vera
1133 3020 1313 3074 carnis
1342 3019 1459 3087 ejus
1489 3021 1597 3075 vite
1627 3038 1749 3076 eum
1778 3037 1914 3093 aqua

342 3122 660 3178 expressum
709 3110 966 3164 ostendit.
1033 3108 1351 3165 llaec‘enim
1403 3120 1528 3165 sunt
1576 3122 1915 3168 sacramenta

343 3197 617 3263 Ecclesiae,
645 3198 761 3254 sine
781 3199 978 3268 quibus
1014 3199 1082 3253 ad
1125 3200 1288 3254 vitam
1319 3215 1425 3254 non
1465 3203 1718 3256 intratur.
1771 3203 1916 3258 Illius

343 3304 471 3360 ergo
497 3290 651 3361 panis
683 3300 738 3344 ct
766 3291 950 3346 calicis
979 3291 1200 3355 oblatio,
1225 3291 1412 3345 mortis
1435 3291 1636 3346 Christi
1667 3301 1750 3347 cst
1772 3309 1918 3347 com-

289 3415 299 3424 -
345 3382 683 3446 memoratio,
708 3397 826 3450 qua:
853 3398 957 3437 non
982 3391 1091 3436 tam
1114 3383 1293 3438 verbis
1319 3400 1481 3453 quam
1505 3380 1776 3455 mysteriis
1798 3400 1918 3455 per-

343 3470 543 3541 agitur,
569 3486 665 3540 per
689 3486 808 3539 qua:
837 3473 1037 3526 nostris
1074 3470 1344 3527 mentibus
1381 3490 1527 3528 mors
1560 3475 1648 3528 illa
1678 3477 1913 3544 pretiOsa

344 3562 546 3614 arctius
591 3561 1020 3616 commendatur.
1063 3561 1354 3630 Propterea
1401 3572 1579 3640 autem
1625 3566 1800 3620 iturus
1849 3568 1918 3620 ad

345 3651 670 3720 passionem,
710 3661 767 3705 et
803 3667 899 3721 per
935 3655 1348 3709 resurrectionis
1381 3664 1542 3723 atque
1583 3657 1917 3712 ascensionis

343 3743 568 3812 gloriam
593 3744 928 3798 discessurus
955 3759 985 3799 e
1010 3745 1230 3812 mundo,
1257 3748 1360 3802 hoc
1401 3758 1798 3802 sacramentum
1834 3749 1916 3802 ul-

346 3831 534 3885 timum
571 3833 846 3901 discipulis
882 3833 1118 3900 tradidit,
1157 3845 1218 3890 ut
1247 3838 1562 3892 memoriam
1604 3847 1766 3893 tantm
1791 3839 1919 3893 elia-

346 3920 524 3975 ritatis
557 3923 760 3977 arctius
782 3939 967 3977 eorum
999 3927 1268 3981 mentibus
1299 3926 1563 3998 inﬁgeret.

421 4009 568 4064 Unde
589 4021 636 4065 et
662 4029 912 4067 memores
939 4031 1140 4081 sumus,
1169 4025 1273 4072 etc.
1299 4034 1316 4084 ;
1355 4018 1494 4073 idem
1519 4027 1623 4084 est,
1660 4021 1802 4090 quod
1832 4021 1914 4076 di-

345 4103 458 4156 cit:
489 4101 605 4156 Hoc
656 4103 816 4179 facite
853 4107 911 4158 in
954 4120 1122 4160 meam
1172 4111 1730 4165 commemorationem.
1779 4111 1916 4179 Quid

347 4191 558 4262 dignius
590 4200 645 4260 et
679 4177 948 4250 salubrius
988 4193 1104 4251 ﬁeri
1145 4205 1342 4266 potest,
1371 4214 1530 4269 quam
1571 4207 1630 4254 ut
1657 4201 1772 4254 haec
1805 4177 1920 4272 iuy-

347 4283 509 4336 steria
537 4282 943 4352 fre'quentando,
991 4300 1203 4343 memor
1227 4287 1299 4342 sit
1335 4287 1573 4344 Ecclesia
1602 4289 1918 4359 beatae‘pas-

347 4371 538 4436 sieuis,
564 4388 683 4442 quae
727 4375 889 4430 totius
932 4377 1116 4432 mundi
1163 4388 1382 4448 peccata
1427 4379 1662 4454 delevit:
1708 4388 1764 4434 ct
1792 4381 1926 4454 quia

349 4475 454 4513 non
492 4460 662 4516 solum
717 4471 960 4520 mortuus
989 4474 1074 4521 est
1115 4483 1214 4537 pro
1266 4470 1421 4524 nobis
1464 4480 1687 4542 propter
1723 4470 1914 4526 delicta

347 4560 550 4616 nostra,
587 4551 681 4606 sed
702 4551 864 4606 etiam
905 4557 1202 4610 resurrexit
1228 4568 1448 4626 propter
1476 4559 1916 4629 justiﬁcationem

349 4651 611 4706 nostram,
659 4656 724 4696 ac
783 4642 864 4698 sic
911 4652 1139 4698 mortem
1193 4655 1433 4701 nostram
1493 4651 1775 4706 moriendo
1822 4652 1917 4708 de~

348 4732 562 4795 struxit,
610 4741 666 4787 et
717 4734 884 4805 vitam
939 4738 1264 4807 resurgendo
1313 4740 1616 4808 reparavit?
1657 4741 1919 4798 Memores

349 4834 534 4874 sumus
563 4824 972 4878 resurrectionis
995 4839 1207 4895 quoque
1234 4826 1367 4896 ejus,
1402 4843 1497 4897 per
1533 4843 1692 4897 quam
1723 4833 1917 4901 spolia-

349 4907 427 4961 vit
453 4905 755 4974 iul‘ernum;
786 4919 842 4964 et
877 4916 1090 4981 quando
1133 4926 1440 4988 assumptus
1485 4925 1568 4971 est
1614 4918 1669 4971 in
1699 4919 1914 4986 caelum,

349 5009 404 5054 et
431 5000 570 5055 viam
599 5003 754 5057 nobis
788 5005 1105 5062 ascendendi
1139 5008 1410 5076 patefecit,
1441 5011 1608 5066 simus
1652 5027 1917 5069 memores

350 5090 512 5146 etiam
543 5093 786 5163 gloriosae
832 5097 1181 5152 ascensionis.
1224 5098 1346 5155 Ideo
1386 5103 1528 5156 enim
1571 5103 1799 5172 pretium
1834 5121 1917 5159 re-

350 5179 672 5251 demptionis
708 5191 905 5239 nostra:
945 5185 1027 5240 vel
1063 5178 1398 5245 sacramento
1433 5191 1690 5246 Dominici
1727 5209 1916 5264 corpu-

355 5269 429 5323 ris
468 5279 522 5325 et
554 5275 827 5344 sanguinis
859 5275 1213 5343 celebramus,
1258 5289 1318 5333 ut
1351 5297 1565 5352 semper
1599 5283 1723 5339 illud
1750 5285 1919 5341 felici-

354 5367 436 5412 ter
479 5363 816 5431 meditemur,
864 5369 1006 5436 quod
1055 5368 1130 5421 ait
1179 5371 1507 5439 Apostolus:
1561 5373 1736 5444 Empti
1780 5377 1916 5431 enim

353 5449 472 5502 estis
500 5453 663 5519 pretio
704 5470 891 5524 magno
936 5456 986 5528 (1
1018 5453 1139 5510 Cor.
1176 5472 1260 5521 vt,
1292 5459 1403 5529 20).
1456 5461 1715 5518 Memorcs
1756 5465 1917 5535 igitur

356 5539 541 5593 huruut
570 5550 675 5596 tam
718 5545 990 5613 sacerdos,
1018 5563 1176 5615 quam
1222 5548 1372 5619 plelzs
1401 5551 1569 5607 fidelis
1599 5553 1752 5608 offert
1782 5572 1916 5625 νιτρ-

2007 405 2072 457 de
2099 421 2217 468 suo,
2249 407 2341 460 sed
2371 407 2436 462 de
2459 406 2575 475 ejus
2604 411 2775 474 donis,
2807 429 2868 465 ac
2898 414 3034 469 datis
3075 434 3199 474 vere
3238 422 3458 478 hostium
3485 445 3583 498 pa—

2008 512 2141 558 rum,
2171 497 2394 549 hostium
2433 508 2689 562 sanctam,
2721 501 2943 558 hostium
2984 507 3373 567 ittttttacuialam
3397 529 3416 566 :
3464 497 3585 588 qua:

2009 586 2148 640 trina
2213 589 2458 657 repetitio
2514 593 2649 646 tanti
2705 596 2944 665 mysterii
2993 608 3076 653 est
3119 597 3374 660 laudatio.
3410 586 3580 676 Quam

2011 693 2137 732 vero
2175 679 2406 736 hostiam
2448 682 2608 739 elfért
2653 686 2930 743 Ecclesia?
2979 691 3164 750 Nonne
3211 715 3425 769 quanta
3477 707 3585 760 Deo

2009 771 2238 841 accepit,
2271 772 2454 839 idest,
2494 794 2680 844 panem
2709 793 2944 836 sanctum
2977 785 3093 840 vitta
3132 800 3362 848 a'tcruu'.
3388 806 3434 848 ct
3463 799 3588 852 culi-

2009 878 2117 915 cem
2147 863 2332 918 salutis
2368 877 2632 938 perpetua:
2655 870 2681 922 Ρ
2709 871 2762 924 1η
2794 871 2896 944 hoc
2929 891 3067 945 pane
3100 880 3208 934 vita
3235 892 3433 939 :eterua
3481 899 3582 952 est.

2010 955 2149 1008 sicut
2181 957 2294 1024 ipse
2322 960 2474 1026 panis
2510 961 2665 1017 vivus
2691 965 2754 1018 de
2780 968 2959 1036 s'eipso
2984 969 3059 1024 ait
3087 989 3099 1024 :
3146 973 3257 1044 Ego
3285 994 3400 1034 sum
3431 984 3584 1051 panis

2012 1044 2182 1097 rirus:
2228 1047 2318 1116 qui
2361 1050 2641 1105 ntauducat
2670 1055 2807 1108 hunc
2833 1065 3211 1127 panem,-rirct
3253 1068 3307 1121 in
3337 1044 3586 1128 a'tc'rmtm

2013 1135 2194 1200 (Joan.
2229 1152 2302 1201 vr,
2328 1137 2416 1203 5i,
2447 1140 2569 1213 5'2);
2599 1150 2820 1214 etquod
2870 1150 2973 1203 iste
3021 1157 3173 1223 panis
3219 1158 3288 1212 sit
3339 1165 3586 1233 corporis

2011 1227 2117 1291 sui,
2153 1230 2370 1298 exponit
2401 1249 2413 1284 :
2441 1231 2508 1286 Et
2538 1239 2691 1303 panis
2719 1256 2868 1310 quem
2895 1260 2986 1314 ego
3016 1248 3170 1313 dabo,
3201 1268 3323 1307 caro
3351 1271 3464 1310 mea
3489 1271 3580 1313 est.

1955 1356 1964 1365 .
2010 1332 2103 1385 pro
2129 1319 2310 1372 mundi
2357 1322 2461 1376 vita
2487 1340 2505 1376 :
2531 1336 2579 1378 et
2607 1328 2748 1382 calix
2775 1331 2962 1388 salutis
2991 1346 3428 1412 perpetuityquia
3463 1363 3586 1402 san-

2012 1409 2131 1477 guis
2171 1410 2260 1466 ille
2299 1411 2501 1471 eﬁ‘usus
2522 1427 2606 1472 est
2628 1435 2728 1489 pro
2767 1425 2948 1511 multis
2975 1428 3028 1483 in
3061 1409 3433 1492 remissionem
3459 1455 3586 1510 pec-

2014 1513 2274 1558 catorum.
2307 1504 2481 1578 Supra
2517 1527 2634 1584 qua:
2660 1504 2884 1587 propitio
2929 1536 2991 1573 ac
3029 1539 3229 1588 sereno,
3261 1527 3316 1582 id
3338 1504 3591 1601 esu-pia-

2013 1592 2171 1647 cabili
2223 1596 2368 1650 cultu
2399 1602 2648 1670 respicere
2686 1603 2936 1676 digneris,
2965 1621 3020 1666 et
3047 1613 3276 1686 reliqua.
3304 1592 3588 1694 Nona-und

2013 1683 2190 1739 vultus
2219 1686 2312 1742 Dei
2369 1688 2654 1760 aliquando
2691 1706 2960 1769 mutetur;
2998 1707 3090 1760 sed
3124 1683 3252 1764 tunc
3293 1683 3590 1782 super'nus

2013 1782 2230 1830 serenat
2255 1785 2309 1832 et
2334 1778 2602 1837 illuminat
2638 1786 2844 1842 vultum
2889 1806 3065 1859 suum,
3105 1801 3321 1867 quando
3349 1778 3589 1860 declarat

2012 1881 2172 1936 super
2203 1884 2299 1923 nos
2324 1871 2748 1932 misericordiam
2783 1895 2956 1936 suam.
2974 1884 3189 1942 ’Oratur
3213 1891 3394 1961 itaque
3417 1893 3584 1959 Deus,

2013 1965 2072 2009 ut
2101 1957 2379 2027 placabilis
2409 1978 2599 2020 sereno
2627 1969 2798 2035 vultu,
2837 1972 2888 2028 id
2918 1984 3019 2039 est,
3065 1957 3338 2035 declarata
3363 1957 3589 2052 pietatis

2013 2065 2124 2105 suzc
2167 2057 2470 2122 praesentia,
2523 2061 2776 2129 respiciat
2813 2064 3069 2122 Ecclesiae
3094 2085 3204 2124 sua:
3244 2089 3508 2132 munera:
3541 2091 3590 2134 et

2013 2153 2243 2213 accepta,
2275 2145 2326 2198 id
2350 2155 2453 2212 est,
2491 2147 2820 2222 beneplacita
2845 2157 3059 2225 habeat,
3087 2162 3226 2217 sicut
3251 2181 3468 2222 mumzra
3487 2170 3589 2240 ju-

2013 2234 2079 2286 sti
2103 2237 2251 2304 pueri
2276 2238 2359 2292 sui
2395 2239 2541 2305 Abel,
2571 2243 2725 2314 cujus
2770 2245 2899 2302 ﬁdes
2931 2258 2986 2304 et
3013 2251 3223 2322 justitia
3255 2265 3310 2311 et
3357 2234 3591 2316 oblatio-

2016 2325 2099 2378 nis
2120 2329 2384 2398 acccptio,
2410 2339 2466 2385 et
2505 2333 2563 2396 in
2610 2334 2728 2406 lege
2768 2345 3201 2411 commendatur,
3229 2358 3286 2403 et
3327 2350 3380 2404 in
3416 2351 3592 2408 Evan-

2013 2414 2171 2508 gelio,
2207 2425 2262 2471 et
2302 2418 2356 2474 in
2386 2416 2644 2490 Epistolis
2681 2426 3058 2502 Apostolorum
3089 2451 3102 2487 :
3141 2437 3231 2506 qui
3265 2453 3371 2494 non
3408 2432 3590 2508 artato,

2015 2503 2108 2559 sed
2132 2507 2362 2576 puritate
2383 2520 2437 2566 et
2465 2513 2808 2583 simplicitate
2842 2535 2978 2590 puer
3001 2503 3218 2580 dicitur.
3251 2528 3320 2583 Et
3341 2525 3478 2588 sicut
3504 2503 3592 2590 sa;

2016 2598 2295 2668 eri/icium,
2344 2601 2534 2674 inquit,
2579 2609 2894 2677 patriarcha:
2946 2618 3396 2689 uostriAbra/ue,
3434 2631 3590 2696 quod

2018 2690 2341 2747 sacrificavit
2375 2696 2430 2750 in
2477 2697 2746 2756 oblatione
2795 2705 3055 2775 unigeniti
3105 2709 3188 2764 sui
3241 2710 3408 2778 lsaac,
3461 2690 3592 2772 olle-

2020 2963 2393 3022 ctiam'noster
2420 2972 2713 3026 secundant
2759 2975 2940 3031 ﬁdem.
2994 2979 3315 3050 Adjungitur
3366 2987 3586 3042 adhuc:

2021 3051 2087 3105 Et
2114 3055 2252 3124 quod
2277 3057 2370 3110 tibi
2397 3058 2580 3114 obtulit
2603 3079 2841 3121 summus
2876 3071 3120 3124 sacerdos
3168 3081 3288 3127 tuas
3317 3074 3593 3133 Melchise-

2016 3144 2168 3209 dech,
2201 3147 2294 3215 qui
2327 3147 2713 3219 interpretatur
2742 3170 2836 3210 rex
2870 3157 3114 3228 justitize‘,
3146 3163 3300 3233 cujus
3341 3169 3593 3224 sacerdo-

2020 3242 2150 3298 tium
2191 3253 2248 3299 et
2294 3247 2618 3304 sacrificium
2645 3259 2852 3309 tantum
2897 3259 3292 3328 magniﬁcatur,
3319 3274 3375 3318 ut
3417 3267 3482 3321 de
3523 3285 3592 3324 ea

2019 3335 2162 3390 dicat
2198 3337 2532 3406 Apostolus:
2580 3343 2915 3402 Assimilatus
2940 3366 3035 3417 per
3076 3354 3251 3406 omnia
3293 3355 3387 3409 Dei
3428 3356 3589 3421 Filio,

2019 3451 2229 3490 "canens
2273 3441 2517 3494 sacerdos
2564 3443 2620 3496 in
2671 3453 2923 3500 aeternum
2968 3447 3125 3516 (ch.
3153 3465 3263 3516 vn,
3307 3453 3384 3522 5).
3435 3455 3586 3522 Quod

2018 3538 2147 3578 vero
2194 3527 2576 3599 subjungitur:
2619 3530 2872 3588 Sanctum
2899 3538 3239 3607 sacri/icium,
3279 3543 3588 3599 immaculu-
3638 3567 3642 3570 ν

2019 3632 2123 3677 (run
2150 3625 2392 3693 hostium,
2419 3629 2485 3681 ad
2503 3630 2872 3699 complendam
2897 3637 3212 3704 petitionem
3240 3639 3584 3707 subjunctum

2017 3722 2118 3768 est.
2161 3715 2274 3770 Hoc
2303 3726 2482 3772 autem
2510 3726 2679 3774 totum
2708 3729 2896 3777 oratur
2918 3724 3078 3790 Deus,
3109 3727 3232 3796 quia
3275 3729 3324 3783 iu
3356 3733 3592 3802 antiquis

2018 3807 2283 3863 sacriﬁcio
2307 3809 2460 3874 Abel,
2490 3812 2632 3880 quod
2669 3813 2735 3868 de
2775 3814 3146 3886 primOgenitis
3172 3822 3376 3884 ovium,
3415 3832 3469 3876 ct
3506 3839 3594 3879 sa-

2017 3896 2222 3952 criﬁcio
2249 3897 2420 3964 Caiui,
2473 3901 2613 3970 quod
2652 3911 2769 3956 erat
2797 3919 2864 3958 ex
2888 3913 3047 3961 terra:
3084 3906 3368 3975 fructibus,
3398 3914 3590 3980 przela«

2020 3997 2131 4040 tum
2164 3997 2268 4053 est,
2300 3990 2424 4044 novi
2452 3993 2756 4046 testamenti
2781 3993 2940 4065 505
2968 3995 3101 4052 fides
3122 4002 3590 4071 prazfigurabatur,

2017 4093 2136 4146 qua:
2165 4093 2231 4134 ex
2273 4079 2591 4136 innocentia:
2641 4084 2816 4152 gratia
2851 4084 3133 4142 Dominum
3168 4087 3414 4156 laudans,
3445 4103 3592 4150 vetc-

2021 4181 2094 4233 ris
2113 4179 2438 4235 Testamenti
2474 4181 2704 4236 terrenis
2725 4183 2979 4252 operibus
3007 4190 3368 4258 anteponitur,
3400 4202 3451 4247 et
3492 4196 3590 4248 im-

2020 4271 2309 4326 molatione
2349 4271 2496 4328 unici
2539 4280 2604 4328 et
2632 4274 2811 4331 dilecti
2856 4275 2950 4332 filii
2996 4279 3254 4348 Abrahae,
3298 4283 3589 4344 immolatio

1947 4349 1995 4409 D
2019 4361 2134 4430 ejus
2173 4362 2640 4434 praeﬁgurabatur,
2669 4365 2737 4420 de
2781 4381 2888 4436 quo
2932 4369 3064 4424 dicit
3104 4371 3264 4428 Pater
3297 4392 3310 4427 :
3363 4374 3466 4429 llic
3515 4391 3589 4434 est

2020 4453 2192 4508 Filius
2215 4469 2360 4508 meus
2401 4453 2644 4519 dilectus,
2676 4457 2730 4510 in
2754 4473 2856 4527 quo
2885 4450 3014 4514 mihi
3051 4463 3342 4533 complacai
3369 4464 3583 4533 (Matth.

2021 4559 2077 4597 ιιι
2097 4585 2112 4609 ,
2140 4544 2246 4614 17).
2294 4543 2358 4599 Et
2386 4543 2671 4613 Apostolus
2696 4562 2709 4597 :
2759 4545 2864 4610 Qui
2889 4549 3042 4603 unico
3069 4550 3211 4604 Filio
3245 4571 3350 4606 suo
3369 4545 3480 4608 non
3507 4573 3588 4623 pr-

2017 4637 2198 4704 percit,
2225 4644 2280 4692 et
2330 4644 2522 4691 ctetera
2566 4634 2742 4705 (Rom.
2787 4653 2916 4701 vm,
2951 4640 3064 4710 52).
3093 4640 3426 4700 Sacriﬁcium
3455 4664 3589 4715 «pw-

2018 4743 2122 4797 que
2154 4727 2536 4784 Melchisedech
2567 4736 2674 4783 tam
2694 4742 2816 4782 vera
2845 4739 2964 4784 erat
2991 4733 3311 4802 signiﬁcatio
3333 4737 3584 4791 sacriﬁcii

2020 4818 2242 4885 Christi,
2272 4829 2332 4874 ut
2357 4821 2481 4875 inde
2520 4821 2831 4890 prmdictum
2861 4823 2932 4877 sit
2957 4841 2984 4886 ε,
3021 4823 3095 4876 Tu
3144 4841 3198 4879 es
3241 4827 3483 4882 sacerdos
3529 4832 3586 4884 in

2019 4919 2268 4964 (rtemann
2325 4910 2606 4964 secundum
2672 4911 2907 4966 ordinem
2978 4913 3350 4971 Melchisedech
3408 4917 3578 4988 (I’sal.

2019 5014 2106 5056 cxx
2123 5040 2138 5066 ,
2170 4998 2247 5070 ὁ).

2089 5111 2376 5182 Supplices,
2399 5122 2447 5166 te
2460 5129 2734 5185 rogamus,
2759 5119 3078 5191 omnipotens
3102 5121 3260 5187 Deus,
3303 5125 3431 5194 jube
3470 5127 3583 5182 lare

2021 5201 2258 5269 perferri,
2315 5209 2369 5255 et
2394 5201 2620 5272 reliqua.
2675 5205 2801 5262 "me
2828 5207 2990 5263 verba
3038 5220 3142 5264 tam
3170 5213 3428 5279 profunda
3461 5217 3582 5283 quis

2021 5291 2473 5371 comprehendere
2509 5293 2779 5353 sufﬁciat?
2846 5299 2977 5365 Quis
3026 5301 3148 5356 inde
3196 5303 3353 5372 digne
3401 5307 3578 5376 aliqua

2020 5380 2302 5450 loquatur?
2335 5381 2500 5447 Magis
2531 5387 2832 5442 veneranda
2867 5398 3012 5453 sunt,
3033 5406 3192 5460 quam
3221 5394 3574 5452 discutienda.

2018 5471 2212 5525 Beatus
2234 5479 2408 5525 tamen
2433 5471 2723 5545 Gregorius
2752 5474 2974 5532 idoneus
2991 5481 3122 5533 tanti
3151 5487 3468 5540 sacrainnuti
3503 5487 3582 5539 ia-

2019 5570 2240 5632 tcrprcs,
2282 5563 2509 5630 quodam
2543 5563 2655 5619 loco
2687 5563 2750 5618 de
2772 5565 2849 5620 eis
2879 5575 3129 5638 tanquam
3160 5574 3222 5626 dc
3247 5590 3300 5624 rc
3328 5574 3576 5626 imitabili
