4232 6206
638 271 665 320 ἲ
677 266 779 320 263

1450 264 1510 317 Β.
1554 264 1613 317 F.
1656 264 1881 319 ALBlNl
1921 264 2052 321 SEU
2095 264 2371 322 ALCUlNl
2406 266 2691 324 OPERUM
2732 264 2911 321 PARS
2947 266 3039 320 IX.

3750 266 3888 323 ιξδι

638 398 776 455 pene
806 380 1145 436 iuetl'abiliter
1172 378 1396 449 loquens
1426 392 1450 419 α
1480 399 1491 433 :
1525 400 1543 430 ι
1581 380 1735 447 Quis,
1763 381 1952 450 inquit,
1979 378 2215 434 fidelium
2247 385 2291 443 Α
2318 381 2689 439 defunctorum
2729 391 3048 453 separantur
3086 382 3153 437 ab
3175 382 3445 439 Ecclesia:
3494 385 3731 456 alioquin
3779 404 3885 443 non

641 473 839 530 habere
866 472 1086 526 dubium
1109 471 1298 541 possit,
1332 471 1382 523 in
1422 471 1535 540 ipsa
1563 472 1948 526 immolationis
1980 471 2109 525 hora
2141 470 2210 525 ad

639 565 939 621 sacerdotis
969 578 1155 618 vocem
1184 563 1352 617 cmlos
1370 551 1597 632 aperiri,
1651 564 1707 618 in
1736 563 1826 618 illo
1852 561 1979 617 Jcsu
2011 562 2212 617 Christi

641 657 901 728 mysterio
919 656 1227 727 angelorum
1254 650 1449 710 choros
1470 656 1680 721 adesse,
1712 656 1939 710 summis
1979 656 2085 709 ima
2127 670 2213 709 εοο

640 747 797 810 ciari,
846 754 1059 801 terrena
1088 742 1396 803 cmicstibus
1427 745 1600 816 jungi,
1656 761 1822 800 unum
1852 746 2106 816 quiddam
2143 762 2211 799 ex

642 836 936 903 visibilibns
959 844 1120 905 atque
1152 834 1502 890 invisibilibus
1526 834 1639 889 fieri
1667 837 1690 889 ?
1722 856 1739 888 ι
1806 835 1947 891 Idem
2000 851 2212 906 quoque

641 926 796 979 alibi:
854 944 872 976 ι
906 924 1046 988 Uno,
1088 924 1278 994 inquit,
1310 925 1496 979 eodem
1529 932 1769 996 tempore
1804 941 1869 980 ac
1915 937 2210 989 momento,

640 1028 695 1072 et
718 1019 771 1073 in
797 1016 1025 1071 excelsis
1051 1016 1255 1085 rapitur
1280 1016 1640 1073 ministerium
1670 1018 1982 1088 angelorum
2027 1032 2215 1073 conso-

642 1110 892 1164 riandum
930 1108 1140 1178 corpori
1162 1107 1383 1172 Christi,
1417 1116 1645 1163 et'ante
1681 1107 1864 1163 oculos
1917 1108 2215 1163 sacerdotis

644 1201 697 1252 in
731 1199 884 1254 altari
937 1200 1164 1253 videtur.
1218 1218 1237 1250 ι
1298 1198 1497 1254 Beatus
1536 1215 1750 1269 quoque
1777 1199 2110 1271 Augustinus
2147 1201 2215 1256 de

641 1291 827 1345 eodem
848 1290 1057 1344 sublimi
1083 1289 1245 1343 altari
1281 1289 1333 1343 in
1365 1300 1641 1358 conspectu
1685 1290 1875 1342 divinw
1923 1291 2214 1360 mujestatis

642 1384 722 1436 sic
758 1382 834 1435 ait
861 1381 889 1419 δ
922 1397 933 1431 :
983 1399 1001 1429 ι
1034 1378 1129 1433 Est
1150 1379 1416 1448 quoddam
1448 1378 1617 1433 altare
1666 1379 1758 1433 Dei
1809 1380 2099 1445 invisibile,
2149 1380 2218 1436 ad

643 1473 784 1541 quod
812 1487 915 1525 non
951 1470 1181 1534 accedit,
1204 1469 1294 1540 qui
1323 1470 1389 1523 ad
1411 1469 1552 1524 istud
1585 1484 1809 1524 securus
1834 1471 2063 1525 accedit.
2103 1469 2217 1525 illic

644 1564 849 1617 invenit
874 1563 1038 1616 vitam
1060 1576 1233 1627 suam,
1255 1560 1345 1630 qui
1364 1559 1466 1615 isto
1490 1560 1733 1615 decernit
1758 1575 1973 1615 causam
1995 1577 2167 1616 suam.
2192 1580 2210 1615 ι

645 1653 769 1709 llzrc
793 1668 857 1707 ex
892 1636 1114 1706 Patrum
1139 1651 1320 1705 verbis
1348 1650 1521 1720 posita
1556 1658 1700 1716 sunt,
1737 1666 1806 1706 ne
1834 1652 1958 1721 quis
1988 1652 2214 1706 carnali-
2302 1655 2305 1658 ’

645 1754 729 1799 ter
753 1744 984 1799 :cstimet
1014 1743 1067 1796 in
1092 1740 1243 1796 caelis
1271 1755 1391 1795 esse
1416 1740 1584 1795 altare
1606 1755 1953 1811 corporeum:
2002 1744 2094 1798 sed
2119 1758 2215 1813 po-
2244 1730 2290 1790 Β

645 1837 755 1890 tius
778 1835 1134 1905 intelligamus
1158 1834 1384 1889 sublime
1414 1834 1583 1889 altare
1611 1834 1729 1900 Dei,
1775 1836 2039 1892 rationale
2060 1845 2115 1891 et
2137 1836 2215 1890 in-

646 1924 937 1994 telligibilc,
969 1939 1089 1979 esse
1115 1924 1168 1978 in
1198 1924 1369 1980 electa
1392 1934 1447 1980 et
1474 1924 1723 1980 rationali
1754 1936 2022 1992 creatura,
2051 1941 2215 1996 ange-

646 2016 758 2070 lica
778 2016 979 2071 scilicet
1002 2024 1058 2070 ct
1084 2017 1347 2078 humana;
1386 2004 1519 2084 quae
1550 2015 1604 2069 in
1634 2016 1838 2071 sanctis
1868 2015 2091 2086 angelis,
2146 2030 2213 2069 ex

644 2119 753 2173 quo
780 2103 987 2159 condita
1022 2113 1136 2177 gest,
1178 2105 1232 2158 in
1261 2104 1713 2174 contemplatione
1757 2105 1854 2159 Dei
1905 2105 2207 2168 sublimata,

645 2203 701 2247 et
734 2194 835 2249 sibi
858 2193 1085 2249 invicem
1110 2209 1207 2263 per
1227 2192 1497 2249 Christum
1527 2195 1701 2262 unita,
1734 2210 1921 2250 verum
1951 2203 2007 2251 et
2055 2196 2215 2250 subli-

645 2300 731 2338 me
766 2284 937 2339 altare
963 2284 1053 2338 Dei
1088 2283 1290 2349 existit,
1338 2299 1402 2338 ex
1442 2300 1548 2355 quo
1576 2286 1772 2355 accipit
1820 2286 2211 2354 sempiternum

643 2373 968 2439 sacrificium
996 2374 1169 2427 laudis
1194 2381 1249 2427 et
1279 2373 1509 2443 hostiam
1543 2373 1912 2443 jubilationis;
1959 2377 2025 2431 ad
2059 2374 2212 2445 cujus

645 2466 907 2519 unitatem
932 2463 1239 2533 adjungitur
1261 2478 1401 2517 nunc
1430 2478 1528 2532 per
1545 2465 1723 2531 tidem,
1767 2474 1821 2520 et
1841 2466 1897 2519 in
1923 2465 2104 2520 futuro
2117 2480 2213 2536 per

644 2557 839 2611 divinae
887 2554 1353 2625 contemplationis
1413 2556 1646 2624 speciem
1689 2557 1865 2612 omnis
1924 2557 2213 2612 multitudo

643 2649 952 2703 electorum.
994 2646 1079 2700 Fit
1104 2660 1233 2717 ergo
1252 2653 1306 2699 et
1336 2646 1392 2699 in
1420 2646 1523 2701 ista
1550 2647 1820 2703 oblatione
1854 2648 2055 2718 aliquid
2080 2648 2213 2703 inef—

647 2739 830 2805 fabilc,
849 2747 909 2793 ut
932 2752 1029 2808 per
1047 2737 1287 2808 angelica
1302 2737 1620 2802 ministeria,
1651 2745 1905 2808 tanquam
1922 2740 1985 2794 de
1999 2739 2212 2795 sublimi

647 2832 825 2897 altari,
879 2832 1073 2886 divina:
1126 2831 1392 2901 majestati
1434 2829 1714 2898 oll‘eratur,
1766 2848 1888 2887 cum
1913 2835 2215 2890 astantibus

648 2922 908 2977 ministris
952 2920 1257 2976 coalestibus
1287 2920 1552 2985 Christus,
1582 2918 1640 2976 u't
1685 2915 1863 2978 oblata
1907 2936 2210 2994 consecret,

645 3013 834 3065 adesse
858 3010 1154 3065 credendus
1176 3020 1277 3065 est.
1330 3011 1480 3067 Unde
1503 3012 1689 3067 beatus
1702 3014 2047 3070 Ambrosius:
2092 3015 2210 3073 Non

648 3102 877 3166 dubites,
916 3101 1105 3170 inquit,
1134 3102 1385 3156 assistere
1416 3101 1679 3172 angelum,
1715 3104 1931 3173 quando
1967 3106 2209 3164 Christus

649 3190 873 3255 assistit,
888 3189 1128 3245 Christus
1150 3189 1472 3244 immolatur.
1505 3190 1608 3246 Per
1634 3191 1750 3248 haec
1773 3196 2025 3264 mysteria
2049 3199 2211 3253 corda

582 3318 592 3329 ι
649 3282 884 3336 fidelium
911 3281 1056 3335 omni
1085 3280 1455 3334 benedictione
1482 3282 1691 3337 caelesti
1730 3283 1899 3353 replet
1928 3293 1982 3339 et
2018 3288 2207 3356 gratia,

651 3376 897 3429 tribuens
925 3373 1237 3443 corporibus
1277 3374 1672 3440 castimoniam,
1698 3377 1967 3434 mentibus
2030 3378 2210 3447 ﬁdem,

650 3466 1066 3537 cogitationibus
1087 3466 1394 3534 puritatem.

724 3558 981 3612 Memento
1006 3557 1181 3622 etiam,
1202 3556 1441 3623 Domine,
1459 3557 1777 3626 fantulorum
1794 3559 2216 3634 famularumque

649 3659 878 3715 tuarum,
917 3657 971 3703 et
995 3648 1216 3718 reliqua.
1289 3646 1419 3702 Orat
1462 3651 1552 3720 pia
1582 3661 1753 3706 mater
1780 3652 2020 3708 Ecclesia
2051 3656 2215 3711 etiam

650 3754 749 3809 pro
793 3739 1057 3795 defunctis
1080 3740 1209 3804 suis,
1261 3750 1315 3793 et
1343 3754 1435 3794 eos
1459 3756 1625 3795 sacrae
1650 3741 1934 3798 oblationis
1958 3745 2219 3801 interces-

651 3833 802 3887 sione
826 3833 1193 3895 commendat,
1236 3832 1532 3891 certissime
1567 3835 1797 3889 credens
1835 3836 1960 3905 quia
2000 3839 2219 3908 sanguis

651 3926 742 3979 ille
766 3924 1051 3993 pretiosus,
1084 3924 1299 3991 quipro
1323 3922 1505 3977 multis
1532 3923 1734 3980 effusus
1760 3935 1845 3981 est
1871 3928 1922 3980 in
1947 3928 2221 3984 remissio-

652 4031 773 4070 nem
799 4022 1159 4083 peccatorum,
1189 4029 1294 4067 non
1333 4012 1504 4068 solum
1534 4016 1600 4069 ad
1637 4015 1863 4070 salutem
1900 4019 2215 4084 viventmm,

650 4108 745 4163 sed
787 4108 949 4161 etiam
994 4104 1061 4183 ad
1087 4104 1314 4183 salutem
1356 4106 1532 4161 valeat
1562 4105 1957 4162 defunctorum.
2008 4106 2221 4166 Przcce-

650 4197 785 4250 dunt
830 4196 972 4250 enim
1011 4176 1193 4249 fideles
1243 4176 1311 4250 de
1341 4211 1565 4267 corpore
1613 4206 1872 4253 exeuntes
1917 4199 1985 4253 ad
2025 4200 2214 4267 Deum,

651 4285 744 4340 sed
766 4300 871 4339 non
895 4287 1354 4355 przecedunturab
1365 4288 1627 4357 Ecclesia,
1650 4293 1741 4360 qui
1757 4294 2068 4361 przecedunt
2090 4311 2215 4350 cum

652 4374 804 4444 signo
829 4374 970 4438 tidei,
998 4376 1121 4443 quia
1150 4390 1291 4444 aqua
1316 4385 1369 4431 et
1406 4378 1608 4447 Spiritu
1635 4389 1822 4436 sancto
1849 4383 2041 4447 renati,
2089 4385 2215 4453 quia
2250 4413 2297 4473 ο
2321 4414 2424 4459 ειη,

649 4462 851 4517 Christi
876 4479 1036 4518 cruce
1054 4465 1279 4533 signati:
1306 4466 1570 4521 dormiunt
1586 4478 1785 4535 autem,
1816 4478 2070 4543 tanquam
2093 4490 2220 4531 vere

654 4557 707 4609 in
737 4557 1127 4612 resurrectione
1161 4558 1478 4627 suscitandi,
1508 4562 1563 4616 in
1588 4579 1769 4617 somno
1808 4566 1976 4634 pacis,
1999 4567 2124 4636 quia
2154 4569 2221 4624 ab

654 4645 859 4700 unitate
903 4644 1104 4701 Christi
1151 4657 1206 4700 et
1233 4649 1505 4715 Ecclesiae,
1548 4668 1648 4707 nec
1693 4668 1791 4723 per
1818 4654 2073 4720 haereses,
2122 4672 2223 4711 nec

653 4750 748 4801 per
772 4736 1017 4790 mortalia
1037 4737 1265 4791 crimina
1289 4741 1521 4808 separati
1543 4749 1667 4795 sunt
1695 4783 1709 4807 ,
1745 4744 1803 4797 in
1832 4744 2025 4812 quibus
2071 4757 2127 4802 et
2176 4750 2221 4805 si

655 4824 941 4893 aliquando
990 4825 1222 4890 fuerint,
1276 4838 1458 4893 tamen
1483 4845 1581 4899 per
1607 4834 1981 4900 plenitentiam
2008 4839 2218 4904 sanati,

654 4922 717 4966 ut
748 4928 844 4982 per
870 4915 1166 4970 orationem
1204 4916 1477 4982 Ecc1esize,
1525 4920 1608 4974 cui
1630 4920 1831 4976 dictum
1877 4933 1990 4979 est:
2044 4926 2220 4990 Quod-

656 5018 855 5071 cunque
875 5002 1105 5068 solveris,
1135 5005 1232 5057 erit
1253 5003 1479 5058 solutum
1506 5006 1721 5077 (Matth.
1744 5026 1856 5075 xvr,
1890 5012 2000 5081 l9),
2035 5030 2222 5071 recon-

658 5092 821 5146 ciliati
861 5100 916 5145 et
945 5094 1323 5162 redemptionis
1372 5098 1626 5166 mysterio
1672 5101 1879 5166 sociati,
1930 5104 2116 5173 utique
2163 5106 2217 5160 in

658 5197 786 5255 pace
812 5183 1076 5246 obierunt,
1131 5183 1418 5240 miserante
1441 5185 1553 5252 illo,
1609 5187 1699 5256 qui
1726 5205 1829 5243 non
1854 5192 1964 5245 vult
1991 5204 2216 5251 mortem

657 5273 972 5341 peccatoris,
1018 5282 1072 5328 et
1096 5271 1299 5341 reliqua
1327 5292 1370 5341 ;>
1398 5291 1573 5346 neque
1620 5279 1763 5332 enim
1795 5281 2001 5350 piorum
2025 5286 2219 5341 anima:

731 5435 755 5499 ξι
796 5424 854 5499 _S_.
888 5423 1046 5493 Greg.
1076 5424 1163 5485 M.,
1188 5424 1310 5478 libr.
1346 5442 1408 5499 tv;
1431 5427 1570 5481 Dial.
1597 5446 1713 5499 cap.
1743 5432 1829 5487 58.

734 5492 1332 5568 {Textasjcorruptus
1390 5497 1451 5568 In
1494 5492 1811 5568 Augustino,
1865 5503 2114 5562 Enarrat.
2165 5511 2221 5565 in

664 5560 801 5639 Psal.
832 5576 958 5639 stu,
990 5560 1309 5639 italo-gitur:
1356 5585 1373 5616 ι
1414 5560 1678 5639 Esteﬁim
1703 5560 1969 5639 quoddam
1994 5560 2220 5634 sublime

663 5631 833 5685 altare
854 5631 1134 5695 invisibile,
1184 5648 1289 5701 quo
1324 5650 1426 5691 non
1449 5638 1656 5693 accedit
1686 5631 1944 5711 injustas;
1996 5646 2059 5701 ad
2094 5631 2220 5703 una

1696 6178 1725 6181 μγ
1762 6172 1895 6183 _-—
1920 6172 2157 6179 u—‘—-—-

2313 475 2380 531 ad
2403 478 2575 532 altare
2604 478 2757 533 fieret
2780 490 2965 530 eorum
2992 478 3249 531 memoria
3276 476 3329 532 in
3342 476 3749 535 consecratione
3774 495 3891 535 cor-

2313 566 2461 636 poris
2483 565 2702 621 Christi.
2758 564 2887 620 Post
2917 564 3006 618 illa
3035 578 3163 634 ergo
3190 567 3374 631 verba,
3426 568 3625 638 quibus
3667 569 3885 634 dicitur,

2312 658 2369 709 in
2387 673 2568 711 somno
2588 658 2753 727 pacis,
2777 672 2909 712 usus
2922 654 3025 711 fuit
3048 656 3417 726 antiquorum,
3440 660 3581 715 sicut
3604 660 3767 715 etiam
3796 675 3887 714 us-

2313 760 2417 815 que
2438 746 2595 800 hodie
2624 745 2865 800 Romana
2890 746 3001 817 agit
3026 746 3287 813 Ecclesia,
3311 757 3372 803 ut
3390 748 3571 804 statim
3597 749 3885 806 recitaren-

2316 847 2477 890 tnrex
2500 836 2786 907 diptychis,
2803 836 2856 891 id
2878 846 2981 902 est,
3003 837 3220 904 tabulis,
3242 840 3458 894 nomina
3474 840 3880 897 defunctorum:

2315 937 2476 997 atque
2510 928 2736 997 ita‘post
2785 924 3073 983 lectionem
3117 930 3412 994 nominum,
3442 930 3888 1005 subjungerentur

2316 1018 2477 1071 verba
2501 1015 2808 1087 sequentia:
2836 1014 2996 1087 Ipsis,
3025 1017 3273 1073 videlicet
3287 1033 3517 1089 quorum
3538 1022 3757 1077 nomina
3777 1036 3886 1077 me—

2316 1116 2614 1172 morantur,
2644 1116 2693 1161 et
2723 1107 2924 1161 ca'teris
2948 1108 3254 1162 omnibusin
3285 1107 3491 1163 Christo
3516 1105 3897 1181 quicscentibui‘

2315 1196 2586 1268 indulgeas
2633 1195 2803 1251 locum
2836 1197 3140 1268 refrigerii,
3188 1198 3277 1253 ubi
3308 1214 3415 1254 non
3454 1202 3687 1256 sentitur
3726 1202 3889 1257 ardor

2314 1305 2594 1362 plenarum
2620 1308 2633 1345 :
2654 1300 2702 1344 et
2724 1290 2880 1354 lucis,
2901 1290 2968 1345 de
2982 1305 3086 1360 qua
3103 1290 3415 1363 Psalmista,
3441 1290 3690 1347 Placeam
3712 1309 3887 1349 coram

2316 1381 2445 1447 Deo,
2472 1389 2528 1436 et
2545 1388 2740 1437 caetera
2769 1378 2945 1452 (Psal.
2977 1396 3063 1446 LV,
3102 1380 3223 1449 l3):
3273 1391 3323 1435 et
3350 1383 3515 1452 pacis,
3545 1384 3599 1438 in
3629 1399 3735 1455 qua
3764 1399 3889 1440 san-

2319 1478 2526 1526 ctorum
2556 1472 2751 1526 animae
2779 1472 3147 1542 requiescunt,
3177 1480 3239 1526 ut
3265 1480 3349 1528 cst
3382 1488 3397 1527 :
3437 1472 3528 1529 Illi
3551 1484 3724 1530 autem
3767 1485 3885 1531 sunt

2318 1565 2372 1619 in
2392 1580 2521 1634 pace
2548 1562 2700 1637 (Sap.
2728 1581 2813 1631 ιιι,
2840 1563 2919 1638 5).

2389 1677 2556 1733 Nobis
2582 1696 2780 1752 quoque
2800 1684 3151 1753 peccatoribus
3174 1685 3387 1756 famulis
3412 1688 3537 1753 tuis,
3565 1699 3621 1745 et
3658 1690 3884 1761 reliqua,

2317 1769 2468 1825 Licet
2512 1772 2659 1825 omni
2692 1782 2933 1843 tempore
2967 1785 3279 1845 peccatores
3306 1794 3407 1833 nos
3452 1797 3576 1838 esse
3620 1798 3687 1839 ex
3729 1785 3889 1840 corde

2317 1875 2639 1930 cognoscere
2663 1863 2976 1930 debeamus,
3029 1877 3158 1925 tunc
3180 1886 3341 1941 quam
3370 1874 3607 1930 maxime
3632 1877 3889 1933 conﬁten-

2317 1951 2442 2006 dum
2464 1962 2567 2018 est,
2598 1969 2721 2010 cum
2749 1956 2841 2012 illo
2863 1973 3020 2015 sacro
3063 1965 3322 2033 mysterio
3346 1964 3652 2022 celebratur
3702 1970 3890 2024 remis-

2317 2041 2485 2097 sionis
2505 2045 2678 2114 gratia
2706 2053 2759 2101 et
2787 2047 3114 2119 indulgentia
3147 2063 3514 2122 peccatorum,
3567 2066 3625 2111 et
3646 2073 3769 2114 cum
3795 2059 3891 2116 hn-

2317 2132 2543 2188 militate
2570 2142 2625 2188 et
2644 2138 2965 2193 contritione
2990 2141 3167 2196 cordis
3190 2142 3471 2199 dicendum
3515 2145 3628 2203 Deo
3672 2166 3686 2202 :
3726 2149 3889 2205 Nobis

2317 2238 2518 2294 quoque
2552 2227 2931 2294 peccatoribus,
2953 2244 3059 2283 non
3088 2230 3153 2285 de
3169 2231 3294 2286 ullis
3312 2234 3515 2289 nostris
3535 2238 3767 2303 meritis,
3797 2239 3888 2293 sed

2315 2313 2381 2367 de
2400 2314 2729 2372 multitudine
2752 2318 3142 2375 miserationum
3167 2338 3380 2378 suarum
3402 2328 3748 2394 sperantibus,
3770 2345 3892 2398 par-

2316 2414 2419 2459 tem
2443 2407 2675 2479 aliquam
2719 2421 2766 2463 et
2790 2411 3086 2465 societatem
3114 2413 3311 2468 donare
3336 2414 3579 2486 dignetur
3624 2435 3740 2473 cum
3782 2419 3890 2474 suis

2316 2499 2511 2561 sanctis
2534 2500 2804 2569 apostolis,
2832 2511 2879 2555 et
2902 2504 3242 2573 martyribus,
3267 2514 3313 2558 et
3328 2506 3566 2561 omnibus
3591 2510 3808 2575 sanctis,
3831 2518 3889 2565 ut

2319 2600 2417 2656 pro
2436 2587 2650 2642 modulo
2672 2597 2878 2655 nostro,
2928 2592 3122 2659 quibus
3144 2607 3285 2647 nunc
3311 2594 3583 2650 sociamur
3626 2612 3724 2667 per
3746 2614 3890 2653 com-

2321 2678 2629 2733 munionem
2654 2680 2796 2746 ﬁdei,
2840 2696 3071 2751 quorum
3111 2686 3427 2742 memoriam
3447 2703 3786 2756 veneramur,
3836 2691 3888 2745 in

2319 2784 2547 2838 quorum
2576 2774 2953 2829 communione
2986 2783 3040 2830 et
3084 2776 3292 2832 unitate
3320 2778 3438 2835 bmc
3487 2787 3744 2851 mysteria
3781 2776 3914 2851 agi-'

2318 2876 2461 2929 mus,
2486 2877 2609 2917 cum
2636 2863 2766 2933 ipsis
2784 2865 3096 2920 societatem
3117 2867 3463 2924 beatitudinis
3490 2879 3705 2926 aeterna:
3734 2871 3787 2926 in
3816 2871 3892 2925 fu-

2321 2960 2446 3005 turo
2475 2953 2824 3021 accipiamus.
2874 2953 3025 3008 Intra
3053 2973 3274 3026 quorum
3321 2961 3658 3025 consortium,
3684 2971 3741 3015 ut
3793 2961 3892 3015 Dei

2240 3066 2285 3127 ρ
2322 3057 2414 3094 nos
2448 3043 2612 3111 pietas
2652 3042 2953 3096 introducat
2987 3046 3229 3114 petimus,
3256 3055 3315 3099 ut
3358 3064 3462 3101 non
3503 3051 3669 3104 nostri
3721 3052 3893 3105 meriti

2316 3132 2619 3195 (rstimator,
2642 3133 2732 3186 sed
2756 3134 2916 3187 venite
2937 3134 3178 3204 largitor,
3212 3145 3271 3190 ut
3295 3138 3418 3207 quia
3448 3147 3756 3195 sanctorum
3802 3155 3892 3196 so-

2315 3222 2499 3277 oictabi
2540 3238 2639 3293 per
2668 3224 2922 3279 meritum
2971 3241 3078 3279 non
3104 3242 3424 3297 possumus,
3478 3247 3575 3302 per
3625 3231 3896 3306 indulgen-

2320 3315 2873 3387 tiamconjungamur.
2896 3316 2959 3371 in
2982 3316 3089 3373 fine
3116 3328 3294 3375 autem
3314 3323 3592 3389 orationis,
3622 3340 3721 3395 per
3733 3341 3893 3396 quem

2322 3403 2436 3458 inec
2457 3403 2634 3457 omnia
2672 3404 2827 3459 nobis
2875 3405 3143 3474 speranda
3173 3416 3229 3462 et
3264 3410 3555 3465 obtinenda
3599 3414 3728 3478 sint,
3772 3416 3895 3469 sub-

2315 3492 2578 3562 iungitur,
2615 3502 2670 3548 et
2719 3494 2899 3547 statim
2950 3495 3224 3551 conclusio
3255 3498 3420 3553 toiins
3470 3502 3893 3559 consecrationis

2320 3582 2582 3651 sequitur,
2626 3582 2889 3638 dicende:
2934 3581 3041 3639 Per
3067 3602 3220 3657 quem
3266 3588 3377 3642 lucc
3422 3590 3618 3654 omnia,
3648 3588 3901 3655 Domine,

2318 3691 2517 3743 semper
2562 3674 2695 3728 bona
2724 3692 2889 3740 creas,
2924 3682 2979 3731 et
3000 3686 3241 3732 cratera:
3291 3669 3486 3762 usque,
3547 3680 3733 3736 Amen.
3790 3681 3895 3738 Per

2320 3762 2593 3819 Christum
2630 3766 2770 3821 Deus
2795 3766 2953 3822 Pater
2980 3764 3096 3822 inec
3115 3769 3295 3823 omnia
3332 3785 3439 3825 non
3464 3770 3635 3825 solum
3658 3772 3713 3825 in
3738 3788 3893 3830 exor-

2320 3855 2408 3910 dio
2434 3857 2946 3925 creavitcondendo,
2973 3861 3065 3915 sed
3090 3862 3262 3916 etiam
3285 3873 3666 3933 sempercreat
3694 3880 3891 3937 propao

2319 3946 2494 4017 gando
2519 3956 2574 4002 et
2599 3952 2930 4020 reparando;
2984 3954 3141 4020 bona,
3168 3954 3293 4023 quia
3315 3956 3496 4010 omnia
3523 3972 3551 4010 a
3574 3956 3687 4013 Deo
3710 3971 3892 4023 creata

2317 4042 2473 4098 valde
2498 4043 2665 4109 bona;
2707 4054 2860 4100 creat
2886 4056 2940 4101 et
2964 4048 3076 4103 suis
3098 4036 3473 4120 conspectibus
3494 4051 3673 4106 oblata
3694 4054 3900 4108 sancti-'

2319 4132 2459 4201 ﬁcat,
2502 4141 2565 4187 ut
2612 4150 2730 4203 qua:
2766 4145 2920 4191 erant
2970 4139 3195 4209 simplex
3255 4150 3522 4207 creatura,
3555 4142 3688 4197 fiant
3710 4145 3893 4198 s'acra-

2318 4232 2518 4278 menta.
2579 4223 2838 4295 Viviﬁcat,
2860 4237 2920 4282 ut
2945 4230 3052 4283 sint
3077 4232 3335 4299 mysteria
3358 4233 3497 4286 vita}.
3529 4232 3895 4303 Benedicitque

2321 4315 2465 4369 omni
2492 4315 2852 4371 benedictioni
2876 4318 3085 4373 caelesti
3107 4328 3161 4372 et
3181 4320 3355 4390 gratia
3381 4322 3704 4377 accumulat.
3744 4320 3893 4378 Prce-

2467 4406 2622 4461 nobis
2663 4421 2761 4476 per
2788 4409 3033 4464 eumdem
3073 4423 3256 4481 secum
3310 4412 3754 4476 sanetillcantem,
3799 4412 3891 4482 qui

2326 4493 2478 4548 nobis
2496 4493 2563 4548 de
2587 4510 2811 4564 corpore
2834 4512 2897 4551 ac
2924 4488 3184 4567 sanguine
3217 4512 3317 4551 suo
3340 4506 3451 4553 tam
3497 4499 3768 4557 salubrem
3794 4501 3892 4558 de-

2324 4583 2403 4637 dit
2425 4582 2789 4649 refectionem,
2822 4601 2915 4655 per
2937 4585 3105 4654 ipsum
3137 4594 3391 4655 tanquam
3424 4602 3608 4644 verum
3634 4591 3894 4647 mediato-

2323 4688 2437 4727 rem
2460 4672 2554 4727 Dei
2582 4680 2638 4726 et
2684 4673 2982 4739 hominum,
3027 4692 3144 4729 cum
3172 4677 3285 4747 ipso
3337 4685 3590 4747 tanquam
3612 4681 3887 4750 cozequali,

2323 4764 2377 4816 in
2401 4763 2511 4832 ipso
2537 4770 2791 4833 tanquam
2823 4781 2951 4821 vere
2981 4768 3442 4833 consubstantiali,
3470 4772 3638 4825 omnis
3659 4773 3824 4827 honor
3845 4784 3893 4828 et

2325 4852 2491 4922 gloria
2513 4864 2586 4907 est
2607 4853 2718 4909 Deo
2753 4853 2908 4910 Patri
2932 4858 2988 4910 in
3012 4858 3208 4911 unitate
3230 4856 3461 4929 Spiritus
3487 4862 3675 4927 sancti,
3710 4865 3799 4935 qui
3824 4878 3892 4920 ex

2327 4942 2485 4998 Patre
2530 4944 2774 5014 Filioque
2808 4945 2970 5017 506
3000 4946 3331 5015 procedens,
3378 4950 3640 5007 unitatem
3680 4953 3893 5009 deitatis

2325 5033 2562 5104 possidet
2588 5049 2712 5090 cum
2735 5035 2896 5090 Patre
2915 5046 2970 5090 et
3016 5035 3170 5091 Filio.
3198 5036 3507 5095 Insinuatur
3528 5042 3709 5112 itaque
3740 5043 3893 5100 nobis

2323 5120 2376 5173 in
2403 5121 2559 5179 Patre
2574 5124 2887 5189 auctoritas,
2919 5126 2971 5179 in
2996 5125 3132 5181 Filio
3161 5128 3429 5196 nativitas,
3464 5132 3519 5185 in
3546 5129 3748 5201 Spiritu
3770 5147 3893 5187 san-

2327 5220 2412 5267 cto
2433 5212 2611 5269 Patris
2637 5214 2867 5284 Filiique
2890 5218 3245 5274 communitas
3270 5260 3284 5285 ,
3317 5221 3373 5274 in
3398 5222 3569 5276 tribus
3593 5222 3889 5291 aequalitas.

2327 5299 2431 5356 Per
2454 5305 2630 5359 omnia
2650 5303 2844 5359 saecula
2866 5305 3195 5362 sa'culorum.
3220 5309 3295 5364 Ita
3316 5311 3565 5366 dicuntur
3582 5313 3894 5371 SiBCllla'SiB-

2326 5451 2491 5533 altare
2521 5456 2606 5511 ille
2618 5458 2769 5533 solus
2792 5460 3019 5527 accedit,
3034 5463 3123 5533 qui
3151 5463 3215 5518 ad
3237 5465 3377 5520 istud
3399 5478 3624 5522 securus
3646 5470 3887 5525 accedit:

2325 5521 2432 5643 illic
2458 5526 2689 5583 inveniet
2712 5530 2877 5585 vitam
2897 5521 3067 5598 suam;
3086 5536 3175 5604 qui
3205 5535 3257 5589 in
3282 5536 3385 5591 isto
3401 5521 3655 5593 discernit
3668 5521 3892 5595 causam

2356 5607 2499 5643 nam.
2538 5616 2555 5643 ι

2356 5607 2499 5648 nam.
2538 5616 2555 5648 ι
