4232 6202
373 284 512 339 ηδε.

1189 288 1339 345 OPP.
1382 286 1781 345 SUPPOSITA.
1824 318 1889 328 -ο
1930 286 2061 343 LIB.
2098 289 2187 343 DE
2225 287 2473 344 DIVINIS
2509 288 2812 345 OFFICIIS.

3484 287 3619 340 ίὶἒύὲὶ

370 402 636 469 culorum,
656 409 912 472 tanquam
929 404 1122 459 smcula
1138 404 1191 458 in
1210 403 1473 475 sapientia
1496 401 1764 457 Deiﬁrma
1779 400 1949 455 stabi-
1978 406 2027 462 Α
2055 401 2303 467 actualia.
2365 403 2510 458 Talis
2558 412 2642 459 est
2691 405 2851 469 Deus,
2883 405 3043 460 Pater
3077 414 3276 459 uoster.
3348 403 3450 469 Qui
3486 424 3537 459 es
3567 412 3620 461 in

372 493 523 549 litate
536 495 831 559 manentia,
848 493 1095 559 istorum,
1111 509 1231 563 qua:
1253 510 1374 549 cum
1394 502 1633 563 tempore
1651 499 1952 558 transeunt,

371 584 659 641 eﬂicientia
702 586 897 642 saecula
933 586 1272 642 sacculorutn.
1312 584 1420 638 Aut
1452 591 1600 639 certe
1635 581 1954 652 simpliciter

370 675 685 746 accipienda
712 684 837 731 sunt
864 673 1056 730 saecula
1079 674 1418 738 saeculorum,
1443 673 1591 728 velut
1619 685 1953 741 consequen-

374 765 447 820 tia
479 764 919 836 przecedentium,
949 773 1008 818 ut
1033 764 1345 819 continuata
1371 763 1475 818 sibi
1502 763 1836 817 connexione
1858 777 1949 817 co-

370 855 636 927 pulentur,
661 870 779 924 qua:
798 854 1050 909 dicuntur
1072 854 1268 909 saecula
1288 852 1955 923 saeculorum,donecpraa-

371 964 512 1012 scus,
539 948 760 1019 quodex
786 946 1016 1003 diversis
1051 954 1350 1017 temporum
1384 944 1593 1001 seculis
1620 944 1946 1010 contexitur,

368 1041 650 1114 perveniat
662 1040 731 1095 ad
745 1038 904 1093 ﬁnem
927 1047 982 1093 et
995 1038 1248 1094 succedat
1265 1036 1503 1092 futurum
1516 1035 1789 1103 saeculum,
1803 1036 1949 1107 quod

369 1149 477 1189 non
492 1132 656 1189 habet
665 1132 851 1199 linem,
873 1132 965 1188 ubi
983 1132 1124 1187 Deus
1145 1131 1414 1187 videbitur
1434 1138 1489 1185 et
1508 1130 1812 1185 laudabitur
1830 1130 1948 1184 sine

370 1226 496 1283 ﬁne.
524 1228 688 1282 Amen
716 1235 917 1291 autem,
949 1214 1093 1296 quod
1119 1225 1188 1279 ab
1211 1223 1357 1277 omni
1384 1223 1626 1278 Ecclesia
1653 1222 1945 1292 responde-

370 1330 476 1383 tur,
502 1319 905 1391 interpretatur,
928 1334 1138 1374 verum.
1167 1316 1281 1372 Hoc
1304 1331 1434 1386 ergo
1446 1315 1512 1370 ad
1545 1314 1681 1369 tanti
1704 1314 1946 1386 mysterii

368 1410 907 1473 consummationem,
935 1409 1075 1464 sicut
1103 1408 1224 1463 etin
1252 1408 1395 1462 omni
1420 1405 1657 1475 legitima
1678 1405 1944 1470 oratione,

2056 494 2215 548 oculis.
2268 494 2551 551 Psalmista
2582 496 2711 551 dicit
2740 497 2876 551 Deo:
2924 495 2981 551 Si
3028 497 3308 551 ascendere
3330 498 3384 551 in
3412 496 3618 561 mlunt,

2052 593 2109 637 tu
2153 585 2260 640 illic
2288 603 2373 668 es;
2410 588 2455 641 si
2499 588 2809 643 descendero
2845 590 2901 642 in
2930 588 3215 657 infernum,
3267 589 3391 643 ades
3445 585 3617 659 (Psal.

2049 693 2311 743 cxxxvnt,
2348 678 2437 749 8):
2476 680 2637 734 etiam
2689 680 2735 735 si
2769 680 3031 749 potuisset
3076 679 3216 744 ﬁeri,
3256 690 3317 733 ut
3360 680 3617 735 haberem

2049 785 2256 839 pennas
2276 780 2331 825 et
2354 771 2590 825 volarem
2645 772 2699 825 in
2722 781 2993 827 extremas
3018 781 3198 841 partes
3220 788 3404 835 maris,
3436 771 3544 825 illic
3567 780 3620 825 te

2050 866 2365 921 invenirem.
2426 867 2492 920 Et
2528 867 2783 923 Dominus
2814 883 2915 937 per
2956 866 3310 936 Prophetam:
3348 864 3543 921 Cwlum
3569 876 3619 918 et

2048 963 2242 1009 terram
2280 974 2372 1028 ego
2403 956 2591 1027 impleo
2632 956 2767 1027 (Jer.
2803 973 2957 1023 χχιιι,
2981 957 3094 1029 24).
3164 958 3340 1013 Altior
3383 973 3617 1027 namque

2047 1056 2133 1102 est
2178 1047 2331 1112 ccio,
2415 1049 2731 1120 profundior
2774 1049 2969 1121 abysso
2997 1091 3012 1115 ,
3064 1050 3225 1105 latior
3282 1059 3451 1114 terra,
3504 1048 3617 1103 lon-

2046 1140 2165 1211 gior
2191 1141 2348 1195 mari.
2413 1142 2479 1196 Et
2507 1142 2553 1197 si
2575 1142 2771 1215 ubique
2794 1158 2890 1213 per
2912 1142 3297 1213 plenitudinem
3321 1143 3618 1197 divinitatis

2050 1245 2183 1297 suae,
2228 1240 2285 1288 et
2307 1247 2412 1287 non
2436 1249 2531 1302 per
2564 1234 2950 1298 extensionem,
3010 1248 3175 1304 quare
3227 1234 3530 1303 specialiter
3557 1250 3617 1288 se

2046 1323 2177 1379 dicit
2212 1324 2267 1380 in
2299 1326 2492 1391 cadis?
2538 1324 2672 1393 Quia
2702 1341 2801 1396 per
2825 1327 2992 1382 oculos
3022 1327 3393 1396 intelliguntur
3416 1325 3615 1397 angeli,

2043 1420 2100 1469 et
2118 1416 2364 1471 homines
2384 1417 2535 1488 justi,
2566 1418 2619 1472 in
2647 1416 2843 1487 quibus
2870 1418 3106 1472 maxime
3134 1417 3275 1471 Deus
3327 1417 3613 1478 inhabitat.

371 1501 701 1572 respondent
723 1500 927 1566 ﬁdeles,
941 1509 994 1556 et
1009 1499 1164 1569 quasi
1179 1496 1528 1553 subscribunt
1548 1494 1958 1565 respondendo.,
2036 1503 2188 1573 juxta
2204 1507 2346 1577 quod
2364 1523 2412 1562 sc

2046 1503 2188 1573 iuxta
2204 1507 2346 1577 quod
2364 1508 2623 1577 scriptum
2641 1518 2723 1564 est
2741 1525 2753 1560 :
2774 1506 2961 1561 Anima
2976 1508 3132 1577 justi,
3154 1508 3300 1561 sedes
3324 1516 3399 1560 est
3411 1508 3613 1575 sapien-

437 1594 695 1665 Adiunsit
715 1602 895 1649 autem
924 1592 1102 1648 adhuc
1126 1590 1404 1655 sacerdos.
1423 1598 1476 1644 et
1502 1588 1665 1644 dicit:
1701 1586 1941 1653 Oremus.
2041 1601 2150 1654 ne.
2196 1598 2358 1654 Pater
2398 1610 2589 1663 noster,
2621 1602 2710 1671 qui
2736 1618 2790 1655 es
2812 1602 2865 1655 in
2888 1600 3046 1665 cclis,
3072 1602 3123 1656 id
3149 1610 3252 1666 est,
3287 1601 3379 1671 qui
3405 1601 3616 1655 habitas

368 1696 426 1742 et
448 1693 569 1741 orat
596 1684 834 1741 Ecclesia
862 1700 986 1739 cum
1007 1682 1308 1746 sacerdote,
1335 1696 1442 1735 non
1470 1694 1617 1745 voce,
1646 1678 1739 1733 sed
1759 1678 1940 1733 corde.

2044 1692 2100 1747 in
2128 1693 2351 1764 angelis,
2389 1708 2616 1763 quorum
2653 1694 3020 1749 habitaculum
3046 1703 3172 1749 sunt
3199 1692 3320 1750 coeli
3362 1700 3417 1748 et
3440 1692 3613 1748 homi-

370 1776 653 1832 Silentium
682 1785 786 1840 est,
814 1783 871 1830 et
899 1774 1096 1830 clauat
1122 1781 1309 1845 pectus
1337 1773 1403 1827 ad
1434 1771 1601 1826 Deum
1643 1771 1697 1825 in
1728 1770 1949 1824 auribus
1978 1763 2024 1825 Β
2050 1801 2147 1839 nes
2172 1763 2324 1853 Ῑίιειί,

371 1868 498 1925 Dei:
534 1867 820 1940 Prwceptis
850 1865 1173 1923 salutaribus
1195 1866 1399 1921 moniti.
1425 1863 1538 1918 Hoc
1575 1862 1719 1917 enim
1748 1875 1948 1931 praece-

371 1972 520 2033 ptum
543 1960 698 2017 nobis
722 1968 807 2015 est
825 1959 1081 2024 salutare,
1115 1957 1168 2012 id
1212 1965 1318 2022 est,
1346 1956 1415 2010 ad
1445 1954 1677 2009 salutem
1706 1960 1945 2008 nostram

369 2043 678 2129 proﬁciens,
715 2072 822 2127 quo
867 2071 966 2110 nos
1014 2052 1319 2125 unigenitus
1346 2050 1513 2106 Filius
1538 2063 1636 2120 per
1671 2046 1944 2103 lavacrum

372 2147 796 2219 regenerationis
823 2153 878 2199 et
904 2144 1153 2215 spiritum
1178 2141 1481 2212 adoptionis
1524 2138 1619 2195 Dei
1656 2138 1793 2194 ﬁlios
1819 2137 1948 2193 effe-

369 2251 508 2306 ctos,
533 2240 711 2294 dicere
738 2238 964 2301 monuit,
990 2246 1045 2292 et
1073 2250 1178 2291 non
1196 2235 1454 2299 humana,
1492 2232 1586 2288 sed
1632 2231 1810 2285 divina
1848 2247 1945 2284 sua

368 2332 717 2396 institutione,
749 2338 808 2383 ut
844 2329 953 2384 Deo
983 2326 1279 2382 audeamus
1309 2325 1507 2390 dicere,
1551 2322 1713 2377 Pater
1752 2331 1943 2386 noster,

367 2421 683 2478 informavit
708 2416 1032 2474 dicens:Sic
1055 2433 1141 2471 vos
1163 2415 1401 2480 orabitis,
1431 2411 1593 2467 Pater
1622 2421 1825 2475 noster,
1856 2412 1945 2481 qui

372 2530 427 2567 es
455 2513 509 2566 in
535 2511 697 2575 caelis,
728 2518 830 2564 etc.
865 2506 1079 2580 (Matth.
1104 2522 1178 2572 vt,
1211 2506 1289 2578 9).
1329 2492 1522 2559 Divina
1571 2517 1701 2572 ergo
1736 2501 1948 2557 institu-

372 2604 517 2658 tione
540 2600 832 2664 informati,
875 2614 981 2653 non
1008 2595 1441 2669 prmsumptionis
1477 2594 1801 2658 temeritate,
1850 2592 1946 2646 sed

367 2695 684 2751 obedientim
698 2694 899 2763 pietate
914 2692 1288 2763 prmsumimus
1307 2690 1486 2746 dicere
1509 2689 1621 2744 Deo
1642 2687 1816 2743 Patri:
1838 2686 1947 2764 Pg-

368 2798 449 2843 ter
476 2798 668 2854 noster,
693 2785 783 2859 qui
801 2804 855 2842 es
883 2788 939 2841 in
960 2785 1120 2850 ctelis,
1147 2794 1202 2839 et
1222 2793 1438 2839 caetera.
1493 2782 1618 2837 litae
1644 2787 1824 2835 autem
1849 2779 1946 2835 ob—

370 2881 620 2945 secratio,
648 2876 832 2934 Oratio
861 2877 1139 2933 Dominica
1162 2883 1406 2939 vocatur,
1434 2874 1560 2944 quia
1591 2889 1710 2929 eam
1753 2871 1941 2927 Domi-

369 2985 471 3025 nus
492 2970 694 3035 docuit,
723 2977 779 3025 et
801 2984 831 3023 a
868 2968 1098 3023 Domino
1133 2966 1309 3022 oratio
1336 2965 1633 3021 Dominica.
1687 2960 1943 3033 Discipuli

368 3070 694 3133 rogaverunt
731 3061 1040 3127 Dominum,
1064 3069 1122 3115 ut
1141 3075 1236 3116 eos
1256 3058 1495 3123 doceret,
1526 3056 1756 3127 qualiter
1787 3068 1943 3110 orare

369 3155 645 3220 deberent,
675 3154 869 3225 quibus
892 3154 1149 3209 Dominus
1177 3153 1344 3207 dixit:
1394 3151 1516 3204 Non
1544 3162 1744 3204 necesse
1762 3158 1859 3213 est,
1885 3158 1939 3201 ut
1968 3121 2012 3183 C

368 3247 589 3303 multum
612 3246 897 3318 loquamini
930 3248 985 3300 in
1015 3245 1268 3308 oratione,
1312 3243 1437 3313 quia
1485 3243 1808 3311 omnipotens
1849 3240 1943 3293 scit

364 3338 493 3409 quid
516 3356 642 3410 opus
695 3340 763 3393 sit
788 3347 1065 3409 antequam
1106 3336 1290 3406 petatis
1317 3352 1433 3388 eum
1460 3334 1644 3401 (Ibid.,
1674 3332 1749 3404 7).
1796 3331 1945 3387 Tunc

372 3430 509 3484 dixit
533 3430 667 3485 illis:
712 3428 842 3484 Cum
880 3429 1065 3492 oratis,
1100 3426 1291 3480 dicite:
1322 3424 1487 3480 Pater
1524 3434 1715 3479 noster.
1786 3423 1946 3479 Pater

368 3518 569 3575 dicitur
599 3537 629 3575 a
654 3520 940 3589 patrando,
966 3518 1018 3573 id
1054 3528 1157 3582 est,
1180 3517 1522 3586 perﬁciendo.
1572 3517 1672 3583 Qui
1699 3533 1826 3588 ergo
1846 3516 1945 3571 Pa-

370 3620 505 3665 trem
543 3611 759 3665 invocat
785 3610 950 3664 Deum
1008 3608 1169 3663 talem
1199 3622 1259 3669 se
1294 3606 1452 3662 debet
1510 3624 1837 3678 praeparare,
1886 3618 1945 3662 ut

368 3700 511 3756 ﬁlius
544 3701 659 3769 ejus
702 3701 895 3771 dignus
926 3701 999 3753 sit
1050 3700 1251 3754 vocari.
1282 3684 1462 3767 "Quod
1490 3702 1535 3753 si
1580 3700 1775 3769 injuste
1818 3715 1941 3753 eum

370 3804 528 3850 vocat
548 3794 784 3859 Patrem,
816 3810 915 3864 pro
946 3794 1060 3865 ipsa
1089 3794 1428 3848 invocatione
1462 3791 1656 3861 injusta
1680 3790 1941 3861 judicium

369 3880 615 3955 recipiet.
680 3884 834 3939 Sicut
867 3885 1011 3939 enim
1046 3883 1188 3939 filius
1220 3884 1459 3938 imitatur
1487 3883 1683 3938 bonum
1710 3894 1939 3953 patrem,

369 3976 597 4030 utlsaac
626 3977 867 4029 imitatus
888 3986 975 4031 est
1015 3975 1315 4042 Abraham,
1344 3985 1399 4031 et
1422 3974 1587 4031 Jacob
1619 3976 1804 4040 lsaac;
1863 3976 1945 4031 sic

370 4082 469 4121 nos
491 4067 582 4135 qui
616 4066 781 4120 Deum
809 4066 1029 4122 Patrem
1054 4082 1333 4131 vocamus,
1382 4076 1441 4120 ut
1466 4068 1591 4121 boni
1625 4067 1715 4120 lilii
1746 4068 1944 4121 sancti-

369 4166 533 4213 tatem
560 4157 701 4211 illius
723 4158 921 4212 imitari
944 4157 1223 4221 debemus,
1258 4167 1318 4211 ut
1344 4158 1513 4213 simus
1544 4158 1718 4213 sancti
1747 4166 1802 4212 et
1848 4157 1945 4211 im-

370 4249 827 4322 maculati,.juxta
851 4250 993 4319 quod
1036 4250 1151 4319 ipse
1174 4249 1340 4304 dicit:
1382 4247 1563 4305 Sancti
1594 4259 1772 4315 estote,
1819 4251 1945 4320 quia

368 4358 461 4410 ego
486 4350 693 4395 sanctus
722 4359 834 4395 sum
862 4342 1115 4396 Dominus
1143 4341 1283 4395 Deus
1320 4352 1483 4396 vester
1513 4341 1563 4412 (Ι
1594 4340 1735 4395 Petr.
1764 4358 1804 4407 I,
1830 4341 1939 4413 16).

370 4430 609 4485 Primum
631 4433 734 4487 fuit
754 4434 1096 4505 omnipotens
1111 4432 1608 4498 PaterJudazorum,
1628 4414 1784 4504 juxta
1802 4436 1942 4505 quod

371 4522 484 4591 ipse
508 4520 639 4576 dicit
660 4538 757 4592 per
778 4523 1133 4593 Prophetam:
1183 4523 1356 4578 Filius
1381 4540 1524 4578 meus
1568 4525 1941 4595 primogenitus

371 4612 541 4669 Israel
571 4611 766 4685 (Exod.
794 4628 866 4678 tv,
903 4614 1029 4685 22);
1057 4622 1131 4677 et,
1168 4613 1341 4669 Filios
1367 4615 1590 4669 enutrivi
1617 4624 1663 4667 et
1693 4614 1940 4679 exaltavi,

371 4707 469 4774 ipsi
491 4717 664 4761 autem
688 4716 983 4776 spreverunt
1006 4722 1086 4761 me
1106 4704 1261 4777 (Isai.
1277 4721 1319 4772 ι,
1341 4707 1419 4774 2).
1458 4704 1568 4761 Sed
1591 4707 1717 4776 quid
1745 4706 1941 4761 factum

371 4800 494 4855 est?
540 4800 708 4854 Desiit
743 4807 895 4869 pater
922 4814 1108 4854 eorum
1136 4813 1258 4854 esse
1282 4807 1503 4868 propter
1532 4799 1937 4855 inﬁdelitatem:

372 4897 558 4942 noster
582 4898 760 4942 autem
790 4897 1009 4959 propter
1034 4903 1185 4943 suam
1214 4885 1638 4941 misericordiam
1662 4885 1837 4943 factus
1860 4897 1943 4945 est

372 4977 530 5033 Pater
570 4992 667 5047 per
712 4978 871 5031 ﬁdem
918 4989 973 5034 et
1021 4979 1381 5043 dilectionem,
1434 4976 1519 5031 cui
1579 4976 1941 5046 supplicamus

373 5068 610 5138 quotidie
639 5067 897 5134 dicentes,
952 5068 1115 5123 Pater
1143 5079 1336 5124 noster.
1401 5068 1562 5123 Pater
1588 5068 1795 5123 duobus
1823 5086 1939 5125 mo-

373 5162 456 5218 dis
486 5163 683 5218 dicitur
708 5161 1067 5232 omnipotens,
1090 5163 1174 5217 vel
1199 5164 1325 5233 quia
1352 5162 1585 5233 patravit
1614 5176 1733 5224 nos,
1761 5162 1812 5214 id
1837 5169 1938 5227 est,

374 5256 595 5321 creavit,
654 5262 709 5310 et
734 5254 999 5325 compegit
1023 5253 1075 5306 in
1100 5262 1253 5308 utero
1280 5264 1509 5309 matrum
1548 5262 1849 5308 nostrannn
1874 5271 1942 5310 ex

374 5362 539 5404 carne
570 5358 625 5404 et
668 5350 867 5414 anima,
892 5364 954 5404 ex
982 5349 1186 5403 semine
1213 5350 1311 5402 viri
1342 5359 1395 5404 et
1423 5350 1651 5413 feminae,
1682 5365 1801 5402 cum
1835 5365 1941 5404 non

374 5453 647 5494 essemus:
673 5440 754 5495 vel
778 5441 901 5509 quia
926 5438 1053 5495 fecit
1076 5454 1171 5493 nos
1200 5441 1407 5494 renasci
1433 5457 1495 5495 ex
1516 5456 1650 5509 aqua
1664 5448 1717 5494 et
1740 5440 1943 5509 Spiritu

377 5536 582 5591 sancto,
615 5545 737 5585 cum
776 5532 983 5600 pcrditi'
1010 5546 1267 5586 essemus.
1330 5529 1508 5585 Prima
1538 5531 1786 5585 nativitas
1816 5530 1943 5586 fecit

379 5638 475 5677 nos
515 5622 650 5676 ﬁlios
672 5625 1167 5693 praevaricationis;
1226 5624 1457 5678 secunda
1491 5624 1943 5679 reconciliationis

378 5717 691 5773 ditnittcndo
735 5717 887 5773 nobis
945 5719 1123 5774 omnia
1180 5726 1396 5789 pcccata
1436 5760 1446 5784 ,
1495 5727 1543 5772 ct
1582 5717 1861 5790 originalia
1890 5730 1937 5775 ct

1976 4487 2024 4546 D

2118 1872 2488 1943 Sancti/icetur
2514 1892 2698 1929 nomen
2727 1885 2893 1929 tuum.
2929 1876 3131 1931 Nomen
3159 1877 3250 1930 Dei
3281 1890 3376 1945 per
3408 1891 3464 1929 se
3491 1892 3614 1931 san-

2046 1974 2325 2031 ctumest;
2349 1974 2405 2020 et
2422 1982 2588 2036 quare
2610 1982 2709 2021 nos
2733 1967 2960 2021 dicimus
2987 1984 2998 2019 :
3031 1966 3401 2034 Sanctiﬁcetur
3426 1982 3613 2018 nomen

2045 2056 2230 2110 tuum?
2257 2056 2482 2123 Quando
2505 2059 2676 2113 renati
2693 2074 2879 2113 sumus
2894 2073 2959 2114 ex
2981 2073 3117 2127 aqua
3134 2057 3401 2127 etSpiritu
3426 2066 3615 2112 sancto

2046 2156 2285 2218 tempore
2324 2147 2682 2218 baptismatis,
2736 2149 2791 2202 in
2841 2150 3053 2202 nomine
3087 2146 3181 2200 Dei
3232 2146 3613 2215 omnipotentis
3702 2160 3705 2165 λ

2046 2253 2232 2293 sumus
2265 2236 2599 2300 sanctiﬁcati,
2628 2239 2839 2293 dicente
2855 2238 3200 2311 presbytero:
3238 2235 3457 2307 Baptizo
3488 2247 3535 2290 te
3558 2238 3614 2291 in

2046 2330 2252 2382 nomine
2279 2325 2458 2383 Patris
2479 2338 2526 2382 et
2553 2326 2680 2382 Filii
2722 2337 2769 2381 et
2800 2326 3029 2397 Spiritus
3049 2327 3247 2381 sancti:
3277 2326 3396 2381 ideo
3432 2340 3612 2395 preca-

2046 2434 2189 2483 mur,
2235 2428 2295 2473 ut
2318 2418 2405 2472 illa
2432 2418 2713 2483 sanctitas,
2765 2432 2885 2486 qua:
2926 2415 3063 2471 facta
3090 2424 3175 2471 est
3223 2417 3275 2471 in
3302 2416 3456 2470 nobis
3486 2424 3612 2470 tunc

2048 2510 2101 2564 in
2149 2510 2469 2581 baptismate
2525 2525 2623 2579 per
2652 2509 3045 2563 invocationem
3094 2508 3211 2574 Dei,
3276 2508 3363 2562 illa
3397 2524 3609 2579 perma-

2046 2612 2170 2659 neat
2194 2603 2246 2657 in
2314 2602 2469 2657 nobis
2517 2602 2570 2656 in
2619 2609 2903 2665 aeternum,
2929 2609 2989 2653 ut
3022 2615 3126 2654 non
3148 2598 3444 2671 polluamus
3466 2586 3611 2663 eam,

2045 2696 2140 2752 sed
2162 2711 2373 2766 semper
2395 2696 2562 2751 simus
2587 2695 2780 2759 sancti,
2832 2703 2890 2747 ut
2920 2694 3057 2749 sicut
3085 2701 3210 2748 tunc
3239 2694 3411 2748 sancti
3433 2692 3609 2749 effecti

2045 2804 2252 2853 sumus,
2277 2789 2351 2842 ita
2377 2788 2429 2844 in
2443 2794 2698 2857 perpetuo
2720 2786 2891 2842 sancti
2917 2801 3247 2841 maneamus.
3308 2784 3398 2841 Vel
3422 2785 3607 2839 aliter:

2047 2879 2419 2949 Sanctiﬁcetur
2432 2894 2616 2933 nomen
2634 2888 2800 2955 tuum,
2817 2878 3143 2949 intelligatur
3158 2892 3188 2931 a
3203 2877 3375 2943 nobis,
3398 2888 3612 2947 quanta:

2045 2972 2346 3028 sanctitatis
2368 2972 2439 3027 sit
2472 2987 2675 3027 nomen
2695 2982 2861 3035 tuum,
2886 2970 2937 3025 id
2971 2978 3073 3035 est,
3130 2978 3374 3024 sanctum
3416 2970 3615 3024 habea-

2047 3071 2137 3116 tur
2161 3062 2215 3116 in
2241 3060 2489 3116 omnibus
2521 3060 2775 3130 operibus
2810 3060 3027 3122 nostris,
3082 3067 3141 3112 ut
3166 3059 3288 3113 dum
3318 3069 3461 3113 tuam
3489 3075 3614 3115 san-

2044 3154 2290 3209 ctitatem
2320 3152 2624 3214 recolimus,
2662 3165 2887 3220 peccare
2915 3151 3218 3205 timeamus.
3272 3149 3363 3205 Vel
3409 3150 3567 3205 aliter
3597 3170 3608 3204 :

2046 3246 2140 3301 Est
2154 3244 2311 3300 modo
2324 3243 2516 3312 aliquis
2534 3242 2870 3298 Christianus
2891 3241 3083 3307 bonus,
3109 3241 3234 3296 facit
3258 3240 3395 3295 bona
3415 3256 3577 3311 opera
3603 3258 3615 3302 ;

2044 3336 2192 3392 videt
2221 3336 2325 3390 hoc
2350 3334 2543 3402 aliquis
2570 3348 2811 3403 paganus
2839 3332 3156 3388 autJudzeus
3184 3342 3236 3387 et
3260 3332 3419 3387 dicit:
3451 3330 3614 3386 Bene-

2044 3428 2215 3482 dictus
2254 3426 2393 3480 Dens
2421 3467 2435 3490 ,
2485 3426 2572 3495 qui
2613 3425 2769 3478 talem
2815 3441 3018 3479 servum
3061 3424 3245 3477 habet:
3297 3439 3489 3476 nomen
3521 3422 3614 3476 Dei

2043 3523 2428 3583 sanctiﬁcatur,
2460 3521 2512 3575 id
2544 3530 2647 3584 est,
2676 3521 2924 3575 laudatur
2957 3534 3053 3587 per
3082 3518 3226 3573 illutn
3242 3516 3611 3572 bOnnmCltri-

2041 3614 2294 3667 stiamtm.
2357 3612 2398 3666 Ε
2429 3620 2616 3666 contra
2640 3612 2832 3676 malus,
2861 3612 3007 3665 videt
3042 3626 3169 3664 eum
3204 3625 3443 3679 paganus
3475 3608 3614 3661 mala

2041 3704 2275 3773 operari,
2303 3712 2356 3758 et
2379 3704 2536 3758 dicit:
2604 3702 2753 3758 Certe
2774 3719 2887 3756 ecce
2912 3702 3083 3755 malus
3111 3697 3466 3763 Christianus,
3522 3717 3613 3755 nos

2042 3813 2220 3851 sumus
2239 3795 2511 3861 meliores;
2536 3812 2727 3849 nomen
2750 3795 3149 3865 blasphematur
3162 3793 3438 3864 perillum,
3461 3792 3612 3861 juxta

2043 3890 2184 3959 quod
2217 3886 2412 3944 Paulus
2457 3890 2614 3944 dicit:
2661 3888 2863 3942 Nomen
2896 3886 2991 3941 Dei
3033 3903 3125 3956 per
3168 3902 3257 3940 vos
3289 3885 3613 3955 blasphemu-

2042 3992 2128 4033 tur
2159 3982 2213 4035 in
2238 3981 2472 4052 gentibus
2504 3979 2680 4051 (Rom.
2716 3995 2751 4033 ιι
2776 4020 2789 4041 ,
2832 3977 2943 4048 24).
2971 3976 3075 4032 Nos
3105 3985 3281 4030 autem
3311 3990 3611 4044 precamur,

2044 4080 2103 4125 ut
2121 4073 2485 4127 sanctiﬁcetur
2506 4087 2700 4126 nomen
2725 4071 2838 4134 Dei,
2866 4070 2917 4123 id
2943 4077 3043 4131 est,
3076 4068 3318 4121 laudetur
3339 4074 3392 4121 et
3413 4065 3613 4136 gloriﬁ-

2043 4174 2195 4221 cetur
2215 4166 2267 4219 in
2290 4180 2453 4234 opere
2479 4173 2681 4219 nostro.
2716 4161 2984 4231 Quidquid
3005 4161 3129 4213 boni
3155 4160 3382 4229 agimus,
3412 4160 3477 4212 ad
3500 4157 3616 4227 ejus

2045 4256 2253 4311 laudem
2270 4254 2519 4320 refertur,
2544 4253 2800 4324 quidquid
2824 4252 2970 4316 mali,
2989 4250 3055 4306 ad
3074 4249 3190 4320 ejus
3211 4249 3609 4307 contumeliam.

2116 4347 2365 4401 Adveniat
2392 4362 2603 4417 regnum
2632 4355 2798 4397 tuum.
2848 4343 2987 4398 Deus
3030 4343 3367 4411 omnipotens
3400 4354 3615 4410 semper

2048 4448 2238 4511 regnat
2257 4440 2310 4493 in
2342 4438 2480 4494 caelo
2503 4448 2559 4492 et
2608 4438 2660 4492 in
2688 4447 2851 4500 terra,
2903 4446 2958 4491 et
2988 4452 3084 4490 nos
3115 4435 3381 4488 nescimus
3433 4433 3611 4496 modo,

2046 4527 2277 4597 qualiter
2321 4534 2531 4597 regnat,
2570 4528 2771 4581 idcirco
2795 4541 3098 4595 precamur,
3139 4532 3200 4578 ut
3252 4524 3505 4579 adveniat
3527 4542 3613 4579 reo

2042 4633 2203 4688 gnunt
2230 4617 2391 4671 illius.
2419 4616 2556 4684 Quid
2578 4625 2661 4671 est
2687 4616 2825 4671 istud
2848 4631 3069 4685 regnum
3086 4615 3216 4670 Dei?
3240 4614 3460 4670 Eterna
3490 4615 3614 4668 bea-

2045 4710 2235 4775 titudo,
2273 4710 2339 4765 de
2366 4724 2471 4779 qua
2494 4709 2737 4764 dicturus
2767 4716 2849 4763 est
2879 4709 3094 4764 electis:
3134 4707 3329 4772 Venite,
3363 4705 3613 4759 benedicti

2050 4803 2223 4857 Patris
2252 4804 2374 4868 mei,
2397 4812 2502 4857 etc.
2544 4800 2757 4865 (Matth.
2786 4818 2911 4865 xxv,
2942 4800 3054 4870 34).
3104 4800 3216 4853 lloc
3246 4810 3465 4867 regnum
3487 4812 3614 4867 prc-

2044 4909 2247 4959 camur,
2278 4903 2337 4947 ut
2358 4894 2629 4956 adveniat,
2646 4892 2759 4946 dies
2776 4891 2966 4962 judicii
2987 4889 3137 4943 valde
3159 4888 3315 4941 debet
3335 4901 3457 4941 esse
3481 4902 3614 4956 pra:-

2045 4993 2282 5054 paratus.
2311 4984 2405 5036 Vel
2434 4982 2618 5035 aliter:
2645 4982 2785 5035 Deus
2799 4981 3133 5048 omnipotens
3156 4985 3343 5047 regnat
3361 4978 3414 5031 in
3432 4976 3618 5032 electis

2044 5077 2157 5132 su's
2183 5091 2280 5147 per
2308 5089 2476 5142 spem,
2537 5073 2691 5128 ﬁdem
2742 5082 2797 5127 et
2838 5072 3177 5135 cbaritatem,
3215 5080 3270 5125 et
3293 5086 3391 5140 per
3420 5077 3613 5123 cetera

2044 5170 2203 5223 bona.
2271 5166 2313 5219 Ε
2343 5174 2531 5219 contra
2577 5164 2820 5219 diabolus
2848 5172 3036 5233 regnat
3076 5179 3172 5234 per
3202 5162 3485 5219 luxuriam,
3516 5175 3613 5228 per

2045 5259 2381 5321 ebrietatem,
2418 5257 2598 5312 odium
2632 5264 2685 5309 et
2708 5265 2897 5311 caatera
2922 5256 3089 5309 mala:
3118 5254 3315 5309 idcirco
3330 5266 3615 5320 precamur

2052 5351 2354 5413 Dominum,
2376 5357 2435 5403 ut
2466 5350 2579 5419 ipse
2607 5356 2792 5417 regnet
2816 5348 2868 5403 in
2894 5347 3046 5401 nobis
3076 5360 3170 5413 per
3195 5342 3478 5412 justitiam,
3507 5357 3611 5395 non

2050 5442 2293 5523 diabolus
2316 5456 2414 5511 per
2437 5448 2735 5510 peccatum.

2122 5530 2243 5584 Fiat
2269 5530 2506 5583 uoluntas
2536 5540 2625 5582 tua
2650 5530 2782 5583 sicut
2828 5528 2880 5579 in
2908 5524 3053 5587 caelo,
3091 5531 3137 5577 et
3166 5522 3219 5574 in
3252 5530 3410 5574 terra.
3458 5520 3615 5578 Sicut

2050 5628 2100 5681 in
2126 5624 2275 5685 cmlo,
2308 5623 2358 5675 id
2384 5632 2486 5685 est,
2515 5623 2566 5676 in
2589 5618 2913 5692 angelis,qui
2940 5631 3208 5683 nunquam
3233 5627 3608 5685 peccaverunt,

2047 5728 2127 5774 cst
2160 5717 2399 5773 voluntas
2436 5726 2525 5770 tua
2557 5714 2712 5780 bona,
2752 5722 2803 5768 ct
2839 5713 3048 5768 illorum
3074 5707 3302 5766 cilicium
3360 5720 3602 5778 accepta-
