4232 6240
698 337 831 395 1267

1531 338 1587 388 li.
1630 337 1687 389 Ἠ.
1733 337 1955 392 .\l.Bl.\l
1996 337 2126 392 διλτ
2167 336 2439 390 Al.tll,l.\l
2476 336 2760 390 οιικιιιιι
2801 338 2979 389 1ιΑιιδ
3019 336 3109 390 ΙΧ.
3186 336 3189 343 ’

3820 346 3836 396 1
3848 343 3954 397 268

693 454 795 508 bile
824 454 1017 507 habes:
1064 453 1249 505 sicliat
1283 453 1525 507 voiuntas
1572 462 1658 505 tua
1688 454 1823 506 bona
1856 455 1907 507 in
1958 451 2264 508 hominibus
2296 459 2340 511 Α
2372 452 2687 517 sanguinem
2729 451 2937 505 Domini
2984 453 3289 507 sumeretis.
3346 454 3594 520 Quandiu
3651 470 3756 509 non
3798 472 3956 510 acce-

692 548 742 597 in
771 554 936 603 terra,
973 553 1029 596 ut
1061 542 1273 596 itlorum
1301 542 1579 596 servitium
1617 541 1826 612 placeat
1849 543 1963 597 tibi.
2035 542 2127 597 Vel
2164 540 2261 595 ali-

690 646 800 686 ter:
839 634 997 703 507
1058 632 1157 686 Per
1194 632 1389 686 coelum
1444 632 1759 701 intelligitur
1796 633 2055 688 Dominus
2102 631 2263 687 Jesus

686 724 951 796 Christus,
992 738 1085 793 per
1118 732 1319 777 terram
1344 731 1528 777 sancta
1554 722 1814 777 Ecclesia.
1867 721 2102 786 Scimus,
2134 722 2261 792 quia

684 817 826 874 sient
877 817 957 869 vir
998 831 1028 869 a
1062 816 1305 877 muliere,
1346 815 1422 869 sic
1468 813 1662 868 cuilum
1710 824 1848 869 esta
1897 822 2043 869 terra
2075 825 2123 866 ει.
2179 813 2260 866 Ab

685 910 801 976 ipsi»
824 909 1021 977 accipit
1055 922 1270 960 omnem
1321 905 1650 960 ubertatem:
1708 906 1786 960 sic
1832 914 1887 960 et
1945 917 2132 960 sancta
2160 904 2262 959 Ee-

682 1002 843 1059 clt-sia
885 1000 1143 1070 quidquid
1173 1001 1298 1053 boni
1328 1000 1512 1062 habet,
1546 1014 1575 1053 a
1621 999 1739 1054 viro
1768 1015 1864 1053 suo
1894 999 2109 1053 Christo
2141 1016 2262 1068 pcr-

681 1090 1010 1159 cipit,juxla
1036 1092 1178 1159 quod
1208 1091 1470 1160 scriptum
1525 1099 1636 1144 est:
1683 1087 1849 1145 Omne
1900 1091 2081 1143 datum
2124 1090 2259 1159 opti-

679 1200 842 1247 mum,
876 1194 923 1237 et
952 1200 1102 1237 omne
1127 1184 1323 1237 donum
1356 1183 1665 1253 perfectura,
1692 1181 1965 1236 desursum
1985 1192 2059 1235 est
2114 1181 2253 1255 (lar.

680 1298 714 1336 t.
758 1279 859 1347 17).
903 1277 1027 1331 Fiat
1057 1277 1316 1331 rotantes.
1364 1276 1445 1331 Ad
1472 1275 1643 1331 Deum
1673 1275 2123 1330 Patremdicitur.
2175 1274 2259 1328 Si-

676 1383 768 1427 t-nt
809 1382 892 1427 est
941 1370 1190 1425 voluntas
1226 1380 1316 1425 tua
1354 1370 1406 1425 in
1446 1370 1584 1426 casio
1615 1414 1629 1436 ,
1685 1371 1736 1425 id
1780 1380 1862 1427 est
1922 1372 1973 1424 in
2019 1371 2254 1431 Christo,

679 1465 747 1516 ita
775 1464 867 1516 tiat
890 1464 942 1516 in
982 1472 1145 1526 terra,
1203 1463 1255 1516 id
1290 1470 1396 1527 est,
1449 1462 1503 1516 in
1534 1462 1797 1528 Ecclesia,
1870 1478 1989 1532 qum
2024 1472 2107 1516 est
2140 1477 2257 1515 cor-

677 1570 774 1620 pus
804 1553 938 1622 ejus.
1010 1553 1122 1614 Vel,
1176 1552 1318 1608 sicut
1352 1561 1439 1609 est
1475 1553 1723 1609 voluntas
1779 1563 1865 1608 tua
1915 1554 1968 1607 in
1996 1553 2159 1617 coelo,
2205 1554 2255 1606 i-l

673 1655 774 1704 est.
812 1645 861 1696 in
901 1640 1405 1709 hominilntsjustis,
1439 1644 1510 1697 ita
1536 1643 1629 1698 nat
1659 1643 1713 1697 in
1746 1654 1907 1705 terra,
1940 1643 1992 1697 id
2035 1653 2139 1706 est,
2202 1643 2253 1695 in

672 1735 1063 1802 pz-c't-atot'ibus,
1099 1745 1157 1787 ut
1185 1734 1283 1805 ipsi
1314 1735 1529 1789 valeant
1584 1735 1679 1789 tibi
1704 1736 1915 1805 placere
1938 1750 2038 1805 per
2078 1736 2253 1805 pomi-

2366 542 2511 603 ditis,
2544 558 2647 597 non
2687 543 2815 596 mihi
2856 542 3051 611 placet.
3101 544 3354 597 Dicamus
3389 544 3547 598 aliter
3582 564 3593 597 :
3631 542 3829 600 Panem
3860 566 3949 600 uo-

2364 645 2528 695 strum
2552 637 2935 705 quotidianum.
2954 635 3060 690 Per
3080 652 3274 705 panem
3293 652 3579 707 possumus
3606 638 3851 707 accipere
3878 641 3955 694 di-

2366 728 2486 781 vina
2563 728 2806 797 eioqnia,
2882 729 3163 783 scientiam
3222 729 3356 800 legis
3420 738 3475 786 et
3526 729 3948 800 Prophetarum,

2364 818 2702 873 Psalmorum
2729 829 2781 873 et
2798 818 3088 890 Evangelii.
3110 816 3309 873 Panem
3326 831 3561 875 nostrum
3585 821 3949 891 quotidianum

2362 910 2431 963 da
2456 911 2600 965 nobis
2623 910 2797 975 hodie,
2843 910 2893 964 id
2919 918 2999 965 est
3024 952 3036 975 ,
3084 912 3137 965 in
3170 913 3316 966 onmi
3345 921 3583 982 tempore
3606 913 3729 967 vita:
3752 922 3952 969 nostra

2364 1002 2646 1057 l‘t‘ﬁttCliOS
2688 1004 2928 1057 doctrina
2973 1012 3280 1058 sanctarum
3330 1002 3757 1074 Scripturarum,
3803 1007 3949 1074 quod

2363 1096 2502 1151 sicut
2554 1111 2815 1165 corporeo
2859 1096 2980 1150 cibo
3024 1094 3270 1150 reﬁcitur
3315 1111 3535 1165 corpus,
3573 1097 3652 1151 sic
3681 1097 3947 1166 spirituali

2362 1186 2481 1239 cibo
2511 1186 2945 1251 reiicituranima
2978 1187 3044 1240 ad
3071 1202 3311 1243 amorem
3341 1196 3395 1241 et
3418 1187 3747 1258 agnitionem
3782 1186 3941 1241 illius.

2432 1277 2499 1330 Et
2529 1278 2732 1330 dimitte
2770 1278 2915 1331 nobis
2948 1278 3121 1331 debita
3155 1289 3356 1344 nostra,
3382 1279 3516 1331 sicut
3555 1287 3604 1333 et
3652 1294 3744 1332 nos
3770 1280 3946 1332 dimit-

2361 1370 2517 1421 timus
2567 1368 2887 1421 debitoribus
2920 1369 3131 1437 nostris.
3189 1368 3379 1423 Debita
3429 1368 3518 1423 hic
3571 1367 3943 1439 intelliguntur

2360 1474 2603 1532 peccata.
2652 1462 2868 1517 Duobus
2903 1463 3076 1516 modis
3126 1478 3313 1517 sumus
3356 1462 3627 1517 debitores
3656 1463 3752 1517 Dei
3796 1480 3808 1516 :
3850 1472 3945 1517 aut

2340 1554 2608 1615 ,facicndo
2659 1572 2719 1607 ea
2772 1570 2891 1623 qum
2940 1553 3053 1623 ipse
3104 1553 3381 1623 prohibuit
3425 1552 3563 1617 fieri,
3596 1562 3689 1607 aut
3722 1567 3827 1607 non
3862 1552 3943 1606 fa-

2359 1649 2567 1707 ciendo,
2622 1662 2741 1715 qu:e
2782 1647 2943 1717 juSsit
2977 1646 3111 1701 ﬁeri.
3163 1644 3282 1715 Ipse
3314 1646 3444 1701 dicit
3480 1646 3534 1700 in
3591 1645 3883 1718 Evangelio
3920 1663 3934 1698 :

2353 1740 2555 1809 Diliges
2599 1739 2879 1793 Dominum
2912 1738 3077 1792 Deum
3106 1748 3253 1791 (tum
3282 1754 3345 1791 ea:
3375 1748 3481 1791 toto
3510 1738 3666 1792 corde
3689 1747 3798 1800 tuo,
3830 1746 3935 1789 tota

673 1830 914 1882 tentiam.
992 1827 1107 1889 Vel,
1158 1826 1251 1881 fiat
1276 1827 1521 1881 voluntas
1550 1835 1637 1881 tua
1689 1829 1829 1882 sicut
1867 1829 1918 1882 in
1946 1829 2106 1893 cwlo,
2151 1830 2252 1884 hoc
2287 1815 2329 1873 Β
2357 1832 2557 1891 animo,
2587 1841 2693 1884 tota
2726 1832 2933 1893 rirtute,
2965 1840 3011 1883 et
3041 1830 3337 1899 proximum
3370 1838 3516 1882 tuum
3559 1830 3695 1883 sicut
3718 1830 3932 1899 teipsum

670 1928 771 1976 est.
811 1920 863 1972 in
891 1918 1160 1973 mentibus
1187 1918 1418 1984 nostris,
1444 1920 1514 1973 ita
1541 1919 1635 1973 fiat
1660 1920 1713 1973 in
1738 1928 1902 1982 terra,
1928 1921 2029 1975 hoc
2062 1928 2167 1985 est,
2200 1922 2253 1974 in

667 2009 1005 2079 corporibus.

736 2096 932 2153 Panem
963 2109 1197 2153 nostrum
1226 2100 1589 2169 quotidianum
1617 2098 1687 2151 da
1730 2100 1873 2153 nobis
1919 2100 2092 2153 hodie.
2129 2097 2247 2153 Pun

664 2186 870 2249 Ct'atcc.
906 2188 1096 2244 Latine
1119 2233 1132 2253 ,
1182 2201 1346 2243 totum
1386 2189 1468 2245 vel
1499 2206 1649 2245 omne
1680 2210 1690 2243 :
1722 2200 1775 2246 et
1821 2192 1888 2245 ab
1918 2207 1980 2246 eo
2003 2194 2144 2261 quod
2170 2203 2250 2247 est

664 2298 790 2345 pan,
827 2282 1104 2336 derivatur
1146 2283 1333 2351 panis;
1368 2291 1423 2335 et
1452 2282 1572 2335 ideo
1602 2298 1698 2352 per
1725 2298 1920 2352 panem
1952 2283 2251 2353 intelligere

665 2389 952 2442 possumus
988 2376 1169 2429 omnia
1222 2380 1528 2433 necessaria
1579 2388 1688 2432 tam
1730 2377 1781 2430 in
1818 2375 1961 2440 cibo,
1997 2391 2158 2445 quam
2196 2379 2247 2432 in

666 2474 813 2532 potu,
872 2474 927 2520 et
969 2466 1306 2528 vestimento,
1367 2470 1622 2537 omnique
1666 2468 1906 2522 subsidio
1956 2470 2243 2538 cmporali.

665 2558 831 2612 Panis
883 2559 1231 2629 quotidianus
1259 2559 1475 2617 dicitur.
1510 2561 1650 2629 quod
1683 2559 1924 2629 quotidie
1964 2560 2119 2614 nobis
2166 2569 2249 2613 est

662 2651 1020 2705 necessarius.
1078 2649 1275 2704 Panem
1327 2662 1561 2704 nostrum
1606 2652 1994 2720 quotidianum,
2052 2651 2102 2705 id
2143 2661 2242 2710 est,

661 2741 862 2803 omnia,
912 2755 1031 2810 qtne
1077 2742 1232 2795 nobis
1271 2751 1397 2797 sunt
1436 2740 1741 2796 necessaria
1791 2749 1899 2793 tam
1930 2740 1996 2793 ad
2024 2740 2242 2804 victum,

661 2834 934 2900 qztam-ad
980 2834 1384 2897 vestimentum,
1431 2832 1598 2886 tribue
1629 2831 1775 2883 nobis
1826 2830 1997 2892 hodie,
2041 2829 2091 2882 id
2140 2838 2241 2895 est,

660 2921 803 2974 omni
843 2931 1083 2990 tempore
1116 2924 1238 2976 vit-.e
1266 2933 1483 2977 nostrze.
1520 2921 1613 2975 Vel
1646 2921 1805 2973 aliter
1852 2938 1864 2973 :
1912 2919 2112 2974 Panem
2156 2921 2243 2975 hic

657 3027 946 3081 possumus
992 3011 1294 3082 intelligere
1326 3027 1522 3081 corpus
1558 3020 1613 3065 et
1661 3012 1978 3081 sanguinem
2008 3010 2240 3073 Domini,

657 3105 723 3157 de
750 3120 856 3173 quo
884 3103 998 3174 ip-‘C
1024 3102 1156 3157 dicit
1200 3101 1326 3157 alibi
1374 3120 1385 3156 :
1425 3100 1543 3155 Nisi
1584 3103 1699 3173 quis
1730 3101 2141 3163 manducarerit,
2187 3108 2243 3153 et

658 3200 860 3268 reliqua
914 3197 1101 3269 (Joun.
1148 3214 1223 3264 vt,
1265 3198 1376 3269 54).
1433 3197 1726 3253 Preealnur
1764 3211 2015 3266 namque,
2058 3204 2115 3249 ut
2151 3194 2240 3248 det

656 3292 815 3347 nobis
839 3306 1062 3345 carnem
1094 3298 1149 3343 ct
1190 3291 1504 3359 sanguinem
1535 3305 1689 3343 suum
1717 3290 1781 3341 ad
1806 3286 2150 3348 sumendum,
2184 3296 2239 3339 ut

655 3400 749 3453 per
784 3381 936 3445 illud,
984 3380 1125 3449 quod
1155 3379 1440 3433 visibiliter
1467 3380 1752 3441 sumimus,
1786 3376 1935 3440 illud,
1966 3376 2239 3446 quodnon

654 3477 919 3538 videmus,
955 3475 1005 3527 in
1053 3472 1207 3527 nobis
1232 3472 1506 3541 suscipere
1543 3472 1831 3541 possimus,
1871 3470 1921 3523 id
1956 3478 2036 3523 est
2073 3469 2239 3522 Deum

653 3573 1103 3641 omnipotentem,
1126 3567 1281 3637 juxta
1317 3568 1457 3639 quod
1480 3568 1592 3639 ipse
1614 3568 1742 3621 dicit
1769 3586 1779 3620 :
1809 3565 1913 3631 Qt'i
1955 3564 2241 3618 manduca!

651 3679 858 3719 carnem
900 3678 1091 3725 nteant,
1136 3670 1185 3714 et
1214 3660 1336 3713 bibit
1368 3662 1672 3729 sanguinem
1706 3674 1898 3719 meum,
1944 3657 2051 3726 ipse
2075 3654 2127 3707 in
2162 3670 2240 3707 me

650 3761 845 3813 manet,
895 3761 942 3803 et
988 3766 1079 3819 ego
1134 3751 1188 3804 in
1238 3746 1515 3820 eo(1bld.,
1548 3748 1660 3817 53).
1695 3748 1826 3801 lllud
1868 3748 2010 3817 quo'l
2041 3746 2239 3799 dicitur

650 3842 823 3907 hodie,
873 3856 979 3899 non
1009 3856 1296 3911 possumus
1343 3838 1666 3911 generaliter
1696 3838 1899 3893 referre
1939 3838 2005 3889 ad
2041 3852 2238 3904 corpus

649 3943 705 3987 et
732 3932 1045 4003 sanguinem
1076 3932 1311 3995 Domini,
1358 3931 1481 3998 quia
1513 3938 1634 3983 sunt
1680 3929 1834 3992 tales,
1865 3927 1955 3994 qui
1989 3942 2092 3980 non
2116 3941 2239 3995 pos-

648 4038 773 4080 sant
816 4025 1059 4096 quotidie
1108 4023 1530 4084 communicare,
1582 4030 1674 4074 aut
1731 4019 1911 4089 aliqua
1968 4017 2234 4071 discordia

648 4128 835 4171 contra
860 4118 1166 4186 proximum
1197 4113 1599 4177 connnaenlati,
1641 4120 1732 4165 aut
1759 4110 2059 4166 nocturnali
2087 4110 2239 4163 eoin-

648 4210 854 4279 quinati
886 4209 1177 4277 pollutione
1208 4227 1219 4260 :
1252 4207 1497 4261 homines
1526 4214 1671 4269 sunt,
1720 4219 1824 4258 noa
1869 4212 2091 4274 possvnt
2118 4216 2236 4256 esse

648 4316 861 4369 semper
885 4301 1076 4368 parati.
1109 4300 1149 4351 E
1171 4308 1359 4353 contra
1384 4306 1507 4352 sunt
1537 4297 1691 4360 tales,
1722 4296 1813 4365 qui
1850 4294 2090 4363 quotidie
2114 4307 2239 4362 pos-

647 4405 773 4449 sunt
797 4394 1200 4449 communicare
1233 4410 1244 4443 :
1280 4392 1383 4444 illis
1420 4390 1623 4451 evenit,
1654 4388 1798 4455 quod
1828 4387 2076 4440 dominus
2100 4384 2236 4437 dixit

646 4491 874 4543 'J.ach;eo
902 4505 913 4540 :
950 4484 1118 4539 Hodie
1144 4484 1193 4537 in
1220 4484 1372 4535 domo
1395 4491 1485 4534 tua
1511 4489 1710 4549 Oportet
1736 4494 1816 4531 me
1846 4491 2055 4529 manere
2080 4474 2232 4546 (Luc.

647 4597 759 4643 ξιξ,
790 4580 867 4643 ὕ).
900 4584 963 4632 At
988 4578 1075 4630 ille
1098 4575 1318 4644 suscepit
1341 4589 1459 4627 eum
1485 4571 1718 4642 gaudens
1748 4570 1800 4623 in
1827 4568 2038 4622 domum
2058 4584 2232 4631 suam,

647 4672 771 4740 quia
809 4671 880 4724 illi
910 4669 1043 4726 tales
1072 4683 1195 4724 cum
1235 4666 1427 4737 gaudio
1458 4664 1655 4718 debent
1698 4678 1895 4731 corpus
1926 4668 1978 4713 et
2017 4659 2234 4730 sangui-

646 4777 769 4813 nem
824 4762 1033 4814 Domini
1075 4773 1308 4814 sumere.
1363 4756 1438 4809 llli
1494 4769 1647 4817 vero,
1695 4754 1787 4822 qui
1826 4752 2065 4821 quotidie
2124 4767 2230 4805 non

647 4858 869 4920 possunt
920 4848 1341 4909 communicare,
1378 4856 1605 4914 possunt
1658 4844 1840 4896 dicere
1878 4857 2001 4896 cum
2044 4851 2233 4895 centu-

648 4945 799 4997 rione
834 4961 845 4996 :
873 4940 1113 5001 Domine,
1144 4955 1245 4991 non
1274 4953 1390 4991 sum
1421 4936 1609 5004 dignus
1657 4944 1712 4988 ut
1736 4936 1899 4986 intres
1924 4932 2018 4986 sub
2040 4942 2229 4985 tectum

643 5050 814 5087 meum
842 5031 1001 5087 hodie
1044 5028 1257 5101 (Matth.
1294 5042 1407 5090 vm,
1439 5026 1492 5097 5)
1522 5041 1536 5079 :
1570 5023 1798 5080 intrabis
1830 5024 1934 5078 alia
1963 5022 2065 5077 die.
2095 5022 2233 5075 Sunt

644 5127 804 5181 etiam
840 5124 995 5188 tales,
1024 5123 1117 5194 qui
1152 5120 1343 5175 nolunt
1390 5136 1419 5173 a
1477 5134 1572 5174 sua
1622 5117 1907 5187 iniquitate
1953 5114 2228 5175 recedere,

646 5216 921 5271 abstinent
960 5229 1020 5269 se
1049 5230 1079 5267 a
1120 5227 1349 5282 corpore
1397 5221 1450 5266 et
1493 5210 1755 5280 sanguine
1808 5207 2018 5262 Domini
2065 5220 2229 5259 causa

645 5302 984 5358 humilitatis.
1030 5299 1249 5354 Talibus
1297 5301 1597 5370 praedicans
1649 5300 1841 5352 beatus
1897 5296 2231 5367 Augustinus

647 5397 819 5449 dixit:
861 5394 1064 5455 Placet,
1122 5391 1337 5456 fratres,
1362 5392 1493 5447 mihi
1538 5390 1813 5447 humilitas
1841 5400 2041 5454 vestra,
2086 5391 2229 5459 quod

647 5488 847 5543 timetis
882 5486 1143 5542 accedere
1184 5486 1251 5541 ad
1296 5498 1493 5552 corpus
1524 5491 1577 5537 et
1612 5482 1925 5551 sanguinem
1968 5483 2178 5536 Domini
2212 5499 2222 5532 :

646 5578 741 5630 sed
765 5579 955 5633 melius
990 5588 1156 5643 esset,
1190 5587 1248 5631 ιιι
1274 5576 1343 5631 ab
1373 5573 1746 5643 iniquitatibus
1777 5572 1971 5625 vestris
2015 5571 2229 5626 recede-

649 5667 797 5732 rPtis,
838 5678 892 5722 et
921 5672 1102 5726 mundi
1144 5670 1319 5725 cﬂ'ecti
1352 5683 1448 5739 per
1480 5664 1873 5741 poanitcntiam.
1926 5680 2121 5733 verpus
2176 5674 2229 5717 rt

728 5792 745 5817 1
782 5779 954 5838 locus
981 5790 1281 5848 corruptus.

2356 1919 2569 1983 (.llutth.
2599 1938 2730 1983 un,
2764 1920 2874 1979 δῖ).
2906 1919 3019 1972 Νοιι
3054 1919 3325 1988 diligimus
3356 1919 3523 1973 Deum
3556 1934 3730 1989 neque
3754 1920 3934 1990 proxi-

2355 2028 2524 2073 tntun,
2562 2012 2701 2065 sicut
2741 2012 2855 2080 ipse
2883 2011 3159 2080 prtecipit?
3188 2011 3471 2066 Debitores
3514 2026 3720 2074 sumus,
3750 2011 3802 2064 id
3830 2020 3931 2075 est,

2351 2111 2681 2171 peccatores.
2713 2103 2828 2173 ipse
2851 2102 2981 2157 dicit
3017 2121 3027 2155 :
3059 2101 3277 2156 Honora
3319 2112 3519 2173 patrem
3550 2112 3696 2157 tuum
3725 2112 3773 2157 et
3815 2120 3928 2156 ma-

2351 2207 2479 2248 trem
2535 2206 2699 2258 tuam,
2751 2206 2806 2248 ut
2851 2196 2922 2248 sis
2971 2194 3426 2269 longarrusvsuper
3463 2202 3657 2247 terram
3709 2192 3928 2263 (Matth.

2353 2302 2440 2345 xv,
2473 2286 2548 2355 .i).
2586 2284 2698 2339 Non
2743 2283 2971 2340 facimus
3017 2285 3154 2339 hoc?
3198 2284 3479 2338 Debitores
3508 2298 3716 2347 sumus,
3745 2282 3796 2336 id
3828 2291 3931 2349 est,

2349 2388 2683 2449 peceatores.
2718 2376 2842 2431 [lare
2866 2384 3012 2438 sunt,
3060 2390 3179 2443 qu.e
3206 2373 3464 2428 Dominus
3491 2372 3739 2441 pnecipit
3769 2370 3883 2427 ﬁeri
3912 2388 3925 2424 :

2353 2469 2473 2525 Non
2504 2470 2725 2529 occides,
2760 2486 2860 2522 non
2884 2466 3229 2529 adulterabis,
3264 2482 3367 2518 non
3392 2463 3593 2533 furtum
3617 2462 3799 2531 facies,
3831 2480 3928 2517 non

2347 2560 2662 2629 perjumbis.
2694 2558 2813 2623 Non
2845 2557 3075 2612 facimus
3106 2556 3254 2620 talia,
3283 2571 3403 2625 qua:
3450 2554 3710 2609 Dominus
3748 2554 3927 2624 prohi-

2349 2651 2464 2704 buit
2494 2651 2646 2705 fieri?
2673 2650 2957 2705 Debitores
2998 2663 3203 2713 sumus,
3251 2648 3303 2701 id
3336 2653 3441 2712 est,
3488 2662 3797 2715 peccamus,
3831 2645 3923 2715 qui

2352 2747 2501 2794 tanta
2554 2741 2751 2809 ﬂagitia
2816 2749 3006 2795 contra
3053 2746 3321 2809 praecepta
3367 2736 3462 2793 Dei
3513 2736 3923 2793 committimus.

2354 2835 2732 2891 Necessarium
2773 2844 2857 2890 est
2899 2850 3029 2904 ergo
3068 2842 3147 2898 ut,
3197 2833 3243 2888 si
3292 2832 3542 2887 volumus
3593 2846 3655 2885 ca
3690 2829 3846 2885 nobis
3896 2845 3926 2883 a

2347 2932 2576 2987 Domino
2610 2932 2828 2993 dimitti,
2858 2929 3198 2983 dimittamus
3227 2943 3295 2981 ex
3336 2925 3502 2981 corde
3546 2922 3703 2979 fratri
3744 2924 3798 2978 in
3828 2940 3925 2978 no-

2343 3028 2428 3083 bis
2456 3023 2721 3094 peccanti,
2752 3030 2844 3075 aut
2877 3022 3014 3074 mala
3039 3018 3287 3089 operanti
3323 3035 3335 3071 :
3366 3026 3550 3073 contra
3583 3011 3742 3088 quem
3765 3017 3927 3072 etiam

2344 3116 2630 3186 dupliciter
2669 3128 2854 3177 sumus
2892 3119 3230 3181 peccatores,
3260 3118 3352 3164 aut
3396 3107 3646 3165 faciendo
3683 3123 3803 3179 quae
3829 3108 3930 3162 Do-

2347 3208 2525 3262 minus
2562 3204 2839 3276 prohibuit
2890 3202 3024 3263 fieri,
3084 3201 3337 3256 videlicet
3384 3202 3426 3255 si
3481 3198 3929 3270 ﬂagellaverimus

2343 3314 2466 3352 eum
2515 3297 2731 3367 injuste,
2765 3303 2859 3348 aut
2897 3295 2939 3348 si
2974 3309 3070 3347 sua
3112 3292 3529 3355 abstulerimus;
3564 3295 3659 3343 aut
3707 3302 3815 3342 non
3844 3285 3926 3341 fa-

2342 3390 2538 3446 ciendo
2582 3403 2645 3443 ea
2687 3402 2807 3454 quae
2844 3384 3105 3439 Dominus
3156 3383 3432 3436 mandavit
3476 3379 3612 3444 ﬁeri,
3664 3378 3719 3432 id
3746 3384 3849 3441 est,
3881 3375 3925 3430 si

2344 3495 2449 3533 non
2500 3476 2851 3533 dilexerimus
2879 3488 3021 3535 eum,
3052 3480 3107 3526 et
3138 3470 3267 3525 illud
3296 3472 3438 3539 quod
3469 3468 3522 3522 in
3554 3482 3653 3521 nos
3678 3465 3925 3521 commit-

2343 3570 2429 3629 tit,
2465 3584 2570 3622 non
2593 3565 2978 3621 dimiserimus.
3016 3562 3072 3616 Si
3109 3577 3238 3632 ergo
3288 3559 3672 3615 induls’erimus
3697 3558 3769 3621 ei,
3800 3568 3924 3611 tunc

2342 3662 2607 3715 veraciter
2632 3659 2810 3713 dicere
2840 3656 3137 3726 poterimus
3160 3656 3269 3709 Deo
3304 3672 3315 3707 :
3348 3653 3562 3707 Dimitte
3586 3651 3731 3706 nobis
3754 3651 3923 3704 debita

2343 3762 2539 3805 nostra.
2594 3749 2657 3802 Et
2702 3756 2783 3801 est
2829 3760 3022 3800 sensus
3075 3759 3089 3796 :
3139 3743 3354 3798 ODeus
3392 3743 3754 3811 omnipotens,
3785 3741 3923 3794 sicut

2341 3858 2440 3895 nos
2488 3837 2812 3893 dimittimus
2854 3835 2939 3889 his
2983 3834 3073 3902 qui
3116 3834 3169 3887 in
3216 3833 3373 3886 nobis
3426 3838 3809 3901 peccaverunt,
3850 3829 3920 3883 ita

2340 3930 2569 3985 dimitte.
2622 3927 2678 3982 Si
2709 3935 2888 3983 autem
2941 3940 3038 3979 nos
3067 3940 3174 3977 non
3204 3922 3527 3976 dimittimus
3571 3921 3674 3983 eis,
3707 3936 3806 3975 nec
3837 3920 3923 3974 ille

2341 4022 2577 4077 dimittet
2623 4020 2777 4074 nobis
2805 4027 3048 4088 peccata,
3081 4032 3201 4085 qua:
3254 4023 3443 4070 contra
3473 4013 3613 4068 illius
3643 4024 3911 4085 praecepta

2341 4110 2623 4185 gessimus,
2674 4111 2797 4181 quia
2832 4110 2945 4178 ipse
2993 4108 3167 4162 dixit:
3204 4105 3265 4161 Si
3318 4123 3404 4160 eos
3436 4122 3538 4159 non
3587 4104 3916 4167 dimiseritis,

2340 4188 2431 4262 itec
2458 4201 2617 4260 Pater
2642 4215 2803 4260 vester
2831 4202 3050 4256 dimittet
3081 4200 3219 4255 vobis
3256 4206 3470 4268 peccata
3512 4205 3679 4251 vestra
3708 4193 3921 4267 (Matth.

2340 4316 2417 4360 vt,
2443 4297 2553 4365 15).
3614 4284 3625 4295 ’

2410 4378 2478 4441 Et
2504 4403 2567 4440 ne
2591 4402 2682 4438 nos
2706 4384 2927 4437 inducas
2955 4382 3009 4435 in
3052 4381 3410 4436 tentationem.
3462 4377 3579 4435 Una
3609 4384 3695 4432 est
3749 4384 3927 4432 tenta-

2345 4480 2433 4542 tio,
2491 4493 2613 4547 quae
2680 4475 2913 4546 pertinet
2970 4473 3038 4527 ad
3086 4470 3481 4543 probationem,
3527 4467 3595 4524 de
3648 4482 3753 4537 qua
3796 4467 3928 4523 dicit

2346 4573 2555 4643 Moyses
2608 4571 2676 4625 ad
2714 4567 2970 4640 populum
3015 4564 3369 4620 lsraelitieum
3403 4582 3415 4618 :
3451 4563 3658 4629 Tentat,
3709 4564 3762 4619 id
3818 4573 3920 4629 est,

2340 4667 2551 4737 probat,
2583 4680 2671 4717 vos
2720 4661 2976 4715 Dominus
3008 4658 3148 4712 Deus
3174 4668 3354 4723 vester,
3385 4668 3440 4711 ut
3469 4658 3600 4712 sciat
3630 4658 3676 4711 si
3704 4656 3921 4725 diligitis

2338 4772 2455 4810 eum
2504 4753 2682 4824 (Deut.
2720 4768 2838 4813 xm,
2880 4751 2956 4813 5).
3014 4750 3081 4804 Et
3109 4749 3395 4804 Psalmista
3428 4766 3441 4800 :
3476 4746 3653 4799 Proba
3686 4762 3785 4808 mc,
3816 4744 3923 4798 Do-

2337 4848 2493 4908 mine,
2514 4854 2560 4897 et
2583 4852 2723 4897 tenta
2749 4859 2827 4896 me
2854 4839 3025 4914 (Psal.
3057 4856 3165 4895 xxv
3188 4881 3201 4902 ,
3239 4837 3315 4909 εὶ).
3350 4837 3462 4889 liae
3486 4835 3782 4889 tentatione
3808 4844 3922 4889 ten-

2339 4938 2470 4992 tavit
2498 4936 2641 4992 Deus
2667 4936 2962 4999 Abraham,
2995 4942 3051 4988 et
3080 4933 3331 4985 inventus
3360 4935 3445 4982 est
3492 4925 3685 4982 fidelis.
3733 4926 3916 4980 Altera

2336 5035 2435 5090 est,
2464 5043 2583 5098 quin
2605 5029 2838 5097 pertinet
2868 5024 2934 5078 ad
2960 5021 3334 5090 deceptionem
3360 5026 3416 5072 et
3440 5019 3825 5090 perditionem,
3851 5018 3919 5071 de

2332 5135 2437 5189 qua
2473 5117 2708 5172 Jacobus
2737 5113 3010 5180 apostolus
3039 5129 3052 5164 :
3090 5110 3229 5164 Deus
3262 5110 3517 5164 neminem
3551 5116 3716 5163 tentat
3769 5106 3913 5178 (Jac.

2333 5230 2373 5275 ι,
2426 5210 2539 5282 15),
2580 5210 2645 5264 ad
2673 5209 2778 5264 hoc
2804 5206 3035 5267 scilicet,
3078 5209 3138 5256 ut
3187 5204 3396 5272 perdat.
3447 5201 3561 5257 llac
3615 5198 3917 5256 tentatione

2332 5312 2503 5358 tentat
2532 5301 2797 5359 diabolus,
2824 5306 2883 5351 ut
2913 5295 3145 5365 decipiat
3171 5306 3225 5350 et
3258 5294 3471 5365 perdat,
3497 5301 3555 5347 et
3587 5306 3687 5346 nos
3716 5291 3783 5346 de
3815 5290 3920 5343 hac

2333 5398 2629 5465 tentatipne
2676 5404 2985 5462 precamur,
3032 5396 3091 5441 ut
3143 5404 3249 5442 non
3293 5387 3527 5441 dimittat
3572 5398 3672 5437 nos
3718 5379 3917 5437 tentari

2337 5480 2495 5557 saprzi
2519 5502 2678 5556 quam
2706 5492 2889 5538 nostra
2922 5482 3181 5552 fragilitas
3206 5482 3377 5552 possit
3413 5478 3673 5533 sntlicere.
3710 5475 3765 5528 In
3795 5483 3917 5529 ten-

2338 5578 2593 5631 tationem
2614 5577 2756 5630 enim
2785 5575 2924 5629 Deus
2949 5576 3206 5630 inducere
3237 5574 3455 5635 dicitur,
3488 5566 3705 5639 quando
3733 5582 3763 5621 a
3797 5574 3920 5618 tcn-

2338 5667 2534 5722 talione.
2568 5682 2669 5719 non
2722 5665 2929 5718 liberal.
2962 5664 3088 5717 Tale
3112 5673 3215 5721 est,
3252 5663 3391 5730 quod
3418 5661 3482 5713 de
3531 5658 3809 5713 Pharaone
3838 5650 3917 5707 1ῑά
