4232 6224
431 331 452 385 l
463 331 568 391 269

1242 333 1394 389 ore.
1434 316 1833 395 SUPPOSITA.
1874 367 1943 378 .-
1984 335 2109 391 LIB.
2154 336 2241 391 ne
2280 336 2528 394 mvms
2564 306 2866 394 ornans.

3538 339 3670 395 ΗΜ

424 447 601 517 gimus
651 465 665 501 :
710 446 987 503 Induruvit
1036 430 1293 501 Dominus
1337 464 1428 500 cor
1463 446 1762 534 Pharaonis
1798 448 1994 521 (Exod.
2025 454 2076 510 Α
2100 449 2246 514 trice,
2272 463 2368 519 per
2381 463 2545 520 quam
2575 449 2731 506 nobis
2757 450 2902 505 salus
2922 458 3112 505 exorta
3134 460 3213 507 est
3232 493 3251 516 ,
3276 462 3323 505 et
3360 452 3520 507 beatis
3545 471 3674 524 apo—

423 553 502 603 tx,
528 535 640 610 l2),
674 539 818 607 quod
864 535 999 591 nihil
1025 545 1109 591 est
1136 535 1281 591 aliud
1310 536 1414 591 nisi
1442 576 1457 601 ,
1492 551 1597 591 non
1621 535 1882 593 cmollivit
1909 552 2006 599 eor

422 629 560 700 ejus,
588 629 732 699 quod
767 629 1075 684 induratum
1104 638 1247 683 erat.
1524 698 1525 701 η

496 719 600 776 Sed
641 719 806 777 libera
832 737 926 777 nos
968 739 1002 776 a
1029 720 1191 786 malo,
1222 721 1277 776 id
1317 729 1421 786 est,
1448 735 1479 775 a
1508 717 1722 776 diabolo
1748 727 1804 776 et
1825 719 2004 791 poenis

424 810 644 877 inferni,
673 820 730 868 et
768 813 835 868 ab
860 813 1005 867 omni
1033 811 1363 868 adversitate
1398 811 1559 883 hujus
1583 810 1785 868 saeculi.
1812 810 1997 876 Amen,

423 904 761 975 signaculum
799 914 885 961 est
929 903 1088 961 istius
1114 903 1399 969 orationis,
1433 904 1577 959 sicut
1597 902 1834 974 sigillum
1873 918 2001 958 con-

422 994 659 1049 ti'rmatio
700 1003 785 1051 est
808 993 1040 1063 alicujus
1069 992 1319 1055 codiculi.
1361 992 1527 1060 Quasi
1556 993 1703 1049 dicat
1744 992 1858 1048 Deo
1883 992 1996 1059 ille,

421 1084 515 1155 qui
562 1086 702 1152 hanc
748 1084 1051 1140 orationem
1081 1083 1334 1140 decantat
1375 1101 1390 1135 :
1452 1082 1614 1139 Ceste
1668 1099 1859 1139 verum
1913 1094 1997 1141 est

420 1174 565 1245 quod
587 1175 852 1230 hactenus
871 1174 1001 1230 dixi.
1019 1172 1087 1229 Si
1106 1188 1237 1247 ergo
1255 1174 1510 1255 dimisero
1530 1174 1775 1246 peccanti
1802 1176 1858 1230 in
1884 1191 1993 1239 me,

420 1276 552 1323 tunc
569 1267 809 1322 dimittes
838 1281 903 1322 ea
953 1280 1074 1337 qua;
1096 1275 1288 1322 contra
1315 1275 1643 1337 praeceptum
1676 1276 1827 1323 tuum
1861 1268 1945 1338 egi
1977 1286 1991 1321 :

418 1357 476 1412 Si
497 1371 603 1412 non
631 1356 908 1421 dimisero,
946 1344 1055 1412 nec
1073 1364 1133 1412 tu
1159 1356 1399 1434 dimittes
1427 1357 1580 1413 mihi.
1709 1412 1712 1417 .

488 1447 706 1520 Septem
763 1456 889 1505 sunt
934 1444 1226 1519 petitiones
1270 1440 1326 1502 in
1368 1446 1476 1504 hac
1521 1448 1790 1504 oratione.
1858 1448 1993 1505 Tres

415 1540 626 1610 priores
665 1539 938 1610 pertinent
982 1540 1052 1593 ad
1098 1537 1336 1594 animam
1380 1546 1439 1603 et
1475 1537 1643 1593 vitam
1683 1545 1939 1595 aeternam
1973 1558 1987 1594 :

417 1631 582 1703 508
625 1638 858 1702 quatuor
903 1630 1255 1701 posteriores,
1296 1630 1365 1686 ad
1403 1645 1600 1703 corpus
1642 1638 1698 1687 et
1746 1646 1988 1703 praesens

416 1732 645 1792 tempus.
688 1720 1055 1779 Sanctiﬁcatio
1096 1722 1332 1777 nominis
1382 1721 1500 1788 Dei,
1537 1730 1592 1779 et
1632 1737 1879 1795 regnum,
1929 1731 1987 1778 et

413 1791 661 1871 voluntas
681 1811 800 1882 ejus
819 1811 983 1876 bona,
1010 1811 1066 1866 in
1099 1810 1286 1866 electis
1315 1811 1370 1865 in
1398 1809 1576 1866 futura
1604 1791 1720 1867 vita
1741 1810 1989 1883 perficie-
2016 1791 2063 1854 Β

414 1911 523 1959 tur.
554 1902 716 1959 Panis
751 1910 933 1958 autem
972 1910 1027 1958 et
1065 1903 1312 1959 remissio
1362 1911 1728 1973 peccatorum,
1777 1912 1834 1960 et
1880 1918 1987 1959 non

413 1994 594 2051 induci
638 1995 694 2049 in
723 1995 1098 2060 tentationem,
1127 2003 1184 2049 et
1207 1993 1457 2050 liheratio
1479 2008 1512 2049 a
1558 1992 1774 2049 diabolo
1822 2001 1879 2049 et
1914 1994 1985 2048 ab

411 2086 558 2142 omni
585 2086 918 2142 adversitate
945 2082 1105 2154 huius
1131 2084 1335 2152 saeculi,
1375 2085 1428 2139 in
1454 2084 1708 2155 praesenti
1740 2094 1865 2140 sunt
1890 2099 1987 2140 no-

410 2177 496 2258 bis
509 2177 841 2242 necessaria,
864 2178 991 2248 quia
1016 2177 1072 2233 in
1095 2175 1277 2232 futura
1289 2176 1400 2233 vita
1413 2192 1520 2232 non
1536 2177 1641 2232 erit
1663 2175 1769 2231 ulla
1791 2174 1983 2243 fames,

412 2270 508 2325 sed
548 2268 773 2325 satietas
817 2276 1022 2323 aeterna
1076 2267 1369 2324 electorum
1416 2267 1483 2323 de
1534 2266 1988 2337 contemplatione

410 2360 507 2415 Dei
536 2359 950 2432 omnipotentis;
988 2360 1044 2414 in
1087 2359 1190 2415 hac
1218 2366 1401 2415 autem
1452 2360 1609 2428 panis
1649 2359 1986 2416 necessarius

411 2458 514 2517 est,
544 2459 600 2507 et
625 2451 896 2517 remissio,
941 2450 1066 2522 quia
1112 2450 1203 2506 hic
1229 2464 1534 2520 peccamus,
1564 2458 1621 2504 et
1644 2450 1732 2506 hic
1764 2466 1986 2508 necesse

412 2550 518 2607 est,
585 2549 645 2597 ut
690 2538 985 2598 libereinur
1043 2557 1073 2596 a
1123 2540 1321 2597 diaboli
1369 2540 1670 2598 tentatione
1720 2549 1775 2596 et
1827 2542 1986 2614 hujus

409 2632 591 2689 saeculi
620 2632 987 2689 tribulatione.

480 2724 610 2797 Post
628 2727 929 2783 orationem
957 2740 1087 2782 vero
1115 2726 1450 2782 Dominicam
1475 2725 1543 2783 ad
1570 2724 1984 2797 completionem

396 2804 545 2877 tanti
575 2816 820 2888 mysterii
848 2824 962 2871 tota
996 2817 1063 2872 ad
1092 2816 1262 2874 Deum
1305 2816 1482 2872 fundit
1505 2832 1697 2888 preces
1719 2816 1982 2883 Ecclesia,

409 2919 465 2966 et
492 2910 736 2981 sequitur
782 2910 839 2966 in
868 2909 1212 2966 conclusione
1239 2908 1481 2979 ejusdem
1510 2910 1785 2975 saoerdos,
1814 2918 1871 2967 et
1897 2911 1984 2967 di-

408 2999 519 3055 cit:
544 2999 731 3056 Libera
752 3014 869 3067 lnos,
889 3016 1209 3072 quaesumus,
1234 2999 1477 3065 Domine,
1505 3009 1561 3057 et
1585 3000 1811 3071 reliqua.
1838 2998 1985 3055 Mala

407 3093 697 3161 praeterita,
746 3102 967 3164 peccata
1014 3100 1287 3149 transacta
1334 3092 1724 3165 intelliguntur,
1752 3107 1979 3163 quorum

385 3180 453 3253 _si
475 3181 615 3236 actio
635 3182 749 3252 jam
776 3183 1009 3239 cessavit
1033 3184 1089 3238 in
1116 3183 1290 3249 nobis,
1329 3192 1509 3238 tamen
1554 3192 1737 3239 reatus
1775 3190 1978 3247 manet,

408 3272 510 3327 nisi
538 3272 633 3329 Dei
664 3271 992 3345 indulgentia
1036 3273 1299 3329 deleatur.
1351 3272 1497 3327 Mala
1524 3289 1652 3328 vero
1680 3273 1979 3344 prtesentia,

408 3364 720 3436 quotidiana
756 3371 975 3434 peccata
1018 3363 1389 3434 intelliguntur
1419 3363 1472 3418 in
1504 3364 1701 3427 animo,
1725 3364 1786 3417 'et
1828 3348 1983 3419 acce-

407 3459 599 3514 dentes
620 3472 761 3529 saepe
802 3456 1001 3531 diversi
1026 3455 1341 3527 languores,
1364 3464 1419 3511 et
1444 3454 1759 3510 alllictiones
1788 3456 1840 3509 in
1862 3469 1983 3508 cor-

406 3565 559 3619 pore,
580 3544 646 3606 et
692 3549 1031 3604 extrinsecus
1058 3548 1327 3624 irruentes
1380 3549 1676 3604 innumera:
1707 3547 1982 3604 calamita-

408 3647 511 3706 tes,
541 3656 661 3711 qua:
707 3641 920 3710 quoties
948 3638 1201 3709 patimur,
1253 3637 1370 3706 ejus
1404 3637 1661 3693 debemus
1691 3638 1981 3709 implorare

406 3731 685 3795 auxilium,
734 3730 826 3802 qui
864 3729 1013 3784 solus
1037 3743 1135 3783 sua
1167 3728 1369 3798 pietate
1410 3736 1466 3781 et
1511 3728 1721 3784 animas
1750 3736 1898 3784 creat
1925 3735 1981 3783 et

315 3821 323 3829 ’
406 3836 654 3892 corpora.
712 3820 918 3876 Futura
962 3818 1128 3886 mata,
1172 3835 1505 3891 quaecunque
1550 3821 1705 3876 nobis
1734 3822 1982 3877 accidere

405 3921 651 3988 possunt,
684 3914 796 3969 sive
821 3928 919 3983 per
946 3908 1271 3969 tentationes
1295 3913 1516 3979 diaboli,
1564 3914 1677 3970 sive
1701 3929 1800 3985 per
1820 3914 1982 3970 mise-

359 4046 363 4051 .
405 3994 517 4063 rias
539 4008 741 4064 sreculi.
765 4005 899 4064 Orat
922 4021 1054 4079 ergo
1094 4007 1356 4073 Ecclesia,
1384 4016 1442 4065 ut
1466 4008 1610 4079 quod
1636 4009 1691 4064 in
1715 4008 1821 4066 ﬁne
1857 4025 1981 4066 ora-

406 4100 568 4154 tionis
595 4099 798 4179 dictum
823 4109 926 4166 est,
953 4100 1118 4156 libera
1166 4117 1260 4157 nos
1286 4119 1319 4155 a
1344 4100 1484 4156 malo
1515 4116 1533 4153 :
1576 4101 1649 4156 ita
1698 4102 1981 4171 nobisrper

408 4191 504 4247 Dei
532 4189 958 4247 misericordiam
985 4200 1295 4263 praestetur,
1318 4201 1377 4247 ut
1399 4192 1691 4247 liberemur
1710 4193 1778 4247 ab
1799 4194 1977 4249 omni-

404 4282 505 4339 bus
538 4281 714 4353 malis,
742 4298 863 4355 quas
907 4282 1064 4339 nobis
1101 4282 1187 4339 vel
1236 4282 1291 4338 in
1317 4284 1593 4353 praeterito
1640 4283 1974 4350 acciderunt,

406 4376 490 4433 Vel
512 4377 567 4433 in
626 4377 881 4448 prtesenti
931 4376 1202 4441 accidunt,
1256 4376 1340 4432 vel
1385 4376 1439 4431 in
1489 4374 1675 4431 futuro
1732 4375 1978 4431 accidere

404 4485 562 4542 posse
584 4470 961 4528 formidantur.
995 4469 1287 4541 Sequitur:
1314 4478 1364 4524 et
1390 4468 1736 4523 intercedente
1760 4484 1854 4538 pro
1877 4484 1974 4523 no—
2004 4487 2057 4551 ι)

404 4565 502 4629 bis,
532 4572 667 4630 etc.,
716 4579 907 4634 usque,
959 4564 1151 4621 securi.
1184 4562 1445 4632 Prrecepit
1477 4560 1737 4617 Dominus
1782 4563 1978 4634 populo

404 4653 589 4721 lsrael,
631 4669 754 4709 cum
782 4663 1056 4710 teneretur
1088 4654 1411 4727 Babylonica
1438 4653 1720 4716 servitute,
1757 4661 1816 4707 ut
1847 4669 1974 4710 ora-

406 4753 527 4801 rent
550 4738 650 4816 pro
678 4758 812 4814 pace
858 4744 1028 4814 ipsius
1054 4745 1310 4810 civitatis,
1337 4744 1480 4815 quod
1514 4744 1569 4799 in
1596 4759 1747 4815 pace,
1780 4743 1975 4813 inquit,

404 4837 545 4906 ejus,
565 4837 673 4892 erit
699 4850 805 4907 pax
832 4842 1012 4891 vestra
1033 4850 1049 4899 ;
1070 4822 1126 4911 et
1146 4833 1435 4904 Apostolus
1454 4836 1703 4891 hortatur
1726 4834 1842 4891 ﬁeri
1860 4848 1979 4890 ora-

406 4928 579 4983 tiones
607 4942 707 4999 pro
734 4926 983 4983 omnibus
1012 4912 1342 4990 hominibus,
1382 4940 1480 4995 pro
1518 4927 1736 4997 regibus
1782 4934 1835 4983 et
1888 4926 1974 4981 his

404 5016 498 5085 qui
527 5016 581 5070 in
609 5016 941 5073 sublimitate
964 5024 1109 5081 sunt,
1140 5022 1218 5083 ut,
1237 5014 1476 5084 quietam
1527 5023 1583 5069 et
1628 5017 1971 5088 tranquillam

406 5107 571 5162 vitam
600 5092 842 5178 agamus.
866 5096 1039 5164 Juxta
1057 5108 1201 5165 hanc
1226 5105 1454 5162 formam
1481 5106 1709 5177 populus
1738 5108 1973 5166 ﬁdelium

407 5200 461 5255 in
481 5199 642 5270 hujus
661 5198 841 5254 saeculi
864 5188 1321 5273 peregrinatione,
1340 5208 1592 5269 tanquam
1622 5200 1676 5258 in
1702 5198 1975 5272 Babylone

406 5295 671 5365 captivus,
688 5300 765 5358 et,
795 5307 1045 5363 superate
1089 5294 1280 5365 patriae
1326 5293 1620 5363 inspirans,
1646 5299 1769 5347 orat
1811 5294 1975 5348 etiam

408 5393 505 5454 pro
530 5398 663 5456 paen
693 5382 996 5454 temporali
1025 5399 1039 5437 :
1070 5398 1141 5441 ne
1167 5384 1491 5455 impediatur
1518 5399 1549 5440 a
1602 5382 1889 5454 spirituali,
1920 5393 1979 5440 ut
2038 5439 2044 5442 Α

409 5475 630 5533 remotis
668 5486 770 5549 par
794 5474 904 5541 ,Dei
932 5473 1189 5546 pietatem
1234 5476 1486 5533 omnibus
1542 5474 1975 5543 adversita‘tibus,

412 5565 644 5632 quietam
690 5574 748 5623 et
785 5563 1128 5637 tranquillam
1168 5565 1333 5619 vitam
1392 5573 1516 5637 agat
1557 5563 1816 5629 Ecclesia.
1864 5563 1977 5621 Hoc

411 5661 589 5709 autem
633 5654 997 5726 paucissimis,
1038 5656 1131 5711 scd
1160 5655 1604 5710 eminentissimis
1645 5654 1850 5708 sanctis
1881 5669 1977 5708 no-

416 5744 631 5800 minatis
657 5756 841 5803 cxorat
862 5787 875 5813 ,
930 5759 983 5801 nt
1016 5746 1362 5803 intercedente
1415 5747 1466 5802 in
1497 5746 1685 5819 primis
1715 5742 1811 5798 Dei
1835 5745 1979 5814 geni-

2103 537 2252 593 stolis
2274 537 2432 593 Petro
2453 549 2501 593 et
2518 537 2711 605 Paulo,
2736 548 2890 611 atque
2915 540 3125 596 Andrea
3154 542 3441 612 impetrare
3465 557 3673 598 merea-

2104 644 2244 683 mur.
2275 628 2332 683 ln
2356 644 2461 698 qua
2488 628 2852 698 postulatione
2876 644 2983 685 non
3010 637 3325 687 ctetcrorum
3364 639 3672 687 sanctorum

2100 718 2554 789 praetermittitur,
2608 721 2703 774 sed
2759 719 2813 773 in
2868 719 3099 775 istorum
3157 721 3669 776 commemoratione

2100 809 2281 865 omnia
2323 809 2576 881 sull‘ragia
2619 819 2963 883 expetuntur.
2994 811 3131 880 Quia
3165 813 3241 868 ita
3268 829 3457 869 omnes
3481 814 3582 869 sibi
3615 815 3668 868 in

2100 895 2211 951 Deo
2232 897 2370 952 uniti
2394 908 2539 964 sunt,
2565 898 2642 954 ita
2667 915 2834 955 unum
2851 901 3159 957 desiderant
3179 911 3234 958 et
3254 911 3444 973 rogant
3459 918 3558 973 pro
3582 920 3671 959 sa-

2098 984 2209 1042 lute
2240 987 2538 1054 hominum,
2572 998 2628 1044 ut
2655 990 2709 1044 in
2748 1005 2856 1046 uno
2882 1006 3072 1048 omnes
3113 993 3413 1048 habeantur
3440 994 3668 1064 parites,

2097 1086 2153 1132 et
2205 1077 2259 1131 in
2288 1092 2397 1133 uno
2424 1094 2615 1135 omnes
2645 1081 2850 1151 pariter
2880 1083 3241 1156 negligantur.
3282 1084 3433 1153 Quod
3489 1094 3669 1141 autem

2097 1168 2227 1224 dicit
2270 1184 2284 1223 :
2325 1170 2409 1224 Da
2442 1172 2698 1242 propitius
2738 1190 2915 1243 pacem
2943 1175 2998 1228 in
3024 1175 3205 1231 diebus
3252 1178 3464 1247 nostris.
3506 1174 3666 1231 Juxta

2094 1258 2398 1330 exemplum
2439 1261 2707 1330 Ezechiae,
2739 1265 2831 1335 qui
2877 1280 2999 1320 cum
3046 1266 3288 1323 audisset
3334 1283 3364 1322 a
3402 1268 3668 1339 Propheta

2092 1348 2233 1405 mala
2284 1358 2526 1407 venturae
2564 1354 2912 1426 captivitatis,
2945 1354 3219 1427 respondit
3259 1373 3273 1410 :
3305 1354 3433 1411 Fiat
3484 1374 3591 1428 pas:
3617 1368 3667 1414 et

2092 1439 2278 1495 veritas
2303 1441 2359 1495 in
2385 1441 2567 1497 diebus
2601 1445 2729 1499 meis
2769 1443 2874 1518 (IV
2905 1444 3030 1517 Reg.
3083 1462 3176 1512 xx,
3224 1445 3335 1517 l9),
3361 1445 3540 1501 futura
3569 1446 3661 1505 Dei

2085 1528 2289 1599 judicio
2325 1546 2633 1600 reservans,
2664 1532 2733 1590 de
2772 1536 3049 1605 presenti,
3074 1537 3217 1608 quod
3242 1536 3311 1593 ad
3334 1553 3489 1593 suam
3513 1545 3570 1593 et
3596 1539 3663 1592 ad

2089 1623 2270 1695 populi
2292 1624 2520 1681 salutem
2541 1627 2864 1697 pertinebat,
2895 1628 3215 1700 deprecans.
3241 1628 3320 1685 lta
3343 1638 3399 1685 et
3423 1629 3664 1687 Ecclesia

2089 1716 2411 1787 deprecatur
2458 1733 2646 1790 pacem
2692 1719 2749 1774 in
2796 1718 2987 1776 diebus
3014 1722 3236 1787 nostris,
3266 1722 3408 1793 quod
3442 1730 3498 1778 et
3541 1731 3666 1793 post

2091 1828 2190 1868 nos
2211 1813 2324 1881 alii,
2354 1822 2409 1870 et
2433 1823 2557 1885 post
2575 1814 2722 1887 ipsos
2752 1814 2865 1883 alii,
2900 1831 3071 1887 usque
3106 1817 3174 1871 ad
3200 1812 3360 1873 tinem
3389 1816 3567 1873 smculi
3594 1818 3664 1872 si-

2090 1902 2290 1960 militer
2311 1905 2562 1961 orabunt.
2604 1904 2713 1961 Cur
2739 1913 2919 1962 autem
2957 1907 3129 1979 ipsam
3165 1922 3357 1978 pacem
3402 1906 3659 1979 postulet,

2090 1993 2384 2067 subjungit,
2417 1995 2641 2052 scilicet
2678 2013 2691 2048 :
2724 2006 2780 2050 ut
2828 2014 2941 2068 ope,
2970 1999 3025 2053 id
3047 2006 3148 2064 est,
3183 1998 3405 2066 auxilio,
3449 2007 3507 2054 et
3531 2015 3658 2071 pro-

2088 2082 2323 2142 tectione
2350 2086 2727 2145 misericordia:
2756 2087 2851 2143 Dei
2890 2089 3084 2160 adjuti,
3120 2098 3380 2160 quantum
3421 2090 3490 2146 ad
3524 2092 3662 2148 inte-

2087 2177 2297 2233 riorem-
2325 2178 2598 2251 religionis
2623 2181 2958 2239 devotionem
2985 2180 3235 2251 pertinet,
3262 2182 3428 2236 simus
3458 2199 3659 2255 semper

2086 2287 2118 2325 α
2152 2280 2362 2341 peccato
2379 2268 2557 2337 ’liberi,
2600 2279 2856 2342 quantum
2886 2273 2955 2328 ad
2980 2274 3304 2330 exteriorem
3329 2290 3538 2346 pacem,
3574 2277 3652 2331 si-

2086 2380 2205 2421 mus
2227 2365 2362 2421 etab
2389 2367 2531 2421 omni
2569 2366 2956 2438 perturbatione
2984 2367 3173 2422 securi.
3229 2365 3486 2438 Sequitur
3516 2371 3659 2439 quod

2085 2466 2141 2511 et
2186 2456 2241 2513 in
2282 2456 2534 2514 omnibus
2572 2450 2957 2514 ecclesiasticis
3015 2458 3354 2515 orationibus
3406 2458 3656 2532 subiungi

2084 2547 2241 2613 solet,
2268 2546 2374 2602 Per
2393 2548 2676 2604 Dominum
2699 2559 2934 2605 nostrum
2959 2548 3141 2606 Iesum
3168 2548 3455 2617 Christum,
3485 2561 3540 2606 et
3570 2568 3657 2607 rc-
3688 2574 3691 2575 ν

2084 2635 2251 2709 liqua.
2282 2636 2353 2693 Ut
2377 2652 2538 2708 supra
2555 2639 2669 2711 jam
2701 2639 2955 2696 diximus.

2155 2727 2269 2783 Hac
2304 2728 2550 2784 oratione
2600 2728 2832 2800 expleta,
2865 2730 3240 2786 commiscens’
3263 2733 3518 2788 sacerdos
3558 2732 3662 2788 Do-

2087 2819 2336 2876 minicam
2376 2820 2726 2886 oblationem,
2758 2830 2818 2876 ut
2849 2821 2992 2877 calix
3035 2820 3247 2876 Domini
3279 2829 3445 2877 totam
3487 2822 3659 2892 pleni-

2087 2910 2327 2966 tudinem
2379 2910 2658 2967 contineat
2705 2911 3057 2976 sacramenti,
3090 2918 3346 2982 tanquam
3364 2927 3469 2983 per
3515 2909 3659 2981 ejus-

2086 3001 2207 3057 dem
2262 3000 2505 3075 mysterii
2569 3001 2967 3075 copulationem
3017 3002 3351 3073 imprecatur
3403 3003 3659 3061 Ecclesia:

2083 3109 2311 3165 pacem,-
2343 3095 2569 3155 dicens:
2598 3092 2719 3149 Pax
2747 3095 2960 3151 Domini
3003 3095 3071 3151 sit
3121 3112 3323 3168 semper
3364 3096 3655 3153 vobiscum.

2082 3183 2180 3239 Cul
2224 3191 2431 3240 tantum
2467 3182 2669 3241 bonum
2693 3184 2858 3240 etiam
2889 3184 3129 3240 Ecclesia
3167 3169 3516 3256 imprecetur,
3546 3203 3660 3242 res—

2080 3273 2321 3345 pondens
2361 3274 2436 3329 illi
2467 3293 2478 3328 :
2512 3274 2581 3328 Et
2610 3291 2727 3329 cum
2762 3275 2948 3345 spiritu
2979 3286 3090 3330 tuo.
3126 3275 3237 3343 Pax
3266 3276 3497 3345 Domini,
3544 3280 3656 3349 ipsa

2079 3375 2164 3423 est
2190 3382 2296 3437 pax
2341 3365 2565 3433 Christi,
2593 3382 2712 3438 qua:
2740 3366 2903 3423 linem
2945 3384 3052 3423 non
3078 3370 3257 3433 habet,
3291 3378 3346 3426 et
3374 3381 3455 3427 est
3480 3375 3659 3429 omnis

2079 3459 2182 3530 piae
2202 3459 2433 3516 actionis
2457 3459 2747 3530 perfectio.
2766 3460 2907 3515 Vera
2951 3472 3132 3517 autem
3160 3478 3263 3534 pax
3288 3463 3549 3521 unitatem
3578 3466 3657 3520 fa-

2079 3554 2172 3617 cit,
2220 3554 2488 3625 quomodo
2515 3553 2605 3625 qui
2649 3553 2879 3608 adliceret
2906 3553 3151 3620 Domino,
3183 3572 3318 3610 unus
3339 3557 3561 3627 spiritus
3583 3569 3655 3611 est

2082 3643 2136 3717 (Ι
2177 3644 2299 3699 Cor.
2347 3660 2422 3711 vt,
2453 3644 2561 3716 l7).
2600 3642 2901 3715 lmprecata
2948 3645 3113 3715 igitur
3141 3662 3295 3714 pace,
3329 3648 3593 3716 incipiens
3625 3668 3654 3701 a

2072 3724 2379 3799 sacerdote,
2416 3734 2517 3804 dat
2539 3734 2641 3790 sibi
2673 3743 2859 3790 mutuo
2911 3736 3086 3791 omnis
3140 3736 3389 3792 Ecclesia
3410 3739 3654 3794 osculum

2080 3822 2249 3892 pacis,
2288 3830 2349 3877 ut
2373 3822 2625 3877 omnibus
2654 3837 2781 3877 vera
2810 3838 2941 3892 pace
2972 3824 3137 3880 unitis
3169 3823 3264 3880 [lat
3286 3825 3341 3880 in
3387 3826 3467 3881 eis
3503 3827 3656 3884 locus

2080 3912 2199 3978 Dei,
2223 3913 2365 3968 sicut
2384 3913 2581 3968 dicitur
2607 3931 2619 3967 :
2650 3911 2791 3967 Deus
2819 3914 2871 3968 in
2892 3912 3008 3969 loco
3031 3925 3212 3969 sancto
3241 3932 3361 3982 suo,
3388 3916 3528 3972 Deus
3566 3923 3655 3991 qui

2078 4004 2370 4059 inhabitare
2410 4004 2539 4075 facit
2582 4004 2857 4059 unanimes
2880 4004 2934 4059 in
2978 4004 3133 4060 domo
3175 4004 3347 4078 (Psal.
3372 4024 3540 4073 van,
3576 4009 3650 4080 7).

2080 4095 2146 4150 Et
2161 4096 2264 4151 hoc
2284 4110 2352 4150 ex
2376 4095 2667 4152 traditione
2690 4095 3057 4166 apostolon
3086 4105 3269 4152 servat
3290 4097 3542 4161 Ecclesia,
3565 4101 3651 4153 cui

2080 4186 2390 4258 frequenter
2416 4188 2484 4243 ab
2505 4188 2585 4244 eis
2610 4187 2811 4243 dicitur
2840 4207 2851 4240 :
2884 4186 3125 4242 Salutate
3146 4189 3363 4243 invicem
3389 4191 3443 4244 in
3474 4192 3653 4245 osculo

2076 4289 2256 4333 sancto
2273 4279 2325 4351 (Ι
2338 4279 2460 4335 Cor.
2488 4295 2600 4346 xvt,
2621 4278 2713 4350 20)
2742 4319 2756 4343 ,
2786 4278 2839 4333 id
2865 4286 2971 4342 est,
2993 4278 3242 4348 paciﬁca,
3269 4294 3416 4345 vero,
3445 4283 3650 4338 colum-

2077 4370 2227 4438 bino,
2267 4387 2374 4427 non
2403 4362 2552 4436 ﬁcto,
2716 4369 2961 4436 subdolo,
2995 4369 3139 4440 quali
3168 4380 3412 4440 utuntur,
3449 4375 3540 4446 qui
3569 4375 3650 4431 to-

2078 4472 2309 4535 quuntur
2330 4478 2513 4534 pacem
2535 4477 2654 4516 cum
2681 4460 2921 4531 proximo
2947 4476 3063 4526 suo,
3090 4460 3233 4516 mala
3262 4474 3435 4519 autem
3456 4476 3576 4519 sunt
3598 4468 3655 4521 in

2079 4554 2322 4611 cordibus
2363 4553 2575 4609 illorum
2628 4551 2799 4625 (Psal.
2851 4569 3025 4619 xxvii,
3054 4552 3131 4625 3).
3183 4554 3265 4609 llli
3311 4571 3439 4628 ergo
3467 4558 3653 4611 osculo

2079 4654 2265 4701 sancto
2309 4645 2551 4701 salutant
2594 4644 2847 4711 invicem,
2890 4646 2979 4717 qui
3005 4660 3109 4700 non
3134 4645 3360 4717 diligunt
3381 4646 3530 4701 verba
3559 4663 3651 4700 nec

2076 4736 2281 4808 lingua,
2306 4736 2396 4792 sed
2422 4752 2574 4807 opere
2608 4745 2657 4791 et
2681 4737 2895 4791 ueritate
2924 4736 2977 4808 (1
2998 4737 3158 4792 lacn.
3185 4754 3265 4803 ιιι,
3294 4737 3403 4807 18).

2108 4842 2109 4845 ‘
2148 4828 2293 4885 Inter
2316 4830 2432 4886 haec
2469 4836 2721 4885 cantatur
2741 4828 2810 4883 ab
2840 4828 3113 4894 omnibus,
3142 4836 3197 4883 et
3224 4829 3494 4884 cantando
3530 4845 3649 4885 ora-

2078 4930 2186 4987 tur,
2219 4920 2519 4977 dicentibus
2547 4938 2562 4974 :
2585 4918 2762 4991 Agnus
2785 4918 2908 4984 Dei,
2933 4919 3021 4987 qui
3046 4918 3184 4974 tollis
3207 4930 3417 4990 peccata
3441 4922 3648 4988 mundi,

2079 5022 2136 5071 et
2178 5014 2403 5085 reliqua.
2435 5010 2625 5069 Nullus
2652 5013 2798 5069 enim
2847 5011 2987 5068 tollit
3010 5021 3250 5084 peccata,
3304 5013 3406 5069 nisi
3446 5014 3532 5069 ille
3562 5031 3649 5070 so-

2081 5106 2185 5171 lus,
2213 5106 2298 5163 cui
2318 5103 2526 5161 nullum
2552 5103 2753 5164 bonum
2780 5102 3014 5161 hominis
3044 5103 3372 5174 impossibile
3392 5111 3496 5169 est.
3526 5106 3647 5160 nul-

2081 5198 2192 5253 lum
2234 5195 2436 5254 malum
2494 5194 2811 5268 insanabile.
2864 5192 3143 5261 Quomodo
3186 5201 3366 5247 autem
3420 5183 3646 5264 peccata

2082 5283 2266 5343 mundi
2311 5284 2486 5351 tollat,
2533 5281 2770 5341 Joannes
2816 5282 2869 5337 in
2914 5273 3236 5353 Apocalypsi
3276 5284 3642 5352 demonstrat,

2078 5376 2183 5444 Qui
2205 5362 2387 5449 ditarit
2421 5392 2537 5443 nos,
2563 5372 2830 5446 inquiens,
2852 5382 2902 5427 et
2928 5372 3053 5429 lavit
3089 5390 3183 5428 nos
3228 5392 3261 5428 a
3298 5375 3531 5447 peccatis.
3549 5394 3644 5430 no-

2078 5468 2201 5524 stris
2224 5468 2279 5522 in
2299 5467 2554 5536 sanguine
2573 5482 2671 5521 suo
2698 5462 2881 5537 (Apoc.
2909 5480 2947 5530 1,
2970 5454 3047 5537 5),
3074 5466 3290 5535 quando
3320 5466 3493 5537 ipsum
3515 5481 3643 5521 san—

2077 5560 2292 5633 guinem
2320 5558 2466 5615 dedit
2491 5574 2589 5629 pro
2610 5559 2764 5614 nobis
2787 5558 2843 5615 in
2866 5572 3047 5623 cruce,
3078 5556 3160 5613 vel
3183 5558 3396 5627 quando
3416 5559 3645 5630 quisque

2078 5662 2321 5706 nostrum
2353 5650 2407 5704 in
2435 5651 2693 5721 mysterio
2719 5663 2888 5705 sacrae
2914 5648 3179 5719 passionis
3220 5646 3362 5703 illius
3389 5650 3640 5721 baptismi

2080 5741 2236 5813 aquis
2278 5740 2490 5797 ablutus
2524 5751 2604 5797 est
2633 5760 2647 5795 :
2682 5756 2866 5797 verum
2886 5736 3058 5795 etiam
3086 5740 3323 5810 quotidie
3352 5741 3487 5799 tollit
3513 5759 3638 5814 pec—
