4232 6206
642 205 769 264 l2?!

1490 211 1550 265 Β.
1593 212 1657 268 l".
1696 212 1926 268 ALBLVI
1967 212 2097 269 εει]
2139 213 2417 271 Αιςυιλι
2458 216 2744 276 OPERUM
2781 218 2962 275 PARS
3000 219 3091 276 lX.

3774 226 3919 281 im

633 334 755 377 cata
795 322 1000 388 mundi,
1048 324 1298 394 lavatque
1334 338 1501 379 -nosa
1527 325 1768 393 peccatis
1814 324 2015 380 nostris
2041 324 2219 395 quoti-
2246 329 2297 387 Α
2325 325 2601 397 Virginem
2646 327 2822 393 venit,
2864 328 3088 385 dicens:
3142 329 3277 385 Ecce
3321 331 3598 402 concipics,
3648 344 3697 388 et
3738 336 3917 405 paries

636 417 812 471 dianis
841 417 895 471 in
919 418 1182 488 Sanguine
1202 434 1320 484 suo,
1338 435 1461 475 cum
1474 419 1630 489 cujus
1648 419 1892 488 ejusdem
1910 421 2083 477 beata:
2100 436 2223 492 pas-

631 508 802 581 sionis
829 502 897 564 ad
928 509 1100 564 altare
1132 510 1392 565 memoria
1423 510 1732 581 replicatur.

679 599 831 654 'Post
856 601 971 655 haec
997 612 1215 671 sumpta
1255 602 1608 669 eucharistia,
1640 604 1695 659 id
1721 613 1825 671 est,
1848 605 2005 660 bona
2022 605 2220 675 gratia,

630 690 829 759 (gratia
855 690 1003 746 enim
1048 690 1145 746 Dei
1172 706 1271 762 pro
1298 692 1555 748 omnibus
1601 695 1841 764 gustavit
1886 693 2138 766 mortem)
2167 702 2223 749 et

628 778 907 835 celebrata
956 781 1256 850 gratiarum
1302 780 1537 848 actione,
1568 784 1927 855 respondetur
1951 784 2019 838 ab
2043 783 2219 838 omni-

627 873 750 937 bus,
776 872 961 928 Amen.
1011 871 1138 929 Haec
1182 874 1330 929 enim
1358 874 1506 930 clara
1536 889 1642 931 vox
1671 875 1954 948 sanguinis
1984 874 2216 941 Christi,

624 980 789 1033 quam
815 966 1034 1036 sanguis
1064 966 1167 1021 iste
1197 965 1455 1037 exprimit
1474 981 1543 1022 ex
1572 981 1670 1024 ore
1711 966 1971 1035 ﬁdelium,
2026 969 2216 1023 eodem

624 1056 885 1126 sanguine
936 1056 1355 1126 redemptorum.
1401 1056 1598 1112 Finitis
1664 1058 1954 1123 omnibus,
2012 1060 2212 1114 astanti

622 1156 679 1200 et
729 1148 1034 1203 observanti
1080 1147 1279 1220 populo
1328 1147 1599 1206 absolutio
1652 1149 1832 1217 datur,
1884 1151 2213 1216 inclamante

624 1237 862 1295 Diacono
891 1256 904 1292 :
936 1238 1042 1306 Ite,
1074 1241 1238 1295 missa
1280 1249 1377 1295 est.
1414 1238 1579 1296 Missa
1624 1255 1755 1314 ergo
1783 1243 1918 1298 nihil
1954 1243 2099 1299 aliud
2129 1245 2212 1299 in-

625 1328 906 1401 telligitur,
934 1345 1096 1401 quam
1147 1330 1415 1398 dimissio,
1459 1332 1513 1388 id
1559 1341 1664 1398 est,
1710 1332 1998 1399 absolutio,
2045 1351 2209 1406 quam

621 1421 914 1476 celebratis
954 1422 1227 1489 omnibus,
1253 1430 1381 1478 tunc
1406 1422 1669 1479 diaconus
1697 1439 1820 1480 esse
1868 1427 2204 1496 pronuntiat,

619 1530 743 1570 cum
763 1514 995 1585 populus
1022 1532 1052 1571 a
1082 1515 1311 1572 solemni
1338 1517 1721 1574 observatione
1744 1519 2056 1576 dimittitur.
2088 1521 2204 1577 Un-

617 1606 685 1661 de
714 1614 770 1661 et
799 1605 1021 1661 Missam
1046 1606 1536 1663 catechumenorum
1558 1623 1796 1664 canones
1826 1609 2033 1675 dicunt,
2065 1625 2202 1680 quo-

2288 464 2291 467 ,
2321 417 2515 486 ﬁlium,
2548 434 2745 490 usque,
2776 422 2887 493 ipse
2909 424 3046 477 enim
3068 422 3272 478 salvum
3303 424 3460 493 faciet
3482 426 3734 497 populum
3754 445 3915 484 suqu

2321 527 2354 563 a
2375 512 2601 580 peccatis
2622 529 2804 567 eorum
2827 513 2981 585 (Luc.
3009 530 3052 579 ι,
3078 514 3191 585 3i).
3220 513 3378 570 Iesus
3405 515 3694 585 Hebraice,
3719 518 3915 577 Graec

2322 597 2501 667 Soter,
2529 600 2723 658 Latine
2754 600 3002 659 Saluator
3030 605 3250 659 dicitur.
3281 602 3524 662 Christus
3553 607 3764 675 Graec,
3790 611 3913 668 ﬂe-

2319 690 2503 746 braice
2539 691 2781 758 Messias,
2820 693 3012 749 Latine
3050 693 3272 750 Unctus.
3316 695 3434 752 Non
3462 696 3566 753 fuit
3590 708 3774 755 autem
3804 716 3909 758 tm-

2317 791 2438 837 ctus
2460 782 2582 839 oleo
2607 785 2826 850 visibili,
2871 785 3012 841 sicut
3042 788 3367 858 patriarcha:
3393 798 3450 845 et
3478 792 3781 863 prophetae,
3807 795 3902 866 qui

2318 873 2557 943 antiquis
2584 878 2919 945 temporibus
2938 878 3058 933 oleo
3081 881 3438 952 angebantur.
3463 882 3555 939 De"
3568 886 3768 955 quibus
3788 886 3903 958 ipse

2318 960 2577 1020 Dominus
2616 966 2786 1021 dicit:
2820 966 3003 1022 Nolite
3048 979 3261 1040 tangere
3304 969 3542 1028 Christus
3582 991 3744 1041 meos,
3794 985 3901 1034 etc.

2317 1051 2493 1122 (Psal.
2519 1069 2628 1119 etv,
2658 1057 2677 1108 ι
2690 1054 2767 1125 5),
2799 1056 2892 1112 sed
2913 1057 3036 1113 oleo
3056 1059 3333 1126 invisibili,
3358 1061 3412 1117 id
3437 1070 3540 1127 est,
3571 1064 3902 1135 plenitudine

2315 1142 2551 1213 Spiritus
2602 1146 2796 1201 sancti.
2832 1147 3007 1226 {Unde
3060 1148 3347 1207 Psalmista
3376 1171 3391 1207 :
3423 1151 3585 1209 Unxit
3623 1164 3677 1211 te
3722 1155 3895 1226 Deus,

2311 1200 2454 1289 Deus
2490 1244 2612 1290 tuus
2653 1200 2768 1293 oleo

2309 1339 2456 1391 xuv,
2488 1324 2565 1398 8).
2600 1324 2845 1383 Unicum.
2895 1329 3101 1387 Unicus
3146 1332 3364 1399 dicitur,
3402 1336 3531 1404 quia
3576 1337 3772 1394 unicus
3812 1347 3897 1394 est

2309 1411 2420 1469 Deo
2460 1414 2632 1471 Patri.
2664 1417 2732 1471 Et
2762 1418 2955 1475 unicus
2990 1430 3076 1476 est
3098 1421 3209 1477 Deo
3236 1422 3406 1490 Patri,
3434 1426 3560 1496 quia
3585 1442 3689 1483 nec
3707 1428 3901 1485 habuit

2306 1501 2472 1560 Pater
2514 1507 2713 1563 Filium
2752 1518 2880 1566 ante
2928 1511 3101 1578 illum,
3156 1528 3258 1570 nec
3303 1525 3462 1586 post;
3510 1534 3687 1590 neque
3728 1529 3901 1578 mater

2301 1596 2570 1656 similiter.
2611 1601 2891 1659 Dominum
2927 1614 3192 1661 nostrum.
3253 1609 3513 1667 Dominus
3561 1621 3751 1670 noster
3791 1623 3897 1681 est,

616 1700 763 1755 niam
809 1709 935 1773 post
979 1700 1245 1772 evangelii
1287 1701 1575 1757 lectionem
1630 1702 1897 1773 incipiunt
1938 1679 2203 1759 celebrari
2240 1679 2283 1739 Β
2309 1691 2401 1759 (illi
2448 1691 2762 1750 dominam?
2800 1698 2977 1753 nostri
3012 1698 3066 1754 in
3096 1700 3350 1759 omnibus
3376 1704 3646 1760 creaturis
3675 1679 3898 1761 visibili¥

612 1808 770 1848 sacra
800 1792 1083 1864 mysteria,
1114 1792 1311 1863 quibus
1363 1793 1571 1848 nullum
1602 1794 1705 1848 nisi
1752 1792 2088 1864 baptizatum
2119 1794 2205 1849 in-

614 1894 825 1939 teresse
875 1883 1002 1938 licet
1033 1903 1047 1937 ;
1081 1892 1209 1939 tunc
1243 1883 1389 1938 enim
1424 1883 1696 1938 clamante
1743 1883 1995 1948 diacono,
2036 1883 2203 1939 iidem

609 1978 987 2033 catechumeni
1034 1972 1391 2031 mittebantur
1434 1975 1601 2031 foras.
1660 1975 1822 2031 Missa
1875 1990 2007 2048 ergo
2060 1988 2207 2032 cate-

611 2067 1005 2123 rhumenornm
1040 2065 1201 2120 ﬁebat
1234 2073 1361 2120 ante
1389 2064 1660 2121 actionem
1694 2075 2201 2133 sacramentorum;

610 2157 775 2212 Missa
804 2156 1042 2211 ﬁdelium
1074 2165 1196 2227 post
1224 2155 1618 2213 confectionem
1645 2166 1702 2213 et
1730 2158 2201 2228 participationem

606 2247 923 2305 eorumdem
967 2255 1458 2305 sacramentorum.
1506 2247 1603 2303 Vel
1649 2249 1817 2304 missa
1858 2257 1967 2313 est,
1997 2247 2050 2303 id
2096 2257 2199 2312 est,

605 2337 844 2404 directa;
878 2339 994 2393 sive
1037 2338 1204 2392 missa
1233 2346 1337 2403 cst,
1370 2338 1424 2393 id
1451 2346 1549 2401 est,
1583 2336 1824 2407 perfecta
1862 2345 1947 2393 est
1979 2352 2079 2408 pro
2105 2353 2202 2393 no-

605 2431 691 2485 bis
719 2429 924 2486 oblatio
959 2438 1014 2485 et
1039 2431 1215 2485 oratio

1093 2539 1257 2612 509
1285 2540 1514 2597 mum
1570 2540 1704 2595 xu.

1190 2627 1216 2652 “
1254 2627 1319 2667 DE
1354 2628 1613 2667 εῑιιιιοιο.

677 2705 993 2776 Symbolum
1037 2703 1246 2768 Graece,
1297 2702 1489 2759 Latine
1522 2702 1761 2768 collatio,
1808 2704 1923 2758 sive
1959 2703 2192 2772 signum,

603 2796 686 2849 vel
744 2795 1020 2849 indicium.
1071 2792 1374 2858 Indicium,
1428 2792 1554 2862 quia
1604 2792 1677 2846 ibi
1728 2791 2002 2845 indicatur
2060 2789 2197 2846 ﬁdes

603 2896 806 2941 sancta:
849 2884 1159 2948 Trinitatis,
1186 2884 1420 2954 qualiter
1455 2883 1648 2937 debeat
1672 2882 1823 2937 credi
1852 2882 2016 2938 Pater
2040 2882 2192 2952 inge-

603 2976 769 3039 nitus,
821 2973 991 3028 Filius
1030 2975 1264 3044 genitus,
1316 2971 1553 3043 Spiritus
1596 2980 1819 3027 sanctus
1862 2973 1929 3027 ab
1960 2980 2192 3043 utroque

600 3065 917 3133 procedens.
958 3062 1203 3133 Signum,
1238 3062 1365 3132 quia
1392 3062 1703 3133 quicunque
1732 3062 1848 3117 haec
1874 3060 2037 3117 verba
2064 3076 2192 3132 pro-

598 3156 725 3223 fert,
753 3158 991 3213 ostendit
1021 3172 1079 3212 se
1108 3157 1175 3212 ad
1206 3156 1377 3212 Deum
1424 3156 1510 3211 vel
1553 3156 1621 3211 ad
1654 3172 1940 3212 numerum
1970 3158 2193 3213 creden-

599 3249 734 3302 tium
766 3249 1061 3318 pertinere.
1102 3246 1329 3302 Collatio
1356 3247 1556 3301 dicitur
1584 3246 1923 3302 conferentia
1948 3248 2030 3303 vel
2058 3264 2189 3304 con-
2218 3291 2224 3297 .

597 3340 781 3394 ductio
802 3338 1095 3394 verborum
1124 3338 1179 3392 in
1210 3353 1374 3391 unum
1403 3336 1565 3393 facta.
1587 3337 1791 3393 Beatus
1809 3337 2190 3408 Augustinush

596 3443 653 3487 et
695 3431 929 3501 majores
972 3432 1143 3486 nostri
1187 3432 1427 3497 tradunt,
1473 3431 1600 3502 quia
1640 3439 1929 3502 postquam
1962 3431 2191 3501 apostoli

598 3536 927 3598 acceperunt
968 3525 1231 3596 Spiritum
1263 3534 1534 3591 sanctum,
1563 3523 1860 3596 profecturi
1889 3524 1945 3579 in
1973 3540 2190 3579 omnem

598 3631 803 3673 terram
830 3618 1087 3672 dixerunt
1122 3617 1323 3671 bonum
1347 3630 1485 3681 esse,
1516 3613 1646 3687 [ut,J
1676 3615 1801 3685 quia
1830 3630 1994 3670 unum
2020 3613 2205 3691 Deum,

597 3710 912 3774 credebant,
948 3723 1110 3762 unam
1141 3707 1299 3763 ﬁdem
1326 3707 1708 3779 praedicarent.
1744 3707 2037 3763 Duodecim
2064 3722 2191 3777 apo-

598 3799 725 3856 stoli
770 3799 1022 3865 fuerunt,
1071 3799 1356 3853 duodecim
1404 3799 1570 3853 verba
1619 3807 2081 3877 composuerunt,
2137 3805 2192 3851 et

600 3892 1060 3948 denuntiaVerunt
1091 3906 1199 3946 non
1223 3904 1286 3945 ea
1316 3891 1515 3961 scripta
1540 3889 1743 3945 habere
1768 3890 1823 3943 in
1849 3889 2192 3944 membranu-

592 3986 693 4044 lis.
736 3986 831 4042 scd
868 3985 923 4040 in
963 3984 1166 4039 tabulis
1202 3983 1383 4038 cordis
1420 3982 1697 4038 retinete:
1732 3980 1872 4048 Quia
1903 3981 2057 4036 corde
2080 3998 2191 4036 cre-

591 4079 742 4133 ditur
770 4078 839 4131 ad
854 4077 1144 4147 justitiam,
1169 4092 1259 4129 ore
1277 4084 1452 4129 autem
1475 4074 1733 4144 confessio
1762 4074 1826 4142 ﬁt
1854 4072 1924 4127 ad
1943 4072 2186 4127 salutent.

665 4166 833 4222 Credo
875 4169 929 4220 in
974 4166 1162 4220 Deum.
1200 4165 1383 4231 Aliud,
1423 4164 1588 4221 credo
1629 4164 1759 4231 Deo,
1813 4163 1957 4219 aliud
1993 4163 2185 4229 Deum,

593 4268 649 4311 et
679 4259 825 4312 aliud
860 4260 912 4312 in
952 4258 1143 4312 Deum.
1175 4257 1351 4313 Credo
1390 4257 1502 4313 Deo
1547 4258 1731 4312 omnia
1772 4258 1970 4322 inesse,
2023 4257 2188 4313 credo

593 4350 761 4402 Deum
790 4362 917 4401 vera
942 4346 1148 4411 dicere,
1184 4349 1347 4401 credo
1374 4347 1429 4401 in
1457 4346 1651 4413 Deum,
1702 4347 1756 4402 id
1799 4356 1882 4401 est
1914 4348 2186 4402 credendo

591 4438 740 4492 illmn
774 4436 957 4509 diligo.
1002 4432 1217 4490 Patrem
1254 4436 1677 4505 omnipotentem.
1708 4435 1874 4490 Pater
1898 4435 2182 4490 relativum

592 4547 785 4586 nomen
836 4538 920 4585 est
964 4544 995 4583 a
1041 4528 1172 4583 lilio.
1252 4528 1416 4584 Pater
1459 4529 1658 4585 dicitur
1701 4544 1766 4585 eo
1803 4531 1946 4600 quod
1988 4530 2186 4586 habeat

590 4623 778 4676 tilium.
819 4619 935 4676 Non
982 4620 1347 4692 enimpotest
1383 4621 1486 4678 dici
1528 4620 1710 4687 Pater,
1750 4622 1855 4677 nisi
1890 4622 2087 4677 habeat
2117 4622 2182 4677 fi-

587 4710 752 4774 lium,
811 4726 985 4780 neque
1034 4710 1210 4775 ﬁlius,
1280 4711 1383 4765 nisi
1442 4711 1641 4765 habeat
1699 4718 1930 4781 patrem.
2000 4711 2183 4765 Omni-

586 4812 861 4871 potcntem.
913 4800 1265 4872 Omnipotens
1314 4803 1517 4857 dicitur
1558 4817 1624 4857 eo
1672 4802 1817 4871 quod
1857 4801 2039 4878 omnia
2090 4816 2185 4870 po-

590 4904 712 4948 test.
742 4892 808 4947 Et
844 4908 1013 4962 quare
1043 4894 1245 4948 dicitur
1272 4898 1645 4967 omnipotens,
1690 4911 1814 4951 cum
1863 4894 2045 4949 omnia
2076 4908 2182 4947 non

586 4986 796 5056 possit?
840 4985 1054 5041 Mentiri
1106 5001 1213 5041 non
1261 4995 1463 5057 potest,
1518 4990 1645 5058 quia
1686 4986 2044 5044 immutabilis
2071 4993 2178 5042 est.

586 5080 691 5135 Sed
740 5081 1018 5135 sciendum
1067 5079 1194 5149 quia
1243 5079 1507 5149 quidquid
1548 5080 1699 5135 illum
1734 5082 1926 5148 decet,
1976 5088 2175 5152 potest.

585 5170 652 5224 In
696 5170 879 5226 Iesum
923 5168 1193 5226 Christum
1238 5167 1444 5223 Filium
1494 5168 1634 5239 ejus,
1681 5171 1927 5235 subaudi,
1977 5172 2171 5227 credo.

583 5258 737 5313 Iesus
763 5274 954 5314 nomen
982 5268 1063 5315 est
1091 5258 1445 5315 humanitatis
1472 5268 1764 5329 assumpta:
1786 5275 1817 5314 a
1842 5260 2039 5317 Verbo.
2067 5261 2173 5317 An-

584 5349 734 5416 gelus
779 5351 1035 5420 imposuit
1077 5352 1126 5406 ei
1157 5353 1260 5406 hoc
1302 5365 1521 5414 nomen,
1573 5351 1789 5420 quando
1837 5353 1903 5407 ad
1950 5352 2172 5408 Mariam

658 5495 679 5519 ει
714 5484 905 5562 Capita
946 5500 1039 5538 sex
1084 5486 1367 5553 sequentia
1392 5456 1637 5555 primum
1667 5500 1695 5538 a
1728 5484 2068 5552 Quercctano
2106 5502 2170 5541 ex

588 5569 667 5604 tux
725 5564 970 5620 restituta
1004 5568 1148 5609 sunt.
1378 5614 1392 5620 ,

662 5624 684 5658 h
722 5616 761 5673 ll
784 5638 842 5675 rc
878 5634 1094 5694 arrepta
1138 5616 1392 5683 \ialcnlur
1417 5641 1481 5682 ex
1516 5644 1678 5683 St‘l‘ltt.
1717 5630 1779 5683 dc
1813 5629 2055 5698 symbolo
2086 5631 2169 5683 in-

2305 1782 2408 1836 bus
2449 1793 2505 1839 et
2552 1784 2935 1842 invisibilibus.
2988 1787 3094 1854 Qui
3136 1800 3412 1863 conceptus
3458 1802 3536 1847 est
3583 1793 3650 1848 de
3690 1793 3896 1867 Spiritu

2305 1885 2507 1942 sancto,
2554 1876 2609 1934 id
2632 1885 2735 1943 est,
2764 1892 2931 1948 opere
2982 1888 3038 1937 et
3081 1882 3389 1938 ministerio
3422 1881 3661 1953 Spiritus
3701 1888 3893 1942 sancti.

2306 1964 2374 2019 Et
2402 1965 2448 2020 si
2478 1973 2776 2037 conceptus
2812 1976 2899 2023 est
2928 1983 2961 2023 ι
2990 1968 3218 2040 Spiritu,
3252 1986 3422 2041 quare
3447 1988 3555 2030 non
3580 1974 3783 2031 dicitur
3806 1975 3895 2031 Fi-

2304 2054 2411 2112 lius
2448 2054 2684 2127 Spiritus
2714 2059 2923 2114 sancti?
2990 2058 3098 2116 Sed
3127 2061 3407 2119 sciendum
3435 2065 3563 2136 quia
3592 2081 3700 2129 non
3726 2082 3889 2124 omne

2303 2148 2448 2221 quod
2472 2148 2540 2204 ab
2560 2147 2744 2219 aliquo
2770 2149 3038 2217 nascitur,
3069 2152 3188 2224 ejus
3213 2151 3357 2210 ﬁlius
3376 2154 3710 2226 appellatur;
3739 2156 3890 2212 verbi

2301 2239 2499 2308 gratia,
2552 2239 2797 2295 nascitur
2834 2240 3064 2313 capillus
3091 2258 3159 2298 ex
3199 2244 3405 2315 capite,
3436 2246 3531 2301 sed
3561 2261 3668 2302 non
3692 2245 3896 2303 dicitur

2303 2326 2447 2384 ﬁlius
2491 2329 2709 2401 capitis.
2760 2328 3024 2387 Similiter
3070 2334 3315 2389 nascitur
3358 2335 3552 2407 unguis
3590 2348 3659 2391 ex
3704 2352 3892 2405 manu,

2303 2423 2399 2477 sed
2436 2437 2545 2478 non
2586 2421 2788 2479 dicitur
2830 2423 2972 2480 ﬁlius
2999 2440 3211 2484 manus.
3249 2424 3425 2481 Natus
3453 2443 3518 2482 ea:
3552 2427 3731 2483 Maria
3769 2427 3893 2483 Fir-

2299 2514 2438 2584 gine,
2463 2513 2759 2569 secundum
2787 2529 3031 2581 carnem,
3067 2516 3194 2587 quia
3220 2516 3378 2573 beata
3407 2517 3578 2573 Maria
3604 2520 3760 2590 virgo
3787 2519 3891 2577 fuit

2299 2612 2428 2659 ante
2474 2613 2711 2675 partum,
2753 2616 2810 2661 et
2854 2607 2908 2661 in
2953 2617 3137 2677 partu,
3182 2615 3238 2662 et
3264 2616 3385 2680 post
3410 2620 3650 2683 partum.
3690 2610 3893 2668 Beatus

2296 2694 2631 2768 Augustinus
2658 2698 2791 2753 dicit
2819 2698 2891 2753 ibi
2923 2714 3085 2753 unum
3120 2701 3603 2771 comparationem.
3633 2700 3733 2758 Est
3761 2717 3886 2773 spe-

2298 2789 2481 2846 culum
2519 2790 2574 2847 in
2612 2790 2791 2862 aliqua
2831 2792 3012 2859 domo,
3046 2793 3214 2849 intrat
3243 2793 3441 2864 aliquis
3469 2796 3524 2851 in
3555 2794 3726 2860 illam,
3766 2786 3889 2850 um-

2295 2883 2394 2939 bra
2434 2882 2553 2953 ejus
2594 2900 2866 2956 apparens
2894 2886 2946 2940 in
2977 2886 3218 2956 speculo,
3258 2887 3480 2957 quando
3506 2886 3811 2956 ingreditur
3835 2898 3893 2944 et

2294 2977 2593 3048 egreditur,
2634 2992 2740 3032 non
2778 2976 2980 3049 frangit
3021 2979 3150 3035 illud
3200 2980 3794 3051 speculum:similiter
3834 2983 3891 3041 in

2300 3069 2547 3135 Domino,
2583 3069 2637 3123 in
2669 3071 2846 3127 eundo
2867 3079 2935 3138 ‘et
2964 3072 3239 3128 redeundo
3260 3082 3449 3130 uterus
3490 3075 3774 3147 virginalis
3811 3077 3895 3133 in-

2296 3168 2449 3231 teger
2488 3163 2812 3233 permansit.
2864 3160 3068 3218 Passus
3098 3164 3193 3219 sub
3231 3163 3425 3220 Pontio
3458 3162 3665 3232 Pilato,
3694 3180 3891 3222 secun-

2295 3250 2423 3324 dum
2450 3250 2867 3319 humanitatem,
2895 3252 3022 3323 quia
3054 3252 3327 3325 lapidatus
3363 3262 3472 3320 est,
3515 3255 3685 3325 virgis
3712 3269 3891 3312 casus

2294 3351 2400 3407 est,
2431 3352 2623 3414 sputus
2650 3351 2757 3409 est,
2788 3351 2845 3398 et
2873 3344 3090 3410 irrisus,
3128 3335 3421 3415 multiscius
3450 3346 3769 3401 verberibus
3810 3346 3891 3401 af-

2294 3428 2493 3497 ﬂictus,
2533 3432 2645 3497 sed,
2669 3431 2923 3487 divinitas
2952 3431 3099 3488 illius
3134 3433 3489 3504 impassibilis
3522 3436 3746 3491 mansit.
3781 3436 3884 3492 De-

2294 3535 2417 3575 mus
2446 3520 2570 3576 inde
2598 3522 3077 3592 comparationem.
3119 3521 3311 3579 incidit
3352 3524 3473 3595 quis
3518 3525 3792 3603 arborem,
3833 3526 3886 3581 in

2293 3628 2399 3684 qua
2423 3612 2611 3683 radius
2640 3613 2769 3670 solis
2805 3624 2914 3670 stat
2940 3634 2953 3669 :
2986 3616 3147 3673 arbor
3176 3615 3456 3683 inciditur,
3486 3625 3668 3673 tamen
3698 3619 3884 3675 radius

2293 3704 2425 3760 solis
2464 3704 2599 3759 nihil
2628 3705 2756 3759 mali
2784 3707 3007 3776 patitur.
3052 3705 3144 3762 Sic
3189 3706 3451 3764 Dominus
3490 3708 3650 3765 Iesus
3688 3718 3881 3765 secun-

2292 3794 2419 3847 dum
2442 3794 2837 3848 humanitatem
2861 3809 3058 3864 passus
3087 3804 3188 3859 est,
3216 3798 3514 3851 secundum
3542 3798 3881 3854 divinitatem

2294 3884 2642 3953 impassibilis
2688 3886 2908 3941 mansit.
2956 3885 3178 3942 Pontius
3219 3887 3426 3943 Pilatus
3462 3890 3742 3958 proprium
3783 3905 3881 3946 uo-

2293 3990 2415 4030 men
2442 3984 2525 4031 est
2544 3974 2723 4031 Pilati.
2755 3976 2812 4031 ln
2848 3975 3033 4031 Iudaea
3065 3986 3187 4032 erat
3215 3978 3468 4049 princeps
3501 3977 3708 4052 [Forte,
3739 3994 3881 4052 pra:-

2292 4068 2402 4142 ses]
2433 4069 2535 4125 sub
2565 4070 2781 4126 Tiberio
2812 4070 3160 4141 imperatore.
3194 4070 3296 4140 Qui
3327 4073 3551 4129 Pontius
3582 4073 3760 4130 dictus
3793 4080 3880 4129 est

2290 4163 2375 4219 vel
2400 4178 2431 4217 a
2455 4164 2625 4219 Ponto
2654 4164 2894 4236 regione,
2923 4164 3008 4219 vel
3033 4180 3064 4219 a
3092 4164 3265 4221 Ponto
3293 4165 3466 4221 insula
3496 4166 3550 4221 in
3574 4181 3682 4236 qua
3711 4175 3877 4221 natus

2288 4263 2393 4320 est,
2424 4255 2566 4310 vela
2596 4254 2819 4321 familia,
2866 4264 2926 4311 ut
2949 4257 3271 4327 quibusdam
3311 4256 3508 4324 placet.
3552 4254 3877 4324 Cruciﬁsus,

2291 4344 2344 4398 id
2369 4353 2468 4409 est,
2503 4346 2651 4418 cruci
2683 4344 2873 4401 aﬁixus
2900 4361 3021 4401 cum
3053 4344 3241 4399 clavis.
3292 4343 3445 4398 Multi
3484 4342 3876 4413 dicunt,'quod

2292 4432 2492 4489 nullam
2535 4433 2788 4503 injuriam
2837 4436 2910 4489 ibi
2960 4433 3317 4489 .sustinuerit
3370 4433 3649 4493 Dominus.
3713 4433 3872 4490 Sicut

2288 4527 2431 4583 enim
2460 4526 2687 4599 quilibet
2723 4527 2886 4580 homo
2929 4540 3104 4580 xum
3146 4536 3202 4580 et
3244 4524 3411 4582 semis
3454 4541 3626 4581 annos
3668 4525 3874 4580 habens

2288 4619 2541 4689 injuriam
2571 4618 2883 4683 sustineret,
2916 4617 2963 4672 si
2992 4618 3442 4691 cruciﬁgeretur:
3474 4620 3547 4673 ita
3578 4618 3747 4672 Filius
3772 4616 3868 4671 Dei

2288 4723 2501 4779 poenam
2528 4708 2803 4774 sustinuit,
2836 4709 2962 4779 quia
3010 4710 3058 4765 si
3102 4727 3208 4766 non
3252 4710 3491 4776 fecisset,
3528 4725 3657 4765 vera
3690 4709 3871 4780 passio

2288 4815 2394 4854 non
2435 4807 2599 4854 esset.
2650 4799 2920 4867 Mortuus,
2968 4802 3262 4858 secundum
3314 4816 3557 4856 carnem.
3612 4800 3763 4857 Unde
3814 4801 3870 4858 in
3974 4836 3977 4837 ν

2287 4890 2575 4963 Evangelio
2624 4892 2824 4948 dicitur
2866 4912 2879 4948 :
2923 4892 3187 4947 Inclinato
3216 4893 3384 4963 capite
3418 4894 3593 4947 emisit
3626 4893 3871 4966 spiritum

2240 5009 2242 5012 ν
2284 4983 2466 5055 (Joan.
2502 5002 2619 5053 xu,
2667 4986 2780 5057 '50).
2824 4986 2980 5043 Unde
3012 4992 3068 5041 et
3092 4984 3352 5039 Dominus
3380 5000 3521 5040 nona
3550 4986 3733 5042 emisit
3758 4985 3871 5056 spi-

2282 5078 2469 5145 ritum,
2493 5082 2621 5151 quia
2645 5088 2799 5136 sexta
2822 5080 2958 5134 hora
2981 5077 3155 5131 fuerat
3175 5077 3489 5135 cruciﬁxus.
3514 5080 3582 5135 Et
3604 5088 3754 5135 recto
3776 5093 3867 5134 or-

2279 5168 2404 5226 dine
2440 5170 2642 5227 factum
2672 5181 2779 5235 est,
2810 5178 2868 5226 ut
2893 5183 2999 5239 qua
3029 5168 3165 5223 hora
3191 5167 3446 5225 homo—de
3478 5169 3735 5242 paradiso
3758 5168 3871 5239 eje-

2277 5269 2398 5316 ctus
2423 5270 2528 5328 est,
2558 5262 2747 5318 eadem
2774 5259 2883 5314 illic
2912 5255 3311 5315 restitueretur.
3358 5258 3428 5313 Et
3474 5257 3729 5330 sepultus.
3768 5258 3870 5313 Se-

2278 5352 2458 5421 pultus
2480 5370 2510 5409 a
2539 5353 2741 5425 Ioseph
2779 5360 2835 5407 et
2870 5366 2898 5406 a
2930 5350 3244 5417 Nicodemo,
3277 5352 3419 5407 sicut
3444 5350 3692 5423 legimus,
3737 5351 3865 5421 quia

2279 5487 2410 5614 eaet-ti
2438 5486 2697 5613 atstctgris,
2733 5485 2819 5555 qui
2846 5486 3021 5543 editus
3053 5495 3227 5543 exstat
3254 5486 3305 5542 in
3338 5472 3579 5558 Append.
3614 5497 3744 5545 tum.
3796 5485 3864 5542 Vl

2327 5575 2460 5614 uer:
2513 5600 2522 5611 .
2557 5586 2567 5610 .~
2604 5573 2689 5614 ua.

2326 5573 2522 5629 per».
2557 5573 2689 5628 xlttg.
