4232 6214
480 272 618 328 1273

476 398 530 454 in
560 394 806 470 sepulcro
835 409 973 450 novo
1001 393 1247 465 sepelivit
1281 409 1428 461 eum,
1463 390 1611 463 quod
1654 390 1931 448 exciderat
1977 390 2030 444 in
2063 385 2107 441 Λ

473 499 644 560 petra.
685 486 964 542 Descendit
992 486 1061 540 ad
1093 485 1327 555 inferna,
1362 485 1416 539 in
1444 486 1624 540 anima
1656 483 1790 549 sola.
1822 482 2043 550 Quare?

479 580 547 637 Ut
570 578 791 643 electos,
825 577 918 648 qui
954 576 1027 632 ibi
1054 576 1438 632 detinebantur
1465 575 1661 645 injuste
1690 585 1911 646 propter
1928 574 2041 629 ori-

473 670 647 744 ginale
683 677 983 740 peccatum,
1029 669 1286 724 liberaret
1314 676 1368 724 et
1413 666 1482 723 ad
1523 666 1690 722 ctelos
1735 666 2038 722 reduceret.

476 763 627 819 Unde
651 762 848 818 dicitur
873 777 972 833 per
999 760 1325 832 Prophetam
1352 778 1367 816 :
1400 759 1510 816 Ero
1537 775 1678 815 mors
1712 769 1825 825 tua,
1851 774 2042 845 oyrmors

472 852 617 925 (Ore.
643 869 763 917 xm,
788 853 898 923 ﬂ).
940 851 1227 907 Momordit
1270 850 1532 907 Dominus
1575 849 1866 916 infernum,
1916 850 2042 919 quia

469 944 593 1000 inde
615 952 825 1015 partem
852 943 1091 1008 abstulit,
1130 952 1186 999 et
1219 951 1428 1015 partem
1473 942 1708 1012 reliquit.
1753 940 1929 997 Tertia
1958 940 2045 994 die

473 1037 778 1092 resurrexit.
822 1035 989 1091 Sexta
1026 1038 1169 1092 enim
1205 1036 1342 1092 feria
1369 1034 1661 1106 cruciﬁxus
1687 1042 1791 1100 est,
1819 1032 2044 1090 sabbato

468 1128 675 1197 quievit
704 1128 759 1182 in
790 1126 1061 1197 sepulcro,
1090 1127 1179 1183 die
1205 1125 1489 1183 Dominico
1514 1125 1813 1182 resurrexit
1842 1140 1874 1179 a
1899 1140 2045 1180 mor-

469 1222 602 1287 tuis,
631 1221 771 1276 sicut
797 1218 1143 1291 praedixerat.
1187 1219 1342 1276 Unde
1374 1219 1506 1275 dicit
1542 1218 1611 1273 ad
1648 1225 1858 1287 patrem
1886 1236 1900 1272 :
1933 1216 2045 1273 Etc-

468 1329 684 1384 surgam
727 1308 960 1365 diluculo
995 1308 1168 1382 (Psal.
1205 1325 1317 1375 LVI,
1356 1309 1433 1381 9).
1474 1309 1721 1363 Ascendit
1761 1307 1832 1361 ad
1867 1307 2040 1372 ctelos,

468 1402 882 1474 quadragesimo
906 1401 995 1457 die
1024 1398 1445 1458 resurrectionis
1488 1415 1619 1456 suae.
1667 1397 1804 1454 Nam
1844 1414 1943 1469 per
1974 1415 2043 1455 ιι.

469 1493 587 1550 dies
627 1500 981 1549 conversatus
1007 1504 1092 1549 est
1119 1506 1243 1549 cum
1265 1491 1544 1562 discipulis
1564 1490 1699 1555 suis,
1736 1498 1792 1544 et
1819 1489 2044 1545 mandu-

466 1584 610 1638 cavit
646 1598 770 1639 cum
797 1582 925 1648 illis,
953 1583 1095 1639 sicut
1117 1582 1363 1653 legimus,
1390 1588 1603 1653 partem
1627 1580 1793 1651 piscis
1828 1580 1954 1645 assi,
1976 1586 2043 1647 et

464 1673 648 1731 favum
692 1675 888 1731 mellis.
929 1674 1076 1730 Bibit
1115 1674 1280 1729 etiam
1320 1687 1444 1729 cum
1486 1672 1614 1737 illis,
1655 1672 1797 1728 sicut
1844 1670 2041 1728 Petrus

465 1767 600 1823 dixit
628 1782 643 1822 :
680 1765 848 1823 Nobis
886 1768 975 1840 qui
1014 1766 1443 1821 manducavimus
1471 1775 1520 1820 et
1554 1765 1773 1820 bibimus
1797 1783 1917 1821 cum
1944 1766 2036 1821 illo

460 1871 735 1932 postquam
785 1860 1071 1917 resurrexit
1101 1877 1134 1915 a
1162 1860 1384 1916 mortuis
1432 1858 1570 1931 (Act.
1602 1875 1657 1926 x,
1707 1859 1818 1932 Η).
1860 1858 2038 1926 Quare

462 1952 811 2008 manducavit
837 1968 959 2008 cum
1002 1952 1111 2008 illis
1146 1960 1268 2023 post
1308 1951 1797 2008 resurrectionem?
1835 1948 1951 2006 Non
1979 1959 2039 2006 ut

460 2040 583 2095 cibo
608 2043 879 2111 corporali
910 2043 1193 2114 indigeret,
1224 2043 1319 2099 sed
1346 2052 1407 2098 ut
1432 2043 1830 2099 demonstraret
1848 2058 2037 2098 verum

461 2146 658 2203 corpus
701 2148 759 2189 se
788 2134 1085 2205 sumpsisse
1131 2135 1197 2190 de
1240 2135 1526 2206 sepulcro,
1585 2152 1694 2191 non
1748 2136 2034 2191 factitium.

458 2226 624 2284 Cibus
662 2237 844 2285 autem
885 2229 975 2286 ille
1020 2230 1094 2284 ita
1140 2228 1425 2285 deﬁciebat
1452 2245 1483 2284 a
1513 2230 1715 2286 virtute
1746 2229 2039 2286 divinitatis

459 2316 622 2382 illius,
659 2326 721 2373 ut
753 2319 1093 2388 postmodum
1136 2333 1243 2374 non
1270 2327 1444 2385 esset;
1478 2319 1635 2383 sicut,
1663 2320 1812 2376 verbi
1836 2319 2031 2390 gratia,

458 2420 609 2485 gutta
651 2427 805 2482 aqua:
848 2411 1030 2468 deﬁcit
1068 2428 1100 2466 a
1141 2411 1309 2468 nimio
1333 2412 1512 2469 calore
1552 2411 1714 2482 ignis.
1769 2410 1925 2467 Sedet
1966 2412 2035 2465 ad

456 2504 727 2559 dexteram
760 2502 855 2557 Dei
883 2502 1062 2557 Patris
1088 2503 1472 2575 omnipotentis.
1521 2502 1704 2568 Sedet,
1734 2503 1861 2573 quia
1884 2502 2037 2557 habi-

458 2598 539 2648 tat
563 2594 619 2648 in
634 2592 1002 2665 magnitudine
1019 2600 1259 2663 paterna
1278 2593 1581 2663 maiestatis
1600 2591 1851 2648 feliciter.
1876 2590 2033 2658 Inde,

454 2683 512 2739 id
538 2692 642 2750 est,
673 2685 739 2740 de
768 2684 942 2751 caelis,
981 2696 1231 2740 venturus
1248 2686 1497 2755 judicare
1543 2688 1681 2742 vivos
1705 2696 1753 2741 et
1776 2697 2032 2741 mortuos.

456 2770 643 2842 Vivos,
690 2776 782 2844 qui
817 2785 944 2832 tunc
964 2777 1071 2832 vivi
1107 2770 1461 2848 reperientur,
1502 2779 1628 2849 quia
1658 2778 1761 2833 iste
1798 2777 2033 2833 mundus

452 2866 645 2935 plenus
672 2868 778 2923 erit
804 2867 966 2939 510
1005 2866 1330 2924 hominibus.
1364 2867 1623 2934 MortuOs,
1664 2868 1757 2939 qui
1807 2882 2037 2939 corpore

450 2956 653 3009 mortui
689 2964 868 3011 erunt.
911 2956 1003 3013 Vel
1032 2957 1204 3023 vivos,
1239 2956 1449 3028 iustos;
1496 2966 1759 3025 mortuos,
1782 2965 2036 3027 peccato-

1286 214 1436 325 OPIL
1464 264 1876 324 'SUPPOSITA.
1917 295 1986 303 ——
2020 262 2147 318 LIB.
2188 263 2278 319 DE
2312 261 2561 319 DIVINIS
2594 261 2679 320 OF
2686 264 2724 319 F
2728 264 2899 321 lCIlS.

3577 265 3713 322 ηπ

2382 444 2387 445 ,
2700 382 2928 439 CAPUT
2983 381 3138 438 XLII.

2237 487 2350 530 ὐἱ
2389 490 2626 540 πιπτει,
2667 490 2854 531 ΒΕΧΤΒ
2892 491 3148 538 κομερυι
3186 491 3340 531 ιιοιιε
3378 491 3621 533 οπιειιδ.

2213 567 2415 624 Horam
2460 568 2696 632 tertiam,
2740 577 2948 623 sextam
2979 576 3269 624 et'nonam
3304 553 3491 624 Daniel
3519 579 3574 625 et
3601 580 3713 625 tres

2141 659 2294 731 pueri
2340 657 2822 728 supplicationibus
2872 658 3242 725 devoverunt;
3291 660 3502 716 scilicet
3545 670 3606 717 ut
3644 663 3713 718 ab

2142 761 2265 809 ortu
2294 752 2400 807 diei
2421 752 2474 806 in
2507 761 2718 821 tempus
2741 751 3069 822 precationis
3105 759 3219 807 tres
3255 752 3405 808 hora:
3451 764 3714 824 porrectae

2142 843 2425 899 Trinitatis
2461 843 2617 898 nobis
2646 844 3005 899 reverentiam
3038 844 3377 901 declararent
3405 864 3418 900 :
3450 849 3656 917 pariter
3681 864 3713 904 a

2144 939 2301 994 tertia
2343 939 2411 994 ad
2451 945 2683 1004 sextam,
2714 938 2794 1011 [et
2840 939 2985 1011 inde]
3042 956 3213 1009 usque
3256 941 3325 996 ad
3373 958 3569 997 nonam
3616 958 3713 1013 per

2144 1027 2342 1102 [paria]
2380 1027 2515 1083 lucis
2554 1028 2837 1083 intervalla
2882 1030 3017 1084 ratis
3058 1031 3483 1087 dimensionibus
3528 1036 3713 1088 termi—

2140 1130 2290 1187 nata,
2331 1119 2570 1176 Trinitas
2608 1128 2692 1176 ter
2717 1120 2803 1176 die
2836 1131 3023 1193 rogata
3062 1123 3349 1179 coleretur.
3386 1124 3522 1181 lllud
3549 1128 3711 1183 etiam
3764 1180 3767 1183 ἰ

2140 1214 2379 1270 occurrit
2397 1213 2464 1268 ad
2488 1213 2861 1283 probationem
2885 1217 3208 1272 venerabilis
3234 1217 3538 1286 Trinitatis,
3568 1222 3711 1290 quod

2143 1304 2379 1376 Spiritus
2422 1313 2643 1361 sanctus
2685 1306 2820 1361 hora
2866 1308 3047 1377 tertia,
3081 1308 3183 1364 hoc
3220 1317 3319 1373 est,
3354 1326 3453 1365 suo
3495 1310 3612 1367 loco
3656 1321 3714 1368 et

2141 1412 2369 1453 numero
2394 1406 2449 1453 et
2471 1404 2712 1468 tempore
2740 1398 3019 1455 descendit
3057 1403 3125 1457 ad
3164 1411 3339 1459 terras
3391 1404 3710 1476 impleturus

2140 1488 2393 1560 gratiam,
2415 1503 2582 1559 quam
2603 1488 2849 1547 Christus
2876 1492 3143 1561 promisit.
3167 1492 3303 1550 Nam
3322 1505 3379 1551 et
3406 1505 3557 1552 sexta
3578 1498 3709 1554 hora

2139 1579 2390 1637 Christus
2416 1595 2608 1649 passus
2634 1581 2689 1636 in
2716 1597 2914 1638 nonam
2941 1583 3164 1654 patibuli
3196 1586 3559 1642 cruciamenta
3587 1604 3713 1658 por-

2141 1671 2300 1727 rexit.
2347 1669 2464 1726 Tali
2510 1671 2654 1726 enim
2696 1660 3036 1730 sacramento
3083 1674 3336 1745 legitimis
3382 1677 3451 1731 ad
3496 1692 3710 1747 precem

2145 1762 2476 1834 temporibus
2500 1777 2599 1833 per
2624 1770 2807 1819 ternas
2835 1764 3000 1819 horas
3025 1762 3308 1821 Trinitatis
3340 1764 3598 1837 perfectio
3617 1776 3709 1823 aut

2134 1856 2387 1913 laudatur
2414 1856 2841 1922 oelebritatibus,
2870 1866 2963 1911 aut
2983 1859 3236 1929 precibus
3262 1860 3599 1929 impetratur.
3627 1861 3712 1916 Li-

2135 1958 2222 2007 cet
2244 1959 2302 2006 et
2330 1950 2378 2005 si
2403 1958 2748 2020 computetur
2772 1951 2961 2006 diurna
2990 1950 3276 2006 celebritas
3299 1966 3396 2020 per
3422 1960 3713 2027 quaterna-

2135 2046 2275 2101 rium
2317 2057 2490 2114 usque
2531 2043 2587 2099 in
2626 2044 2991 2115 vespertinum
3019 2042 3274 2108 ofﬁcium,
3318 2044 3419 2098 hoc
3446 2054 3550 2108 est,
3579 2060 3713 2115 qua-

2137 2135 2279 2191 terni
2308 2133 2688 2207 signiﬁcantur
2718 2134 2956 2198 numeri,
2980 2134 3105 2204 quia
3128 2135 3362 2190 mundus
3385 2134 3712 2204 quadrilarie

2135 2226 2341 2282 divisus
2381 2225 2437 2281 in
2478 2216 2745 2279 Trinitate
2783 2223 3040 2279 salvator.
3083 2224 3360 2295 Siquidem
3387 2235 3442 2281 et
3472 2226 3524 2280 in
3555 2234 3712 2282 nocte

2135 2319 2415 2384 stationes,
2429 2326 2486 2374 et
2501 2317 2697 2388 vigilite
2718 2317 2980 2372 militares
3001 2318 3053 2372 in
3076 2325 3305 2388 quatuor
3322 2328 3506 2388 partes
3522 2320 3710 2375 divisa:

2135 2409 2307 2464 ternis
2349 2409 2606 2464 horarum
2639 2409 2829 2478 spatiis
2866 2418 3264 2465 secernuntur:
3293 2418 3354 2465 ut
3389 2419 3444 2467 et
3483 2414 3536 2467 in
3578 2412 3711 2483 ipsis
3751 2480 3754 2484 Α

2135 2500 2416 2555 nocturnis
2444 2498 2913 2569 mundialibusque
2949 2499 3147 2557 ofﬁciis
3187 2499 3472 2559 Trinitatis
3512 2512 3711 2576 myste-

2107 2581 2110 2585 ’
2135 2592 2277 2646 rium
2303 2599 2609 2647 veneretur.

2684 2683 2913 2742 CAPUT
2964 2684 3142 2739 XLIII.

2554 2773 2583 2814 δ
2623 2791 2689 2829 ne
2727 2790 3073 2831 vssrsu'nms
3104 2790 3280 2834 nonis.

2205 2885 2581 2955 Vespertinum
2604 2883 2782 2939 diurni
2813 2883 2937 2938 ﬁnis
2966 2883 3204 2939 ofﬁcium
3237 2894 3294 2941 et
3321 2885 3540 2943 alterna:
3572 2889 3708 2947 lucis
3760 2948 3761 2951 η

2133 2994 2361 3035 occasus
2402 2985 2505 3032 est.
2552 2975 2719 3045 Cujus
2758 2990 2824 3030 ex
2864 2975 3048 3031 Veteri
3075 2975 3425 3034 Testamento
3450 2980 3711 3037 solemnis

617 3044 786 3143 Credo
819 3049 876 3103 in
912 3047 1461 3143 Spiritumsnnctum.
1510 3048 1930 3143 sanctum‘dicit
1958 3050 2025 3105 ad
2050 3081 2095 3143 ρ
2128 3081 2213 3131 est
2241 3071 2551 3128 celebratio.
2580 3044 2834 3139 Denique
2862 3070 2967 3125 hoc
2992 3080 3237 3141 tempore
3272 3079 3516 3127 veterum
3540 3076 3708 3129 sacri-

454 3137 857 3193 distinctionem
892 3140 1133 3211 maligni,
1179 3140 1233 3195 in
1278 3156 1441 3211 quem
1486 3141 1665 3197 nullus
1714 3141 1875 3197 debet
1908 3157 2027 3197 cre-

453 3223 602 3282 dere.
680 3226 932 3283 Sanctam
983 3225 1273 3284 Ecclesiam
1324 3229 1696 3295 catholicam,
1734 3231 2029 3295 subaudis,

452 3318 629 3373 credo.
678 3318 917 3375 Ecclesia
944 3318 1155 3386 Grzece,
1185 3320 1375 3376 Latine
1398 3320 1745 3392 congregatio
1771 3320 2029 3376 ﬁdelium.

454 3408 568 3464 Hoc
599 3410 764 3465 distat
794 3410 939 3465 inter
977 3410 1453 3482 congregationem
1482 3420 1539 3466 et
1567 3411 2030 3477 convocationem,

452 3498 578 3566 quia
627 3500 945 3554 convocatio
992 3499 1054 3554 ﬁt
1087 3501 1153 3556 de
1193 3500 1461 3566 fidelibus,
1500 3502 1858 3572 congregatio
1904 3516 2032 3557 vero

451 3603 560 3642 non
590 3589 785 3655 solum,
832 3590 926 3645 sed
960 3590 1127 3645 etiam
1153 3590 1220 3643 de
1249 3590 1575 3656 infidelibus,
1608 3598 1662 3645 et
1693 3593 1759 3647 de
1784 3591 2030 3645 animali-

452 3676 575 3741 bus,
622 3652 779 3732 etde
808 3678 1095 3748 lapidibus.
1143 3652 1403 3741 ιαθοῆκὸς
1453 3652 1663 3746 Graece,
1709 3680 2031 3736 universalis

450 3767 665 3836 Latine,
693 3770 818 3840 quia
842 3777 1028 3826 sancta
1056 3771 1296 3828 Ecclesia
1318 3788 1415 3844 per
1436 3774 1747 3829 universum
1774 3774 2030 3829 mundum

450 3860 667 3916 dilatata
700 3871 801 3917 est.
830 3860 1149 3924 Sanctorum,
1176 3865 1610 3932 communionem,
1644 3865 1697 3920 id
1721 3873 1828 3931 est,
1858 3866 2032 3922 socie-

450 3958 638 4015 tatem,
684 3952 811 4021 quia
848 3968 1016 4007 unum
1058 3954 1225 4008 Deum
1263 3954 1508 4019 credunt,
1560 3970 1667 4011 uno
1692 3957 2031 4028 baptismate

458 4049 584 4095 sunt
624 4043 821 4106 renati,
875 4058 984 4097 uno
1032 4043 1238 4115 Spiritu
1283 4056 1471 4102 sancto
1516 4048 1838 4114 conﬁrmati,
1870 4059 1925 4105 et
1962 4050 2031 4106 ad

448 4147 609 4186 unam
639 4132 803 4187 vitam
827 4140 1085 4188 aeternam
1124 4136 1359 4191 transire
1406 4139 1775 4192 merebuntur.
1824 4138 2029 4195 Remis-

446 4224 644 4277 sionem
681 4235 1012 4295 peccatorum
1040 4228 1203 4283 credo
1232 4242 1353 4283 esse
1391 4228 1446 4283 in
1489 4228 1750 4294 Ecclesia,
1794 4230 2027 4300 primum

449 4332 548 4387 per
588 4316 938 4387 baptismum,
969 4317 1162 4375 deinde
1187 4334 1286 4390 per
1314 4321 1657 4392 martyrium,
1690 4322 1905 4377 demum
1930 4337 2030 4393 per

2132 3166 2253 3221 ﬁcia
2277 3162 2460 3218 offerri
2485 3160 2796 3229 adolerique
2821 3160 3016 3213 altario
3042 3169 3289 3215 aromata
3318 3169 3374 3216 et
3397 3162 3553 3217 thura
3590 3179 3709 3220 mos

2131 3267 2267 3315 erat.
2294 3254 2470 3311 Testis
2495 3260 2579 3308 est
2607 3251 2949 3323 bymnidicus
2977 3253 3087 3317 ille,
3120 3254 3269 3324 regio
3299 3269 3364 3309 ac
3387 3256 3706 3314 sacerdotali

2130 3348 2448 3422 perfunctus
2494 3345 2693 3410 ofﬁcio,
2747 3344 2973 3399 dicens:
3008 3343 3284 3415 Dirigatur
3340 3349 3508 3402 oratio
3567 3365 3704 3415 mea,

2129 3442 2265 3497 sicut
2313 3441 2582 3493 incensum
2615 3437 2671 3491 in
2715 3446 2991 3507 conspectu
3034 3447 3123 3491 tuo
3150 3437 3407 3494 :elevatio
3457 3458 3709 3497 manuum

2131 3549 2366 3590 mearum
2408 3528 2729 3598 sacriﬁcium
2769 3531 3113 3600 vespertinum
3158 3527 3495 3600 (Psal.,cxr.,
3526 3533 3603 3604 2).
3646 3533 3703 3589 In

2129 3624 2279 3679 Novo
2308 3638 2521 3692 quoque
2550 3620 2899 3675 Testamento
2926 3620 3117 3675 eodem
3162 3629 3402 3690 tempore
3445 3623 3703 3679 Dominus
3737 3694 3740 3699 ‘

2130 3723 2185 3768 et
2216 3713 2465 3767 Salvator
2504 3718 2691 3767 noster
2726 3711 3066 3766 coenantibus
3094 3712 3351 3781 apostolis
3390 3708 3706 3784 mysterium

2131 3807 2212 3863 sui
2243 3805 2485 3877 corporis
2509 3816 2565 3861 et
2601 3806 2881 3877 sanguinis
2911 3807 2964 3860 in
3000 3807 3153 3862 initio
3189 3808 3411 3865 tradidit
3441 3830 3453 3864 :
3484 3821 3542 3866 ut
3568 3820 3703 3869 tem-

2129 3916 2231 3972 pus
2261 3900 2391 3955 illud
2428 3899 2680 3955 sacriﬁcii
2710 3914 2992 3969 vesperum
3022 3899 3199 3955 saeculi
3230 3904 3555 3959 ostenderet.
3586 3903 3700 3961 Sci-

2128 3992 2256 4048 licet
2283 3992 2507 4063 prolnde
2530 3993 2585 4046 in
2614 3992 2818 4045 honore
2844 4007 2909 4046 ac
2934 3993 3195 4049 memoria
3222 4002 3493 4050 tantorum
3523 4013 3705 4053 sacra-

2131 4094 2435 4139 mentorum
2484 4084 2569 4139 his
2623 4084 2953 4153 temporibus
3005 4084 3194 4139 adesse
3246 4100 3345 4140 nos
3394 4085 3549 4142 decet
3604 4070 3701 4145 Dei

2128 4174 2529 4243 conspectibus,
2576 4181 2631 4227 et
2670 4188 2963 4242 personare
2990 4174 3042 4227 in
3070 4172 3187 4242 ejus
3214 4173 3466 4242 cultibus,
3499 4178 3692 4235 oratio-

2130 4281 2258 4320 num
2294 4273 2601 4319 nostrarum
2638 4265 2714 4321 illi
2753 4264 3080 4321 sacriﬁcium
3117 4266 3423 4333 offerentes,
3456 4277 3617 4341 atque
3645 4272 3701 4328 in

2131 4355 2247 4426 ejus
2294 4355 2539 4411 laudibus
2582 4356 2789 4427 pariter
2823 4356 3172 4413 exsultantes.
3200 4352 3490 4430 Vesperum
3520 4352 3715 4422 autem,

1514 4412 1525 4423 ο
2140 4406 2244 4426 ⁷⁴”“
2297 4406 2467 4410 "‘——'—
2482 4406 2536 4411 ⁷⁷-
2586 4406 2776 4427 r“""‘
2829 4406 3172 4413 ““’“’”“”””’““’”’
3219 4406 3229 4413 ⁷
3249 4406 3303 4414 vv
3342 4406 3490 4416 v'uu'
3520 4406 3699 4422 “ww

448 4406 1241 4520 fleem?f¥{'?m;p”5}m°d“m
1264 4426 1361 4520 De":
1387 4421 1713 4520 ⁰Γ³ί¹⁰¹¹θ¹ῖξθ
1748 4421 1803 4468 ⁸³
1826 4422 2022 4518 “falera
2055 4436 2104 4496 D
2126 4456 2377 4517 vocatum
2413 4456 2519 4513 est,
2558 4463 2589 4501 a
2616 4448 2817 4513 sidere,
2848 4448 2993 4517 quod
3022 4449 3234 4520 Vesper
3252 4406 3492 4519 vdeatur,
3523 4464 3580 4511 et
3605 4457 3699 4512 de-

446 4502 587 4557 bona
617 4516 802 4571 opera.
849 4498 1037 4557 Carnis
1083 4506 1512 4560 resurrectionem
1560 4506 1743 4571 credo,
1792 4507 1918 4575 quia
1967 4507 2019 4561 in

445 4596 548 4651 hac
573 4610 755 4661 carne,
784 4594 840 4649 in
868 4609 972 4664 qua
1001 4611 1144 4651 nunc
1186 4614 1395 4665 sumus,
1442 4600 1495 4654 in
1533 4601 1618 4655 die
1657 4615 2021 4672 resurgemus.

445 4689 552 4745 Sed
572 4691 700 4761 quid
720 4689 923 4745 restat?
949 4688 1069 4744 Vita
1090 4700 1302 4755 wterna,
1328 4693 1382 4747 id
1402 4703 1483 4748 est
1504 4695 1614 4749 vita
1631 4695 1746 4750 sine
1770 4695 2018 4749 termino.

444 4779 558 4835 Hoc
598 4782 762 4836 distat
806 4782 946 4838 inter
967 4790 1246 4846 aeternum,
1281 4791 1337 4836 et
1363 4794 1705 4853 perpetuum,
1736 4794 1790 4841 et
1819 4794 2023 4855 tempo-

443 4877 557 4932 rale
585 4894 597 4930 :
630 4878 735 4932 hoc
769 4888 1051 4945 aeternum,
1100 4882 1242 4952 quod
1272 4898 1375 4937 non
1420 4865 1605 4937 habuit
1636 4884 1845 4940 initium
1866 4927 1881 4953 ,
1921 4902 2019 4943 nec

444 4970 601 5025 ﬁnem
627 4969 867 5035 habebit,
884 4982 946 5025 nt
962 4973 1122 5040 Deus;
1144 4984 1481 5046 perpetuum,
1500 4977 1641 5045 quod
1666 4967 1902 5045 initium,
1924 4979 2019 5034 sed

445 5059 606 5114 ﬁnem
658 5074 765 5113 non
818 5060 1058 5128 habebit,
1106 5073 1168 5119 ut
1210 5076 1335 5121 sunt
1384 5068 1650 5131 homines,
1699 5076 1755 5121 et
1799 5071 2013 5139 angeli:

443 5153 534 5221 qui
580 5151 848 5217 homines,
898 5150 1023 5206 licet
1066 5157 1368 5212 moriantur
1396 5158 1448 5213 in
1477 5174 1721 5229 corpore,
1755 5158 1807 5213 in
1836 5160 2015 5215 anima

446 5244 781 5300 immortales
825 5252 1013 5310 erunt;
1062 5249 1353 5316 temporale
1394 5260 1495 5315 est,
1543 5251 1684 5323 quod
1730 5259 2016 5322 utrumque

443 5332 628 5397 habet,
669 5344 726 5391 et
769 5336 1015 5400 initium,
1064 5343 1119 5390 ct
1143 5335 1340 5403 ﬁnem,
1388 5350 1448 5396 ut
1493 5352 1635 5403 sunt
1664 5344 1915 5399 animalia
1965 5353 2019 5401 et

445 5423 651 5479 bestiae.

518 5635 539 5704 ξ
684 5624 910 5704 Isidoro,
942 5627 1064 5704 libr.
1100 5647 1111 5683 I
1145 5629 1208 5682 de
1237 5627 1387 5704 Ollio
1422 5628 1624 5688 Ecclcs.
1655 5650 1769 5704 cup.
1806 5634 1883 5689 I9.

520 5696 544 5733 l’
578 5696 651 5750 lix
684 5694 827 5763 eod.,
865 5697 964 5753 lue.
1002 5700 1091 5754 cit.
1124 5716 1238 5771 cap.
1268 5700 1354 5755 20.

2124 4537 2351 4591 cedente
2394 4538 2505 4593 sole
2554 4539 2816 4592 exoritur.
2871 4539 2945 4593 De
2990 4555 3099 4609 quo
3142 4539 3408 4612 Propheta
3434 4545 3599 4599 dicit:
3628 4544 3698 4600 Et

2123 4642 2389 4696 vesperum
2421 4644 2575 4696 super
2605 4628 2745 4696 ﬁlios
2782 4630 3050 4682 hominum
3084 4633 3369 4701 producere
3395 4634 3519 4703 facit
3551 4632 3691 4708 (Job.

2124 4732 2353 4783 xxxviii,
2381 4717 2493 4789 59.).

2696 4807 2926 4857 CAPUT

2696 4810 2926 4867 CAPUT
2965 4811 3145 4868 XLIV.

2678 4916 2698 4942 ε
2732 4910 2803 4950 οε
2844 4909 3152 4963 Conteris.

2197 5017 2271 5072 De
2314 5018 2596 5086 completis
2638 5020 2828 5070 autem
2858 5016 3203 5088 celebrandis,
3236 5023 3289 5079 id
3324 5026 3483 5079 etiam
3514 5026 3568 5081 in
3594 5026 3697 5083 Pa-

2125 5116 2269 5162 trum
2311 5108 2583 5162 invenitur
2628 5109 2917 5184 exemplis,
2950 5112 3111 5168 David
3148 5114 3404 5184 propheta
3444 5116 3690 5175 dicente:

2124 5197 2183 5253 Si
2205 5198 2484 5252 ascendero
2512 5200 2566 5251 in
2595 5198 2784 5261 lectum
2822 5201 2970 5265 ειηιὶ
3010 5203 3133 5267 mei,
3163 5205 3209 5259 si
3237 5205 3427 5260 dedero
3457 5226 3696 5275 somnum

2124 5288 2306 5352 oculis,
2333 5298 2379 5341 et
2410 5287 2668 5359 palpebris
2707 5289 3147 5358 dorntitationem,
3189 5308 3279 5351 aut
3315 5302 3539 5368 requiem
3571 5312 3698 5357 tens-

2123 5382 2334 5451 poribus
2372 5381 2531 5445 meis;
2560 5381 2723 5437 donec
2759 5384 3017 5441 inveniam
3047 5388 3218 5442 locum
3251 5390 3494 5457 Domino,
3526 5392 3696 5445 taber-

2128 5470 2371 5525 naculum
2412 5470 2520 5525 Deo
2562 5472 2729 5529 Iacob
2764 5473 2934 5546 (Psal.
2963 5495 3142 5545 cxxxr,
3167 5482 3199 5537 3
3220 5482 3402 5551 scqq.).
3434 5481 3563 5549 Quis
3590 5498 3697 5539 non

2203 5660 2217 5677 "
2255 5646 2324 5701 IC\
2362 5649 2503 5713 Coel,
2531 5648 2627 5705 Inc.
2664 5652 2751 5705 cit.
2784 5668 2899 5721 cup.
2927 5652 3012 5705 2|.
