4232 6212
598 340 737 395 ίέἷὸ
1439 341 1498 395 n.
1539 329 1601 394 ε’.
1639 338 1864 395 suum
1905 337 2038 395 seu
2079 337 2353 394 ALCUINI
2391 336 2677 395 ornuuu
2714 317 3023 393 PARSIX.
3230 382 3235 383 ν
3725 331 3861 387 £9.76

594 460 811 523 stupeat
853 459 1060 507 tantam
1089 454 1143 507 in
1173 453 1267 507 Del
1292 466 1479 507 amore
1511 452 1679 507 animi
1711 452 2075 511 devotionem.
2114 460 2174 506 ut
2202 461 2248 518 Α
2274 452 2502 523 proinde
2544 462 2751 519 oratur,
2781 462 2840 508 ut
2891 452 3219 508 resurrectio
3263 451 3465 527 Christi
3527 451 3854 507 celebretur.

595 561 845 602 somnum
872 546 998 611 sibi,
1028 547 1144 601 sine
1172 560 1281 615 quo
1308 546 1496 615 utique
1519 560 1749 616 corpora
1773 546 2013 601 humana
2041 544 2175 602 deii-
2278 540 2538 596 Matutina
2562 543 2709 598 enim
2755 542 2874 598 luce
2898 542 3158 599 Dominus
3184 551 3239 599 et
3268 541 3521 599 Salvator
3554 548 3757 600 uester
3788 546 3857 602 ab

592 641 766 703 ciunt,
789 637 1008 708 penitus
1030 637 1394 702 interdixerit,
1422 636 1595 693 donec
1619 637 1796 693 locum
1825 637 1893 692 ad
1919 636 2178 707 templum
2279 630 2468 688 inferis
2490 633 2810 696 resurrexit,
2837 633 3054 703 quando
3097 633 3264 703 coepit
3300 634 3435 688 oriri
3466 631 3715 690 ﬁdelibus
3740 633 3853 700 lux,

594 727 826 782 Domino
854 725 1231 783 fabricandum
1258 725 1313 779 in
1339 736 1557 795 pectore
1582 740 1682 781 suo
1707 741 1803 781 rex
1830 734 1885 781 et
1911 727 2177 796 prepheta

591 818 892 888 reperiret?
918 817 1051 886 Quae
1083 833 1168 874 res
1194 817 1409 872 fortiter
1434 832 1536 873 nos
1573 817 1735 874 debet
1774 819 2088 884 admonere,
2120 828 2180 874 ut

598 912 642 966 si
678 912 779 981 ipsi
809 910 960 967 locus
1001 912 1215 966 Domini
1238 925 1360 967 esse
1389 911 1659 973 volumus.
1688 920 1746 967 et
1768 911 2175 969 tabernaculum

592 1008 730 1077 ejus,
760 1016 854 1061 aut
876 1006 1136 1077 templum
1159 1006 1410 1077 cupimus
1431 1005 1618 1061 haberi
1639 1006 1811 1061 sancti
1837 1004 2094 1075 Spiritus,
2119 1007 2174 1061 in

591 1110 857 1169 quantum
873 1116 1182 1171 possumus,
1195 1101 1443 1171 exempla
1462 1112 1771 1155 sanctorum
1792 1102 2088 1165 imitemur,
2108 1116 2177 1157 ne

591 1196 657 1244 de
679 1192 835 1246 nobis
862 1192 1103 1258 dicatur,
1135 1192 1281 1262 quod
1309 1191 1542 1264 legitur:
1566 1191 1903 1253 Dormierunt
1930 1209 2175 1247 somnum

589 1299 761 1347 suum,
814 1292 863 1336 et
895 1282 1029 1337 nihil
1060 1284 1366 1337 invenerunt
1398 1299 1577 1337 omnes
1619 1283 1721 1337 viri
1768 1281 2076 1337 divitiarum
2117 1285 2209 1338 in‘

590 1373 830 1427 manibus
860 1374 972 1428 suis
1005 1371 1121 1445 (Ps.
1152 1389 1318 1438 Lxxv,
1344 1372 1421 1444 6).

730 1449 736 1456 “
930 1500 948 1515 -·
1017 1443 1022 1445 ﬁ
1059 1464 1224 1555 511'
1258 1483 1680 1565 CAPUT'XLV.
1725 1443 1761 1463 ”

1174 1568 1200 1596 ⁸
1240 1569 1306 1611 ΒΕ
1343 1572 1581 1613 νιϐιιιιδ.

657 1645 905 1715 Antiqua.
937 1646 1241 1717 vigiliarum
1277 1646 1492 1709 devotio
1528 1646 1794 1705 familiam
1829 1648 2030 1707 bonum
2054 1665 2175 1720 om-

589 1738 748 1792 nibus
772 1736 976 1793 sanctis
1002 1736 1121 1805 l'uit.
1149 1734 1243 1792 Sic
1268 1735 1437 1792 Isaias
1459 1737 1687 1807 denique
1711 1739 1973 1810 propheta
1990 1740 2172 1796 excla-

2276 740 2397 794 quze
2433 725 2699 781 moriente
2725 724 2942 781 Christo
2975 724 3251 779 occiderat
3290 724 3719 794 pececatoribus.
3765 723 3853 780 Sl-

2276 814 2491 884 quidem
2533 823 2589 869 et
2615 814 2804 870 eodem
2834 822 3078 885 tempore
3103 813 3323 870 cunctis
3350 826 3473 884 spes
3524 813 3719 869 futurae
3765 828 3855 869 re-

2275 903 2630 959 surrectionis
2667 904 2929 969 creditur,
2956 918 3082 959 cum
3118 901 3253 975 justi
3299 912 3357 959 et
3400 917 3591 959 omnes
3641 903 3710 959 ab
3752 904 3856 960 hac

2276 994 2558 1065 temporali
2588 1004 2785 1062 morte,
2811 996 2966 1067 quasi
2992 1012 3026 1051 a
3050 1010 3245 1067 sopore
3273 994 3451 1051 somni
3490 1005 3851 1070 resurgentes,

2274 1086 2624 1158 evigilabunt.
3212 1138 3216 1145 .

2790 1176 3019 1235 CAPUT
3057 1176 3260 1234 XLVII.

2276 1279 2299 1308 °
2331 1284 2398 1323 ιιε
2426 1284 2618 1325 οιιωιίε
2648 1285 2715 1324 Δί)
2753 1248 3075 1326 γιειΗΑκυωι
3115 1286 3376 1328 ιαγιιιιωι
3413 1286 3511 1328 δεῖ]
3548 1286 3851 1342 υκοειωωι,

2755 1357 2823 1395 EX
2864 1356 3072 1397 NIC£N0
3106 1356 3372 1399 CONCILIO.

2349 1474 2367 1507 ι
2400 1455 2634 1515 Iacobus
2676 1457 2952 1529 apostolus
2981 1458 3117 1513 dixit
3147 1475 3163 1515 :
3201 1458 3233 1513 1
3237 1458 3519 1528 nﬁrntatur
3540 1460 3660 1531 quis
3683 1460 3739 1515 in
3762 1477 3851 1515 ro-

2274 1546 2401 1601 bis.’
2434 1547 2663 1601 lnducat
2712 1546 3037 1618 presbyteros
3094 1546 3377 1615 Ecclesite,
3400 1558 3450 1604 et
3497 1558 3646 1606 orent
3698 1567 3854 1621 super

2272 1654 2414 1704 eum,
2443 1638 2691 1708 ungentes
2718 1654 2838 1693 eunt
2862 1636 2975 1693 oleo
3006 1638 3062 1693 in
3087 1639 3294 1694 nomine
3325 1638 3563 1707 Domini,
3599 1650 3650 1696 et
3685 1642 3852 1697 oratio

2272 1729 2398 1798 ﬁdei
2431 1728 2650 1783 salvabit
2683 1728 2955 1799 inﬁmum
2987 1745 3006 1784 :
3045 1738 3094 1783 et
3139 1730 3185 1784 si
3218 1729 3275 1785 in
3301 1730 3527 1802 peccatis
3556 1731 3645 1795 sit,
3676 1734 3855 1787 revnit-

587 1838 701 1882 mat
728 1828 794 1882 ad
836 1828 1141 1891 Dominum,
1176 1822 1361 1882 dicens
1398 1845 1412 1881 :
1450 1826 1528 1882 De
1558 1839 1707 1882 nocte
1733 1828 1915 1900 vigilat
1953 1830 2169 1913 spiritus
2205 1811 2246 1871 Β
2275 1830 2449 1874 κταῖα·
2481 1821 2528 1874 εί
2565 1819 2585 1891 (
2605 1818 2726 1874 «lac-
2755 1836 2808 1885 νο
2834 1818 2899 1873 Ν
2922 1819 2963 1890 )·
3000 1818 3157 1887 Ωιιοά
3200 1834 3307 1913 ηου
3364 1828 3448 1913 εει
3482 1820 3730 1913 idum"!!!
3786 1820 3852 1876 de

586 1935 733 1973 meus
760 1919 830 1972 ad
861 1929 930 1983 te,
962 1918 1135 1984 Deus,
1168 1918 1291 1988 quia
1322 1917 1415 1971 lux
1440 1926 1699 1990 prlecepta
1720 1928 1828 1973 tua°
1854 1924 1976 1975 iunt
2012 1937 2171 1993 super

585 2021 782 2064 terram
810 2009 966 2082 (lsai.
993 2025 1140 2074 xxvi,
1168 2009 1243 2081 9).
1272 2007 1407 2064 Item
1435 2008 1605 2065 David
1633 2024 1648 2064 :
1679 2009 1860 2065 Media
1881 2022 2028 2067 nocte
2051 2030 2171 2069 sar-

583 2104 766 2172 gebam
792 2101 862 2157 ad
897 2102 1250 2171 conﬁtendum
1276 2100 1390 2165 tibi,
1423 2117 1580 2172 super
1596 2100 1804 2172 judicia
1823 2103 2170 2174 iustiﬁcatio-

586 2196 667 2248 nis
694 2204 800 2247 tua
832 2189 1004 2264 (Psal.
1037 2208 1221 2255 cum,
1254 2191 1366 2261 62).
1398 2191 1511 2265 Hoc
1532 2207 1767 2262 namque
1801 2201 2043 2265 tempore
2070 2213 2168 2251 va-

585 2292 759 2338 stator
804 2282 1026 2353 angelus
1076 2281 1369 2347 transiens,
1399 2281 1757 2354 primogenita
1790 2284 2169 2358 Σαβαῖοι-ιιι.

582 2373 871 2443 percussit.
923 2372 1076 2431 Unde
1124 2387 1226 2429 nos
1265 2372 1494 2445 vigilare
1541 2384 1788 2446 oportet,
1816 2392 1885 2432 ne
1928 2378 2169 2448 periculo

582 2464 964 2536 :Egyptiorum
988 2464 1403 2520 admisccamur.
1426 2462 1623 2520 Iisdem
1643 2469 1810 2522 etiam
1846 2468 2000 2525 horis
2034 2485 2167 2533 ven-

584 2568 766 2612 turum
802 2572 861 2613 se
887 2573 1006 2612 esse
1034 2557 1294 2614 Dominus
1316 2559 1368 2613 in
1398 2560 1690 2631 Evangelio
1715 2558 1964 2616 Salvator
1986 2569 2167 2617 astru-

579 2651 680 2708 xit.
715 2649 869 2705 Unde
901 2657 955 2703 et
984 2648 1049 2702 ad
1077 2649 1405 2719 vigilandum
1429 2651 1707 2707 auditores
1752 2666 1880 2707 suos
1925 2653 2169 2708 excitans

580 2742 714 2797 dicit
745 2757 758 2794 :
791 2739 941 2805 Beati
965 2750 1083 2795 sunt
1110 2743 1243 2797 servi
1265 2740 1365 2801 illi.
1382 2759 1512 2813 quos
1530 2760 1650 2796 cum
1671 2743 1862 2797 venerit
1885 2743 2166 2810 Dominus,

580 2833 833 2888 invenerit
866 2830 1141 2902 vigilantes
1189 2831 1341 2904 (Luc.
1376 2849 1477 2900 xu,
1507 2833 1620 2905 37).
1660 2832 1729 2888 Et
1772 2834 1818 2887 si
1853 2835 2168 2905 vespertina,

581 2924 779 2992 inquit,
811 2923 942 2977 hora
976 2923 1206 2990 venerit,
1237 2932 1287 2978 et
1321 2924 1367 2979 si
1400 2924 1573 2979 media
1624 2934 1805 2991 nocte,
1852 2935 1901 2980 et
1946 2925 1992 2981 si
2040 2924 2171 2998 galli

586 3026 770 3080 cantu,
798 3027 847 3070 et
881 3016 1106 3070 inveniat
1138 3015 1256 3070 illos
1293 3015 1601 3087 vigilantes,
1635 3017 1771 3071 beati
1806 3028 1947 3073 sunt.
1981 3016 2169 3089 Itaque

580 3116 632 3161 et
683 3123 769 3160 vos
821 3116 981 3161 estote
1035 3106 1229 3176 parati,
1254 3106 1379 3176 quia
1427 3107 1636 3161 nescitis
1670 3124 1776 3178 qua
1825 3108 1956 3163 hora
1994 3106 2168 3164 Filius

583 3196 809 3251 hominis
840 3205 1085 3251 venturus
1112 3205 1189 3250 est
1221 3194 1415 3268 (Marc.
1449 3211 1566 3264 xm,
1591 3197 1703 3269 55).
1743 3197 1800 3254 Si
1824 3200 2042 3271 quidem
2066 3216 2167 3257 nec

581 3290 763 3345 verbis
784 3289 957 3346 solum
988 3290 1174 3346 docuit
1208 3290 1440 3362 vigilias,
1470 3291 1561 3348 sed
1608 3293 1773 3350 etiam
1826 3295 2168 3351 conﬁrmavit

578 3381 859 3451 exemplis.
893 3381 1027 3435 Nam
1056 3390 1288 3439 testatur
1309 3384 1678 3455 Evangelium,
1709 3386 1836 3457 quia
1865 3396 1976 3440 erat
2009 3386 2166 3442 Jesus

583 3482 896 3544 pernoctans
920 3473 978 3527 in
1002 3473 1330 3529 orationibus
1367 3475 1467 3529 Dei
1512 3466 1691 3548 (Luc.
1710 3492 1763 3530 vt
1782 3517 1796 3541 ,
1829 3476 1938 3548 12).
1968 3476 2168 3533 Paulus

580 3573 635 3619 et
673 3561 815 3618 Silas
851 3563 904 3617 in
953 3563 1197 3619 custodia
1249 3564 1462 3635 publica
1513 3565 1657 3621 circa
1709 3568 1945 3622 medium
1989 3570 2167 3625 noctis

566 3666 803 3713 orantes
828 3655 1090 3727 hymnum
1114 3657 1329 3715 cunctis
1374 3657 1717 3715 audientibus
1761 3660 1963 3716 dixisse
1995 3662 2165 3717 vincti

583 3759 957 3808 memorantur
1001 3748 1140 3821 (Act.
1166 3766 1280 3816 xw,
1305 3749 1394 3814 25,
1424 3749 1538 3820 26).
1596 3750 1698 3807 Ubi
1745 3760 1967 3822 repente
2011 3760 2167 3809 terra:

580 3850 731 3901 motu
790 3840 955 3907 facto,
985 3849 1042 3896 et
1085 3841 1368 3897 concussis
1415 3840 1654 3895 carceris
1699 3823 2086 3907 fundamentis,
2113 3852 2169 3898 et

574 3931 758 4002 januis
805 3934 1031 4003 apertis,
1063 3933 1305 3987 omnium
1340 3930 1554 3985 vincula
1597 3940 1744 4010 sunt.
1771 3932 1967 3986 soluta.
2015 3933 2167 4010 Unde

580 4032 797 4096 Oportet
829 4024 915 4079 bis
960 4023 1110 4078 boris
1150 4023 1409 4093 psallendi
1458 4008 1757 4091 orandique
1804 4008 2167 4093 frequentiam

581 4132 683 4172 nos
713 4114 915 4171 habere
943 4116 999 4171 in
1026 4114 1231 4170 sanctis
1257 4111 1466 4180 ciliciis,
1499 4113 1767 4185 finemque
1798 4116 2164 4185 nostrum,vel

584 4207 631 4263 si
654 4207 952 4273 advenerit,
984 4204 1086 4262 sub
1110 4204 1202 4261 tali
1233 4212 1354 4261 actu
1385 4211 1703 4276 exspectare
1724 4206 1989 4262 securius.

1150 4313 1377 4371 CAPUT
1416 4312 1599 4385 XLVI.

1146 4387 1175 4427 δ
1194 4400 1261 4441 ns
1286 4400 1597 4442 lA'l'U'I‘INIS.

653 4476 729 4530 De
757 4474 1142 4530 Matutinarum
1180 4474 1499 4543 antiquitate
1538 4482 1593 4529 et
1635 4477 1957 4531 auctoritate
2010 4477 2165 4531 testis

2270 1913 2520 1970 ﬁdelibus
2541 1913 2925 1985 aegrotantibus
2953 1912 3126 1983 accipi
3153 1911 3238 1969 vel
3267 1912 3493 1985 intelligi
3522 1913 3736 1981 debere,
3758 1913 3851 1985 qui

2270 2014 2461 2062 sancto
2487 2005 2607 2061 oleo
2633 2005 2858 2077 perungi
2891 2013 3135 2077 possunt,
3161 2004 3305 2075 quod
3340 2004 3410 2060 ab
3435 2003 3689 2077 episcopo
3717 2000 3850 2061 eon-

2271 2095 2471 2151 fectum
2510 2103 2613 2161 est,
2664 2112 2769 2151 non
2816 2095 2991 2152 solum
3035 2095 3437 2161 sacerdotibus,
3469 2096 3565 2153 sed
3600 2095 3852 2161 omnibus

2270 2187 2350 2244 uti
2376 2186 2699 2244 Christianis
2729 2188 2784 2243 in
2809 2202 2908 2242 sua
2931 2195 3026 2243 aut
3051 2202 3272 2243 suorum
3307 2187 3631 2245 necessitate
3654 2186 3724 2243 ad
3752 2202 3853 2243 un-
3890 2262 3897 2267 ἣ

2270 2277 2522 2349 gendum.
2571 2275 2706 2333 Nam
2750 2276 2955 2334 idcirco
3010 2279 3340 2351 presbyteris
3393 2292 3709 2335 concessum
3746 2285 3850 2347 est,

2269 2370 2397 2441 quia
2422 2370 2658 2441 episcopi
2683 2371 3126 2443 occupationibus
3153 2372 3274 2428 aliis
3293 2371 3556 2443 impediti,
3578 2371 3646 2427 ad
3664 2386 3854 2430 omnes

2270 2461 2551 2535 languidos
2599 2464 2679 2520 ire
2726 2479 2836 2519 non
2882 2473 3130 2535 possunt.
3180 2462 3449 2521 Caeterum
3496 2464 3542 2519 si
3570 2464 3855 2537 episcopus

2268 2562 2468 2626 potest,
2498 2564 2591 2611 aut
2635 2555 2857 2628 dignum
2910 2558 3059 2613 ducit
3107 2557 3381 2614 inﬁmum
3429 2558 3761 2615 visitaudum
3795 2568 3850 2615 et

2268 2649 2716 2716 benedicendum,
2741 2657 2798 2705 et
2842 2650 3166 2722 tangendum
3210 2651 3523 2718 chrismate,
3554 2653 3674 2709 sine
3716 2668 3852 2709 cun-

2270 2738 2507 2795 ctatione
2531 2746 2732 2809 potest,
2770 2738 2925 2809 cujus
2952 2747 3035 2796 est
3075 2740 3250 2811 ipsum
3277 2742 3516 2797 chrisma
3562 2741 3849 2798 coniicere.

2270 2826 2406 2883 Nam
2430 2830 2820 2900 penitentibus
2846 2830 2989 2887 istud
3015 2829 3165 2887 fundi
3194 2846 3302 2888 non
3322 2840 3520 2902 potest,
3536 2831 3661 2902 quia
3687 2848 3853 2904 genus

2270 2928 2354 2976 est
2382 2923 2709 2977 sacramenti
2742 2940 2756 2977 :
2787 2921 2985 2991 quibus
3030 2929 3209 2977 autem
3255 2922 3464 2992 reliqua
3514 2932 3853 2980 sacramenta

2269 3021 2557 3085 negantur,
2588 3014 2855 3084 quomodo
2880 3028 3046 3067 unum
3076 3027 3246 3084 genus
3288 3019 3512 3084 putatur
3556 3029 3679 3089 esse
3724 3030 3854 3072 con-

2270 3106 2607 3163 cedendum?
2663 3124 2683 3157 s
2719 3103 2834 3159 Hac
2880 3105 3206 3159 auctoritate
3234 3104 3588 3177 promulgata,
3615 3107 3852 3177 quoties-

2191 3168 2240 3234 θ
2270 3212 2485 3267 cunque
2521 3194 2697 3251 ﬁdelis
2744 3194 3087 3260 inﬁrmatur,
3114 3168 3494 3267 ingrediuntur
3538 3168 3739 3253 fratres
3782 3197 3853 3252 ad

2266 3296 2527 3359 aegrotum
2553 3303 2678 3343 cum
2715 3302 2855 3359 aqua
2893 3287 3201 3354 benedicta,
3231 3296 3287 3343 et
3345 3302 3470 3343 cum
3517 3287 3691 3344 cereis
3737 3287 3853 3346 sive

2266 3380 2489 3436 incenso
2534 3387 2661 3434 ante
2708 3378 2886 3434 oleum
2930 3384 3283 3444 sanctum,‘ct
3337 3387 3605 3449 peragunt
3645 3381 3848 3448 omnia,

2266 3472 2406 3526 sicut
2432 3471 2487 3525 in
2514 3477 2980 3525 sacramentorum
3005 3468 3169 3523 Libro
3192 3467 3523 3523 continetur.

2808 3579 3037 3636 CAPUT
3076 3578 3299 3635 XLVIII.

2266 3651 2293 3692 (ι
2317 3668 2382 3707 ns
2410 3668 2510 3709 nos
2538 3668 2676 3716 quon
2716 3667 2817 3707 nos
2843 3667 2926 3706 Sl'l‘
2960 3646 3319 3706 ’rmmrsuna
3373 3665 3616 3708 NECARDA
3663 3666 3716 3709 tu
3755 3670 3853 3710 u-

2548 3737 2763 3788 TIIEIIIS,
2790 3740 2857 3777 EX
2888 3737 3131 3780 DECRETO
3169 3737 3357 3778 LEONIS
3389 3738 3557 3778 ΡΛΡΕ.

2334 3812 2413 3868 Ita
2438 3828 2568 3883 ergo
2595 3812 2783 3867 talium
2811 3812 3120 3867 necessitati
3157 3812 3527 3870 auxiliandum
3548 3820 3731 3879 est,ut
3750 3827 3854 3869 nec

2265 3902 2405 3958 ratio
2434 3902 2539 3957 illis
2560 3901 2914 3971 ptenitentize,
2938 3916 3039 3956 nec
3063 3895 3464 3957 Communionis
3486 3902 3663 3972 gratia
3684 3900 3853 3958 dene-

2266 4001 2444 4065 getur,
2473 3992 2520 4047 si
2542 3990 2729 4058 etiam,
2749 3989 2862 4060 jam
2885 3990 3086 4046 amisso
3110 3992 3260 4047 vocis
3283 3990 3479 4058 ofﬁcio,
3506 4007 3604 4062 per
3647 3992 3851 4050 indicia

2267 4082 2459 4156 integri
2501 4097 2693 4138 sensus
2729 4097 2974 4153 quaarere
3009 4083 3448 4153 comprobentur.
3488 4083 3641 4153 Quod
3683 4086 3729 4141 si
3774 4086 3852 4143 ita

2264 4172 2584 4247 aegritudine
2631 4171 2836 4227 fuerint
2881 4174 3184 4245 aggravati.
3213 4182 3273 4229 ut
3318 4175 3463 4246 quod
3510 4176 3671 4248 paulo
3724 4186 3853 4233 ante

2263 4263 2587 4337 poscebant,
2639 4263 2740 4319 sub
2782 4265 3074 4333 prteSentia
3128 4265 3298 4338 [Edit.
3347 4266 3483 4319 add:
3529 4268 3849 4342 sacerdotis]

2265 4355 2570 4427 significare
2599 4370 2704 4410 non
2728 4357 2957 4431 possint,
2986 4356 3296 4411 testimonia
3331 4355 3414 4411 eis
3450 4355 3688 4414 ﬁdelium
3719 4375 3851 4431 pro-

2266 4448 2420 4502 desse
2444 4445 2735 4511 debebunt,
2762 4446 2923 4502 simul
2954 4453 3137 4501 tamen
3181 4454 3237 4502 et
3270 4432 3612 4519 poenitentiae
3657 4460 3714 4513 at
3758 4468 3848 4510 re-

574 4575 666 4623 est
695 4565 836 4621 idem
859 4564 1028 4619 David
1057 4518 1342 4635 propheta:
1369 4562 1556 4619 dicens
1588 4580 1602 4617 :
1633 4562 1701 4617 In
1740 4566 2012 4619 matutinis
2066 4584 2166 4620 me—
2196 4518 2244 4579 D
2267 4534 2661 4595 θοηθίιίδίίοηίδ
2688 4536 3011 4611 “agndum
3038 4549 3461 4611 consequamur-

584 4656 794 4713 ditabor
828 4656 882 4711 in
907 4665 978 4721 te,
1002 4654 1126 4725 quia
1148 4647 1297 4724 fuiin
1321 4653 1540 4724 adjutor
1567 4669 1713 4708 meus
1742 4651 1913 4726 (Psal.
1940 4658 2160 4729 Lxu,7).

582 4750 652 4805 Ει
687 4748 813 4805 alibi
847 4765 860 4802 :
898 4744 1271 4802 Pra’venerunt
1295 4744 1430 4800 oculi
1471 4746 1572 4800 mei
1614 4746 1683 4800 ad
1728 4756 1777 4801 te
1819 4747 2073 4815 diluculo,
2108 4759 2163 4803 ut

579 4842 868 4897 meditarer
902 4839 1110 4912 eloquia
1140 4849 1230 4892 tua
1255 4836 1443 4907 (Ibid.,
1474 4854 1669 4902 cxvtu,
1702 4838 1845 4910 148).
1873 4839 2165 4895 Cassianus

585 4944 767 5009 autem
814 4934 966 4997 dicit,
1006 4932 1280 4985 matutinae
1312 4930 1686 5007 golemnitatis
1742 4930 1974 4987 ofﬁcium
2022 4948 2163 4987 novo

576 5025 759 5080 adhuc
786 5033 1027 5092 tempore
1058 5019 1363 5075 institutum
1390 5034 1508 5073 esse
1536 5020 1785 5089 primitus
1814 5019 1867 5073 in
1893 5020 2163 5075 Bethleem

582 5114 937 5179 monasterio,
958 5112 1048 5167 ubi
1082 5110 1340 5166 Dominus
1366 5120 1552 5165 noster
1577 5107 1735 5164 Iesus
1774 5104 2026 5165 Christus
2067 5124 2167 5180 pro

582 5208 956 5279 redemptione
980 5205 1231 5261 humanm
1254 5199 1444 5257 salutis
1466 5214 1533 5255 ex
1561 5200 1768 5271 virgine
1798 5199 1946 5254 nasci
1981 5199 2168 5269 digna-

574 5310 670 5355 sus
700 5310 815 5365 est;
848 5300 1034 5368 sicque
1057 5311 1122 5351 ex
1154 5294 1245 5349 illo
1272 5309 1368 5365 per
1394 5293 1706 5349 universum
1733 5292 1994 5348 mundum
2017 5292 2165 5362 ejus-

574 5394 702 5447 dem
726 5388 1107 5452 celebrationis
1125 5386 1319 5442 inoluit
1338 5386 1691 5442 consuetudo.
1711 5384 1955 5441 Dilueulo
1984 5392 2163 5440 autem

652 5567 678 5594 ι
707 5554 787 5608 Et
815 5550 942 5608 Isid.
976 5550 1080 5604 loc.
1113 5549 1205 5603 ait.
1232 5563 1353 5617 cap.
1382 5548 1476 5602 22.

656 5626 681 5662 ιι
714 5625 787 5699 ξι
820 5623 941 5699 cod.
967 5621 1070 5699 loc.
1104 5620 1198 5673 cit.
1228 5635 1348 5699 cap.
1374 5618 1461 5673 25.
1622 5687 1634 5699 .
1684 5688 1720 5699 ﬁ
1873 5686 1907 5699 Δ·

655 5706 675 5730 ε
714 5695 787 5772 ξι
840 5693 999 5772 epist.
1032 5687 1325 5745 Innocentii
1376 5704 1525 5759 papa:
1570 5687 1635 5757 ad
1684 5687 2002 5743 Decentium
2052 5704 2162 5756 ep.,

578 5779 702 5835 (up.
738 5766 789 5817 8.

2269 5774 2392 5813 CI’ZT.

2731 4650 2893 4723 512
2918 4652 3144 4713 CAPUT
3175 4655 3359 4713 XLIX.

2592 4756 2615 4785 ⁸
2642 4758 2707 4799 DE
2743 4759 3084 4803 COIIUNIONB
3122 4763 3225 4806 NON
3261 4763 3528 4805 NBGANDA.
3704 4801 3711 4807 .

2339 4837 2414 4892 De
2438 4836 2525 4891 his
2548 4836 2643 4905 qui
2666 4836 2721 4891 in
2748 4837 2951 4893 exitum
2981 4839 3228 4906 veniunt,
3257 4840 3424 4894 etiam
3448 4852 3593 4893 nunc
3619 4837 3705 4896 lex
3749 4855 3851 4896 an-

2268 4926 2415 4996 tiqua
2441 4922 2809 4998 regularisque
2835 4929 3161 4995 servabitur,
3194 4911 3271 4997 ita
3306 4934 3367 4993 ut
3396 4926 3442 4983 si
3481 4929 3603 4999 quis
3638 4932 3850 5003 egredi-

2267 5026 2366 5100 tur
2380 5013 2447 5072 de
2471 5033 2728 5088 corpore,
2754 5020 2945 5074 ultimo
2974 5027 3029 5073 et
3060 5018 3372 5101 necessario
3394 5020 3594 5089 viatico
3622 5023 3847 5081 minime

2268 5094 2529 5178 privetur.
2562 5109 2717 5178 Quod
2740 5111 2785 5166 si
2813 5109 3131 5179 desperatus
3156 5118 3213 5167 et
3244 5094 3569 5171 donsecutus
3602 5130 3845 5171 commu—

2267 5201 2482 5258 nionem
2527 5202 2919 5272 oblationisque
2965 5201 3139 5258 factus
3162 5206 3681 5280 particeps,iterum
3707 5224 3837 5265 con-

2268 5293 2517 5361 valuerit,
2545 5294 2617 5351 sit
2645 5292 2787 5365 in'ter
2814 5308 2909 5349 eos
2941 5295 3033 5366 qui
3074 5298 3615 5362 communium
3648 5304 3850 5362 oratio-

2266 5385 2352 5441 nis
2383 5380 2755 5441 tantummodo
2808 5396 3229 5456 eonsequuntur.
3278 5388 3617 5464 (insuitur
3660 5400 3846 5449 autem

2335 5546 2361 5586 ἀ
2394 5528 2505 5620 Leo
2528 5560 2686 5615 papa,
2715 5543 2871 5614 epist.
2919 5546 2984 5602 18
3015 5546 3121 5620 [ΑΙ.
3149 5545 3241 5620 85]
3272 5548 3347 5603 ad
3366 5547 3708 5605 Theodorum
3728 5561 3846 5618 ep.,

2269 5614 2567 5742 LaELA'riitca
2594 5693 2712 5740 crat
2743 5686 2854 5741 :De
2882 5686 2961 5742 his
3006 5688 3097 5760 qui
3135 5688 3188 5743 in
3220 5690 3460 5745 extremis
3490 5699 3631 5747 sunt.
3664 5687 3848 5755 Quae

3730 6144 3735 6145 ⁷
3766 6146 3809 6159 ο-
