4232 6222
573 256 709 309 1279

1424 254 1483 310 Β.
1526 256 1585 308 ι’.
1628 253 1853 309 Αωιδι
1895 253 2025 311 SEU
2066 252 2343 309 ALCUIM
2381 253 2668 310 OI’ERUM
2704 254 2883 311 PARS
2920 254 3011 309 lx.

3686 257 3823 315 {280

566 372 846 427 multitudo
896 372 1073 426 videns
1128 370 1426 427 occubuisse
1459 371 1666 433 Aaron,
1703 371 1842 438 ﬂevit
1891 388 2047 435 super
2083 388 2143 425 eo
2174 380 2217 430 Α
2248 370 2369 424 ideo
2394 372 2655 440 repetitur
2675 370 2976 437 defunctis,
3016 372 3269 441 quoniam
3299 375 3569 431 nescimus
3590 376 3825 447 qualiter

574 467 783 534 triginta
806 464 1010 526 diebus,
1031 475 1079 517 et
1106 461 1319 532 Moysen
1341 464 1593 529 ﬂeuerunt
1616 461 1715 530 ﬁlii
1742 460 1911 517 Israel
1932 464 1987 516 in
2008 479 2150 516 cant-

566 558 824 619 pestribus
858 554 1014 610 Moab
1038 557 1254 625 triginta
1272 555 1454 608 diebus
1477 554 1654 627 (Deut.
1673 569 1859 619 xxxrv,
1881 555 1956 626 8).
1983 555 2149 609 David

573 660 629 703 et
652 648 745 703 ﬁlii
783 647 947 703 Israel
987 648 1368 718 jejunaverunt
1410 662 1509 716 pro
1550 644 1698 710 Sanl,
1729 654 1784 700 et
1828 646 2151 715 planxerunt

574 756 694 795 eum
722 740 939 811 planctu
973 740 1227 793 maximo.
1260 738 1323 791 Et
1355 738 1409 791 in
1437 736 1599 791 Libro
1638 734 1926 807 Sapientiae
1954 736 2020 792 de
2046 744 2152 791 ter-

574 837 667 901 tio,
705 834 932 905 septimo
972 842 1133 902 atque
1156 831 1434 904 trigesimo
1452 831 1540 886 die
1580 846 1596 885 :
1636 828 1767 883 Filii
1794 832 1851 883 in
1887 839 2151 885 mortuum

574 930 768 993 produc
796 927 1078 997 lacrymas.
1110 926 1177 980 Et
1200 933 1321 995 post
1357 940 1527 994 pauca
1556 942 1569 977 :
1604 923 1829 994 Propter
1855 922 2154 977 delaturum

574 1031 745 1073 autent
776 1036 958 1073 amare
988 1018 1070 1087 {er
1094 1017 1293 1073 lactant
1320 1016 1485 1071 illius.
1517 1016 1585 1070 Et
1610 1016 1805 1070 iterum
1851 1032 1866 1068 :
1918 1010 2031 1067 lt'ac
2069 1014 2152 1067 lu-

574 1126 713 1167 rtum
761 1114 1046 1168 secundum
1094 1114 1338 1167 meritum
1375 1112 1493 1181 ejus
1536 1126 1641 1164 uno
1682 1110 1789 1173 die,
1831 1107 1910 1162 rel
1947 1106 2151 1161 duobus

573 1216 782 1276 propter
826 1206 1200 1258 detractionem
1251 1202 1461 1275 (Eccli.
1503 1199 2004 1271 xxxvrtt,16-l8).
2049 1197 2177 1254 Ubi‘

574 1296 748 1367 primo
766 1295 919 1358 dixit,
944 1304 1166 1366 propter
1196 1293 1499 1348 delaturum
1523 1307 1629 1347 uno
1656 1291 1744 1347 die
1772 1290 1889 1347 ﬁeri
1925 1290 2150 1354 luctum,

572 1398 625 1444 ct
656 1400 841 1458 postea
866 1397 1086 1459 propter
1108 1386 1518 1454 detractionem,
1543 1404 1648 1441 uno
1686 1384 1763 1441 vel
1787 1383 2010 1450 duobus,
2040 1392 2155 1441 tres

573 1482 688 1536 dies
720 1481 1019 1536 introduxit
1070 1481 1125 1535 in
1166 1480 1389 1535 luctum.
1434 1478 1772 1549 Quapropter
1813 1483 1871 1531 et
1916 1474 2021 1532 nos
2054 1490 2155 1546 pro

575 1572 727 1627 valde
766 1572 1104 1627 cbarissimis
1120 1570 1371 1641 jejunare
1396 1584 1493 1625 seu
1532 1569 1906 1639 eleemosynas
1951 1566 2153 1632 facere,

574 1674 738 1733 atque
769 1664 996 1717 interius
1020 1678 1119 1733 pro
1143 1678 1333 1718 eorum
1360 1660 1601 1716 reatibus
1628 1658 1757 1713 ﬁere
1794 1658 2069 1721 debemus,
2096 1663 2157 1710 ut

2247 473 2437 515 eorum
2462 477 2627 517 causa
2653 463 2916 517 habeatur
2942 464 2997 517 in
3029 463 3134 517 alia
3162 462 3293 518 vita.

2853 602 3081 659 CAPUT
3139 602 3223 656 ιι.

2361 730 2383 759 ⁸
2414 736 2479 775 ΒΕ
2515 734 2749 786 TERTIA,
2789 734 3014 774 SEP'l'llA
3062 733 3131 774 ET
3173 735 3456 777 τιιιῦεδιιω
3496 738 3582 776 DIE
3622 739 3720 780 ιίιο

2880 826 3079 866 υεευκε
3088 826 3188 866 TIS.

2325 923 2501 978 Tertia
2556 910 2668 978 dies
2719 922 3028 993 specialiter
3080 939 3180 994 pro
3233 925 3427 982 animm
3490 926 3825 982 absolutionc

2252 1014 2577 1095 celebratur,
2614 1015 2742 1085 quia
2770 1013 3020 1070 videlicet
3058 1016 3284 1086 triplicis
3330 1025 3414 1072 est
3458 1028 3687 1084 naturae,
3720 1020 3826 1075 ira—

2251 1106 2476 1172 scibilis,
2505 1107 2961 1186 concupiscibilis,
2988 1115 3046 1164 et
3073 1109 3356 1165 rationalis
3385 1128 3399 1163 :
3433 1120 3489 1166 et
3515 1111 3643 1183 quia
3674 1114 3826 1186 inge-

2253 1200 2345 1254 nio
2373 1201 2540 1270 viget,
2567 1176 2866 1267 intellecui,
2895 1210 2945 1257 et
2976 1204 3255 1259 memoria.
3288 1204 3516 1276 Propter
3532 1176 3646 1261 boc
3668 1176 3829 1278 igitur

2254 1292 2581 1348 sacriﬁcium
2612 1294 2698 1348 die
2726 1296 2884 1349 tertia
2910 1296 3207 1368 peragitur,
3239 1306 3301 1352 ut
3338 1298 3382 1352 si
3410 1297 3540 1367 quid
3571 1298 3831 1354 temulen-

2255 1394 2369 1441 tum
2398 1383 2554 1458 [ϐοά.
2578 1384 2722 1452 Vat.,
2743 1386 3105 1462 cenulentum]
3128 1404 3195 1444 ex
3221 1391 3403 1445 carnis
3430 1390 3831 1447 oobabitationo

2255 1477 2545 1544 contraxit,
2570 1477 2907 1545 obliteretur,
2934 1486 2989 1534 et
3014 1488 3214 1536 sanctas
3234 1480 3517 1538 Trinitatis
3538 1481 3831 1539 similitudo

2260 1577 2565 1638 reparetur.

2328 1659 2453 1715 Dies
2491 1662 2740 1731 septimus
2787 1663 3138 1721 nihilominus
3163 1664 3355 1723 ciliciis
3394 1668 3687 1739 deputatur
3726 1669 3834 1724 eis-

577 1730 721 1826 quia
756 1753 832 1810 illi
861 1757 915 1810 in
947 1730 1055 1808 vita
1082 1755 1386 1809 debuerunt
1418 1751 1614 1815 facere,
1640 1759 1695 1806 et
1734 1765 1841 1805 non
1886 1748 2152 1812 fecerunt,
2188 1730 2231 1789 Β
2260 1753 2408 1820 dem,
2434 1764 2495 1808 ut
2523 1730 2706 1809 anima
2732 1770 2830 1838 suo
2855 1758 3071 1828 corpori
3118 1730 3502 1815 reconcilietur
3531 1777 3545 1814 :
3576 1768 3833 1832 septena-

577 1846 767 1902 saltem
794 1862 893 1902 nos
916 1861 1016 1917 pro
1042 1846 1151 1901 illis
1185 1861 1309 1901 cum
1347 1844 1444 1900 Dei
1495 1843 1695 1899 auxilio
1743 1841 2153 1911 adimpleamus.

647 1938 853 1994 Interea
884 1938 1071 1993 dicunt
1114 1937 1310 2008 aliqui,
1354 1944 1536 1990 utrum
1582 1950 1683 2005 pro
1722 1932 1973 1987 omnibus
2002 1930 2156 1987 Chri-

578 2030 768 2085 stianis
808 2029 1013 2083 licitum
1051 2030 1122 2082 sit
1159 2028 1353 2082 missas
1392 2025 1704 2081 celebrare?
1734 2023 1871 2078 Hinc
1895 2021 2156 2094 Augusti-

579 2140 681 2179 nus
712 2136 761 2176 ⁸.
814 2121 997 2193 Neque
1035 2121 1339 2191 negandum
1385 2128 1472 2175 est
1516 2116 1893 2174 defunctorum
1945 2114 2159 2170 animas

578 2220 781 2289 pietate
829 2233 1050 2274 suorum
1093 2215 1387 2271 viventium
1432 2211 1685 2278 revelari,
1738 2225 1863 2267 cum
1905 2224 2007 2280 pro
2054 2208 2161 2262 illis

579 2309 909 2365 sacriﬁcium
957 2308 1272 2363 mediatoris
1314 2305 1559 2370 offertur,
1588 2304 1674 2360 vel
1716 2302 2068 2373 elcemosynze
2104 2301 2158 2355 in

582 2400 821 2456 Ecclesia
853 2399 1007 2454 ﬁunt.
1054 2398 1162 2454 Sed
1195 2399 1276 2453 eis
1302 2400 1420 2453 htec
1453 2404 1701 2467 prosunt,
1741 2395 1831 2469 qui
1864 2409 1987 2450 cum
2013 2392 2160 2448 vive-

581 2504 724 2559 rent,
766 2493 880 2549 ὴωο
916 2492 1020 2548 sibi
1065 2500 1122 2546 ut
1159 2491 1633 2563 postea'prodesse
1667 2497 1909 2560 possent,
1949 2501 2159 2542 merue-

580 2596 725 2642 runt.
762 2587 860 2643 Est
885 2587 1028 2642 enim
1051 2587 1271 2656 quidam
1301 2585 1513 2641 vivendi
1544 2583 1756 2648 modus,
1794 2596 1896 2637 nec
1924 2589 2033 2636 tam
2060 2580 2159 2635 bo-

585 2696 689 2735 nus
739 2686 801 2733 ut
841 2694 949 2733 non
1002 2679 1247 2748 requirat
1296 2678 1399 2730 ista
1447 2686 1570 2744 post
1611 2680 1861 2737 mortem,
1905 2687 2007 2728 nec
2048 2678 2158 2727 tam

578 2771 755 2827 malus
791 2778 849 2825 ut
874 2770 923 2827 ei
959 2786 1066 2825 non
1095 2770 1304 2840 prosint
1334 2768 1435 2823 ista
1462 2775 1583 2838 post
1606 2774 1858 2821 mortem.
1901 2764 1996 2821 Est
2027 2778 2159 2820 vero

578 2862 708 2916 talis
735 2862 787 2915 in
816 2863 980 2927 bono,
1002 2870 1061 2916 ut
1089 2863 1201 2917 haec
1224 2877 1329 2915 non
1350 2860 1619 2930 requirat;
1649 2867 1703 2915 et
1722 2866 1807 2914 est
1821 2874 2011 2931 rursus
2035 2858 2161 2914 talis

581 2951 635 3003 in
663 2949 827 3015 malo,
846 2958 907 3004 ut
925 2966 1023 3005 nec
1042 2951 1125 3004 his
1144 2950 1341 3014 valeat,
1364 2966 1487 3005 cum
1510 2951 1579 3005 ab
1609 2951 1709 3006 hac
1732 2950 1842 3003 vita
1863 2949 2157 3015 transierit,

580 3040 843 3110 adjuvari.
918 3040 1258 3110 Quapropter
1301 3048 1514 3110 Oportet
1561 3055 1662 3110 pro
1700 3037 1952 3094 omnibus
2004 3053 2158 3110 rege-

2259 1848 2374 1902 rius
2396 1863 2633 1920 namque
2661 1865 2922 1906 numerus
2946 1863 3013 1905 ex
3039 1851 3277 1906 ternario
3298 1861 3512 1909 constat
3537 1861 3593 1909 et
3611 1864 3835 1924 quater-

2258 1935 2438 2000 nario,
2473 1944 2531 1990 et
2557 1936 2832 1992 ternarius
2876 1937 3069 1993 animat
3124 1937 3405 2005 tribuitur,
3453 1940 3836 2010 quaternarius

2258 2026 2471 2095 corpori
2501 2024 2814 2095 deputatur,
2847 2035 3066 2098 propter
3094 2036 3328 2098 quatuor
3352 2029 3687 2097 notissimos,
3715 2030 3836 2102 qui-

2258 2117 2360 2173 bus
2385 2126 2621 2182 constat,
2648 2119 2925 2174 humores.
2955 2117 3052 2172 Est
3078 2133 3210 2190 ergo
3250 2121 3404 2189 quasi
3441 2122 3689 2191 quaedam
3715 2121 3833 2176 rixa

2260 2210 2507 2281 corporis
2552 2218 2608 2266 et
2654 2211 2884 2275 animas,
2933 2226 3053 2281 quae
3090 2226 3254 2268 carne
3292 2213 3565 2279 illiciente,
3607 2228 3837 2286 umque

2260 2302 2375 2357 suis
2404 2302 2675 2358 illecebris
2716 2302 3044 2369 attrahentc,
3072 2304 3336 2373 peccavit.
3396 2304 3464 2361 Ut
3494 2318 3627 2376 ergo
3653 2304 3832 2361 anima

2260 2409 2361 2450 suo
2411 2396 2624 2464 corpori
2672 2393 3014 2465 paciﬁcetur,
3062 2395 3435 2451 holocaustum
3480 2395 3707 2468 septima
3747 2396 3836 2453 die

2263 2484 2419 2558 [Ms.,
2443 2486 2657 2556 septimi
2682 2484 2810 2557 diei]
2838 2487 3135 2557 peragitur.
3169 2486 3250 2542 Ad
3278 2488 3382 2543 hoc
3411 2486 3551 2544 forte
3576 2490 3834 2559 pertinet,

2260 2578 2405 2648 quod
2446 2577 2501 2630 in
2536 2576 2677 2632 libro
2702 2575 3069 2632 Ecclesiastici
3111 2576 3351 2631 dicitur:
3384 2576 3580 2634 Luctus
3616 2578 3832 2643 mortui,

2260 2676 2449 2737 septem
2490 2667 2601 2721 dies
2630 2681 2649 2721 :
2675 2666 2846 2722 luctus
2867 2676 3041 2722 autem
3066 2666 3224 2735 fatui,
3251 2685 3425 2724 omnes
3452 2669 3564 2725 dies
3584 2671 3698 2742 ejus
3722 2668 3837 2725 vita:

2262 2756 2452 2829 (Eccli.
2496 2774 2630 2823 χχιι,
2662 2758 2771 2831 l3).
2814 2757 2941 2815 Htec
2970 2759 3036 2814 de
3068 2760 3227 2815 tertia
3257 2770 3312 2816 et
3338 2762 3570 2831 septima
3596 2762 3703 2827 die,
3740 2779 3839 2833 aue

2259 2848 2567 2905 ctoritative
2593 2850 2813 2920 quidem
2843 2848 2996 2922 [δίδη
3014 2852 3394 2907 auctoritativa
3415 2853 3683 2928 quaedam]
3709 2854 3835 2911 bre-

2260 2937 2404 2993 viter
2446 2938 2702 2993 diximus.

2331 3028 2598 3085 Cmterum
2647 3031 2714 3086 de
2755 3026 3024 3103 trigesima
3074 3032 3161 3088 die
3205 3034 3259 3089 in
3306 3033 3651 3108 Dialogorum
3684 3036 3839 3092 libris

581 3133 784 3189 ncratis
817 3133 920 3188 ista
950 3131 1146 3195 facere,
1179 3140 1237 3186 ut
1267 3132 1443 3187 nullus
1468 3147 1656 3187 eorum
1685 3130 2152 3202 prietermittatur,
2185 3110 2230 3171 (ἶ
2260 3125 2489 3193 legimus
2531 3123 2583 3190 ἀ,
2633 3126 2850 3183 beatum
2900 3127 3221 3199 Gregorium
3282 3131 3601 3202 prmeepisse
3647 3131 3836 3187 diebus

580 3224 648 3279 ad
676 3238 813 3294 quos
839 3224 953 3278 hzec
990 3222 1247 3278 beneﬁcia
1288 3223 1488 3292 possint
1517 3231 1574 3278 et
1598 3221 1832 3278 debeant
1850 3221 2154 3292 pervenire.

654 3310 961 3367 Praesertim
1008 3328 1130 3367 cum
1162 3313 1379 3379 quidam
1411 3312 1479 3365 ab
1509 3312 1756 3367 hostibus
1799 3321 2013 3380 captus,
2041 3312 2159 3365 vin-

582 3403 829 3473 culisque
876 3402 1068 3457 ferreis
1113 3402 1470 3472 mancipatus,
1512 3418 1542 3457 a
1574 3404 1808 3473 quodam
1853 3417 2011 3457 servo
2039 3402 2155 3467 Dei,

584 3494 795 3549 scilicet
820 3508 1079 3565 germano
1124 3508 1239 3558 suo,
1281 3502 1342 3547 ut
1377 3495 1668 3563 putabatur
1700 3501 1969 3559 mortuus,
2019 3492 2159 3549 cele—

581 3586 751 3640 bratis
776 3600 874 3656 pro
901 3601 966 3641 eo
990 3585 1231 3654 quotidie
1258 3585 1440 3641 missis
1471 3600 1622 3641 more
1662 3593 2022 3651 mortuorum,
2059 3600 2158 3640 8113-

582 3678 800 3746 pissime
827 3678 1035 3733 vincula
1062 3678 1418 3745 solverentur,
1450 3694 1480 3732 a
1502 3678 1698 3749 quibus
1724 3688 1911 3748 postea
1942 3678 2155 3734 absolu-

584 3780 669 3823 ωε
698 3778 798 3824 est.

655 3858 762 3915 Sed
791 3868 847 3914 et
884 3860 988 3914 hoc
1016 3860 1331 3925 notandum,
1360 3851 1486 3929 quia
1517 3859 1661 3932 quod
1694 3863 1873 3919 missa:
1917 3870 2157 3918 mortuo-

582 3966 700 4006 rum
724 3950 928 4020 absque
953 3947 1133 4004 Gloria
1160 3958 1215 4004 et
1232 3950 1481 4016 Alleluia,
1509 3967 1604 4007 seu
1630 3954 1780 4023 pacis
1804 3952 1989 4009 osculo
2016 3954 2159 4010 cele-

588 4041 830 4105 brantur,
865 4038 1011 4108 quod
1045 4048 1127 4094 est
1165 4040 1420 4094 indicium
1446 4041 1663 4106 laetitite,
1698 4043 1764 4098 ad
1796 4045 2157 4101 imitationem

587 4132 768 4202 agitur
814 4130 1135 4197 oliiciorum,
1181 4148 1301 4202 qua:
1344 4143 1575 4205 aguntur
1616 4134 1669 4190 in
1717 4145 1890 4192 morte
1922 4137 2152 4194 Domini.

585 4221 764 4277 Potest
802 4224 906 4279 hoc
950 4224 1153 4279 addisci
1189 4225 1240 4279 in
1266 4226 1484 4282 homilia
1517 4224 1765 4298 Origenis
1803 4230 1992 4298 quinta
2031 4231 2154 4286 libri

582 4312 828 4379 Levitici,
853 4308 961 4371 ubi'
988 4317 1118 4370 dicit
1147 4316 1174 4355 δ
1201 4335 1214 4370 :
1246 4336 1265 4368 ι
1302 4317 1639 4374 Sacriﬁcium
1664 4335 1762 4390 pro
1785 4329 2008 4389 peccato
2051 4338 2157 4377 non

583 4405 644 4463 ﬁt
679 4406 733 4461 in
761 4406 900 4472 oleo,
950 4408 1081 4462 dicit
1130 4409 1272 4462 enim
1316 4427 1329 4463 :
1374 4410 1499 4464 Non
1533 4421 1841 4481 superponet
1875 4414 1923 4467 ei
1961 4412 2154 4480 oleum,

580 4516 698 4554 eum
715 4498 834 4570 jam
863 4516 957 4571 pro
976 4511 1185 4570 peccato
1212 4510 1306 4554 est.
1339 4498 1490 4567 Quod
1516 4517 1645 4572 ergo
1675 4517 1773 4572 pro
1801 4511 2026 4571 peccato
2048 4513 2153 4571 est,

584 4608 681 4646 nec
711 4592 888 4647 oleum
916 4592 1136 4657 lastitim,
1182 4608 1281 4647 nec
1307 4594 1432 4647 thus
1465 4592 1749 4647 suavitatis
1777 4593 2090 4663 imponitur.
2129 4615 2147 4647 ι

582 4684 657 4738 Ac
708 4685 828 4739 ideo
870 4684 1075 4755 absque
1099 4684 1281 4741 Gloria
1319 4693 1373 4740 et
1393 4684 1621 4739 Alleluia
1656 4686 1983 4753 celebratur,
2028 4688 2154 4757 quia

583 4779 697 4826 sine
721 4774 838 4828 oleo
864 4782 918 4829 et
943 4777 1098 4830 thure
1129 4776 1355 4830 Romani
1403 4775 1459 4830 in
1490 4776 1813 4847 vespertinis
1840 4792 1935 4832 seu
1957 4776 2157 4848 vigiliis

492 4935 498 4941 ε
583 4877 743 4935 atque
774 4860 1047 4923 matutinis
1071 4870 1446 4926 defunctorum
1479 4880 1589 4928 tres
1613 4872 1989 4926 tantummodo
2012 4872 2156 4941 psal-

584 4974 699 5011 mos
727 4958 970 5022 recitant,
1016 4959 1221 5013 scilicet
1248 4961 1317 5015 ob
1346 4962 1676 5031 sepulturam
1712 4961 2020 5016 triduanam
2054 4960 2156 5015 Do-

586 5049 734 5102 mini.
766 5048 836 5102 At
865 5049 938 5113 hi,
969 5051 1058 5119 qui
1084 5066 1179 5120 per
1220 5054 1608 5109 novennarium
1654 5070 1963 5119 numerum,
1994 5055 2155 5110 sicuti

583 5149 662 5191 est
694 5140 747 5193 in
774 5139 1130 5194 Kalendarum
1160 5140 1347 5195 diebus
1385 5158 1478 5196 seu
1510 5143 2038 5209 Anniversariorum,
2074 5161 2159 5199 re-

583 5230 784 5295 colunt,
812 5232 1044 5299 ﬁgurant
1077 5233 1165 5288 illa
1203 5232 1376 5289 ollicia
1412 5234 1773 5299 nocturnalia,
1799 5250 1918 5303 qua:
1950 5238 2003 5289 in
2034 5252 2160 5305 pas-

582 5320 731 5374 sione
770 5320 980 5377 Domini
1034 5323 1137 5379 rite
1192 5323 1555 5379 celebrantur.
1608 5322 1992 5379 Anniversaria
2029 5326 2149 5381 dies

653 5447 679 5475 ι
721 5437 774 5491 1η
808 5436 1139 5502 Enchiridio,
1178 5454 1297 5507 cap.
1331 5436 1456 5504 llO;
1507 5444 1561 5493 et
1608 5435 1731 5491 libr.
1784 5436 1851 5491 de
1888 5435 2027 5491 Cura
2058 5453 2159 5508 pro

583 5510 809 5581 mortuis
837 5526 956 5581 cap.
987 5511 1070 5565 18.

658 5580 681 5616 ι’
721 5577 996 5649 Origenes,
1050 5583 1193 5634 hom.
1224 5580 1253 5631 fi
1288 5580 1335 5634 in
1366 5578 1560 5645 chit.,
1593 5594 1741 5634 num.
1792 5578 1843 5643 6,
1874 5588 1993 5649 pag.
2029 5577 2155 5639 209,

584 5658 711 5702 lum.
751 5652 787 5704 Il
818 5656 975 5718 Upcr.
1011 5653 1179 5705 l’al'is.
1215 5652 1362 5704 1735.

655 5738 671 5754 ν
722 5725 902 5777 Lxstat
960 5724 1057 5779 hoc
1111 5723 1404 5795 capitulum
1453 5732 1743 5793 separatim
1802 5722 1851 5776 in
1900 5722 2015 5778 cod.
2052 5738 2152 5775 ins.

2260 3218 2479 3289 triginta
2538 3218 2811 3275 continuis
2872 3235 2972 3291 pro
3022 3221 3257 3291 quodam
3313 3223 3579 3279 monacho
3620 3222 3838 3279 nomine

2258 3307 2410 3362 Justo
2460 3307 2614 3380 [Cod.
2652 3307 2771 3362 Vat.
2805 3311 2998 3377 omitt.,
3026 3310 3227 3384 Iusto],
3271 3312 3486 3383 sibique
3528 3313 3839 3372 necessario

2258 3399 2487 3459 medico,
2512 3414 2672 3468 quem
2708 3399 2843 3469 ipse,
2870 3401 2940 3456 ob
2962 3402 3141 3456 scelus
3171 3402 3248 3457 rei
3276 3404 3584 3472 peculiaris,
3614 3404 3839 3461 damna-

2258 3498 2432 3555 verat,
2467 3489 2661 3544 missas
2688 3498 2744 3545 et
2768 3492 3044 3549 orationes
3071 3493 3459 3563 percelebrari.
3498 3495 3704 3565 Quibus
3744 3514 3837 3555 ex-

2259 3579 2433 3651 pletis,
2462 3581 2641 3637 divina
2675 3581 3078 3639 manifestatum
3103 3593 3188 3641 est
3217 3586 3569 3654 revelatione,
3596 3605 3839 3646 commu—

2258 3674 2474 3729 nionem
2526 3684 2946 3745 sanctorumque
2993 3678 3309 3734 societatem
3366 3680 3636 3750 recepisse
3680 3679 3835 3753 μὴ..

2258 3767 2571 3821 societatem
2623 3766 2933 3838 redditam].
2985 3767 3109 3823 Haec
3142 3784 3273 3839 ergo
3296 3769 3575 3824 salutifera
3619 3770 3840 3825 inolevit

2259 3856 2609 3919 consuetudo,
2645 3864 2703 3909 ut
2746 3856 3026 3928 trigesima
3052 3857 3169 3912 dies
3211 3856 3588 3913 defunctorum
3632 3858 3841 3917 devotis

2258 3946 2673 4017 frequententur
2726 3946 2936 4003 ofﬁciis.
2995 3959 3019 3988 ο
3068 3947 3386 4021 [Possumus
3438 3950 3601 4006 etiam
3653 3959 3709 4007 et
3750 3952 3840 4008 hic

2258 4040 2599 4096 auctoritatis
2635 4040 2836 4111 aliquid
2865 4040 3143 4107 adbibere,
3181 4057 3305 4097 nam
3337 4040 3500 4116 514
3519 4042 3701 4099 Aaron
3730 4044 3841 4115 pri-

2260 4149 2407 4190 mum
2459 4133 2802 4189 sacerdotum
2859 4133 3079 4204 triginta
3129 4134 3318 4190 diebus
3388 4135 3583 4206 legitur
3628 4134 3839 4191 ﬂevisse

2258 4226 2487 4297 populus
2534 4226 2725 4298 (Num.
2752 4243 2842 4292 xx,
2869 4224 3007 4301 30).]
3067 4224 3209 4282 Sunt
3252 4228 3344 4297 qui
3391 4228 3578 4283 dicunt
3619 4229 3723 4284 hoc
3750 4228 3839 4300 agi

2257 4334 2359 4389 pro
2403 4318 2733 4389 perfectione
2782 4320 3056 4373 tricenarii
3109 4319 3319 4372 numeri
3364 4335 3533 4374 :nam
3577 4320 3839 4376 Dominus

2261 4410 2483 4479 triginta
2528 4424 2793 4465 annorum
2843 4418 3004 4463 astate
3056 4408 3362 4477 baptizatus
3402 4419 3505 4465 est.
3558 4410 3627 4467 Et
3666 4410 3839 4468 David

2261 4499 2482 4570 triginta
2536 4515 2801 4555 annorum
2829 4541 2845 4565 ,
2902 4500 3053 4571 regni
3109 4503 3344 4572 suscepit
3392 4504 3833 4576 gubernaculum.

2260 4591 2498 4646 Primum
2524 4594 2689 4647 etiam
2716 4593 3019 4659 hominem,
3052 4592 3106 4647 in
3134 4594 3354 4666 triginta
3382 4611 3647 4652 annorum
3675 4605 3835 4652 aetate

2258 4692 2500 4741 creatum
2550 4684 2801 4740 doctores
2852 4694 3120 4752 asserunt,
3172 4695 3228 4742 et
3273 4695 3459 4742 nostra
3509 4701 3738 4757 corpora
3781 4688 3838 4742 in

2259 4792 2570 4832 mensuram
2613 4778 2791 4832 astatis
2820 4777 3172 4847 plenitudinis
3217 4775 3445 4843 Christi,
3481 4776 3752 4834 credimus
3785 4786 3837 4834 et

2261 4886 2541 4941 speramus
2575 4880 2980 4926 resurrectura:
3008 4871 3280 4939 multaque
3308 4877 3523 4925 exstant
3544 4870 3648 4927 alia
3681 4870 3840 4943 hujus

2261 4962 2339 5017 rei
2370 4962 2643 5033 mysteria.
2686 4960 3005 5017 Celebratur
3041 4975 3171 5031 ergo
3215 4959 3332 5016 dies
3359 4961 3658 5031 tricesima,
3690 4973 3751 5020 ut
3784 4966 3837 5021 in

2259 5054 2438 5107 anima
2479 5052 2899 5122 iucorruptionis
2942 5048 3527 5123 rcnoveturjuventus,
3559 5066 3615 5112 et
3642 5073 3840 5129 corpus

2260 5146 2403 5216 quod
2449 5144 2502 5199 in
2547 5144 2850 5199 humilitate
2893 5140 3160 5210 sepultum
3210 5141 3425 5212 fuerat,
3479 5158 3728 5222 resurgat
3782 5151 3837 5205 in

2261 5237 2453 5306 gloria,
2492 5236 2880 5307 conﬁguratum
2926 5234 3139 5305 corpori
3170 5235 3433 5296 claritatis
3462 5239 3664 5298 Christi
3685 5239 3839 5315 (Plii-

2263 5328 2352 5399 lip.
2382 5345 2460 5393 ιιι,
2485 5327 2599 5400 21).

2266 5441 2525 5496 Vaticano
2571 5439 2733 5503 3850,
2778 5448 2898 5509 post
2929 5436 3211 5495 Orationes
3252 5440 3429 5497 Albini
3455 5464 3457 5468 ‘
3480 5444 3548 5498 ad
3577 5443 3746 5500 Deum
3782 5454 3841 5500 ct

2266 5512 2706 5579 apostolos,quas
2729 5508 2975 5564 dedimus
3002 5526 3161 5581 supra
3184 5512 3287 5566 col.
3322 5513 3456 5566 1027
3484 5515 3637 5570 inter
3653 5516 3836 5571 dubia.

2333 5581 2357 5618 δ
2400 5582 2457 5635 S.
2484 5582 2644 5635 Grca.
2690 5580 2755 5631 bl.
2786 5579 2907 5635 libr.
2939 5597 2989 5634 Iv
3023 5581 3160 5635 Dial.
3202 5598 3318 5635 can.
3344 5583 3431 5635 55.

2446 5623 2457 5633 .
2484 5597 2644 5649 breg.
2692 5597 2755 5631 Μ.
2787 5597 2907 5635 IIDI‘.
2939 5597 2989 5634 ιν
3025 5597 3160 5635 υιιιι.
3202 5598 3318 5651 cap.
3344 5597 3431 5638 ὓῖ).

2272 5723 2305 5773 Υ
2342 5663 2363 5689 ο
2405 5653 2532 5717 Quae
2571 5652 2777 5705 uncinis
2816 5652 3177 5719 includuntur,
3220 5655 3414 5710 omissa
3458 5666 3581 5713 sunt
3627 5658 3680 5713 in
3712 5656 3836 5713 cod.

2314 5731 2386 5773 at.

2314 5731 2386 5778 at.
