  <div class='ocr_page' id='page_1' title='image "/cluster/home/n/w/nwhite01/storage/ocr_20150623/101/uva.x000834944/646.png"; bbox 0 0 4232 6262; ppageno 0'>
   <div class='ocr_carea' id='block_1_1' title="bbox 428 305 553 360">
    <p class='ocr_par' dir='ltr' id='par_1_1' title="bbox 428 305 553 360">
     <span class='ocr_line' id='line_1_1' title="bbox 428 305 553 360; baseline -0.008 -2"><span class='ocrx_word' id='word_1_1' title='bbox 428 305 553 360; x_wconf 71' lang='grc'><strong>1⁸281</strong></span> 
     </span>
    </p>
   </div>
   <div class='ocr_carea' id='block_1_2' title="bbox 1029 414 1397 472">
    <p class='ocr_par' dir='ltr' id='par_1_2' title="bbox 1029 414 1397 472">
     <span class='ocr_line' id='line_1_2' title="bbox 1029 414 1397 472; baseline 0 -2"><span class='ocrx_word' id='word_1_2' title='bbox 1029 414 1253 471; x_wconf 77' lang='lat' dir='ltr'><strong>CAPUT</strong></span> <span class='ocrx_word' id='word_1_3' title='bbox 1290 417 1397 472; x_wconf 82' lang='lat' dir='ltr'><strong>LII.</strong></span> 
     </span>
    </p>
   </div>
   <div class='ocr_carea' id='block_1_3' title="bbox 849 517 1571 562">
    <p class='ocr_par' dir='ltr' id='par_1_3' title="bbox 849 517 1571 562">
     <span class='ocr_line' id='line_1_3' title="bbox 849 517 1571 562; baseline 0.004 -4"><span class='ocrx_word' id='word_1_4' title='bbox 849 517 871 544; x_wconf 73' lang='grc'><strong>³⁸</strong></span> <span class='ocrx_word' id='word_1_5' title='bbox 906 521 969 559; x_wconf 78' lang='lat' dir='ltr'><strong>DE</strong></span> <span class='ocrx_word' id='word_1_6' title='bbox 1005 522 1152 561; x_wconf 62' lang='lat' dir='ltr'><strong>HISSA</strong></span> <span class='ocrx_word' id='word_1_7' title='bbox 1192 522 1571 562; x_wconf 65' lang='lat' dir='ltr'><strong>INNOCENTIUM.</strong></span> 
     </span>
    </p>
   </div>
   <div class='ocr_carea' id='block_1_4' title="bbox 496 596 1991 667">
    <p class='ocr_par' dir='ltr' id='par_1_4' title="bbox 496 596 1991 667">
     <span class='ocr_line' id='line_1_4' title="bbox 496 596 1991 667; baseline -0.001 -15"><span class='ocrx_word' id='word_1_8' title='bbox 496 596 573 652; x_wconf 83' lang='lat' dir='ltr'><strong>De</strong></span> <span class='ocrx_word' id='word_1_9' title='bbox 602 596 761 651; x_wconf 82' lang='lat' dir='ltr'><strong>missa</strong></span> <span class='ocrx_word' id='word_1_10' title='bbox 797 596 1164 651; x_wconf 81' lang='lat' dir='ltr'><strong>Innocentium</strong></span> <span class='ocrx_word' id='word_1_11' title='bbox 1194 597 1593 667; x_wconf 86' lang='lat' dir='ltr'><strong>particulariter</strong></span> <span class='ocrx_word' id='word_1_12' title='bbox 1643 598 1695 650; x_wconf 92' lang='lat' dir='ltr'><strong>in</strong></span> <span class='ocrx_word' id='word_1_13' title='bbox 1729 596 1991 665; x_wconf 82' lang='lat' dir='ltr'><strong>Antipho-</strong></span> 
     </span>
    </p>
   </div>
   <div class='ocr_carea' id='block_1_5' title="bbox 428 683 1993 749">
    <p class='ocr_par' dir='ltr' id='par_1_5' title="bbox 428 683 1993 749">
     <span class='ocr_line' id='line_1_5' title="bbox 428 683 1993 749; baseline -0.003 -6"><span class='ocrx_word' id='word_1_14' title='bbox 428 687 582 743; x_wconf 90' lang='lat' dir='ltr'><strong>nario</strong></span> <span class='ocrx_word' id='word_1_15' title='bbox 607 686 724 742; x_wconf 89' lang='lat' dir='ltr'><strong>sic:</strong></span> <span class='ocrx_word' id='word_1_16' title='bbox 757 683 940 740; x_wconf 83' lang='lat' dir='ltr'><strong>Gloria</strong></span> <span class='ocrx_word' id='word_1_17' title='bbox 980 687 1031 739; x_wconf 91' lang='lat' dir='ltr'><strong>in</strong></span> <span class='ocrx_word' id='word_1_18' title='bbox 1067 686 1280 741; x_wconf 73' lang='lat' dir='ltr'><strong>excelsis</strong></span> <span class='ocrx_word' id='word_1_19' title='bbox 1311 686 1420 741; x_wconf 85' lang='lat' dir='ltr'><strong>Deo</strong></span> <span class='ocrx_word' id='word_1_20' title='bbox 1449 702 1564 742; x_wconf 31' lang='lat' dir='ltr'><strong>non.</strong></span> <span class='ocrx_word' id='word_1_21' title='bbox 1590 695 1864 749; x_wconf 89' lang='lat' dir='ltr'><strong>cantatur,</strong></span> <span class='ocrx_word' id='word_1_22' title='bbox 1894 700 1993 739; x_wconf 71' lang='lat' dir='ltr'><strong>nl-c</strong></span> 
     </span>
    </p>
   </div>
   <div class='ocr_carea' id='block_1_6' title="bbox 428 765 1987 850">
    <p class='ocr_par' dir='ltr' id='par_1_6' title="bbox 428 765 1987 850">
     <span class='ocr_line' id='line_1_6' title="bbox 428 765 1987 850; baseline -0.004 -13"><span class='ocrx_word' id='word_1_23' title='bbox 428 780 674 846; x_wconf 78' lang='lat' dir='ltr'><strong>Alleluia,</strong></span> <span class='ocrx_word' id='word_1_24' title='bbox 708 765 803 837; x_wconf 84' lang='lat' dir='ltr'><strong>sed</strong></span> <span class='ocrx_word' id='word_1_25' title='bbox 828 780 981 850; x_wconf 84' lang='lat' dir='ltr'><strong>quasi</strong></span> <span class='ocrx_word' id='word_1_26' title='bbox 1032 780 1086 833; x_wconf 93' lang='lat' dir='ltr'><strong>in</strong></span> <span class='ocrx_word' id='word_1_27' title='bbox 1129 781 1348 835; x_wconf 74' lang='lat' dir='ltr'><strong>tristitia</strong></span> <span class='ocrx_word' id='word_1_28' title='bbox 1392 780 1675 835; x_wconf 74' lang='lat' dir='ltr'><strong>deducitur</strong></span> <span class='ocrx_word' id='word_1_29' title='bbox 1721 780 1837 834; x_wconf 85' lang='lat' dir='ltr'><strong>dies</strong></span> <span class='ocrx_word' id='word_1_30' title='bbox 1881 778 1987 833; x_wconf 89' lang='lat' dir='ltr'><strong>ille.</strong></span> 
     </span>
    </p>
   </div>
   <div class='ocr_carea' id='block_1_7' title="bbox 427 867 1991 944">
    <p class='ocr_par' dir='ltr' id='par_1_7' title="bbox 427 867 1991 944">
     <span class='ocr_line' id='line_1_7' title="bbox 427 867 1991 944; baseline -0.005 -15"><span class='ocrx_word' id='word_1_31' title='bbox 427 873 763 944; x_wconf 83' lang='lat' dir='ltr'><strong>Compositor</strong></span> <span class='ocrx_word' id='word_1_32' title='bbox 787 871 945 926; x_wconf 73' lang='lat' dir='ltr'><strong>ofﬁcii</strong></span> <span class='ocrx_word' id='word_1_33' title='bbox 967 871 1248 940; x_wconf 87' lang='lat' dir='ltr'><strong>praesentis</strong></span> <span class='ocrx_word' id='word_1_34' title='bbox 1277 870 1677 925; x_wconf 82' lang='lat' dir='ltr'><strong>Innocentium:</strong></span> <span class='ocrx_word' id='word_1_35' title='bbox 1708 867 1991 923; x_wconf 82' lang='lat' dir='ltr'><strong>Voluerunt</strong></span> 
     </span>
    </p>
   </div>
   <div class='ocr_carea' id='block_1_8' title="bbox 428 960 1991 1039">
    <p class='ocr_par' dir='ltr' id='par_1_8' title="bbox 428 960 1991 1039">
     <span class='ocr_line' id='line_1_8' title="bbox 428 960 1991 1039; baseline -0.004 -19"><span class='ocrx_word' id='word_1_36' title='bbox 428 975 485 1022; x_wconf 83' lang='lat' dir='ltr'><strong>et</strong></span> <span class='ocrx_word' id='word_1_37' title='bbox 507 964 1019 1036; x_wconf 72' lang='lat' dir='ltr'><strong>planxerunt:sicul</strong></span> <span class='ocrx_word' id='word_1_38' title='bbox 1062 970 1276 1031; x_wconf 86' lang='lat' dir='ltr'><strong>separat</strong></span> <span class='ocrx_word' id='word_1_39' title='bbox 1320 977 1418 1017; x_wconf 93' lang='lat' dir='ltr'><strong>nos</strong></span> <span class='ocrx_word' id='word_1_40' title='bbox 1457 962 1525 1015; x_wconf 90' lang='lat' dir='ltr'><strong>ab</strong></span> <span class='ocrx_word' id='word_1_41' title='bbox 1560 970 1682 1016; x_wconf 88' lang='lat' dir='ltr'><strong>actu</strong></span> <span class='ocrx_word' id='word_1_42' title='bbox 1728 960 1991 1039; x_wconf 78' lang='lat' dir='ltr'><strong>malorum</strong></span> 
     </span>
    </p>
   </div>
   <div class='ocr_carea' id='block_1_9' title="bbox 428 1053 1992 1120">
    <p class='ocr_par' dir='ltr' id='par_1_9' title="bbox 428 1053 1992 1120">
     <span class='ocr_line' id='line_1_9' title="bbox 428 1053 1992 1120; baseline -0.003 -8"><span class='ocrx_word' id='word_1_43' title='bbox 428 1056 732 1113; x_wconf 81' lang='lat' dir='ltr'><strong>Judaeorum</strong></span> <span class='ocrx_word' id='word_1_44' title='bbox 783 1056 837 1111; x_wconf 93' lang='lat' dir='ltr'><strong>in</strong></span> <span class='ocrx_word' id='word_1_45' title='bbox 860 1053 1022 1110; x_wconf 73' lang='lat' dir='ltr'><strong>Coena</strong></span> <span class='ocrx_word' id='word_1_46' title='bbox 1055 1055 1288 1120; x_wconf 88' lang='lat' dir='ltr'><strong>Domini,</strong></span> <span class='ocrx_word' id='word_1_47' title='bbox 1322 1056 1437 1110; x_wconf 91' lang='lat' dir='ltr'><strong>sive</strong></span> <span class='ocrx_word' id='word_1_48' title='bbox 1471 1056 1524 1110; x_wconf 94' lang='lat' dir='ltr'><strong>in</strong></span> <span class='ocrx_word' id='word_1_49' title='bbox 1552 1055 1866 1119; x_wconf 80' lang='lat' dir='ltr'><strong>Parasceve,</strong></span> <span class='ocrx_word' id='word_1_50' title='bbox 1897 1068 1992 1108; x_wconf 91' lang='lat' dir='ltr'><strong>seu</strong></span> 
     </span>
    </p>
   </div>
   <div class='ocr_carea' id='block_1_10' title="bbox 431 1148 1993 1213">
    <p class='ocr_par' dir='ltr' id='par_1_10' title="bbox 431 1148 1993 1213">
     <span class='ocr_line' id='line_1_10' title="bbox 431 1148 1993 1213; baseline -0.003 -9"><span class='ocrx_word' id='word_1_51' title='bbox 431 1150 483 1204; x_wconf 90' lang='lat' dir='ltr'><strong>in</strong></span> <span class='ocrx_word' id='word_1_52' title='bbox 531 1148 767 1204; x_wconf 87' lang='lat' dir='ltr'><strong>Sabbato</strong></span> <span class='ocrx_word' id='word_1_53' title='bbox 820 1157 1026 1213; x_wconf 88' lang='lat' dir='ltr'><strong>sancto,</strong></span> <span class='ocrx_word' id='word_1_54' title='bbox 1069 1149 1366 1204; x_wconf 85' lang='lat' dir='ltr'><strong>omittendo</strong></span> <span class='ocrx_word' id='word_1_55' title='bbox 1408 1148 1592 1204; x_wconf 89' lang='lat' dir='ltr'><strong>oscula</strong></span> <span class='ocrx_word' id='word_1_56' title='bbox 1641 1148 1757 1202; x_wconf 90' lang='lat' dir='ltr'><strong>sive</strong></span> <span class='ocrx_word' id='word_1_57' title='bbox 1798 1154 1993 1203; x_wconf 66' lang='lat' dir='ltr'><strong>caetera</strong></span> 
     </span>
    </p>
   </div>
   <div class='ocr_carea' id='block_1_11' title="bbox 430 1241 1993 1312">
    <p class='ocr_par' dir='ltr' id='par_1_11' title="bbox 430 1241 1993 1312">
     <span class='ocr_line' id='line_1_11' title="bbox 430 1241 1993 1312; baseline 0.001 -16"><span class='ocrx_word' id='word_1_58' title='bbox 430 1250 705 1307; x_wconf 87' lang='lat' dir='ltr'><strong>consueta,</strong></span> <span class='ocrx_word' id='word_1_59' title='bbox 736 1242 815 1297; x_wconf 92' lang='lat' dir='ltr'><strong>sic</strong></span> <span class='ocrx_word' id='word_1_60' title='bbox 836 1241 1113 1312; x_wconf 86' lang='lat' dir='ltr'><strong>conjungit</strong></span> <span class='ocrx_word' id='word_1_61' title='bbox 1141 1243 1193 1297; x_wconf 90' lang='lat' dir='ltr'><strong>in</strong></span> <span class='ocrx_word' id='word_1_62' title='bbox 1220 1244 1471 1311; x_wconf 71' lang='lat' dir='ltr'><strong>praesenti</strong></span> <span class='ocrx_word' id='word_1_63' title='bbox 1501 1242 1795 1298; x_wconf 79' lang='lat' dir='ltr'><strong>festivitate</strong></span> <span class='ocrx_word' id='word_1_64' title='bbox 1821 1242 1993 1297; x_wconf 88' lang='lat' dir='ltr'><strong>dolori</strong></span> 
     </span>
    </p>
   </div>
   <div class='ocr_carea' id='block_1_12' title="bbox 429 1329 1998 1387">
    <p class='ocr_par' dir='ltr' id='par_1_12' title="bbox 429 1329 1998 1387">
     <span class='ocr_line' id='line_1_12' title="bbox 429 1329 1998 1387; baseline 0 -2"><span class='ocrx_word' id='word_1_65' title='bbox 429 1331 741 1387; x_wconf 85' lang='lat' dir='ltr'><strong>devotarum</strong></span> <span class='ocrx_word' id='word_1_66' title='bbox 766 1329 1108 1385; x_wconf 79' lang='lat' dir='ltr'><strong>feminarum.</strong></span> <span class='ocrx_word' id='word_1_67' title='bbox 1137 1330 1309 1386; x_wconf 83' lang='lat' dir='ltr'><strong>Causa</strong></span> <span class='ocrx_word' id='word_1_68' title='bbox 1342 1346 1531 1386; x_wconf 89' lang='lat' dir='ltr'><strong>earum</strong></span> <span class='ocrx_word' id='word_1_69' title='bbox 1570 1332 1801 1387; x_wconf 70' lang='lat' dir='ltr'><strong>tristitie</strong></span> <span class='ocrx_word' id='word_1_70' title='bbox 1836 1333 1998 1387; x_wconf 89' lang='lat' dir='ltr'><strong>omit-</strong></span> 
     </span>
    </p>
   </div>
   <div class='ocr_carea' id='block_1_13' title="bbox 432 1405 1640 1487">
    <p class='ocr_par' dir='ltr' id='par_1_13' title="bbox 432 1405 1640 1487">
     <span class='ocr_line' id='line_1_13' title="bbox 432 1405 1640 1487; baseline 0 -12"><span class='ocrx_word' id='word_1_71' title='bbox 432 1422 612 1487; x_wconf 88' lang='lat' dir='ltr'><strong>timus,</strong></span> <span class='ocrx_word' id='word_1_72' title='bbox 644 1419 827 1475; x_wconf 84' lang='lat' dir='ltr'><strong>Gloria</strong></span> <span class='ocrx_word' id='word_1_73' title='bbox 854 1421 909 1475; x_wconf 90' lang='lat' dir='ltr'><strong>in</strong></span> <span class='ocrx_word' id='word_1_74' title='bbox 930 1420 1144 1475; x_wconf 72' lang='lat' dir='ltr'><strong>excelsis</strong></span> <span class='ocrx_word' id='word_1_75' title='bbox 1164 1421 1293 1486; x_wconf 88' lang='lat' dir='ltr'><strong>Deo,</strong></span> <span class='ocrx_word' id='word_1_76' title='bbox 1318 1432 1372 1478; x_wconf 88' lang='lat' dir='ltr'><strong>et</strong></span> <span class='ocrx_word' id='word_1_77' title='bbox 1394 1405 1640 1476; x_wconf 78' lang='lat' dir='ltr'><strong>Alleluia.</strong></span> 
     </span>
    </p>
   </div>
   <div class='ocr_carea' id='block_1_14' title="bbox 1020 1527 1428 1591">
    <p class='ocr_par' dir='ltr' id='par_1_14' title="bbox 1020 1527 1428 1591">
     <span class='ocr_line' id='line_1_14' title="bbox 1020 1527 1428 1591; baseline -0.005 0"><span class='ocrx_word' id='word_1_78' title='bbox 1020 1535 1248 1591; x_wconf 79' lang='lat' dir='ltr'><strong>CAPUT</strong></span> <span class='ocrx_word' id='word_1_79' title='bbox 1284 1527 1428 1589; x_wconf 63' lang='grc' dir='ltr'><strong>[ηις</strong></span> 
     </span>
    </p>
   </div>
   <div class='ocr_carea' id='block_1_15' title="bbox 432 1619 1997 1670">
    <p class='ocr_par' dir='ltr' id='par_1_15' title="bbox 432 1619 1997 1670">
     <span class='ocr_line' id='line_1_15' title="bbox 432 1619 1997 1670; baseline 0 -12"><span class='ocrx_word' id='word_1_80' title='bbox 432 1620 498 1658; x_wconf 71' lang='lat' dir='ltr'><strong>DE</strong></span> <span class='ocrx_word' id='word_1_81' title='bbox 533 1619 635 1660; x_wconf 83' lang='lat' dir='ltr'><strong>llOC</strong></span> <span class='ocrx_word' id='word_1_82' title='bbox 669 1619 775 1660; x_wconf 69' lang='lat' dir='ltr'><strong>CUB</strong></span> <span class='ocrx_word' id='word_1_83' title='bbox 810 1620 1060 1660; x_wconf 72' lang='lat' dir='ltr'><strong>IAGISTBI</strong></span> <span class='ocrx_word' id='word_1_84' title='bbox 1099 1620 1361 1660; x_wconf 64' lang='lat' dir='ltr'><strong>ECCLESIE</strong></span> <span class='ocrx_word' id='word_1_85' title='bbox 1407 1621 1823 1670; x_wconf 64' lang='lat' dir='ltr'><strong>QUADRAGESHIE</strong></span> <span class='ocrx_word' id='word_1_86' title='bbox 1864 1620 1997 1659; x_wconf 66' lang='lat' dir='ltr'><strong>TEV-</strong></span> 
     </span>
    </p>
   </div>
   <div class='ocr_carea' id='block_1_16' title="bbox 504 1708 1998 1752">
    <p class='ocr_par' dir='ltr' id='par_1_16' title="bbox 504 1708 1998 1752">
     <span class='ocr_line' id='line_1_16' title="bbox 504 1708 1998 1752; baseline 0.001 -3"><span class='ocrx_word' id='word_1_87' title='bbox 504 1708 597 1749; x_wconf 73' lang='lat' dir='ltr'><strong>PUS</strong></span> <span class='ocrx_word' id='word_1_88' title='bbox 630 1709 770 1749; x_wconf 76' lang='grc' dir='ltr'><strong>Διιτε</strong></span> <span class='ocrx_word' id='word_1_89' title='bbox 806 1709 993 1751; x_wconf 65' lang='grc' dir='ltr'><strong>υοιιιηι</strong></span> <span class='ocrx_word' id='word_1_90' title='bbox 1030 1710 1310 1750; x_wconf 71' lang='lat' dir='ltr'><strong>PASSIONEI</strong></span> <span class='ocrx_word' id='word_1_91' title='bbox 1344 1711 1720 1752; x_wconf 65' lang='grc' dir='ltr'><strong>οβεειινλκυυι</strong></span> <span class='ocrx_word' id='word_1_92' title='bbox 1758 1711 1998 1751; x_wconf 78' lang='grc' dir='ltr'><strong>ετΑτυε-</strong></span> 
     </span>
    </p>
   </div>
   <div class='ocr_carea' id='block_1_17' title="bbox 502 1799 668 1839">
    <p class='ocr_par' dir='ltr' id='par_1_17' title="bbox 502 1799 668 1839">
     <span class='ocr_line' id='line_1_17' title="bbox 502 1799 668 1839; baseline -0.006 -1"><span class='ocrx_word' id='word_1_93' title='bbox 502 1799 668 1839; x_wconf 68' lang='grc' dir='ltr'><strong>ιωκτ.</strong></span> 
     </span>
    </p>
   </div>
   <div class='ocr_carea' id='block_1_18' title="bbox 503 1870 1997 1947">
    <p class='ocr_par' dir='ltr' id='par_1_18' title="bbox 503 1870 1997 1947">
     <span class='ocr_line' id='line_1_18' title="bbox 503 1870 1997 1947; baseline -0.003 -16"><span class='ocrx_word' id='word_1_94' title='bbox 503 1873 749 1946; x_wconf 84' lang='lat' dir='ltr'><strong>Congrua</strong></span> <span class='ocrx_word' id='word_1_95' title='bbox 785 1884 967 1932; x_wconf 86' lang='lat' dir='ltr'><strong>autem</strong></span> <span class='ocrx_word' id='word_1_96' title='bbox 1018 1876 1226 1931; x_wconf 80' lang='lat' dir='ltr'><strong>ratione</strong></span> <span class='ocrx_word' id='word_1_97' title='bbox 1274 1870 1516 1947; x_wconf 77' lang='lat' dir='ltr'><strong>magistri</strong></span> <span class='ocrx_word' id='word_1_98' title='bbox 1559 1873 1814 1930; x_wconf 87' lang='lat' dir='ltr'><strong>Ecclesiae</strong></span> <span class='ocrx_word' id='word_1_99' title='bbox 1849 1872 1997 1940; x_wconf 85' lang='lat' dir='ltr'><strong>Qua-</strong></span> 
     </span>
    </p>
   </div>
   <div class='ocr_carea' id='block_1_19' title="bbox 434 1967 1999 2039">
    <p class='ocr_par' dir='ltr' id='par_1_19' title="bbox 434 1967 1999 2039">
     <span class='ocr_line' id='line_1_19' title="bbox 434 1967 1999 2039; baseline -0.003 -16"><span class='ocrx_word' id='word_1_100' title='bbox 434 1967 751 2039; x_wconf 73' lang='lat' dir='ltr'><strong>dragesim</strong></span> <span class='ocrx_word' id='word_1_101' title='bbox 776 1978 988 2039; x_wconf 83' lang='lat' dir='ltr'><strong>tempus</strong></span> <span class='ocrx_word' id='word_1_102' title='bbox 1008 1977 1134 2024; x_wconf 84' lang='lat' dir='ltr'><strong>ante</strong></span> <span class='ocrx_word' id='word_1_103' title='bbox 1158 1968 1367 2024; x_wconf 88' lang='lat' dir='ltr'><strong>Domini</strong></span> <span class='ocrx_word' id='word_1_104' title='bbox 1388 1969 1692 2038; x_wconf 82' lang='lat' dir='ltr'><strong>passionem</strong></span> <span class='ocrx_word' id='word_1_105' title='bbox 1712 1967 1999 2021; x_wconf 86' lang='lat' dir='ltr'><strong>observan-</strong></span> 
     </span>
    </p>
   </div>
   <div class='ocr_carea' id='block_1_20' title="bbox 434 2059 2001 2134">
    <p class='ocr_par' dir='ltr' id='par_1_20' title="bbox 434 2059 2001 2134">
     <span class='ocr_line' id='line_1_20' title="bbox 434 2059 2001 2134; baseline -0.003 -19"><span class='ocrx_word' id='word_1_106' title='bbox 434 2059 561 2115; x_wconf 89' lang='lat' dir='ltr'><strong>dum</strong></span> <span class='ocrx_word' id='word_1_107' title='bbox 589 2074 710 2116; x_wconf 86' lang='lat' dir='ltr'><strong>esse</strong></span> <span class='ocrx_word' id='word_1_108' title='bbox 736 2068 1061 2126; x_wconf 84' lang='lat' dir='ltr'><strong>statuerunt,</strong></span> <span class='ocrx_word' id='word_1_109' title='bbox 1108 2070 1170 2116; x_wconf 90' lang='lat' dir='ltr'><strong>ut</strong></span> <span class='ocrx_word' id='word_1_110' title='bbox 1206 2061 1564 2133; x_wconf 81' lang='lat' dir='ltr'><strong>intelligamus</strong></span> <span class='ocrx_word' id='word_1_111' title='bbox 1597 2060 1722 2129; x_wconf 89' lang='lat' dir='ltr'><strong>quia</strong></span> <span class='ocrx_word' id='word_1_112' title='bbox 1766 2073 2001 2134; x_wconf 77' lang='lat' dir='ltr'><strong>praesen-</strong></span> 
     </span>
    </p>
   </div>
   <div class='ocr_carea' id='block_1_21' title="bbox 435 2148 1999 2220">
    <p class='ocr_par' dir='ltr' id='par_1_21' title="bbox 435 2148 1999 2220">
     <span class='ocr_line' id='line_1_21' title="bbox 435 2148 1999 2220; baseline -0.004 -12"><span class='ocrx_word' id='word_1_113' title='bbox 435 2152 507 2208; x_wconf 88' lang='lat' dir='ltr'><strong>tis</strong></span> <span class='ocrx_word' id='word_1_114' title='bbox 533 2154 659 2208; x_wconf 78' lang='lat' dir='ltr'><strong>vita:</strong></span> <span class='ocrx_word' id='word_1_115' title='bbox 682 2151 898 2208; x_wconf 75' lang='lat' dir='ltr'><strong>afﬂictio</strong></span> <span class='ocrx_word' id='word_1_116' title='bbox 936 2153 1396 2209; x_wconf 86' lang='lat' dir='ltr'><strong>immortalitatem</strong></span> <span class='ocrx_word' id='word_1_117' title='bbox 1440 2152 1673 2207; x_wconf 91' lang='lat' dir='ltr'><strong>futuram</strong></span> <span class='ocrx_word' id='word_1_118' title='bbox 1704 2150 1869 2220; x_wconf 87' lang='lat' dir='ltr'><strong>parit.</strong></span> <span class='ocrx_word' id='word_1_119' title='bbox 1916 2148 1999 2203; x_wconf 81' lang='lat' dir='ltr'><strong>Ad</strong></span> 
     </span>
    </p>
   </div>
   <div class='ocr_carea' id='block_1_22' title="bbox 434 2244 2001 2315">
    <p class='ocr_par' dir='ltr' id='par_1_22' title="bbox 434 2244 2001 2315">
     <span class='ocr_line' id='line_1_22' title="bbox 434 2244 2001 2315; baseline -0.002 -16"><span class='ocrx_word' id='word_1_120' title='bbox 434 2259 597 2315; x_wconf 88' lang='lat' dir='ltr'><strong>quam</strong></span> <span class='ocrx_word' id='word_1_121' title='bbox 645 2260 759 2301; x_wconf 90' lang='lat' dir='ltr'><strong>rem</strong></span> <span class='ocrx_word' id='word_1_122' title='bbox 789 2244 1218 2300; x_wconf 86' lang='lat' dir='ltr'><strong>conﬁrmandum</strong></span> <span class='ocrx_word' id='word_1_123' title='bbox 1264 2247 1378 2315; x_wconf 88' lang='lat' dir='ltr'><strong>ipse</strong></span> <span class='ocrx_word' id='word_1_124' title='bbox 1404 2245 1699 2309; x_wconf 87' lang='lat' dir='ltr'><strong>Dominus,</strong></span> <span class='ocrx_word' id='word_1_125' title='bbox 1731 2244 1823 2314; x_wconf 88' lang='lat' dir='ltr'><strong>qui</strong></span> <span class='ocrx_word' id='word_1_126' title='bbox 1868 2258 2001 2313; x_wconf 89' lang='lat' dir='ltr'><strong>qua-</strong></span> 
     </span>
    </p>
   </div>
   <div class='ocr_carea' id='block_1_23' title="bbox 435 2332 2001 2405">
    <p class='ocr_par' dir='ltr' id='par_1_23' title="bbox 435 2332 2001 2405">
     <span class='ocr_line' id='line_1_23' title="bbox 435 2332 2001 2405; baseline -0.001 -18"><span class='ocrx_word' id='word_1_127' title='bbox 435 2333 682 2405; x_wconf 86' lang='lat' dir='ltr'><strong>draginta</strong></span> <span class='ocrx_word' id='word_1_128' title='bbox 710 2333 897 2389; x_wconf 89' lang='lat' dir='ltr'><strong>diebus</strong></span> <span class='ocrx_word' id='word_1_129' title='bbox 938 2341 1062 2388; x_wconf 91' lang='lat' dir='ltr'><strong>ante</strong></span> <span class='ocrx_word' id='word_1_130' title='bbox 1086 2334 1388 2404; x_wconf 83' lang='lat' dir='ltr'><strong>passionem</strong></span> <span class='ocrx_word' id='word_1_131' title='bbox 1428 2332 1723 2403; x_wconf 82' lang='lat' dir='ltr'><strong>jejunavit,</strong></span> <span class='ocrx_word' id='word_1_132' title='bbox 1767 2334 2001 2403; x_wconf 86' lang='lat' dir='ltr'><strong>quadra-</strong></span> 
     </span>
    </p>
   </div>
   <div class='ocr_carea' id='block_1_24' title="bbox 436 2422 2002 2493">
    <p class='ocr_par' dir='ltr' id='par_1_24' title="bbox 436 2422 2002 2493">
     <span class='ocr_line' id='line_1_24' title="bbox 436 2422 2002 2493; baseline -0.001 -15"><span class='ocrx_word' id='word_1_133' title='bbox 436 2422 772 2492; x_wconf 79' lang='lat' dir='ltr'><strong>ginta.etiam</strong></span> <span class='ocrx_word' id='word_1_134' title='bbox 799 2430 922 2493; x_wconf 88' lang='lat' dir='ltr'><strong>post</strong></span> <span class='ocrx_word' id='word_1_135' title='bbox 948 2425 1397 2479; x_wconf 80' lang='lat' dir='ltr'><strong>resurrectionem</strong></span> <span class='ocrx_word' id='word_1_136' title='bbox 1422 2436 1544 2479; x_wconf 89' lang='lat' dir='ltr'><strong>cum</strong></span> <span class='ocrx_word' id='word_1_137' title='bbox 1570 2423 1845 2492; x_wconf 86' lang='lat' dir='ltr'><strong>discipulis</strong></span> <span class='ocrx_word' id='word_1_138' title='bbox 1874 2438 2002 2477; x_wconf 86' lang='lat' dir='ltr'><strong>oon-</strong></span> 
     </span>
    </p>
   </div>
   <div class='ocr_carea' id='block_1_25' title="bbox 439 2512 2000 2585">
    <p class='ocr_par' dir='ltr' id='par_1_25' title="bbox 439 2512 2000 2585">
     <span class='ocr_line' id='line_1_25' title="bbox 439 2512 2000 2585; baseline 0 -19"><span class='ocrx_word' id='word_1_139' title='bbox 439 2521 682 2568; x_wconf 88' lang='lat' dir='ltr'><strong>versatus</strong></span> <span class='ocrx_word' id='word_1_140' title='bbox 702 2522 785 2569; x_wconf 89' lang='lat' dir='ltr'><strong>est</strong></span> <span class='ocrx_word' id='word_1_141' title='bbox 802 2554 817 2580; x_wconf 94' lang='lat'><strong>,</strong></span> <span class='ocrx_word' id='word_1_142' title='bbox 863 2524 1149 2584; x_wconf 89' lang='lat' dir='ltr'><strong>utrumque</strong></span> <span class='ocrx_word' id='word_1_143' title='bbox 1179 2523 1388 2585; x_wconf 90' lang='lat' dir='ltr'><strong>tempus</strong></span> <span class='ocrx_word' id='word_1_144' title='bbox 1409 2513 1764 2584; x_wconf 73' lang='lat' dir='ltr'><strong>quadraginta</strong></span> <span class='ocrx_word' id='word_1_145' title='bbox 1792 2512 2000 2569; x_wconf 90' lang='lat' dir='ltr'><strong>dierum</strong></span> 
     </span>
    </p>
   </div>
   <div class='ocr_carea' id='block_1_26' title="bbox 439 2596 2003 2675">
    <p class='ocr_par' dir='ltr' id='par_1_26' title="bbox 439 2596 2003 2675">
     <span class='ocr_line' id='line_1_26' title="bbox 439 2596 2003 2675; baseline 0.002 -18"><span class='ocrx_word' id='word_1_146' title='bbox 439 2618 665 2659; x_wconf 90' lang='lat' dir='ltr'><strong>numero</strong></span> <span class='ocrx_word' id='word_1_147' title='bbox 707 2604 1000 2675; x_wconf 89' lang='lat' dir='ltr'><strong>complens,</strong></span> <span class='ocrx_word' id='word_1_148' title='bbox 1050 2596 1461 2660; x_wconf 87' lang='lat' dir='ltr'><strong>utostenderet</strong></span> <span class='ocrx_word' id='word_1_149' title='bbox 1501 2606 1556 2660; x_wconf 92' lang='lat' dir='ltr'><strong>in</strong></span> <span class='ocrx_word' id='word_1_150' title='bbox 1595 2606 1850 2675; x_wconf 70' lang='lat' dir='ltr'><strong>praesenti</strong></span> <span class='ocrx_word' id='word_1_151' title='bbox 1894 2606 2003 2660; x_wconf 91' lang='lat' dir='ltr'><strong>vita</strong></span> 
     </span>
    </p>
   </div>
   <div class='ocr_carea' id='block_1_27' title="bbox 440 2692 2003 2766">
    <p class='ocr_par' dir='ltr' id='par_1_27' title="bbox 440 2692 2003 2766">
     <span class='ocr_line' id='line_1_27' title="bbox 440 2692 2003 2766; baseline 0.001 -17"><span class='ocrx_word' id='word_1_152' title='bbox 440 2701 651 2764; x_wconf 84' lang='lat' dir='ltr'><strong>tempus</strong></span> <span class='ocrx_word' id='word_1_153' title='bbox 679 2708 800 2748; x_wconf 88' lang='lat' dir='ltr'><strong>esse</strong></span> <span class='ocrx_word' id='word_1_154' title='bbox 839 2692 1158 2759; x_wconf 79' lang='lat' dir='ltr'><strong>adlictionis,</strong></span> <span class='ocrx_word' id='word_1_155' title='bbox 1190 2703 1245 2749; x_wconf 91' lang='lat' dir='ltr'><strong>et</strong></span> <span class='ocrx_word' id='word_1_156' title='bbox 1289 2694 1344 2748; x_wconf 91' lang='lat' dir='ltr'><strong>in</strong></span> <span class='ocrx_word' id='word_1_157' title='bbox 1389 2692 1573 2748; x_wconf 87' lang='lat' dir='ltr'><strong>futura</strong></span> <span class='ocrx_word' id='word_1_158' title='bbox 1617 2696 1818 2766; x_wconf 81' lang='lat' dir='ltr'><strong>gaudii.</strong></span> <span class='ocrx_word' id='word_1_159' title='bbox 1867 2694 2003 2752; x_wconf 85' lang='lat' dir='ltr'><strong>Cum</strong></span> 
     </span>
    </p>
   </div>
   <div class='ocr_carea' id='block_1_28' title="bbox 439 2785 2002 2857">
    <p class='ocr_par' dir='ltr' id='par_1_28' title="bbox 439 2785 2002 2857">
     <span class='ocr_line' id='line_1_28' title="bbox 439 2785 2002 2857; baseline 0 -16"><span class='ocrx_word' id='word_1_160' title='bbox 439 2787 582 2842; x_wconf 84' lang='lat' dir='ltr'><strong>enim</strong></span> <span class='ocrx_word' id='word_1_161' title='bbox 612 2785 966 2856; x_wconf 79' lang='lat' dir='ltr'><strong>quadraginta</strong></span> <span class='ocrx_word' id='word_1_162' title='bbox 996 2786 1184 2840; x_wconf 89' lang='lat' dir='ltr'><strong>diebus</strong></span> <span class='ocrx_word' id='word_1_163' title='bbox 1217 2793 1341 2839; x_wconf 86' lang='lat' dir='ltr'><strong>ante</strong></span> <span class='ocrx_word' id='word_1_164' title='bbox 1368 2787 1675 2855; x_wconf 87' lang='lat' dir='ltr'><strong>passionem</strong></span> <span class='ocrx_word' id='word_1_165' title='bbox 1709 2786 2002 2857; x_wconf 85' lang='lat' dir='ltr'><strong>jejunaret,</strong></span> 
     </span>
    </p>
   </div>
   <div class='ocr_carea' id='block_1_29' title="bbox 440 2877 2007 2949">
    <p class='ocr_par' dir='ltr' id='par_1_29' title="bbox 440 2877 2007 2949">
     <span class='ocr_line' id='line_1_29' title="bbox 440 2877 2007 2949; baseline -0.001 -16"><span class='ocrx_word' id='word_1_166' title='bbox 440 2878 597 2949; x_wconf 86' lang='lat' dir='ltr'><strong>quasi</strong></span> <span class='ocrx_word' id='word_1_167' title='bbox 641 2877 913 2934; x_wconf 87' lang='lat' dir='ltr'><strong>clamabat</strong></span> <span class='ocrx_word' id='word_1_168' title='bbox 948 2895 961 2931; x_wconf 93' lang='lat'><strong>:</strong></span> <span class='ocrx_word' id='word_1_169' title='bbox 1013 2877 1132 2933; x_wconf 86' lang='lat' dir='ltr'><strong>Nisi</strong></span> <span class='ocrx_word' id='word_1_170' title='bbox 1161 2878 1515 2949; x_wconf 62' lang='lat' dir='ltr'><strong>paenitentiam</strong></span> <span class='ocrx_word' id='word_1_171' title='bbox 1562 2878 1787 2949; x_wconf 84' lang='lat' dir='ltr'><strong>egeritis,</strong></span> <span class='ocrx_word' id='word_1_172' title='bbox 1816 2879 2007 2932; x_wconf 85' lang='lat' dir='ltr'><strong>morie-</strong></span> 
     </span>
    </p>
   </div>
   <div class='ocr_carea' id='block_1_30' title="bbox 441 2968 2001 3041">
    <p class='ocr_par' dir='ltr' id='par_1_30' title="bbox 441 2968 2001 3041">
     <span class='ocr_line' id='line_1_30' title="bbox 441 2968 2001 3041; baseline -0.001 -17"><span class='ocrx_word' id='word_1_173' title='bbox 441 2971 572 3025; x_wconf 80' lang='lat' dir='ltr'><strong>ntini</strong></span> <span class='ocrx_word' id='word_1_174' title='bbox 598 2971 656 3025; x_wconf 90' lang='lat' dir='ltr'><strong>in</strong></span> <span class='ocrx_word' id='word_1_175' title='bbox 682 2970 907 3041; x_wconf 87' lang='lat' dir='ltr'><strong>peccatis</strong></span> <span class='ocrx_word' id='word_1_176' title='bbox 950 2971 1131 3025; x_wconf 80' lang='lat' dir='ltr'><strong>vestris</strong></span> <span class='ocrx_word' id='word_1_177' title='bbox 1162 2969 1341 3041; x_wconf 86' lang='lat' dir='ltr'><strong>(Joan.</strong></span> <span class='ocrx_word' id='word_1_178' title='bbox 1372 2984 1492 3037; x_wconf 86' lang='lat' dir='ltr'><strong>vm,</strong></span> <span class='ocrx_word' id='word_1_179' title='bbox 1518 2969 1631 3041; x_wconf 74' lang='grc'><strong>24).</strong></span> <span class='ocrx_word' id='word_1_180' title='bbox 1687 2969 1757 3024; x_wconf 89' lang='lat' dir='ltr'><strong>Et</strong></span> <span class='ocrx_word' id='word_1_181' title='bbox 1780 2968 2001 3025; x_wconf 84' lang='lat' dir='ltr'><strong>Petrus:</strong></span> 
     </span>
    </p>
   </div>
   <div class='ocr_carea' id='block_1_31' title="bbox 442 3060 2004 3132">
    <p class='ocr_par' dir='ltr' id='par_1_31' title="bbox 442 3060 2004 3132">
     <span class='ocr_line' id='line_1_31' title="bbox 442 3060 2004 3132; baseline 0 -18"><span class='ocrx_word' id='word_1_182' title='bbox 442 3060 702 3115; x_wconf 80' lang='lat' dir='ltr'><strong>Abstinete</strong></span> <span class='ocrx_word' id='word_1_183' title='bbox 742 3077 828 3115; x_wconf 84' lang='lat' dir='ltr'><strong>uos</strong></span> <span class='ocrx_word' id='word_1_184' title='bbox 876 3078 909 3114; x_wconf 89' lang='lat' dir='ltr'><strong>a</strong></span> <span class='ocrx_word' id='word_1_185' title='bbox 950 3060 1250 3115; x_wconf 74' lang='lat' dir='ltr'><strong>carnalibus</strong></span> <span class='ocrx_word' id='word_1_186' title='bbox 1288 3060 1579 3125; x_wconf 77' lang='lat' dir='ltr'><strong>desideriis,</strong></span> <span class='ocrx_word' id='word_1_187' title='bbox 1626 3077 1745 3132; x_wconf 74' lang='lat' dir='ltr'><strong>quae</strong></span> <span class='ocrx_word' id='word_1_188' title='bbox 1775 3060 2004 3115; x_wconf 83' lang='lat' dir='ltr'><strong>militant</strong></span> 
     </span>
    </p>
   </div>
   <div class='ocr_carea' id='block_1_32' title="bbox 1225 296 2845 359">
    <p class='ocr_par' dir='ltr' id='par_1_32' title="bbox 1225 296 2845 359">
     <span class='ocr_line' id='line_1_32' title="bbox 1225 296 2845 359; baseline -0.006 0"><span class='ocrx_word' id='word_1_189' title='bbox 1225 301 1371 359; x_wconf 84' lang='lat' dir='ltr'><strong>OPP.</strong></span> <span class='ocrx_word' id='word_1_190' title='bbox 1411 302 1810 359; x_wconf 63' lang='lat' dir='ltr'><strong>Sl‘PPOSITA.</strong></span> <span class='ocrx_word' id='word_1_191' title='bbox 1848 334 1913 342; x_wconf 81' lang='lat'><strong>-—-</strong></span> <span class='ocrx_word' id='word_1_192' title='bbox 1955 300 2082 355; x_wconf 82' lang='lat' dir='ltr'><strong>LIB.</strong></span> <span class='ocrx_word' id='word_1_193' title='bbox 2127 300 2213 355; x_wconf 73' lang='lat' dir='ltr'><strong>DE</strong></span> <span class='ocrx_word' id='word_1_194' title='bbox 2252 298 2501 354; x_wconf 70' lang='lat' dir='ltr'><strong>DlVlNlS</strong></span> <span class='ocrx_word' id='word_1_195' title='bbox 2538 296 2845 353; x_wconf 80' lang='lat' dir='ltr'><strong>OFFICIIS.</strong></span> 
     </span>
    </p>
   </div>
   <div class='ocr_carea' id='block_1_33' title="bbox 3521 292 3657 348">
    <p class='ocr_par' dir='ltr' id='par_1_33' title="bbox 3521 292 3657 348">
     <span class='ocr_line' id='line_1_33' title="bbox 3521 292 3657 348; baseline -0.022 0"><span class='ocrx_word' id='word_1_196' title='bbox 3521 292 3657 348; x_wconf 71' lang='lat'><strong>19.82</strong></span> 
     </span>
    </p>
   </div>
   <div class='ocr_carea' id='block_1_34' title="bbox 2016 410 3654 480">
    <p class='ocr_par' dir='ltr' id='par_1_34' title="bbox 2016 410 3654 480">
     <span class='ocr_line' id='line_1_34' title="bbox 2016 410 3654 480; baseline -0.004 -14"><span class='ocrx_word' id='word_1_197' title='bbox 2016 417 2064 476; x_wconf 74' lang='grc' dir='ltr'><strong>Α</strong></span> <span class='ocrx_word' id='word_1_198' title='bbox 2094 414 2408 468; x_wconf 87' lang='lat' dir='ltr'><strong>miseratio:</strong></span> <span class='ocrx_word' id='word_1_199' title='bbox 2436 429 2565 467; x_wconf 88' lang='lat' dir='ltr'><strong>sana</strong></span> <span class='ocrx_word' id='word_1_200' title='bbox 2604 412 2851 477; x_wconf 86' lang='lat' dir='ltr'><strong>vulnera,</strong></span> <span class='ocrx_word' id='word_1_201' title='bbox 2893 410 3113 480; x_wconf 81' lang='lat' dir='ltr'><strong>ejusque</strong></span> <span class='ocrx_word' id='word_1_202' title='bbox 3159 411 3370 467; x_wconf 77' lang='lat' dir='ltr'><strong>remitte</strong></span> <span class='ocrx_word' id='word_1_203' title='bbox 3409 421 3654 480; x_wconf 73' lang='lat' dir='ltr'><strong>peccata,</strong></span> 
     </span>
    </p>
   </div>
   <div class='ocr_carea' id='block_1_35' title="bbox 2092 502 3653 573">
    <p class='ocr_par' dir='ltr' id='par_1_35' title="bbox 2092 502 3653 573">
     <span class='ocr_line' id='line_1_35' title="bbox 2092 502 3653 573; baseline -0.003 -16"><span class='ocrx_word' id='word_1_204' title='bbox 2092 513 2151 558; x_wconf 92' lang='lat' dir='ltr'><strong>nt</strong></span> <span class='ocrx_word' id='word_1_205' title='bbox 2181 503 2340 560; x_wconf 91' lang='lat' dir='ltr'><strong>nullis</strong></span> <span class='ocrx_word' id='word_1_206' title='bbox 2373 520 2404 559; x_wconf 91' lang='lat' dir='ltr'><strong>a</strong></span> <span class='ocrx_word' id='word_1_207' title='bbox 2440 514 2494 560; x_wconf 91' lang='lat' dir='ltr'><strong>te</strong></span> <span class='ocrx_word' id='word_1_208' title='bbox 2542 503 2916 573; x_wconf 88' lang='lat' dir='ltr'><strong>iniquitatibus</strong></span> <span class='ocrx_word' id='word_1_209' title='bbox 2966 510 3261 572; x_wconf 75' lang='lat' dir='ltr'><strong>soparatus,</strong></span> <span class='ocrx_word' id='word_1_210' title='bbox 3290 502 3385 556; x_wconf 87' lang='lat' dir='ltr'><strong>tibi</strong></span> <span class='ocrx_word' id='word_1_211' title='bbox 3420 516 3653 571; x_wconf 84' lang='lat' dir='ltr'><strong>semper,</strong></span> 
     </span>
    </p>
   </div>
   <div class='ocr_carea' id='block_1_36' title="bbox 2092 591 3345 657">
    <p class='ocr_par' dir='ltr' id='par_1_36' title="bbox 2092 591 3345 657">
     <span class='ocr_line' id='line_1_36' title="bbox 2092 591 3345 657; baseline -0.002 -8"><span class='ocrx_word' id='word_1_212' title='bbox 2092 593 2337 657; x_wconf 90' lang='lat' dir='ltr'><strong>Domine,</strong></span> <span class='ocrx_word' id='word_1_213' title='bbox 2361 594 2540 649; x_wconf 79' lang='lat' dir='ltr'><strong>valeat</strong></span> <span class='ocrx_word' id='word_1_214' title='bbox 2562 594 2872 649; x_wconf 74' lang='lat' dir='ltr'><strong>adhaerere.</strong></span> <span class='ocrx_word' id='word_1_215' title='bbox 2899 592 3003 647; x_wconf 87' lang='lat' dir='ltr'><strong>Per</strong></span> <span class='ocrx_word' id='word_1_216' title='bbox 3029 591 3345 655; x_wconf 72' lang='lat' dir='ltr'><strong>Dominum.</strong></span> 
     </span>
    </p>
   </div>
   <div class='ocr_carea' id='block_1_37' title="bbox 2161 676 3658 752">
    <p class='ocr_par' dir='ltr' id='par_1_37' title="bbox 2161 676 3658 752">
     <span class='ocr_line' id='line_1_37' title="bbox 2161 676 3658 752; baseline -0.001 -15"><span class='ocrx_word' id='word_1_217' title='bbox 2161 684 2300 737; x_wconf 82' lang='lat' dir='ltr'><strong>Alia.</strong></span> <span class='ocrx_word' id='word_1_218' title='bbox 2344 683 2569 737; x_wconf 91' lang='lat' dir='ltr'><strong>Domine</strong></span> <span class='ocrx_word' id='word_1_219' title='bbox 2597 682 2739 737; x_wconf 86' lang='lat' dir='ltr'><strong>Deus</strong></span> <span class='ocrx_word' id='word_1_220' title='bbox 2772 690 2977 747; x_wconf 88' lang='lat' dir='ltr'><strong>noster,</strong></span> <span class='ocrx_word' id='word_1_221' title='bbox 3013 682 3104 752; x_wconf 87' lang='lat' dir='ltr'><strong>qui</strong></span> <span class='ocrx_word' id='word_1_222' title='bbox 3137 676 3658 737; x_wconf 45' lang='lat' dir='ltr'><strong>offensione‘nostta</strong></span> 
     </span>
    </p>
   </div>
   <div class='ocr_carea' id='block_1_38' title="bbox 2088 772 3659 843">
    <p class='ocr_par' dir='ltr' id='par_1_38' title="bbox 2088 772 3659 843">
     <span class='ocr_line' id='line_1_38' title="bbox 2088 772 3659 843; baseline -0.002 -16"><span class='ocrx_word' id='word_1_223' title='bbox 2088 788 2196 827; x_wconf 88' lang='lat' dir='ltr'><strong>non</strong></span> <span class='ocrx_word' id='word_1_224' title='bbox 2216 774 2471 839; x_wconf 87' lang='lat' dir='ltr'><strong>vinceris,</strong></span> <span class='ocrx_word' id='word_1_225' title='bbox 2497 774 2588 828; x_wconf 87' lang='lat' dir='ltr'><strong>sed</strong></span> <span class='ocrx_word' id='word_1_226' title='bbox 2612 772 2976 827; x_wconf 81' lang='lat' dir='ltr'><strong>satisfactione</strong></span> <span class='ocrx_word' id='word_1_227' title='bbox 2995 772 3254 843; x_wconf 88' lang='lat' dir='ltr'><strong>placaris:</strong></span> <span class='ocrx_word' id='word_1_228' title='bbox 3274 774 3494 842; x_wconf 88' lang='lat' dir='ltr'><strong>respice,</strong></span> <span class='ocrx_word' id='word_1_229' title='bbox 3515 787 3659 842; x_wconf 79' lang='lat' dir='ltr'><strong>quan-</strong></span> 
     </span>
    </p>
   </div>
   <div class='ocr_carea' id='block_1_39' title="bbox 2092 862 3659 933">
    <p class='ocr_par' dir='ltr' id='par_1_39' title="bbox 2092 862 3659 933">
     <span class='ocr_line' id='line_1_39' title="bbox 2092 862 3659 933; baseline 0 -17"><span class='ocrx_word' id='word_1_230' title='bbox 2092 878 2298 927; x_wconf 91' lang='lat' dir='ltr'><strong>sumus,</strong></span> <span class='ocrx_word' id='word_1_231' title='bbox 2328 863 2394 918; x_wconf 86' lang='lat' dir='ltr'><strong>ad</strong></span> <span class='ocrx_word' id='word_1_232' title='bbox 2422 864 2565 919; x_wconf 89' lang='lat' dir='ltr'><strong>hunc</strong></span> <span class='ocrx_word' id='word_1_233' title='bbox 2594 862 2849 918; x_wconf 84' lang='lat' dir='ltr'><strong>famulum</strong></span> <span class='ocrx_word' id='word_1_234' title='bbox 2876 873 3049 928; x_wconf 91' lang='lat' dir='ltr'><strong>tuum,</strong></span> <span class='ocrx_word' id='word_1_235' title='bbox 3073 864 3162 933; x_wconf 88' lang='lat' dir='ltr'><strong>qui</strong></span> <span class='ocrx_word' id='word_1_236' title='bbox 3194 879 3251 919; x_wconf 86' lang='lat' dir='ltr'><strong>se</strong></span> <span class='ocrx_word' id='word_1_237' title='bbox 3278 864 3371 918; x_wconf 86' lang='lat' dir='ltr'><strong>tibi</strong></span> <span class='ocrx_word' id='word_1_238' title='bbox 3403 876 3659 933; x_wconf 80' lang='lat' dir='ltr'><strong>peccasse</strong></span> 
     </span>
    </p>
   </div>
   <div class='ocr_carea' id='block_1_40' title="bbox 2093 953 3655 1022">
    <p class='ocr_par' dir='ltr' id='par_1_40' title="bbox 2093 953 3655 1022">
     <span class='ocr_line' id='line_1_40' title="bbox 2093 953 3655 1022; baseline 0.001 -15"><span class='ocrx_word' id='word_1_239' title='bbox 2093 953 2329 1022; x_wconf 82' lang='lat' dir='ltr'><strong>graviter</strong></span> <span class='ocrx_word' id='word_1_240' title='bbox 2348 955 2664 1018; x_wconf 84' lang='lat' dir='ltr'><strong>confitetur;</strong></span> <span class='ocrx_word' id='word_1_241' title='bbox 2689 964 2836 1009; x_wconf 90' lang='lat' dir='ltr'><strong>tuum</strong></span> <span class='ocrx_word' id='word_1_242' title='bbox 2854 964 2934 1009; x_wconf 90' lang='lat' dir='ltr'><strong>est</strong></span> <span class='ocrx_word' id='word_1_243' title='bbox 2958 956 3346 1011; x_wconf 76' lang='lat' dir='ltr'><strong>absolutionem</strong></span> <span class='ocrx_word' id='word_1_244' title='bbox 3373 956 3655 1010; x_wconf 88' lang='lat' dir='ltr'><strong>criminum</strong></span> 
     </span>
    </p>
   </div>
   <div class='ocr_carea' id='block_1_41' title="bbox 2094 1045 3658 1115">
    <p class='ocr_par' dir='ltr' id='par_1_41' title="bbox 2094 1045 3658 1115">
     <span class='ocr_line' id='line_1_41' title="bbox 2094 1045 3658 1115; baseline 0 -17"><span class='ocrx_word' id='word_1_245' title='bbox 2094 1045 2242 1108; x_wconf 86' lang='lat' dir='ltr'><strong>dare,</strong></span> <span class='ocrx_word' id='word_1_246' title='bbox 2280 1052 2335 1098; x_wconf 90' lang='lat' dir='ltr'><strong>et</strong></span> <span class='ocrx_word' id='word_1_247' title='bbox 2365 1045 2575 1097; x_wconf 88' lang='lat' dir='ltr'><strong>veniam</strong></span> <span class='ocrx_word' id='word_1_248' title='bbox 2618 1054 2877 1113; x_wconf 77' lang='lat' dir='ltr'><strong>praestare</strong></span> <span class='ocrx_word' id='word_1_249' title='bbox 2924 1046 3288 1113; x_wconf 80' lang='lat' dir='ltr'><strong>peccantibus,</strong></span> <span class='ocrx_word' id='word_1_250' title='bbox 3339 1046 3431 1115; x_wconf 92' lang='lat' dir='ltr'><strong>qui</strong></span> <span class='ocrx_word' id='word_1_251' title='bbox 3476 1045 3658 1101; x_wconf 85' lang='lat' dir='ltr'><strong>dixisti</strong></span> 
     </span>
    </p>
   </div>
   <div class='ocr_carea' id='block_1_42' title="bbox 2091 1134 3657 1206">
    <p class='ocr_par' dir='ltr' id='par_1_42' title="bbox 2091 1134 3657 1206">
     <span class='ocr_line' id='line_1_42' title="bbox 2091 1134 3657 1206; baseline 0.003 -19"><span class='ocrx_word' id='word_1_252' title='bbox 2091 1135 2460 1202; x_wconf 67' lang='lat' dir='ltr'><strong>paenitentiam</strong></span> <span class='ocrx_word' id='word_1_253' title='bbox 2498 1143 2548 1188; x_wconf 92' lang='lat' dir='ltr'><strong>te</strong></span> <span class='ocrx_word' id='word_1_254' title='bbox 2590 1134 2746 1190; x_wconf 87' lang='lat' dir='ltr'><strong>malle</strong></span> <span class='ocrx_word' id='word_1_255' title='bbox 2771 1146 3139 1205; x_wconf 86' lang='lat' dir='ltr'><strong>peccatorum,</strong></span> <span class='ocrx_word' id='word_1_256' title='bbox 3189 1153 3350 1206; x_wconf 88' lang='lat' dir='ltr'><strong>quam</strong></span> <span class='ocrx_word' id='word_1_257' title='bbox 3407 1147 3657 1194; x_wconf 88' lang='lat' dir='ltr'><strong>mortem.</strong></span> 
     </span>
    </p>
   </div>
   <div class='ocr_carea' id='block_1_43' title="bbox 2094 1221 3662 1297">
    <p class='ocr_par' dir='ltr' id='par_1_43' title="bbox 2094 1221 3662 1297">
     <span class='ocr_line' id='line_1_43' title="bbox 2094 1221 3662 1297; baseline 0.004 -19"><span class='ocrx_word' id='word_1_258' title='bbox 2094 1221 2338 1278; x_wconf 87' lang='lat' dir='ltr'><strong>Concede</strong></span> <span class='ocrx_word' id='word_1_259' title='bbox 2367 1239 2517 1293; x_wconf 87' lang='lat' dir='ltr'><strong>ergo,</strong></span> <span class='ocrx_word' id='word_1_260' title='bbox 2560 1223 2804 1289; x_wconf 80' lang='lat' dir='ltr'><strong>Domine,</strong></span> <span class='ocrx_word' id='word_1_261' title='bbox 2854 1227 2974 1289; x_wconf 91' lang='lat' dir='ltr'><strong>hoc,</strong></span> <span class='ocrx_word' id='word_1_262' title='bbox 3003 1236 3061 1280; x_wconf 92' lang='lat' dir='ltr'><strong>ut</strong></span> <span class='ocrx_word' id='word_1_263' title='bbox 3094 1240 3149 1281; x_wconf 85' lang='lat' dir='ltr'><strong>et</strong></span> <span class='ocrx_word' id='word_1_264' title='bbox 3189 1228 3282 1281; x_wconf 90' lang='lat' dir='ltr'><strong>tibi</strong></span> <span class='ocrx_word' id='word_1_265' title='bbox 3330 1230 3662 1297; x_wconf 75' lang='lat' dir='ltr'><strong>poenitentia:</strong></span> 
     </span>
    </p>
   </div>
   <div class='ocr_carea' id='block_1_44' title="bbox 2094 1315 3662 1381">
    <p class='ocr_par' dir='ltr' id='par_1_44' title="bbox 2094 1315 3662 1381">
     <span class='ocr_line' id='line_1_44' title="bbox 2094 1315 3662 1381; baseline 0.004 -11"><span class='ocrx_word' id='word_1_266' title='bbox 2094 1315 2350 1371; x_wconf 78' lang='lat' dir='ltr'><strong>excubias</strong></span> <span class='ocrx_word' id='word_1_267' title='bbox 2373 1315 2627 1381; x_wconf 84' lang='lat' dir='ltr'><strong>celebret,</strong></span> <span class='ocrx_word' id='word_1_268' title='bbox 2655 1324 2710 1371; x_wconf 90' lang='lat' dir='ltr'><strong>et</strong></span> <span class='ocrx_word' id='word_1_269' title='bbox 2740 1319 3002 1373; x_wconf 90' lang='lat' dir='ltr'><strong>correctis</strong></span> <span class='ocrx_word' id='word_1_270' title='bbox 3036 1318 3244 1372; x_wconf 88' lang='lat' dir='ltr'><strong>actibus</strong></span> <span class='ocrx_word' id='word_1_271' title='bbox 3280 1322 3391 1375; x_wconf 87' lang='lat' dir='ltr'><strong>suis</strong></span> <span class='ocrx_word' id='word_1_272' title='bbox 3426 1323 3662 1376; x_wconf 88' lang='lat' dir='ltr'><strong>conferri</strong></span> 
     </span>
    </p>
   </div>
   <div class='ocr_carea' id='block_1_45' title="bbox 2094 1405 3666 1482">
    <p class='ocr_par' dir='ltr' id='par_1_45' title="bbox 2094 1405 3666 1482">
     <span class='ocr_line' id='line_1_45' title="bbox 2094 1405 3666 1482; baseline 0.006 -22"><span class='ocrx_word' id='word_1_273' title='bbox 2094 1405 2196 1460; x_wconf 83' lang='lat' dir='ltr'><strong>sibi</strong></span> <span class='ocrx_word' id='word_1_274' title='bbox 2241 1420 2273 1459; x_wconf 86' lang='lat' dir='ltr'><strong>a</strong></span> <span class='ocrx_word' id='word_1_275' title='bbox 2313 1413 2365 1461; x_wconf 86' lang='lat' dir='ltr'><strong>te</strong></span> <span class='ocrx_word' id='word_1_276' title='bbox 2404 1405 2731 1475; x_wconf 83' lang='lat' dir='ltr'><strong>sempiterna</strong></span> <span class='ocrx_word' id='word_1_277' title='bbox 2764 1408 2961 1476; x_wconf 90' lang='lat' dir='ltr'><strong>gaudia</strong></span> <span class='ocrx_word' id='word_1_278' title='bbox 2992 1410 3311 1479; x_wconf 84' lang='lat' dir='ltr'><strong>gratuletur.</strong></span> <span class='ocrx_word' id='word_1_279' title='bbox 3354 1411 3455 1482; x_wconf 81' lang='lat' dir='ltr'><strong>Per</strong></span> <span class='ocrx_word' id='word_1_280' title='bbox 3482 1414 3666 1468; x_wconf 87' lang='lat' dir='ltr'><strong>Domi-</strong></span> 
     </span>
    </p>
   </div>
   <div class='ocr_carea' id='block_1_46' title="bbox 2095 1510 2247 1563">
    <p class='ocr_par' dir='ltr' id='par_1_46' title="bbox 2095 1510 2247 1563">
     <span class='ocr_line' id='line_1_46' title="bbox 2095 1510 2247 1563; baseline 0 -14"><span class='ocrx_word' id='word_1_281' title='bbox 2095 1510 2247 1563; x_wconf 88' lang='lat' dir='ltr'><strong>num.</strong></span> 
     </span>
    </p>
   </div>
   <div class='ocr_carea' id='block_1_47' title="bbox 2166 1585 3666 1660">
    <p class='ocr_par' dir='ltr' id='par_1_47' title="bbox 2166 1585 3666 1660">
     <span class='ocr_line' id='line_1_47' title="bbox 2166 1585 3666 1660; baseline 0.005 -20"><span class='ocrx_word' id='word_1_282' title='bbox 2166 1586 2306 1641; x_wconf 78' lang='lat' dir='ltr'><strong>Alia.</strong></span> <span class='ocrx_word' id='word_1_283' title='bbox 2347 1585 2566 1654; x_wconf 86' lang='lat' dir='ltr'><strong>Precor,</strong></span> <span class='ocrx_word' id='word_1_284' title='bbox 2592 1588 2835 1653; x_wconf 89' lang='lat' dir='ltr'><strong>Domine,</strong></span> <span class='ocrx_word' id='word_1_285' title='bbox 2865 1588 3201 1646; x_wconf 79' lang='lat' dir='ltr'><strong>clementiam</strong></span> <span class='ocrx_word' id='word_1_286' title='bbox 3233 1599 3338 1647; x_wconf 79' lang='lat' dir='ltr'><strong>tua:</strong></span> <span class='ocrx_word' id='word_1_287' title='bbox 3365 1592 3666 1660; x_wconf 74' lang='lat' dir='ltr'><strong>maiestatis</strong></span> 
     </span>
    </p>
   </div>
   <div class='ocr_carea' id='block_1_48' title="bbox 2098 1680 3664 1753">
    <p class='ocr_par' dir='ltr' id='par_1_48' title="bbox 2098 1680 3664 1753">
     <span class='ocr_line' id='line_1_48' title="bbox 2098 1680 3664 1753; baseline 0.004 -19"><span class='ocrx_word' id='word_1_288' title='bbox 2098 1696 2163 1735; x_wconf 90' lang='lat' dir='ltr'><strong>ac</strong></span> <span class='ocrx_word' id='word_1_289' title='bbox 2190 1682 2442 1748; x_wconf 87' lang='lat' dir='ltr'><strong>nominis,</strong></span> <span class='ocrx_word' id='word_1_290' title='bbox 2474 1689 2535 1736; x_wconf 91' lang='lat' dir='ltr'><strong>ut</strong></span> <span class='ocrx_word' id='word_1_291' title='bbox 2560 1683 2686 1737; x_wconf 86' lang='lat' dir='ltr'><strong>huic</strong></span> <span class='ocrx_word' id='word_1_292' title='bbox 2718 1680 2920 1738; x_wconf 89' lang='lat' dir='ltr'><strong>famulo</strong></span> <span class='ocrx_word' id='word_1_293' title='bbox 2950 1689 3065 1748; x_wconf 88' lang='lat' dir='ltr'><strong>tuo,</strong></span> <span class='ocrx_word' id='word_1_294' title='bbox 3094 1693 3313 1753; x_wconf 85' lang='lat' dir='ltr'><strong>peccata</strong></span> <span class='ocrx_word' id='word_1_295' title='bbox 3338 1696 3394 1739; x_wconf 89' lang='lat' dir='ltr'><strong>et</strong></span> <span class='ocrx_word' id='word_1_296' title='bbox 3424 1684 3664 1741; x_wconf 79' lang='lat' dir='ltr'><strong>facinora</strong></span> 
     </span>
    </p>
   </div>
   <div class='ocr_carea' id='block_1_49' title="bbox 2031 1772 3666 1847">
    <p class='ocr_par' dir='ltr' id='par_1_49' title="bbox 2031 1772 3666 1847">
     <span class='ocr_line' id='line_1_49' title="bbox 2031 1772 3666 1847; baseline 0.006 -22"><span class='ocrx_word' id='word_1_297' title='bbox 2031 1782 2074 1841; x_wconf 77' lang='grc' dir='ltr'><strong><em>Β</em></strong></span> <span class='ocrx_word' id='word_1_298' title='bbox 2099 1786 2196 1826; x_wconf 89' lang='lat' dir='ltr'><strong>sua</strong></span> <span class='ocrx_word' id='word_1_299' title='bbox 2222 1772 2522 1838; x_wconf 73' lang='lat' dir='ltr'><strong>confitenti,</strong></span> <span class='ocrx_word' id='word_1_300' title='bbox 2546 1774 2761 1829; x_wconf 85' lang='lat' dir='ltr'><strong>veniam</strong></span> <span class='ocrx_word' id='word_1_301' title='bbox 2793 1776 2941 1841; x_wconf 91' lang='lat' dir='ltr'><strong>dare,</strong></span> <span class='ocrx_word' id='word_1_302' title='bbox 2978 1785 3033 1831; x_wconf 90' lang='lat' dir='ltr'><strong>et</strong></span> <span class='ocrx_word' id='word_1_303' title='bbox 3056 1779 3451 1847; x_wconf 83' lang='lat' dir='ltr'><strong>praeteritorum</strong></span> <span class='ocrx_word' id='word_1_304' title='bbox 3478 1781 3666 1834; x_wconf 88' lang='lat' dir='ltr'><strong>crimi-</strong></span> 
     </span>
    </p>
   </div>
   <div class='ocr_carea' id='block_1_50' title="bbox 2098 1864 3667 1938">
    <p class='ocr_par' dir='ltr' id='par_1_50' title="bbox 2098 1864 3667 1938">
     <span class='ocr_line' id='line_1_50' title="bbox 2098 1864 3667 1938; baseline 0.006 -21"><span class='ocrx_word' id='word_1_305' title='bbox 2098 1879 2225 1917; x_wconf 89' lang='lat' dir='ltr'><strong>num</strong></span> <span class='ocrx_word' id='word_1_306' title='bbox 2249 1864 2434 1933; x_wconf 90' lang='lat' dir='ltr'><strong>culpas</strong></span> <span class='ocrx_word' id='word_1_307' title='bbox 2458 1864 2702 1921; x_wconf 80' lang='lat' dir='ltr'><strong>relaxare</strong></span> <span class='ocrx_word' id='word_1_308' title='bbox 2722 1866 2978 1937; x_wconf 87' lang='lat' dir='ltr'><strong>digneris,</strong></span> <span class='ocrx_word' id='word_1_309' title='bbox 3006 1868 3095 1938; x_wconf 90' lang='lat' dir='ltr'><strong>qui</strong></span> <span class='ocrx_word' id='word_1_310' title='bbox 3119 1868 3358 1924; x_wconf 89' lang='lat' dir='ltr'><strong>bumeris</strong></span> <span class='ocrx_word' id='word_1_311' title='bbox 3381 1872 3485 1925; x_wconf 89' lang='lat' dir='ltr'><strong>tuis</strong></span> <span class='ocrx_word' id='word_1_312' title='bbox 3513 1887 3667 1927; x_wconf 83' lang='lat' dir='ltr'><strong>ovem</strong></span> 
     </span>
    </p>
   </div>
   <div class='ocr_carea' id='block_1_51' title="bbox 2097 1953 3668 2029">
    <p class='ocr_par' dir='ltr' id='par_1_51' title="bbox 2097 1953 3668 2029">
     <span class='ocr_line' id='line_1_51' title="bbox 2097 1953 3668 2029; baseline 0.004 -21"><span class='ocrx_word' id='word_1_313' title='bbox 2097 1953 2369 2025; x_wconf 87' lang='lat' dir='ltr'><strong>perditam</strong></span> <span class='ocrx_word' id='word_1_314' title='bbox 2416 1956 2677 2009; x_wconf 79' lang='lat' dir='ltr'><strong>reduxisti</strong></span> <span class='ocrx_word' id='word_1_315' title='bbox 2709 1956 2777 2010; x_wconf 89' lang='lat' dir='ltr'><strong>ad</strong></span> <span class='ocrx_word' id='word_1_316' title='bbox 2806 1957 3019 2022; x_wconf 88' lang='lat' dir='ltr'><strong>caulas;</strong></span> <span class='ocrx_word' id='word_1_317' title='bbox 3056 1959 3148 2027; x_wconf 91' lang='lat' dir='ltr'><strong>qui</strong></span> <span class='ocrx_word' id='word_1_318' title='bbox 3183 1959 3451 2028; x_wconf 84' lang='lat' dir='ltr'><strong>publicani</strong></span> <span class='ocrx_word' id='word_1_319' title='bbox 3498 1962 3668 2029; x_wconf 88' lang='lat' dir='ltr'><strong>preci-</strong></span> 
     </span>
    </p>
   </div>
   <div class='ocr_carea' id='block_1_52' title="bbox 2098 2044 3664 2115">
    <p class='ocr_par' dir='ltr' id='par_1_52' title="bbox 2098 2044 3664 2115">
     <span class='ocr_line' id='line_1_52' title="bbox 2098 2044 3664 2115; baseline 0.004 -16"><span class='ocrx_word' id='word_1_320' title='bbox 2098 2045 2199 2100; x_wconf 89' lang='lat' dir='ltr'><strong>bus</strong></span> <span class='ocrx_word' id='word_1_321' title='bbox 2222 2044 2307 2099; x_wconf 88' lang='lat' dir='ltr'><strong>vel</strong></span> <span class='ocrx_word' id='word_1_322' title='bbox 2337 2044 2677 2100; x_wconf 79' lang='lat' dir='ltr'><strong>confessione</strong></span> <span class='ocrx_word' id='word_1_323' title='bbox 2715 2045 2961 2114; x_wconf 86' lang='lat' dir='ltr'><strong>placatus</strong></span> <span class='ocrx_word' id='word_1_324' title='bbox 2996 2062 3073 2113; x_wconf 90' lang='lat' dir='ltr'><strong>es,</strong></span> <span class='ocrx_word' id='word_1_325' title='bbox 3108 2054 3164 2100; x_wconf 90' lang='lat' dir='ltr'><strong>tu</strong></span> <span class='ocrx_word' id='word_1_326' title='bbox 3199 2048 3384 2112; x_wconf 87' lang='lat' dir='ltr'><strong>etiam,</strong></span> <span class='ocrx_word' id='word_1_327' title='bbox 3414 2049 3664 2115; x_wconf 88' lang='lat' dir='ltr'><strong>Domine,</strong></span> 
     </span>
    </p>
   </div>
   <div class='ocr_carea' id='block_1_53' title="bbox 2097 2133 3668 2206">
    <p class='ocr_par' dir='ltr' id='par_1_53' title="bbox 2097 2133 3668 2206">
     <span class='ocr_line' id='line_1_53' title="bbox 2097 2133 3668 2206; baseline 0.005 -19"><span class='ocrx_word' id='word_1_328' title='bbox 2097 2141 2154 2187; x_wconf 92' lang='lat' dir='ltr'><strong>et</strong></span> <span class='ocrx_word' id='word_1_329' title='bbox 2178 2133 2302 2188; x_wconf 85' lang='lat' dir='ltr'><strong>huic</strong></span> <span class='ocrx_word' id='word_1_330' title='bbox 2338 2133 2540 2188; x_wconf 86' lang='lat' dir='ltr'><strong>famulo</strong></span> <span class='ocrx_word' id='word_1_331' title='bbox 2572 2134 2949 2204; x_wconf 61' lang='lat' dir='ltr'><strong>tuo~placare,</strong></span> <span class='ocrx_word' id='word_1_332' title='bbox 2977 2143 3033 2189; x_wconf 93' lang='lat' dir='ltr'><strong>tu</strong></span> <span class='ocrx_word' id='word_1_333' title='bbox 3075 2135 3190 2205; x_wconf 84' lang='lat' dir='ltr'><strong>ejus</strong></span> <span class='ocrx_word' id='word_1_334' title='bbox 3232 2139 3484 2206; x_wconf 89' lang='lat' dir='ltr'><strong>precibus</strong></span> <span class='ocrx_word' id='word_1_335' title='bbox 3515 2140 3668 2195; x_wconf 84' lang='lat' dir='ltr'><strong>beni-</strong></span> 
     </span>
    </p>
   </div>
   <div class='ocr_carea' id='block_1_54' title="bbox 2098 2225 3669 2300">
    <p class='ocr_par' dir='ltr' id='par_1_54' title="bbox 2098 2225 3669 2300">
     <span class='ocr_line' id='line_1_54' title="bbox 2098 2225 3669 2300; baseline 0.007 -24"><span class='ocrx_word' id='word_1_336' title='bbox 2098 2238 2235 2293; x_wconf 88' lang='lat' dir='ltr'><strong>gnus</strong></span> <span class='ocrx_word' id='word_1_337' title='bbox 2281 2225 2492 2287; x_wconf 87' lang='lat' dir='ltr'><strong>assiste,</strong></span> <span class='ocrx_word' id='word_1_338' title='bbox 2536 2233 2595 2278; x_wconf 92' lang='lat' dir='ltr'><strong>ut</strong></span> <span class='ocrx_word' id='word_1_339' title='bbox 2636 2226 2695 2283; x_wconf 87' lang='lat' dir='ltr'><strong>in</strong></span> <span class='ocrx_word' id='word_1_340' title='bbox 2735 2226 3072 2282; x_wconf 84' lang='lat' dir='ltr'><strong>confessione</strong></span> <span class='ocrx_word' id='word_1_341' title='bbox 3116 2228 3278 2284; x_wconf 85' lang='lat' dir='ltr'><strong>ﬂebili</strong></span> <span class='ocrx_word' id='word_1_342' title='bbox 3324 2246 3669 2300; x_wconf 87' lang='lat' dir='ltr'><strong>permanens,</strong></span> 
     </span>
    </p>
   </div>
   <div class='ocr_carea' id='block_1_55' title="bbox 2100 2314 3673 2383">
    <p class='ocr_par' dir='ltr' id='par_1_55' title="bbox 2100 2314 3673 2383">
     <span class='ocr_line' id='line_1_55' title="bbox 2100 2314 3673 2383; baseline 0.007 -15"><span class='ocrx_word' id='word_1_343' title='bbox 2100 2314 2439 2370; x_wconf 89' lang='lat' dir='ltr'><strong>clementiam</strong></span> <span class='ocrx_word' id='word_1_344' title='bbox 2465 2316 2718 2372; x_wconf 90' lang='lat' dir='ltr'><strong>celeriter</strong></span> <span class='ocrx_word' id='word_1_345' title='bbox 2737 2327 3011 2383; x_wconf 81' lang='lat' dir='ltr'><strong>exoret,et</strong></span> <span class='ocrx_word' id='word_1_346' title='bbox 3034 2322 3235 2376; x_wconf 90' lang='lat' dir='ltr'><strong>sanctis</strong></span> <span class='ocrx_word' id='word_1_347' title='bbox 3265 2337 3328 2376; x_wconf 91' lang='lat' dir='ltr'><strong>ac</strong></span> <span class='ocrx_word' id='word_1_348' title='bbox 3343 2325 3513 2379; x_wconf 86' lang='lat' dir='ltr'><strong>sacris</strong></span> <span class='ocrx_word' id='word_1_349' title='bbox 3538 2325 3673 2379; x_wconf 91' lang='lat' dir='ltr'><strong>alta-</strong></span> 
     </span>
    </p>
   </div>
   <div class='ocr_carea' id='block_1_56' title="bbox 2100 2404 3672 2486">
    <p class='ocr_par' dir='ltr' id='par_1_56' title="bbox 2100 2404 3672 2486">
     <span class='ocr_line' id='line_1_56' title="bbox 2100 2404 3672 2486; baseline 0.01 -30"><span class='ocrx_word' id='word_1_350' title='bbox 2100 2404 2251 2458; x_wconf 89' lang='lat' dir='ltr'><strong>ribus</strong></span> <span class='ocrx_word' id='word_1_351' title='bbox 2276 2406 2557 2461; x_wconf 89' lang='lat' dir='ltr'><strong>restitutus</strong></span> <span class='ocrx_word' id='word_1_352' title='bbox 2585 2407 2699 2477; x_wconf 90' lang='lat' dir='ltr'><strong>spei</strong></span> <span class='ocrx_word' id='word_1_353' title='bbox 2729 2424 2917 2464; x_wconf 89' lang='lat' dir='ltr'><strong>rursus</strong></span> <span class='ocrx_word' id='word_1_354' title='bbox 2942 2417 3157 2465; x_wconf 73' lang='lat' dir='ltr'><strong>aeternae</strong></span> <span class='ocrx_word' id='word_1_355' title='bbox 3184 2421 3241 2467; x_wconf 91' lang='lat' dir='ltr'><strong>et</strong></span> <span class='ocrx_word' id='word_1_356' title='bbox 3263 2414 3467 2469; x_wconf 71' lang='lat' dir='ltr'><strong>caelesti</strong></span> <span class='ocrx_word' id='word_1_357' title='bbox 3490 2413 3672 2486; x_wconf 77' lang='lat' dir='ltr'><strong>gloriae</strong></span> 
     </span>
    </p>
   </div>
   <div class='ocr_carea' id='block_1_57' title="bbox 2101 2493 2914 2553">
    <p class='ocr_par' dir='ltr' id='par_1_57' title="bbox 2101 2493 2914 2553">
     <span class='ocr_line' id='line_1_57' title="bbox 2101 2493 2914 2553; baseline 0.006 -5"><span class='ocrx_word' id='word_1_358' title='bbox 2101 2493 2450 2550; x_wconf 89' lang='lat' dir='ltr'><strong>reformetur.</strong></span> <span class='ocrx_word' id='word_1_359' title='bbox 2483 2495 2588 2550; x_wconf 88' lang='lat' dir='ltr'><strong>Per</strong></span> <span class='ocrx_word' id='word_1_360' title='bbox 2610 2498 2914 2553; x_wconf 88' lang='lat' dir='ltr'><strong>Dominum.</strong></span> 
     </span>
    </p>
   </div>
   <div class='ocr_carea' id='block_1_58' title="bbox 2171 2584 3671 2660">
    <p class='ocr_par' dir='ltr' id='par_1_58' title="bbox 2171 2584 3671 2660">
     <span class='ocr_line' id='line_1_58' title="bbox 2171 2584 3671 2660; baseline 0.011 -23"><span class='ocrx_word' id='word_1_361' title='bbox 2171 2584 2311 2639; x_wconf 78' lang='lat' dir='ltr'><strong>Alia.</strong></span> <span class='ocrx_word' id='word_1_362' title='bbox 2353 2584 2705 2657; x_wconf 91' lang='lat' dir='ltr'><strong>Omnipotens</strong></span> <span class='ocrx_word' id='word_1_363' title='bbox 2731 2590 3056 2659; x_wconf 77' lang='lat' dir='ltr'><strong>sempiterna</strong></span> <span class='ocrx_word' id='word_1_364' title='bbox 3083 2591 3244 2660; x_wconf 89' lang='lat' dir='ltr'><strong>Dens,</strong></span> <span class='ocrx_word' id='word_1_365' title='bbox 3270 2595 3547 2652; x_wconf 82' lang='lat' dir='ltr'><strong>conﬁtenti</strong></span> <span class='ocrx_word' id='word_1_366' title='bbox 3576 2598 3671 2654; x_wconf 91' lang='lat' dir='ltr'><strong>tibi</strong></span> 
     </span>
    </p>
   </div>
   <div class='ocr_carea' id='block_1_59' title="bbox 2101 2674 3675 2755">
    <p class='ocr_par' dir='ltr' id='par_1_59' title="bbox 2101 2674 3675 2755">
     <span class='ocr_line' id='line_1_59' title="bbox 2101 2674 3675 2755; baseline 0.01 -26"><span class='ocrx_word' id='word_1_367' title='bbox 2101 2674 2228 2730; x_wconf 91' lang='lat' dir='ltr'><strong>huic</strong></span> <span class='ocrx_word' id='word_1_368' title='bbox 2270 2674 2469 2732; x_wconf 88' lang='lat' dir='ltr'><strong>famulo</strong></span> <span class='ocrx_word' id='word_1_369' title='bbox 2496 2686 2586 2734; x_wconf 90' lang='lat' dir='ltr'><strong>tuo</strong></span> <span class='ocrx_word' id='word_1_370' title='bbox 2622 2694 2721 2748; x_wconf 89' lang='lat' dir='ltr'><strong>pro</strong></span> <span class='ocrx_word' id='word_1_371' title='bbox 2749 2688 2839 2734; x_wconf 90' lang='lat' dir='ltr'><strong>tua</strong></span> <span class='ocrx_word' id='word_1_372' title='bbox 2867 2682 3068 2750; x_wconf 73' lang='lat' dir='ltr'><strong>pietate</strong></span> <span class='ocrx_word' id='word_1_373' title='bbox 3098 2693 3320 2752; x_wconf 88' lang='lat' dir='ltr'><strong>peccata</strong></span> <span class='ocrx_word' id='word_1_374' title='bbox 3354 2686 3579 2755; x_wconf 78' lang='lat' dir='ltr'><strong>relaxa:</strong></span> <span class='ocrx_word' id='word_1_375' title='bbox 3614 2697 3675 2744; x_wconf 89' lang='lat' dir='ltr'><strong>ut</strong></span> 
     </span>
    </p>
   </div>
   <div class='ocr_carea' id='block_1_60' title="bbox 2102 2765 3670 2847">
    <p class='ocr_par' dir='ltr' id='par_1_60' title="bbox 2102 2765 3670 2847">
     <span class='ocr_line' id='line_1_60' title="bbox 2102 2765 3670 2847; baseline 0.008 -28"><span class='ocrx_word' id='word_1_376' title='bbox 2102 2780 2211 2819; x_wconf 90' lang='lat' dir='ltr'><strong>non</strong></span> <span class='ocrx_word' id='word_1_377' title='bbox 2240 2765 2361 2836; x_wconf 92' lang='lat' dir='ltr'><strong>plus</strong></span> <span class='ocrx_word' id='word_1_378' title='bbox 2394 2766 2443 2822; x_wconf 92' lang='lat' dir='ltr'><strong>ei</strong></span> <span class='ocrx_word' id='word_1_379' title='bbox 2486 2777 2680 2823; x_wconf 90' lang='lat' dir='ltr'><strong>noceat</strong></span> <span class='ocrx_word' id='word_1_380' title='bbox 2728 2771 3072 2830; x_wconf 87' lang='lat' dir='ltr'><strong>conscientiae</strong></span> <span class='ocrx_word' id='word_1_381' title='bbox 3117 2782 3302 2831; x_wconf 88' lang='lat' dir='ltr'><strong>reatus</strong></span> <span class='ocrx_word' id='word_1_382' title='bbox 3337 2778 3402 2831; x_wconf 89' lang='lat' dir='ltr'><strong>ad</strong></span> <span class='ocrx_word' id='word_1_383' title='bbox 3431 2793 3670 2847; x_wconf 68' lang='lat' dir='ltr'><strong>plenam,</strong></span> 
     </span>
    </p>
   </div>
   <div class='ocr_carea' id='block_1_61' title="bbox 2103 2857 3675 2931">
    <p class='ocr_par' dir='ltr' id='par_1_61' title="bbox 2103 2857 3675 2931">
     <span class='ocr_line' id='line_1_61' title="bbox 2103 2857 3675 2931; baseline 0.009 -22"><span class='ocrx_word' id='word_1_384' title='bbox 2103 2871 2267 2925; x_wconf 90' lang='lat' dir='ltr'><strong>quam</strong></span> <span class='ocrx_word' id='word_1_385' title='bbox 2313 2857 2642 2928; x_wconf 74' lang='lat' dir='ltr'><strong>indulgentia</strong></span> <span class='ocrx_word' id='word_1_386' title='bbox 2678 2869 2782 2915; x_wconf 79' lang='lat' dir='ltr'><strong>tuae</strong></span> <span class='ocrx_word' id='word_1_387' title='bbox 2807 2861 3026 2931; x_wconf 87' lang='lat' dir='ltr'><strong>pietatis</strong></span> <span class='ocrx_word' id='word_1_388' title='bbox 3072 2865 3140 2920; x_wconf 89' lang='lat' dir='ltr'><strong>ad</strong></span> <span class='ocrx_word' id='word_1_389' title='bbox 3172 2866 3403 2921; x_wconf 87' lang='lat' dir='ltr'><strong>veniam.</strong></span> <span class='ocrx_word' id='word_1_390' title='bbox 3442 2866 3548 2924; x_wconf 90' lang='lat' dir='ltr'><strong>Per</strong></span> <span class='ocrx_word' id='word_1_391' title='bbox 3568 2867 3675 2923; x_wconf 90' lang='lat' dir='ltr'><strong>Do-</strong></span> 
     </span>
    </p>
   </div>
   <div class='ocr_carea' id='block_1_62' title="bbox 2102 2962 2699 3001">
    <p class='ocr_par' dir='ltr' id='par_1_62' title="bbox 2102 2962 2699 3001">
     <span class='ocr_line' id='line_1_62' title="bbox 2102 2962 2699 3001; baseline -0.003 0"><span class='ocrx_word' id='word_1_392' title='bbox 2102 2962 2326 3001; x_wconf 82' lang='lat' dir='ltr'><strong>mtuum.</strong></span> <span class='ocrx_word' id='word_1_393' title='bbox 2697 2971 2699 2974; x_wconf 78' lang='lat'><em>‘</em></span> 
     </span>
    </p>
   </div>
   <div class='ocr_carea' id='block_1_63' title="bbox 2175 3035 3676 3119">
    <p class='ocr_par' dir='ltr' id='par_1_63' title="bbox 2175 3035 3676 3119">
     <span class='ocr_line' id='line_1_63' title="bbox 2175 3035 3676 3119; baseline 0.009 -29"><span class='ocrx_word' id='word_1_394' title='bbox 2175 3036 2314 3091; x_wconf 84' lang='lat' dir='ltr'><strong>Alia.</strong></span> <span class='ocrx_word' id='word_1_395' title='bbox 2350 3035 2698 3108; x_wconf 80' lang='lat' dir='ltr'><strong>Omnipotens</strong></span> <span class='ocrx_word' id='word_1_396' title='bbox 2728 3048 2786 3098; x_wconf 80' lang='lat' dir='ltr'><strong>et</strong></span> <span class='ocrx_word' id='word_1_397' title='bbox 2830 3043 3142 3111; x_wconf 85' lang='lat' dir='ltr'><strong>misericors</strong></span> <span class='ocrx_word' id='word_1_398' title='bbox 3174 3049 3333 3111; x_wconf 89' lang='lat' dir='ltr'><strong>Deus,</strong></span> <span class='ocrx_word' id='word_1_399' title='bbox 3364 3050 3455 3118; x_wconf 88' lang='lat' dir='ltr'><strong>qui</strong></span> <span class='ocrx_word' id='word_1_400' title='bbox 3484 3066 3676 3119; x_wconf 86' lang='lat' dir='ltr'><strong>pecca-</strong></span> 
     </span>
    </p>
   </div>
   <div class='ocr_carea' id='block_1_64' title="bbox 443 3113 3678 3222">
    <p class='ocr_par' dir='ltr' id='par_1_64' title="bbox 443 3113 3678 3222">
     <span class='ocr_line' id='line_1_64' title="bbox 443 3113 3678 3222; baseline 0.002 -36"><span class='ocrx_word' id='word_1_401' title='bbox 718 3113 1026 3221; x_wconf 31' lang='lat' dir='ltr'><strong>a&#39;naam(</strong></span> <span class='ocrx_word' id='word_1_402' title='bbox 1227 3113 1419 3222; x_wconf 35' lang='lat' dir='ltr'><strong>in“).</strong></span> <span class='ocrx_word' id='word_1_403' title='bbox 2037 3113 2083 3176; x_wconf 92' lang='lat' dir='ltr'>C</span> <span class='ocrx_word' id='word_1_404' title='bbox 2115 3132 2290 3181; x_wconf 83' lang='lat' dir='ltr'><strong>torum</strong></span> <span class='ocrx_word' id='word_1_405' title='bbox 2320 3125 2708 3222; x_wconf 78' lang='lat' dir='ltr'><strong>indulgentiam</strong></span> <span class='ocrx_word' id='word_1_406' title='bbox 2732 3128 2787 3184; x_wconf 90' lang='lat' dir='ltr'><strong>in</strong></span> <span class='ocrx_word' id='word_1_407' title='bbox 2816 3130 3155 3188; x_wconf 90' lang='lat' dir='ltr'><strong>confessione</strong></span> <span class='ocrx_word' id='word_1_408' title='bbox 3182 3128 3343 3190; x_wconf 84' lang='lat' dir='ltr'><strong>celeri</strong></span> <span class='ocrx_word' id='word_1_409' title='bbox 3367 3113 3678 3206; x_wconf 72' lang='lat' dir='ltr'><strong>postulasti,</strong></span> 
     </span>
    </p>
   </div>
   <div class='ocr_carea' id='block_1_65' title="bbox 446 3240 2009 3309">
    <p class='ocr_par' dir='ltr' id='par_1_65' title="bbox 446 3240 2009 3309">
     <span class='ocr_line' id='line_1_65' title="bbox 446 3240 2009 3309; baseline -0.002 -12"><span class='ocrx_word' id='word_1_410' title='bbox 446 3243 834 3297; x_wconf 89' lang='lat' dir='ltr'><strong>surrectionem</strong></span> <span class='ocrx_word' id='word_1_411' title='bbox 877 3255 998 3294; x_wconf 92' lang='lat' dir='ltr'><strong>cum</strong></span> <span class='ocrx_word' id='word_1_412' title='bbox 1042 3240 1318 3309; x_wconf 88' lang='lat' dir='ltr'><strong>discipulis</strong></span> <span class='ocrx_word' id='word_1_413' title='bbox 1353 3251 1789 3306; x_wconf 74' lang='lat' dir='ltr'><strong>wnversaretur,</strong></span> <span class='ocrx_word' id='word_1_414' title='bbox 1822 3255 2009 3295; x_wconf 89' lang='lat' dir='ltr'><strong>eorum</strong></span> 
     </span>
    </p>
   </div>
   <div class='ocr_carea' id='block_1_66' title="bbox 445 3329 2009 3401">
    <p class='ocr_par' dir='ltr' id='par_1_66' title="bbox 445 3329 2009 3401">
     <span class='ocr_line' id='line_1_66' title="bbox 445 3329 2009 3401; baseline -0.001 -15"><span class='ocrx_word' id='word_1_415' title='bbox 445 3331 609 3386; x_wconf 91' lang='lat' dir='ltr'><strong>corda</strong></span> <span class='ocrx_word' id='word_1_416' title='bbox 638 3330 937 3395; x_wconf 70' lang='lat' dir='ltr'><strong>laaﬁficans,</strong></span> <span class='ocrx_word' id='word_1_417' title='bbox 966 3329 1119 3399; x_wconf 91' lang='lat' dir='ltr'><strong>quasi</strong></span> <span class='ocrx_word' id='word_1_418' title='bbox 1153 3329 1283 3384; x_wconf 89' lang='lat' dir='ltr'><strong>illud</strong></span> <span class='ocrx_word' id='word_1_419' title='bbox 1306 3330 1557 3401; x_wconf 86' lang='lat' dir='ltr'><strong>gaudium</strong></span> <span class='ocrx_word' id='word_1_420' title='bbox 1594 3329 1859 3386; x_wconf 83' lang='lat' dir='ltr'><strong>ineﬂ‘abile</strong></span> <span class='ocrx_word' id='word_1_421' title='bbox 1882 3344 2009 3400; x_wconf 89' lang='lat' dir='ltr'><strong>pro-</strong></span> 
     </span>
    </p>
   </div>
   <div class='ocr_carea' id='block_1_67' title="bbox 450 3417 2012 3489">
    <p class='ocr_par' dir='ltr' id='par_1_67' title="bbox 450 3417 2012 3489">
     <span class='ocr_line' id='line_1_67' title="bbox 450 3417 2012 3489; baseline 0 -14"><span class='ocrx_word' id='word_1_422' title='bbox 450 3419 729 3487; x_wconf 83' lang='lat' dir='ltr'><strong>mittebat,</strong></span> <span class='ocrx_word' id='word_1_423' title='bbox 783 3420 850 3475; x_wconf 89' lang='lat' dir='ltr'><strong>de</strong></span> <span class='ocrx_word' id='word_1_424' title='bbox 883 3434 989 3489; x_wconf 90' lang='lat' dir='ltr'><strong>quo</strong></span> <span class='ocrx_word' id='word_1_425' title='bbox 1030 3417 1157 3474; x_wconf 77' lang='lat' dir='ltr'><strong>alibi</strong></span> <span class='ocrx_word' id='word_1_426' title='bbox 1192 3420 1305 3474; x_wconf 90' lang='lat' dir='ltr'><strong>ait:</strong></span> <span class='ocrx_word' id='word_1_427' title='bbox 1344 3420 1546 3473; x_wconf 86' lang='lat' dir='ltr'><strong>Iterum</strong></span> <span class='ocrx_word' id='word_1_428' title='bbox 1590 3420 1768 3474; x_wconf 82' lang='lat' dir='ltr'><strong>videbo</strong></span> <span class='ocrx_word' id='word_1_429' title='bbox 1813 3436 1924 3486; x_wconf 75' lang='lat' dir='ltr'><strong>eos,</strong></span> <span class='ocrx_word' id='word_1_430' title='bbox 1962 3429 2012 3475; x_wconf 88' lang='lat' dir='ltr'><strong>et</strong></span> 
     </span>
    </p>
   </div>
   <div class='ocr_carea' id='block_1_68' title="bbox 447 3509 2011 3581">
    <p class='ocr_par' dir='ltr' id='par_1_68' title="bbox 447 3509 2011 3581">
     <span class='ocr_line' id='line_1_68' title="bbox 447 3509 2011 3581; baseline 0 -16"><span class='ocrx_word' id='word_1_431' title='bbox 447 3510 690 3580; x_wconf 82' lang='lat' dir='ltr'><strong>gaudebit</strong></span> <span class='ocrx_word' id='word_1_432' title='bbox 711 3527 803 3565; x_wconf 92' lang='lat' dir='ltr'><strong>cor</strong></span> <span class='ocrx_word' id='word_1_433' title='bbox 821 3518 1070 3574; x_wconf 80' lang='lat' dir='ltr'><strong>oestrum,</strong></span> <span class='ocrx_word' id='word_1_434' title='bbox 1098 3520 1146 3564; x_wconf 86' lang='lat' dir='ltr'><strong>et</strong></span> <span class='ocrx_word' id='word_1_435' title='bbox 1166 3510 1416 3581; x_wconf 75' lang='lat' dir='ltr'><strong>gaudium</strong></span> <span class='ocrx_word' id='word_1_436' title='bbox 1441 3519 1665 3565; x_wconf 86' lang='lat' dir='ltr'><strong>vestrum</strong></span> <span class='ocrx_word' id='word_1_437' title='bbox 1693 3527 1841 3564; x_wconf 84' lang='lat' dir='ltr'><strong>nemo</strong></span> <span class='ocrx_word' id='word_1_438' title='bbox 1868 3509 2011 3565; x_wconf 88' lang='lat' dir='ltr'><strong>tollet</strong></span> 
     </span>
    </p>
   </div>
   <div class='ocr_carea' id='block_1_69' title="bbox 448 3598 2015 3672">
    <p class='ocr_par' dir='ltr' id='par_1_69' title="bbox 448 3598 2015 3672">
     <span class='ocr_line' id='line_1_69' title="bbox 448 3598 2015 3672; baseline -0.001 -17"><span class='ocrx_word' id='word_1_439' title='bbox 448 3618 481 3654; x_wconf 89' lang='lat' dir='ltr'><strong>a</strong></span> <span class='ocrx_word' id='word_1_440' title='bbox 503 3601 641 3655; x_wconf 72' lang='lat' dir='ltr'><strong>vobis</strong></span> <span class='ocrx_word' id='word_1_441' title='bbox 672 3599 851 3672; x_wconf 78' lang='lat' dir='ltr'><strong>(Joan.</strong></span> <span class='ocrx_word' id='word_1_442' title='bbox 878 3615 991 3664; x_wconf 73' lang='lat' dir='ltr'><strong>ut,</strong></span> <span class='ocrx_word' id='word_1_443' title='bbox 1012 3598 1124 3671; x_wconf 75' lang='lat'><strong>22).</strong></span> <span class='ocrx_word' id='word_1_444' title='bbox 1172 3599 1243 3653; x_wconf 87' lang='lat' dir='ltr'><strong>Et</strong></span> <span class='ocrx_word' id='word_1_445' title='bbox 1287 3600 1483 3653; x_wconf 89' lang='lat' dir='ltr'><strong>iterum</strong></span> <span class='ocrx_word' id='word_1_446' title='bbox 1515 3619 1527 3652; x_wconf 92' lang='lat'><strong>:</strong></span> <span class='ocrx_word' id='word_1_447' title='bbox 1554 3598 1690 3653; x_wconf 86' lang='lat' dir='ltr'><strong>Ecce</strong></span> <span class='ocrx_word' id='word_1_448' title='bbox 1722 3616 1815 3670; x_wconf 88' lang='lat' dir='ltr'><strong>ego</strong></span> <span class='ocrx_word' id='word_1_449' title='bbox 1846 3602 2015 3655; x_wconf 76' lang='lat' dir='ltr'><strong>uobis-</strong></span> 
     </span>
    </p>
   </div>
   <div class='ocr_carea' id='block_1_70' title="bbox 396 3689 2010 3760">
    <p class='ocr_par' dir='ltr' id='par_1_70' title="bbox 396 3689 2010 3760">
     <span class='ocr_line' id='line_1_70' title="bbox 396 3689 2010 3760; baseline 0.001 -17"><span class='ocrx_word' id='word_1_450' title='bbox 396 3738 401 3743; x_wconf 82' lang='lat'><strong>.</strong></span> <span class='ocrx_word' id='word_1_451' title='bbox 450 3708 568 3748; x_wconf 82' lang='lat' dir='ltr'><strong>cunt</strong></span> <span class='ocrx_word' id='word_1_452' title='bbox 594 3708 707 3745; x_wconf 69' lang='lat' dir='ltr'><strong>st‘m</strong></span> <span class='ocrx_word' id='word_1_453' title='bbox 740 3690 975 3744; x_wconf 83' lang='lat' dir='ltr'><strong>omnibus</strong></span> <span class='ocrx_word' id='word_1_454' title='bbox 999 3689 1177 3743; x_wconf 86' lang='lat' dir='ltr'><strong>diebus</strong></span> <span class='ocrx_word' id='word_1_455' title='bbox 1219 3705 1381 3760; x_wconf 85' lang='lat' dir='ltr'><strong>usque</strong></span> <span class='ocrx_word' id='word_1_456' title='bbox 1426 3689 1494 3743; x_wconf 87' lang='lat' dir='ltr'><strong>ad</strong></span> <span class='ocrx_word' id='word_1_457' title='bbox 1518 3692 2010 3744; x_wconf 85' lang='lat' dir='ltr'><strong>consummationem</strong></span> 
     </span>
    </p>
   </div>
   <div class='ocr_carea' id='block_1_71' title="bbox 450 3780 2013 3857">
    <p class='ocr_par' dir='ltr' id='par_1_71' title="bbox 450 3780 2013 3857">
     <span class='ocr_line' id='line_1_71' title="bbox 450 3780 2013 3857; baseline -0.002 -17"><span class='ocrx_word' id='word_1_458' title='bbox 450 3784 628 3840; x_wconf 69' lang='lat' dir='ltr'><strong>saeculi</strong></span> <span class='ocrx_word' id='word_1_459' title='bbox 656 3781 869 3857; x_wconf 71' lang='lat' dir='ltr'><strong>(Matth.</strong></span> <span class='ocrx_word' id='word_1_460' title='bbox 894 3796 1082 3847; x_wconf 80' lang='lat' dir='ltr'><strong>xxvut,</strong></span> <span class='ocrx_word' id='word_1_461' title='bbox 1107 3780 1219 3853; x_wconf 73' lang='grc'>20).</span> <span class='ocrx_word' id='word_1_462' title='bbox 1256 3781 1527 3852; x_wconf 85' lang='lat' dir='ltr'><strong>Jejunavit</strong></span> <span class='ocrx_word' id='word_1_463' title='bbox 1570 3792 1752 3837; x_wconf 89' lang='lat' dir='ltr'><strong>autem</strong></span> <span class='ocrx_word' id='word_1_464' title='bbox 1786 3797 1893 3837; x_wconf 89' lang='lat' dir='ltr'><strong>non</strong></span> <span class='ocrx_word' id='word_1_465' title='bbox 1922 3795 2013 3836; x_wconf 79' lang='lat' dir='ltr'><strong>so-</strong></span> 
     </span>
    </p>
   </div>
   <div class='ocr_carea' id='block_1_72' title="bbox 451 3871 2013 3945">
    <p class='ocr_par' dir='ltr' id='par_1_72' title="bbox 451 3871 2013 3945">
     <span class='ocr_line' id='line_1_72' title="bbox 451 3871 2013 3945; baseline -0.001 -17"><span class='ocrx_word' id='word_1_466' title='bbox 451 3874 562 3931; x_wconf 88' lang='lat' dir='ltr'><strong>lum</strong></span> <span class='ocrx_word' id='word_1_467' title='bbox 602 3874 955 3945; x_wconf 87' lang='lat' dir='ltr'><strong>quadraginta</strong></span> <span class='ocrx_word' id='word_1_468' title='bbox 999 3873 1208 3939; x_wconf 90' lang='lat' dir='ltr'><strong>diebus,</strong></span> <span class='ocrx_word' id='word_1_469' title='bbox 1244 3874 1337 3929; x_wconf 88' lang='lat' dir='ltr'><strong>sed</strong></span> <span class='ocrx_word' id='word_1_470' title='bbox 1381 3874 1545 3929; x_wconf 87' lang='lat' dir='ltr'><strong>etiam</strong></span> <span class='ocrx_word' id='word_1_471' title='bbox 1580 3874 1851 3940; x_wconf 90' lang='lat' dir='ltr'><strong>noctibus,</strong></span> <span class='ocrx_word' id='word_1_472' title='bbox 1875 3880 1935 3926; x_wconf 92' lang='lat' dir='ltr'><strong>ut</strong></span> <span class='ocrx_word' id='word_1_473' title='bbox 1965 3871 2013 3927; x_wconf 89' lang='lat' dir='ltr'><strong>si</strong></span> 
     </span>
    </p>
   </div>
   <div class='ocr_carea' id='block_1_73' title="bbox 450 3963 2010 4035">
    <p class='ocr_par' dir='ltr' id='par_1_73' title="bbox 450 3963 2010 4035">
     <span class='ocr_line' id='line_1_73' title="bbox 450 3963 2010 4035; baseline -0.001 -15"><span class='ocrx_word' id='word_1_474' title='bbox 450 3978 709 4035; x_wconf 89' lang='lat' dir='ltr'><strong>prospera</strong></span> <span class='ocrx_word' id='word_1_475' title='bbox 756 3964 1118 4029; x_wconf 84' lang='lat' dir='ltr'><strong>blandiantur,</strong></span> <span class='ocrx_word' id='word_1_476' title='bbox 1164 3978 1285 4034; x_wconf 70' lang='lat' dir='ltr'><strong>quae</strong></span> <span class='ocrx_word' id='word_1_477' title='bbox 1326 3963 1699 4035; x_wconf 76' lang='lat' dir='ltr'><strong>significantur</strong></span> <span class='ocrx_word' id='word_1_478' title='bbox 1728 3978 1829 4034; x_wconf 84' lang='lat' dir='ltr'><strong>per</strong></span> <span class='ocrx_word' id='word_1_479' title='bbox 1860 3963 2010 4028; x_wconf 87' lang='lat' dir='ltr'><strong>dies,</strong></span> 
     </span>
    </p>
   </div>
   <div class='ocr_carea' id='block_1_74' title="bbox 453 4052 2012 4125">
    <p class='ocr_par' dir='ltr' id='par_1_74' title="bbox 453 4052 2012 4125">
     <span class='ocr_line' id='line_1_74' title="bbox 453 4052 2012 4125; baseline -0.002 -15"><span class='ocrx_word' id='word_1_480' title='bbox 453 4054 568 4110; x_wconf 88' lang='lat' dir='ltr'><strong>sive</strong></span> <span class='ocrx_word' id='word_1_481' title='bbox 597 4054 823 4108; x_wconf 86' lang='lat' dir='ltr'><strong>adversa</strong></span> <span class='ocrx_word' id='word_1_482' title='bbox 850 4060 1110 4119; x_wconf 86' lang='lat' dir='ltr'><strong>terreant,</strong></span> <span class='ocrx_word' id='word_1_483' title='bbox 1132 4068 1253 4123; x_wconf 67' lang='lat' dir='ltr'><strong>qua:</strong></span> <span class='ocrx_word' id='word_1_484' title='bbox 1284 4052 1653 4124; x_wconf 81' lang='lat' dir='ltr'><strong>significantur</strong></span> <span class='ocrx_word' id='word_1_485' title='bbox 1674 4068 1774 4125; x_wconf 85' lang='lat' dir='ltr'><strong>per</strong></span> <span class='ocrx_word' id='word_1_486' title='bbox 1802 4061 2012 4119; x_wconf 79' lang='lat' dir='ltr'><strong>noctes,</strong></span> 
     </span>
    </p>
   </div>
   <div class='ocr_carea' id='block_1_75' title="bbox 455 4128 2011 4213">
    <p class='ocr_par' dir='ltr' id='par_1_75' title="bbox 455 4128 2011 4213">
     <span class='ocr_line' id='line_1_75' title="bbox 455 4128 2011 4213; baseline -0.001 -15"><span class='ocrx_word' id='word_1_487' title='bbox 455 4142 742 4198; x_wconf 86' lang='lat' dir='ltr'><strong>immobilis</strong></span> <span class='ocrx_word' id='word_1_488' title='bbox 766 4150 1076 4213; x_wconf 87' lang='lat' dir='ltr'><strong>perseveret</strong></span> <span class='ocrx_word' id='word_1_489' title='bbox 1104 4142 1321 4197; x_wconf 89' lang='lat' dir='ltr'><strong>animus</strong></span> <span class='ocrx_word' id='word_1_490' title='bbox 1345 4141 1706 4207; x_wconf 85' lang='lat' dir='ltr'><strong>Christianus,</strong></span> <span class='ocrx_word' id='word_1_491' title='bbox 1753 4128 1895 4197; x_wconf 81' lang='lat' dir='ltr'><strong>sicut</strong></span> <span class='ocrx_word' id='word_1_492' title='bbox 1926 4140 2011 4196; x_wconf 77' lang='lat' dir='ltr'><strong>fs-</strong></span> 
     </span>
    </p>
   </div>
   <div class='ocr_carea' id='block_1_76' title="bbox 456 4227 2014 4303">
    <p class='ocr_par' dir='ltr' id='par_1_76' title="bbox 456 4227 2014 4303">
     <span class='ocr_line' id='line_1_76' title="bbox 456 4227 2014 4303; baseline 0 -16"><span class='ocrx_word' id='word_1_493' title='bbox 456 4231 633 4288; x_wconf 88' lang='lat' dir='ltr'><strong>ciebat</strong></span> <span class='ocrx_word' id='word_1_494' title='bbox 661 4231 749 4287; x_wconf 86' lang='lat' dir='ltr'><strong>ille</strong></span> <span class='ocrx_word' id='word_1_495' title='bbox 787 4231 880 4303; x_wconf 89' lang='lat' dir='ltr'><strong>qui</strong></span> <span class='ocrx_word' id='word_1_496' title='bbox 906 4230 1154 4287; x_wconf 86' lang='lat' dir='ltr'><strong>dicebat:</strong></span> <span class='ocrx_word' id='word_1_497' title='bbox 1194 4227 1299 4285; x_wconf 83' lang='lat' dir='ltr'><strong>Per</strong></span> <span class='ocrx_word' id='word_1_498' title='bbox 1324 4247 1473 4285; x_wconf 84' lang='lat' dir='ltr'><strong>arma</strong></span> <span class='ocrx_word' id='word_1_499' title='bbox 1498 4231 1724 4302; x_wconf 71' lang='lat' dir='ltr'><strong>justitiar</strong></span> <span class='ocrx_word' id='word_1_500' title='bbox 1758 4249 1791 4285; x_wconf 86' lang='lat' dir='ltr'><strong>a</strong></span> <span class='ocrx_word' id='word_1_501' title='bbox 1814 4229 2014 4287; x_wconf 65' lang='lat' dir='ltr'><strong>dextris</strong></span> 
     </span>
    </p>
   </div>
   <div class='ocr_carea' id='block_1_77' title="bbox 457 4317 2014 4393">
    <p class='ocr_par' dir='ltr' id='par_1_77' title="bbox 457 4317 2014 4393">
     <span class='ocr_line' id='line_1_77' title="bbox 457 4317 2014 4393; baseline -0.002 -18"><span class='ocrx_word' id='word_1_502' title='bbox 457 4330 505 4375; x_wconf 86' lang='lat' dir='ltr'><strong>et</strong></span> <span class='ocrx_word' id='word_1_503' title='bbox 532 4338 565 4375; x_wconf 87' lang='lat' dir='ltr'><strong>a</strong></span> <span class='ocrx_word' id='word_1_504' title='bbox 590 4321 837 4387; x_wconf 81' lang='lat' dir='ltr'><strong>sinistris,</strong></span> <span class='ocrx_word' id='word_1_505' title='bbox 863 4337 955 4393; x_wconf 78' lang='lat' dir='ltr'><strong>per</strong></span> <span class='ocrx_word' id='word_1_506' title='bbox 978 4319 1200 4391; x_wconf 79' lang='lat' dir='ltr'><strong>gloriam</strong></span> <span class='ocrx_word' id='word_1_507' title='bbox 1228 4328 1276 4373; x_wconf 87' lang='lat' dir='ltr'><strong>et</strong></span> <span class='ocrx_word' id='word_1_508' title='bbox 1303 4317 1697 4389; x_wconf 83' lang='lat' dir='ltr'><strong>ignobilitatem,</strong></span> <span class='ocrx_word' id='word_1_509' title='bbox 1741 4334 1836 4389; x_wconf 74' lang='lat' dir='ltr'><strong>per</strong></span> <span class='ocrx_word' id='word_1_510' title='bbox 1868 4318 2014 4391; x_wconf 70' lang='lat' dir='ltr'><strong>infe-</strong></span> 
     </span>
    </p>
   </div>
   <div class='ocr_carea' id='block_1_78' title="bbox 2108 3219 3682 3296">
    <p class='ocr_par' dir='ltr' id='par_1_78' title="bbox 2108 3219 3682 3296">
     <span class='ocr_line' id='line_1_78' title="bbox 2108 3219 3682 3296; baseline 0.01 -25"><span class='ocrx_word' id='word_1_511' title='bbox 2108 3232 2365 3274; x_wconf 90' lang='lat' dir='ltr'><strong>succurre</strong></span> <span class='ocrx_word' id='word_1_512' title='bbox 2388 3219 2574 3288; x_wconf 82' lang='lat' dir='ltr'><strong>lapsis,</strong></span> <span class='ocrx_word' id='word_1_513' title='bbox 2603 3220 2859 3276; x_wconf 82' lang='lat' dir='ltr'><strong>miserere</strong></span> <span class='ocrx_word' id='word_1_514' title='bbox 2889 3222 3149 3279; x_wconf 88' lang='lat' dir='ltr'><strong>confessis</strong></span> <span class='ocrx_word' id='word_1_515' title='bbox 3176 3243 3189 3278; x_wconf 88' lang='lat'><strong>:</strong></span> <span class='ocrx_word' id='word_1_516' title='bbox 3216 3236 3274 3280; x_wconf 91' lang='lat' dir='ltr'><strong>ut</strong></span> <span class='ocrx_word' id='word_1_517' title='bbox 3301 3242 3436 3296; x_wconf 91' lang='lat' dir='ltr'><strong>quos</strong></span> <span class='ocrx_word' id='word_1_518' title='bbox 3459 3229 3682 3285; x_wconf 87' lang='lat' dir='ltr'><strong>delicto-</strong></span> 
     </span>
    </p>
   </div>
   <div class='ocr_carea' id='block_1_79' title="bbox 2109 3308 3678 3385">
    <p class='ocr_par' dir='ltr' id='par_1_79' title="bbox 2109 3308 3678 3385">
     <span class='ocr_line' id='line_1_79' title="bbox 2109 3308 3678 3385; baseline 0.01 -26"><span class='ocrx_word' id='word_1_519' title='bbox 2109 3321 2229 3361; x_wconf 86' lang='lat' dir='ltr'><strong>rum</strong></span> <span class='ocrx_word' id='word_1_520' title='bbox 2258 3308 2449 3362; x_wconf 76' lang='lat' dir='ltr'><strong>catena</strong></span> <span class='ocrx_word' id='word_1_521' title='bbox 2474 3310 2815 3381; x_wconf 84' lang='lat' dir='ltr'><strong>constringit,</strong></span> <span class='ocrx_word' id='word_1_522' title='bbox 2842 3312 3155 3383; x_wconf 89' lang='lat' dir='ltr'><strong>magnitudo</strong></span> <span class='ocrx_word' id='word_1_523' title='bbox 3175 3316 3392 3385; x_wconf 87' lang='lat' dir='ltr'><strong>pietatis</strong></span> <span class='ocrx_word' id='word_1_524' title='bbox 3415 3317 3678 3375; x_wconf 88' lang='lat' dir='ltr'><strong>absolvat.</strong></span> 
     </span>
    </p>
   </div>
   <div class='ocr_carea' id='block_1_80' title="bbox 2107 3391 2551 3453">
    <p class='ocr_par' dir='ltr' id='par_1_80' title="bbox 2107 3391 2551 3453">
     <span class='ocr_line' id='line_1_80' title="bbox 2107 3391 2551 3453; baseline 0.011 -6"><span class='ocrx_word' id='word_1_525' title='bbox 2107 3391 2222 3451; x_wconf 87' lang='lat' dir='ltr'><strong>Per</strong></span> <span class='ocrx_word' id='word_1_526' title='bbox 2246 3397 2551 3453; x_wconf 89' lang='lat' dir='ltr'><strong>Dominum.</strong></span> 
     </span>
    </p>
   </div>
   <div class='ocr_carea' id='block_1_81' title="bbox 2607 3491 3167 3587">
    <p class='ocr_par' dir='ltr' id='par_1_81' title="bbox 2607 3491 3167 3587">
     <span class='ocr_line' id='line_1_81' title="bbox 2607 3491 3167 3587; baseline 0.004 -38"><span class='ocrx_word' id='word_1_527' title='bbox 2607 3491 2768 3587; x_wconf 62' lang='lat'><strong>515</strong></span> <span class='ocrx_word' id='word_1_528' title='bbox 2795 3493 3021 3552; x_wconf 73' lang='lat' dir='ltr'><strong>CAPUT</strong></span> <span class='ocrx_word' id='word_1_529' title='bbox 3056 3496 3167 3587; x_wconf 54' lang='lat' dir='ltr'><strong>LY.</strong></span> 
     </span>
    </p>
   </div>
   <div class='ocr_carea' id='block_1_82' title="bbox 2604 3582 3188 3641">
    <p class='ocr_par' dir='ltr' id='par_1_82' title="bbox 2604 3582 3188 3641">
     <span class='ocr_line' id='line_1_82' title="bbox 2604 3582 3188 3641; baseline 0.009 -7"><span class='ocrx_word' id='word_1_530' title='bbox 2604 3582 2633 3621; x_wconf 70' lang='grc' dir='ltr'>δ</span> <span class='ocrx_word' id='word_1_531' title='bbox 2656 3598 2722 3635; x_wconf 76' lang='lat' dir='ltr'><strong>ne</strong></span> <span class='ocrx_word' id='word_1_532' title='bbox 2759 3582 3188 3641; x_wconf 37' lang='lat' dir='ltr'><strong>matrsarmu‘s.</strong></span> 
     </span>
    </p>
   </div>
   <div class='ocr_carea' id='block_1_83' title="bbox 2178 3689 3683 3773">
    <p class='ocr_par' dir='ltr' id='par_1_83' title="bbox 2178 3689 3683 3773">
     <span class='ocr_line' id='line_1_83' title="bbox 2178 3689 3683 3773; baseline 0.011 -29"><span class='ocrx_word' id='word_1_533' title='bbox 2178 3689 2573 3746; x_wconf 66' lang='lat' dir='ltr'><strong>Paenitentibus</strong></span> <span class='ocrx_word' id='word_1_534' title='bbox 2634 3694 2939 3763; x_wconf 81' lang='lat' dir='ltr'><strong>exemplum</strong></span> <span class='ocrx_word' id='word_1_535' title='bbox 2996 3694 3097 3765; x_wconf 86' lang='lat' dir='ltr'><strong>Job</strong></span> <span class='ocrx_word' id='word_1_536' title='bbox 3157 3698 3365 3767; x_wconf 90' lang='lat' dir='ltr'><strong>primus</strong></span> <span class='ocrx_word' id='word_1_537' title='bbox 3408 3702 3683 3773; x_wconf 84' lang='lat' dir='ltr'><strong>exhibuit,</strong></span> 
     </span>
    </p>
   </div>
   <div class='ocr_carea' id='block_1_84' title="bbox 2110 3779 3683 3856">
    <p class='ocr_par' dir='ltr' id='par_1_84' title="bbox 2110 3779 3683 3856">
     <span class='ocr_line' id='line_1_84' title="bbox 2110 3779 3683 3856; baseline 0.009 -20"><span class='ocrx_word' id='word_1_538' title='bbox 2110 3779 2323 3852; x_wconf 83' lang='lat' dir='ltr'><strong>quando</strong></span> <span class='ocrx_word' id='word_1_539' title='bbox 2347 3791 2471 3851; x_wconf 91' lang='lat' dir='ltr'><strong>post</strong></span> <span class='ocrx_word' id='word_1_540' title='bbox 2498 3782 2688 3840; x_wconf 88' lang='lat' dir='ltr'><strong>funera</strong></span> <span class='ocrx_word' id='word_1_541' title='bbox 2714 3784 2798 3838; x_wconf 92' lang='lat' dir='ltr'><strong>vel</strong></span> <span class='ocrx_word' id='word_1_542' title='bbox 2827 3784 3031 3856; x_wconf 84' lang='lat' dir='ltr'><strong>flagella</strong></span> <span class='ocrx_word' id='word_1_543' title='bbox 3058 3789 3234 3844; x_wconf 90' lang='lat' dir='ltr'><strong>adhuc</strong></span> <span class='ocrx_word' id='word_1_544' title='bbox 3266 3791 3319 3844; x_wconf 92' lang='lat' dir='ltr'><strong>in</strong></span> <span class='ocrx_word' id='word_1_545' title='bbox 3357 3806 3455 3845; x_wconf 89' lang='lat' dir='ltr'><strong>sua</strong></span> <span class='ocrx_word' id='word_1_546' title='bbox 3494 3794 3683 3850; x_wconf 89' lang='lat' dir='ltr'><strong>redar-</strong></span> 
     </span>
    </p>
   </div>
   <div class='ocr_carea' id='block_1_85' title="bbox 2110 3880 3687 3958">
    <p class='ocr_par' dir='ltr' id='par_1_85' title="bbox 2110 3880 3687 3958">
     <span class='ocr_line' id='line_1_85' title="bbox 2110 3880 3687 3958; baseline 0.008 -26"><span class='ocrx_word' id='word_1_547' title='bbox 2110 3882 2330 3949; x_wconf 84' lang='lat' dir='ltr'><strong>gutione</strong></span> <span class='ocrx_word' id='word_1_548' title='bbox 2341 3880 2505 3935; x_wconf 89' lang='lat' dir='ltr'><strong>etiam</strong></span> <span class='ocrx_word' id='word_1_549' title='bbox 2533 3881 2586 3935; x_wconf 94' lang='lat' dir='ltr'><strong>in</strong></span> <span class='ocrx_word' id='word_1_550' title='bbox 2603 3880 2781 3937; x_wconf 91' lang='lat' dir='ltr'><strong>cilicio</strong></span> <span class='ocrx_word' id='word_1_551' title='bbox 2794 3891 2851 3938; x_wconf 93' lang='lat' dir='ltr'><strong>et</strong></span> <span class='ocrx_word' id='word_1_552' title='bbox 2871 3882 3054 3939; x_wconf 88' lang='lat' dir='ltr'><strong>cinere</strong></span> <span class='ocrx_word' id='word_1_553' title='bbox 3079 3884 3311 3941; x_wconf 89' lang='lat' dir='ltr'><strong>lamenta</strong></span> <span class='ocrx_word' id='word_1_554' title='bbox 3336 3889 3687 3958; x_wconf 73' lang='lat' dir='ltr'><strong>paenitudinis</strong></span> 
     </span>
    </p>
   </div>
   <div class='ocr_carea' id='block_1_86' title="bbox 2112 3971 3687 4051">
    <p class='ocr_par' dir='ltr' id='par_1_86' title="bbox 2112 3971 3687 4051">
     <span class='ocr_line' id='line_1_86' title="bbox 2112 3971 3687 4051; baseline 0.008 -28"><span class='ocrx_word' id='word_1_555' title='bbox 2112 3971 2373 4039; x_wconf 86' lang='lat' dir='ltr'><strong>sumpsit,</strong></span> <span class='ocrx_word' id='word_1_556' title='bbox 2404 3972 2626 4029; x_wconf 85' lang='lat' dir='ltr'><strong>dicens:</strong></span> <span class='ocrx_word' id='word_1_557' title='bbox 2654 3973 2863 4030; x_wconf 87' lang='lat' dir='ltr'><strong>Idcirco</strong></span> <span class='ocrx_word' id='word_1_558' title='bbox 2904 3993 3003 4047; x_wconf 87' lang='lat' dir='ltr'><strong>ago</strong></span> <span class='ocrx_word' id='word_1_559' title='bbox 3027 3978 3379 4048; x_wconf 72' lang='lat' dir='ltr'><strong>pwnitentiam</strong></span> <span class='ocrx_word' id='word_1_560' title='bbox 3408 3982 3463 4048; x_wconf 77' lang='lat' dir='ltr'><strong>in</strong></span> <span class='ocrx_word' id='word_1_561' title='bbox 3505 3981 3687 4051; x_wconf 83' lang='lat' dir='ltr'><strong>favilla</strong></span> 
     </span>
    </p>
   </div>
   <div class='ocr_carea' id='block_1_87' title="bbox 2111 4064 3690 4145">
    <p class='ocr_par' dir='ltr' id='par_1_87' title="bbox 2111 4064 3690 4145">
     <span class='ocr_line' id='line_1_87' title="bbox 2111 4064 3690 4145; baseline 0.01 -30"><span class='ocrx_word' id='word_1_562' title='bbox 2111 4072 2161 4115; x_wconf 84' lang='lat' dir='ltr'><strong>et</strong></span> <span class='ocrx_word' id='word_1_563' title='bbox 2187 4065 2357 4118; x_wconf 83' lang='lat' dir='ltr'><strong>cinere</strong></span> <span class='ocrx_word' id='word_1_564' title='bbox 2382 4064 2524 4136; x_wconf 81' lang='lat' dir='ltr'><strong>(Job.</strong></span> <span class='ocrx_word' id='word_1_565' title='bbox 2549 4082 2684 4131; x_wconf 78' lang='lat' dir='ltr'><strong>ml,</strong></span> <span class='ocrx_word' id='word_1_566' title='bbox 2706 4067 2781 4139; x_wconf 87' lang='lat'><strong>6).</strong></span> <span class='ocrx_word' id='word_1_567' title='bbox 2810 4068 2938 4124; x_wconf 86' lang='lat' dir='ltr'><strong>Post</strong></span> <span class='ocrx_word' id='word_1_568' title='bbox 2961 4071 3105 4127; x_wconf 84' lang='lat' dir='ltr'><strong>hunc</strong></span> <span class='ocrx_word' id='word_1_569' title='bbox 3134 4073 3288 4128; x_wconf 75' lang='lat' dir='ltr'><strong>nobis</strong></span> <span class='ocrx_word' id='word_1_570' title='bbox 3316 4074 3484 4130; x_wconf 88' lang='lat' dir='ltr'><strong>David</strong></span> <span class='ocrx_word' id='word_1_571' title='bbox 3517 4077 3690 4145; x_wconf 66' lang='lat' dir='ltr'><strong>paeni-</strong></span> 
     </span>
    </p>
   </div>
   <div class='ocr_carea' id='block_1_88' title="bbox 2111 4154 3684 4234">
    <p class='ocr_par' dir='ltr' id='par_1_88' title="bbox 2111 4154 3684 4234">
     <span class='ocr_line' id='line_1_88' title="bbox 2111 4154 3684 4234; baseline 0.009 -27"><span class='ocrx_word' id='word_1_572' title='bbox 2111 4154 2292 4208; x_wconf 71' lang='lat' dir='ltr'><strong>tentia:</strong></span> <span class='ocrx_word' id='word_1_573' title='bbox 2321 4156 2689 4222; x_wconf 86' lang='lat' dir='ltr'><strong>magisterium</strong></span> <span class='ocrx_word' id='word_1_574' title='bbox 2724 4159 2972 4227; x_wconf 60' lang='lat' dir='ltr'><strong>praebuit,</strong></span> <span class='ocrx_word' id='word_1_575' title='bbox 3013 4163 3227 4230; x_wconf 91' lang='lat' dir='ltr'><strong>quando</strong></span> <span class='ocrx_word' id='word_1_576' title='bbox 3267 4164 3417 4234; x_wconf 88' lang='lat' dir='ltr'><strong>gravi</strong></span> <span class='ocrx_word' id='word_1_577' title='bbox 3458 4165 3684 4221; x_wconf 87' lang='lat' dir='ltr'><strong>vulnere</strong></span> 
     </span>
    </p>
   </div>
   <div class='ocr_carea' id='block_1_89' title="bbox 2114 4241 3683 4321">
    <p class='ocr_par' dir='ltr' id='par_1_89' title="bbox 2114 4241 3683 4321">
     <span class='ocr_line' id='line_1_89' title="bbox 2114 4241 3683 4321; baseline 0.01 -26"><span class='ocrx_word' id='word_1_578' title='bbox 2114 4241 2315 4313; x_wconf 91' lang='lat' dir='ltr'><strong>lapsus,</strong></span> <span class='ocrx_word' id='word_1_579' title='bbox 2346 4244 2474 4299; x_wconf 92' lang='lat' dir='ltr'><strong>dum</strong></span> <span class='ocrx_word' id='word_1_580' title='bbox 2513 4247 2752 4303; x_wconf 88' lang='lat' dir='ltr'><strong>audisset</strong></span> <span class='ocrx_word' id='word_1_581' title='bbox 2790 4263 2823 4302; x_wconf 85' lang='lat' dir='ltr'><strong>a</strong></span> <span class='ocrx_word' id='word_1_582' title='bbox 2864 4249 3123 4319; x_wconf 84' lang='lat' dir='ltr'><strong>propheta</strong></span> <span class='ocrx_word' id='word_1_583' title='bbox 3170 4261 3449 4321; x_wconf 81' lang='lat' dir='ltr'><strong>peccatum</strong></span> <span class='ocrx_word' id='word_1_584' title='bbox 3495 4269 3683 4321; x_wconf 92' lang='lat' dir='ltr'><strong>suum,</strong></span> 
     </span>
    </p>
   </div>
   <div class='ocr_carea' id='block_1_90' title="bbox 2116 4325 3688 4412">
    <p class='ocr_par' dir='ltr' id='par_1_90' title="bbox 2116 4325 3688 4412">
     <span class='ocr_line' id='line_1_90' title="bbox 2116 4325 3688 4412; baseline 0.008 -25"><span class='ocrx_word' id='word_1_585' title='bbox 2116 4325 2401 4389; x_wconf 77' lang='lat' dir='ltr'><strong>confestim</strong></span> <span class='ocrx_word' id='word_1_586' title='bbox 2421 4337 2691 4406; x_wconf 64' lang='lat' dir='ltr'><strong>paenituit,</strong></span> <span class='ocrx_word' id='word_1_587' title='bbox 2711 4344 2773 4394; x_wconf 88' lang='lat' dir='ltr'><strong>et</strong></span> <span class='ocrx_word' id='word_1_588' title='bbox 2790 4337 3000 4408; x_wconf 85' lang='lat' dir='ltr'><strong>culpam</strong></span> <span class='ocrx_word' id='word_1_589' title='bbox 3026 4356 3177 4395; x_wconf 90' lang='lat' dir='ltr'><strong>suam</strong></span> <span class='ocrx_word' id='word_1_590' title='bbox 3204 4343 3534 4412; x_wconf 67' lang='lat' dir='ltr'><strong>paenitentia:</strong></span> <span class='ocrx_word' id='word_1_591' title='bbox 3558 4359 3688 4402; x_wconf 81' lang='lat' dir='ltr'><strong>con-</strong></span> 
     </span>
    </p>
   </div>
   <div class='ocr_carea' id='block_1_91' title="bbox 458 4406 2427 4520">
    <p class='ocr_par' dir='ltr' id='par_1_91' title="bbox 458 4406 2427 4520">
     <span class='ocr_line' id='line_1_91' title="bbox 458 4406 2427 4520; baseline 0 -57"><span class='ocrx_word' id='word_1_592' title='bbox 458 4411 617 4465; x_wconf 65' lang='lat' dir='ltr'><strong>vniant</strong></span> <span class='ocrx_word' id='word_1_593' title='bbox 639 4420 687 4465; x_wconf 88' lang='lat' dir='ltr'><strong>et</strong></span> <span class='ocrx_word' id='word_1_594' title='bbox 706 4410 890 4465; x_wconf 79' lang='lat' dir='ltr'><strong>bonam</strong></span> <span class='ocrx_word' id='word_1_595' title='bbox 915 4410 1131 4481; x_wconf 79' lang='lat' dir='ltr'><strong>famam.</strong></span> <span class='ocrx_word' id='word_1_596' title='bbox 1160 4406 1226 4464; x_wconf 90' lang='lat' dir='ltr'><strong>Ut</strong></span> <span class='ocrx_word' id='word_1_597' title='bbox 1244 4408 1535 4464; x_wconf 85' lang='lat' dir='ltr'><strong>seductores</strong></span> <span class='ocrx_word' id='word_1_598' title='bbox 1556 4417 1606 4465; x_wconf 84' lang='lat' dir='ltr'><strong>et</strong></span> <span class='ocrx_word' id='word_1_599' title='bbox 1630 4424 1849 4475; x_wconf 78' lang='lat' dir='ltr'><strong>veraces,</strong></span> <span class='ocrx_word' id='word_1_600' title='bbox 1878 4408 2012 4465; x_wconf 75' lang='lat' dir='ltr'><strong>sicut</strong></span> <span class='ocrx_word' id='word_1_601' title='bbox 2049 4461 2099 4520; x_wconf 64' lang='grc' dir='ltr'><strong>υ</strong></span> <span class='ocrx_word' id='word_1_602' title='bbox 2121 4422 2352 4481; x_wconf 51' lang='lat' dir='ltr'><strong>fessio”</strong></span> <span class='ocrx_word' id='word_1_603' title='bbox 2400 4441 2427 4482; x_wconf 71' lang='grc' dir='ltr'><em>ε</em></span> 
     </span>
    </p>
   </div>
   <div class='ocr_carea' id='block_1_92' title="bbox 2023 4406 3689 4520">
    <p class='ocr_par' dir='ltr' id='par_1_92' title="bbox 2049 4406 3689 4520">
     <span class='ocr_line' id='line_1_92' title="bbox 2049 4406 3689 4520; baseline 0.009 -44"><span class='ocrx_word' id='word_1_604' title='bbox 2049 4461 2099 4520; x_wconf 76' lang='lat' dir='ltr'><strong>D</strong></span> <span class='ocrx_word' id='word_1_605' title='bbox 2121 4422 2352 4520; x_wconf 81' lang='lat' dir='ltr'><strong>fessione</strong></span> <span class='ocrx_word' id='word_1_606' title='bbox 2400 4427 2609 4482; x_wconf 87' lang='lat' dir='ltr'><strong>sanavit</strong></span> <span class='ocrx_word' id='word_1_607' title='bbox 2653 4426 2740 4501; x_wconf 76' lang='lat' dir='ltr'><strong>(ll</strong></span> <span class='ocrx_word' id='word_1_608' title='bbox 2768 4406 2893 4500; x_wconf 55' lang='lat' dir='ltr'><strong>Reg;</strong></span> <span class='ocrx_word' id='word_1_609' title='bbox 2922 4429 3043 4502; x_wconf 83' lang='lat' dir='ltr'><strong>xu).</strong></span> <span class='ocrx_word' id='word_1_610' title='bbox 3091 4430 3182 4488; x_wconf 92' lang='lat' dir='ltr'><strong>Sic</strong></span> <span class='ocrx_word' id='word_1_611' title='bbox 3204 4406 3476 4509; x_wconf 38' lang='lat' dir='ltr'><strong>-Ninivitae</strong></span> <span class='ocrx_word' id='word_1_612' title='bbox 3513 4441 3569 4489; x_wconf 90' lang='lat' dir='ltr'><strong>et</strong></span> <span class='ocrx_word' id='word_1_613' title='bbox 3596 4434 3689 4491; x_wconf 92' lang='lat' dir='ltr'><strong>alii</strong></span> 
     </span>
    </p>
   </div>
   <div class='ocr_carea' id='block_1_93' title="bbox 433 4500 1485 4573">
    <p class='ocr_par' dir='ltr' id='par_1_93' title="bbox 433 4500 1485 4573">
     <span class='ocr_line' id='line_1_93' title="bbox 433 4500 1485 4573; baseline -0.001 -17"><span class='ocrx_word' id='word_1_614' title='bbox 433 4503 549 4573; x_wconf 48' lang='grc' dir='ltr'><strong>,ιιιὶ</strong></span> <span class='ocrx_word' id='word_1_615' title='bbox 575 4503 737 4573; x_wconf 86' lang='lat' dir='ltr'><strong>ignoti</strong></span> <span class='ocrx_word' id='word_1_616' title='bbox 760 4511 810 4556; x_wconf 89' lang='lat' dir='ltr'><strong>et</strong></span> <span class='ocrx_word' id='word_1_617' title='bbox 829 4503 1019 4573; x_wconf 87' lang='lat' dir='ltr'><strong>cogniti</strong></span> <span class='ocrx_word' id='word_1_618' title='bbox 1049 4500 1137 4569; x_wconf 88' lang='grc'><strong>(11</strong></span> <span class='ocrx_word' id='word_1_619' title='bbox 1160 4500 1281 4557; x_wconf 81' lang='lat' dir='ltr'><strong>Cor.</strong></span> <span class='ocrx_word' id='word_1_620' title='bbox 1307 4516 1382 4567; x_wconf 78' lang='grc' dir='ltr'><strong>γι,</strong></span> <span class='ocrx_word' id='word_1_621' title='bbox 1408 4500 1485 4573; x_wconf 88' lang='grc'><strong>8).</strong></span> 
     </span>
    </p>
   </div>
   <div class='ocr_carea' id='block_1_94' title="bbox 912 4614 1436 4693">
    <p class='ocr_par' dir='ltr' id='par_1_94' title="bbox 912 4614 1436 4693">
     <span class='ocr_line' id='line_1_94' title="bbox 912 4614 1436 4693; baseline -0.004 -23"><span class='ocrx_word' id='word_1_622' title='bbox 912 4676 931 4693; x_wconf 60' lang='grc'><em>,</em></span> <span class='ocrx_word' id='word_1_623' title='bbox 1038 4614 1263 4672; x_wconf 80' lang='lat' dir='ltr'><strong>CAPUT</strong></span> <span class='ocrx_word' id='word_1_624' title='bbox 1308 4615 1436 4671; x_wconf 88' lang='lat' dir='ltr'><strong>uv.</strong></span> 
     </span>
    </p>
   </div>
   <div class='ocr_carea' id='block_1_95' title="bbox 790 4699 1697 4742">
    <p class='ocr_par' dir='ltr' id='par_1_95' title="bbox 790 4699 1697 4742">
     <span class='ocr_line' id='line_1_95' title="bbox 790 4699 1697 4742; baseline -0.002 -1"><span class='ocrx_word' id='word_1_625' title='bbox 790 4699 1083 4741; x_wconf 66' lang='grc' dir='ltr'><strong>οωτιοηεε</strong></span> <span class='ocrx_word' id='word_1_626' title='bbox 1116 4700 1279 4740; x_wconf 61' lang='lat' dir='ltr'><strong>SUPER</strong></span> <span class='ocrx_word' id='word_1_627' title='bbox 1316 4699 1675 4742; x_wconf 63' lang='grc' dir='ltr'><strong>νωκιτειιτικ</strong></span> <span class='ocrx_word' id='word_1_628' title='bbox 1684 4726 1697 4740; x_wconf 90' lang='grc'><strong>.</strong></span> 
     </span>
    </p>
   </div>
   <div class='ocr_carea' id='block_1_96' title="bbox 530 4774 2018 4844">
    <p class='ocr_par' dir='ltr' id='par_1_96' title="bbox 530 4774 2018 4844">
     <span class='ocr_line' id='line_1_96' title="bbox 530 4774 2018 4844; baseline -0.002 -12"><span class='ocrx_word' id='word_1_629' title='bbox 530 4775 761 4843; x_wconf 76' lang='lat' dir='ltr'><strong>Exaudi,</strong></span> <span class='ocrx_word' id='word_1_630' title='bbox 796 4774 1048 4839; x_wconf 88' lang='lat' dir='ltr'><strong>Domine,</strong></span> <span class='ocrx_word' id='word_1_631' title='bbox 1078 4788 1269 4844; x_wconf 82' lang='lat' dir='ltr'><strong>preces</strong></span> <span class='ocrx_word' id='word_1_632' title='bbox 1298 4782 1528 4839; x_wconf 76' lang='lat' dir='ltr'><strong>nostras,</strong></span> <span class='ocrx_word' id='word_1_633' title='bbox 1558 4782 1614 4829; x_wconf 90' lang='lat' dir='ltr'><strong>et</strong></span> <span class='ocrx_word' id='word_1_634' title='bbox 1643 4774 2018 4832; x_wconf 86' lang='lat' dir='ltr'><strong>confitentium</strong></span> 
     </span>
    </p>
   </div>
   <div class='ocr_carea' id='block_1_97' title="bbox 464 4866 2020 4938">
    <p class='ocr_par' dir='ltr' id='par_1_97' title="bbox 464 4866 2020 4938">
     <span class='ocr_line' id='line_1_97' title="bbox 464 4866 2020 4938; baseline -0.001 -14"><span class='ocrx_word' id='word_1_635' title='bbox 464 4869 559 4925; x_wconf 88' lang='lat' dir='ltr'><strong>tibi</strong></span> <span class='ocrx_word' id='word_1_636' title='bbox 610 4882 773 4938; x_wconf 89' lang='lat' dir='ltr'><strong>parce</strong></span> <span class='ocrx_word' id='word_1_637' title='bbox 815 4866 1083 4936; x_wconf 89' lang='lat' dir='ltr'><strong>peccatis;</strong></span> <span class='ocrx_word' id='word_1_638' title='bbox 1145 4872 1207 4919; x_wconf 88' lang='lat' dir='ltr'><strong>ut</strong></span> <span class='ocrx_word' id='word_1_639' title='bbox 1259 4879 1395 4937; x_wconf 87' lang='lat' dir='ltr'><strong>quos</strong></span> <span class='ocrx_word' id='word_1_640' title='bbox 1436 4866 1781 4921; x_wconf 75' lang='lat' dir='ltr'><strong>conscientiae</strong></span> <span class='ocrx_word' id='word_1_641' title='bbox 1836 4875 2020 4922; x_wconf 87' lang='lat' dir='ltr'><strong>reatus</strong></span> 
     </span>
    </p>
   </div>
   <div class='ocr_carea' id='block_1_98' title="bbox 462 4955 2023 5025">
    <p class='ocr_par' dir='ltr' id='par_1_98' title="bbox 462 4955 2023 5025">
     <span class='ocr_line' id='line_1_98' title="bbox 462 4955 2023 5025; baseline 0.002 -13"><span class='ocrx_word' id='word_1_642' title='bbox 462 4965 701 5023; x_wconf 87' lang='lat' dir='ltr'><strong>accusat,</strong></span> <span class='ocrx_word' id='word_1_643' title='bbox 733 4956 1061 5025; x_wconf 84' lang='lat' dir='ltr'><strong>indulgentia</strong></span> <span class='ocrx_word' id='word_1_644' title='bbox 1099 4963 1204 5012; x_wconf 84' lang='lat' dir='ltr'><strong>tuae</strong></span> <span class='ocrx_word' id='word_1_645' title='bbox 1229 4955 1889 5015; x_wconf 73' lang='lat' dir='ltr'><strong>miserationiLabsolvat.</strong></span> <span class='ocrx_word' id='word_1_646' title='bbox 1916 4959 2023 5016; x_wconf 88' lang='lat' dir='ltr'><strong>Per</strong></span> 
     </span>
    </p>
   </div>
   <div class='ocr_carea' id='block_1_99' title="bbox 464 5048 1789 5103">
    <p class='ocr_par' dir='ltr' id='par_1_99' title="bbox 464 5048 1789 5103">
     <span class='ocr_line' id='line_1_99' title="bbox 464 5048 1789 5103; baseline -0.011 0"><span class='ocrx_word' id='word_1_647' title='bbox 464 5048 768 5103; x_wconf 88' lang='lat' dir='ltr'><strong>Dominum.</strong></span> <span class='ocrx_word' id='word_1_648' title='bbox 1781 5067 1789 5073; x_wconf 90' lang='lat'><strong>-</strong></span> 
     </span>
    </p>
   </div>
   <div class='ocr_carea' id='block_1_100' title="bbox 533 5134 2017 5205">
    <p class='ocr_par' dir='ltr' id='par_1_100' title="bbox 533 5134 2017 5205">
     <span class='ocr_line' id='line_1_100' title="bbox 533 5134 2017 5205; baseline 0 -12"><span class='ocrx_word' id='word_1_649' title='bbox 533 5138 673 5194; x_wconf 77' lang='lat' dir='ltr'><strong>Alia.</strong></span> <span class='ocrx_word' id='word_1_650' title='bbox 709 5134 1009 5192; x_wconf 65' lang='lat' dir='ltr'><strong>Praeveniat</strong></span> <span class='ocrx_word' id='word_1_651' title='bbox 1029 5137 1172 5192; x_wconf 90' lang='lat' dir='ltr'><strong>hunc</strong></span> <span class='ocrx_word' id='word_1_652' title='bbox 1201 5136 1455 5193; x_wconf 83' lang='lat' dir='ltr'><strong>famulum</strong></span> <span class='ocrx_word' id='word_1_653' title='bbox 1490 5144 1662 5201; x_wconf 88' lang='lat' dir='ltr'><strong>tuum,</strong></span> <span class='ocrx_word' id='word_1_654' title='bbox 1688 5151 2017 5205; x_wconf 74' lang='lat' dir='ltr'><strong>quaesumus,</strong></span> 
     </span>
    </p>
   </div>
   <div class='ocr_carea' id='block_1_101' title="bbox 462 5222 2020 5298">
    <p class='ocr_par' dir='ltr' id='par_1_101' title="bbox 462 5222 2020 5298">
     <span class='ocr_line' id='line_1_101' title="bbox 462 5222 2020 5298; baseline 0 -15"><span class='ocrx_word' id='word_1_655' title='bbox 462 5228 707 5292; x_wconf 87' lang='lat' dir='ltr'><strong>Domine,</strong></span> <span class='ocrx_word' id='word_1_656' title='bbox 735 5222 1098 5281; x_wconf 82' lang='lat' dir='ltr'><strong>misericordia</strong></span> <span class='ocrx_word' id='word_1_657' title='bbox 1128 5232 1244 5290; x_wconf 85' lang='lat' dir='ltr'><strong>tua;</strong></span> <span class='ocrx_word' id='word_1_658' title='bbox 1280 5234 1336 5280; x_wconf 90' lang='lat' dir='ltr'><strong>et</strong></span> <span class='ocrx_word' id='word_1_659' title='bbox 1355 5239 1544 5281; x_wconf 89' lang='lat' dir='ltr'><strong>omnes</strong></span> <span class='ocrx_word' id='word_1_660' title='bbox 1569 5225 1879 5297; x_wconf 87' lang='lat' dir='ltr'><strong>iniquitates</strong></span> <span class='ocrx_word' id='word_1_661' title='bbox 1903 5228 2020 5298; x_wconf 85' lang='lat' dir='ltr'><strong>ejus</strong></span> 
     </span>
    </p>
   </div>
   <div class='ocr_carea' id='block_1_102' title="bbox 463 5315 1301 5391">
    <p class='ocr_par' dir='ltr' id='par_1_102' title="bbox 463 5315 1301 5391">
     <span class='ocr_line' id='line_1_102' title="bbox 463 5315 1301 5391; baseline -0.006 -15"><span class='ocrx_word' id='word_1_662' title='bbox 463 5318 626 5377; x_wconf 81' lang='lat' dir='ltr'><strong>celeri</strong></span> <span class='ocrx_word' id='word_1_663' title='bbox 651 5316 975 5391; x_wconf 79' lang='lat' dir='ltr'><strong>indulgentia</strong></span> <span class='ocrx_word' id='word_1_664' title='bbox 1000 5315 1301 5371; x_wconf 86' lang='lat' dir='ltr'><strong>deleantur.</strong></span> 
     </span>
    </p>
   </div>
   <div class='ocr_carea' id='block_1_103' title="bbox 532 5406 2015 5479">
    <p class='ocr_par' dir='ltr' id='par_1_103' title="bbox 532 5406 2015 5479">
     <span class='ocr_line' id='line_1_103' title="bbox 532 5406 2015 5479; baseline 0.001 -14"><span class='ocrx_word' id='word_1_665' title='bbox 532 5410 673 5466; x_wconf 81' lang='lat' dir='ltr'><strong>Alia.</strong></span> <span class='ocrx_word' id='word_1_666' title='bbox 709 5410 928 5475; x_wconf 84' lang='lat' dir='ltr'><strong>Adesto,</strong></span> <span class='ocrx_word' id='word_1_667' title='bbox 971 5406 1213 5474; x_wconf 82' lang='lat' dir='ltr'><strong>Domine,</strong></span> <span class='ocrx_word' id='word_1_668' title='bbox 1255 5408 1732 5479; x_wconf 88' lang='lat' dir='ltr'><strong>supplicationibus</strong></span> <span class='ocrx_word' id='word_1_669' title='bbox 1794 5412 2015 5479; x_wconf 89' lang='lat' dir='ltr'><strong>nostris,</strong></span> 
     </span>
    </p>
   </div>
   <div class='ocr_carea' id='block_1_104' title="bbox 465 5500 2015 5576">
    <p class='ocr_par' dir='ltr' id='par_1_104' title="bbox 465 5500 2015 5576">
     <span class='ocr_line' id='line_1_104' title="bbox 465 5500 2015 5576; baseline 0.003 -19"><span class='ocrx_word' id='word_1_670' title='bbox 465 5517 563 5558; x_wconf 90' lang='lat' dir='ltr'><strong>nec</strong></span> <span class='ocrx_word' id='word_1_671' title='bbox 596 5501 667 5557; x_wconf 89' lang='lat' dir='ltr'><strong>sit</strong></span> <span class='ocrx_word' id='word_1_672' title='bbox 689 5501 757 5556; x_wconf 84' lang='lat' dir='ltr'><strong>ab</strong></span> <span class='ocrx_word' id='word_1_673' title='bbox 779 5503 883 5559; x_wconf 87' lang='lat' dir='ltr'><strong>hoc</strong></span> <span class='ocrx_word' id='word_1_674' title='bbox 904 5502 1104 5558; x_wconf 87' lang='lat' dir='ltr'><strong>famulo</strong></span> <span class='ocrx_word' id='word_1_675' title='bbox 1129 5510 1219 5557; x_wconf 93' lang='lat' dir='ltr'><strong>tuo</strong></span> <span class='ocrx_word' id='word_1_676' title='bbox 1248 5500 1543 5559; x_wconf 81' lang='lat' dir='ltr'><strong>clementiae</strong></span> <span class='ocrx_word' id='word_1_677' title='bbox 1577 5512 1679 5558; x_wconf 78' lang='lat' dir='ltr'><strong>tuae</strong></span> <span class='ocrx_word' id='word_1_678' title='bbox 1726 5505 2015 5576; x_wconf 87' lang='lat' dir='ltr'><strong>longinqua</strong></span> 
     </span>
    </p>
   </div>
   <div class='ocr_carea' id='block_1_105' title="bbox 534 5609 2014 5739">
    <p class='ocr_par' dir='ltr' id='par_1_105' title="bbox 534 5609 2014 5739">
     <span class='ocr_line' id='line_1_105' title="bbox 534 5609 2014 5739; baseline 0.005 -73"><span class='ocrx_word' id='word_1_679' title='bbox 534 5629 559 5656; x_wconf 79' lang='grc' dir='ltr'><strong>ιι</strong></span> <span class='ocrx_word' id='word_1_680' title='bbox 598 5609 886 5739; x_wconf 55' lang='grc' dir='ltr'><strong>Βαῦυεηιὶι</strong></span> <span class='ocrx_word' id='word_1_681' title='bbox 911 5628 1002 5669; x_wconf 82' lang='lat' dir='ltr'><strong>sex</strong></span> <span class='ocrx_word' id='word_1_682' title='bbox 1029 5614 1205 5685; x_wconf 77' lang='lat' dir='ltr'><strong>capita</strong></span> <span class='ocrx_word' id='word_1_683' title='bbox 1229 5614 1390 5672; x_wconf 89' lang='lat' dir='ltr'><strong>etiam</strong></span> <span class='ocrx_word' id='word_1_684' title='bbox 1428 5614 1636 5683; x_wconf 84' lang='lat' dir='ltr'><strong>adjecta</strong></span> <span class='ocrx_word' id='word_1_685' title='bbox 1671 5625 1797 5685; x_wconf 78' lang='lat' dir='ltr'><strong>sunt</strong></span> <span class='ocrx_word' id='word_1_686' title='bbox 1820 5632 1886 5671; x_wconf 75' lang='lat' dir='ltr'><strong>es</strong></span> <span class='ocrx_word' id='word_1_687' title='bbox 1913 5633 2014 5673; x_wconf 90' lang='lat' dir='ltr'><strong>ms.</strong></span> 
     </span>
     <span class='ocr_line' id='line_1_106' title="bbox 534 5682 1127 5739; baseline 0 0"><span class='ocrx_word' id='word_1_688' title='bbox 534 5687 582 5739; x_wconf 78' lang='grc' dir='ltr'><strong>ιι.</strong></span> <span class='ocrx_word' id='word_1_689' title='bbox 620 5699 651 5739; x_wconf 86' lang='lat' dir='ltr'><strong>a</strong></span> <span class='ocrx_word' id='word_1_690' title='bbox 726 5724 739 5737; x_wconf 95' lang='lat'><strong>.</strong></span> <span class='ocrx_word' id='word_1_691' title='bbox 773 5682 1127 5739; x_wconf 85' lang='lat' dir='ltr'><strong>Ouercctano.</strong></span> 
     </span>
    </p>
   </div>
   <div class='ocr_carea' id='block_1_106' title="bbox 466 5682 1127 5750">
    <p class='ocr_par' dir='ltr' id='par_1_106' title="bbox 466 5682 1127 5750">
     <span class='ocr_line' id='line_1_107' title="bbox 466 5682 1127 5750; baseline 0 -9"><span class='ocrx_word' id='word_1_692' title='bbox 466 5687 582 5741; x_wconf 79' lang='lat' dir='ltr'><strong>cod.</strong></span> <span class='ocrx_word' id='word_1_693' title='bbox 620 5699 651 5739; x_wconf 86' lang='lat' dir='ltr'><strong>a</strong></span> <span class='ocrx_word' id='word_1_694' title='bbox 676 5682 739 5739; x_wconf 90' lang='lat' dir='ltr'><strong>D.</strong></span> <span class='ocrx_word' id='word_1_695' title='bbox 773 5682 1127 5750; x_wconf 80' lang='lat' dir='ltr'><strong>Quercctano.</strong></span> 
     </span>
    </p>
   </div>
   <div class='ocr_carea' id='block_1_107' title="bbox 2120 4516 3687 4599">
    <p class='ocr_par' dir='ltr' id='par_1_107' title="bbox 2120 4516 3687 4599">
     <span class='ocr_line' id='line_1_108' title="bbox 2120 4516 3687 4599; baseline 0.009 -29"><span class='ocrx_word' id='word_1_696' title='bbox 2120 4516 2273 4573; x_wconf 82' lang='lat' dir='ltr'><strong>multi</strong></span> <span class='ocrx_word' id='word_1_697' title='bbox 2300 4528 2522 4594; x_wconf 81' lang='lat' dir='ltr'><strong>peccata</strong></span> <span class='ocrx_word' id='word_1_698' title='bbox 2545 4536 2641 4576; x_wconf 88' lang='lat' dir='ltr'><strong>sua</strong></span> <span class='ocrx_word' id='word_1_699' title='bbox 2663 4521 2895 4578; x_wconf 89' lang='lat' dir='ltr'><strong>confessi</strong></span> <span class='ocrx_word' id='word_1_700' title='bbox 2926 4532 3072 4590; x_wconf 91' lang='lat' dir='ltr'><strong>sunt,</strong></span> <span class='ocrx_word' id='word_1_701' title='bbox 3094 4534 3150 4581; x_wconf 93' lang='lat' dir='ltr'><strong>et</strong></span> <span class='ocrx_word' id='word_1_702' title='bbox 3167 4527 3536 4597; x_wconf 71' lang='lat' dir='ltr'><strong>paenitentiam</strong></span> <span class='ocrx_word' id='word_1_703' title='bbox 3558 4543 3687 4599; x_wconf 85' lang='lat' dir='ltr'><strong>ege-</strong></span> 
     </span>
    </p>
   </div>
   <div class='ocr_carea' id='block_1_108' title="bbox 2121 4607 3689 4690">
    <p class='ocr_par' dir='ltr' id='par_1_108' title="bbox 2121 4607 3689 4690">
     <span class='ocr_line' id='line_1_109' title="bbox 2121 4607 3689 4690; baseline 0.01 -30"><span class='ocrx_word' id='word_1_704' title='bbox 2121 4614 2264 4661; x_wconf 90' lang='lat' dir='ltr'><strong>runt.</strong></span> <span class='ocrx_word' id='word_1_705' title='bbox 2282 4607 2676 4677; x_wconf 90' lang='lat' dir='ltr'><strong>Displicuerant</strong></span> <span class='ocrx_word' id='word_1_706' title='bbox 2700 4612 2800 4666; x_wconf 90' lang='lat' dir='ltr'><strong>sibi</strong></span> <span class='ocrx_word' id='word_1_707' title='bbox 2823 4613 3010 4681; x_wconf 86' lang='lat' dir='ltr'><strong>quales</strong></span> <span class='ocrx_word' id='word_1_708' title='bbox 3036 4612 3272 4680; x_wconf 89' lang='lat' dir='ltr'><strong>fuerant,</strong></span> <span class='ocrx_word' id='word_1_709' title='bbox 3299 4626 3355 4671; x_wconf 92' lang='lat' dir='ltr'><strong>et</strong></span> <span class='ocrx_word' id='word_1_710' title='bbox 3377 4612 3563 4687; x_wconf 88' lang='lat' dir='ltr'><strong>quales</strong></span> <span class='ocrx_word' id='word_1_711' title='bbox 3590 4634 3689 4690; x_wconf 89' lang='lat' dir='ltr'><strong>per</strong></span> 
     </span>
    </p>
   </div>
   <div class='ocr_carea' id='block_1_109' title="bbox 2120 4696 3418 4780">
    <p class='ocr_par' dir='ltr' id='par_1_109' title="bbox 2120 4696 3418 4780">
     <span class='ocr_line' id='line_1_110' title="bbox 2120 4696 3418 4780; baseline 0.01 -29"><span class='ocrx_word' id='word_1_712' title='bbox 2120 4696 2287 4752; x_wconf 87' lang='lat' dir='ltr'><strong>Deum</strong></span> <span class='ocrx_word' id='word_1_713' title='bbox 2312 4698 2440 4754; x_wconf 90' lang='lat' dir='ltr'><strong>facti</strong></span> <span class='ocrx_word' id='word_1_714' title='bbox 2465 4709 2592 4756; x_wconf 90' lang='lat' dir='ltr'><strong>sunt</strong></span> <span class='ocrx_word' id='word_1_715' title='bbox 2616 4701 2689 4756; x_wconf 92' lang='lat' dir='ltr'><strong>illi</strong></span> <span class='ocrx_word' id='word_1_716' title='bbox 2715 4702 3031 4772; x_wconf 89' lang='lat' dir='ltr'><strong>placuerunt</strong></span> <span class='ocrx_word' id='word_1_717' title='bbox 3057 4704 3204 4776; x_wconf 78' lang='lat' dir='ltr'><strong>(Ion.</strong></span> <span class='ocrx_word' id='word_1_718' title='bbox 3233 4724 3319 4773; x_wconf 84' lang='lat' dir='ltr'><strong>ut,</strong></span> <span class='ocrx_word' id='word_1_719' title='bbox 3341 4709 3418 4780; x_wconf 84' lang='lat'><strong>5).</strong></span> 
     </span>
    </p>
   </div>
   <div class='ocr_carea' id='block_1_110' title="bbox 2188 4787 3687 4871">
    <p class='ocr_par' dir='ltr' id='par_1_110' title="bbox 2188 4787 3687 4871">
     <span class='ocr_line' id='line_1_111' title="bbox 2188 4787 3687 4871; baseline 0.013 -30"><span class='ocrx_word' id='word_1_720' title='bbox 2188 4787 2286 4842; x_wconf 88' lang='lat' dir='ltr'><strong>Est</strong></span> <span class='ocrx_word' id='word_1_721' title='bbox 2328 4798 2507 4844; x_wconf 88' lang='lat' dir='ltr'><strong>autem</strong></span> <span class='ocrx_word' id='word_1_722' title='bbox 2556 4792 2871 4861; x_wconf 66' lang='lat' dir='ltr'><strong>paenitentia</strong></span> <span class='ocrx_word' id='word_1_723' title='bbox 2915 4794 3366 4851; x_wconf 83' lang='lat' dir='ltr'><strong>medicamentum</strong></span> <span class='ocrx_word' id='word_1_724' title='bbox 3422 4801 3687 4871; x_wconf 80' lang='lat' dir='ltr'><strong>vulneris,</strong></span> 
     </span>
    </p>
   </div>
   <div class='ocr_carea' id='block_1_111' title="bbox 2119 4880 3695 4963">
    <p class='ocr_par' dir='ltr' id='par_1_111' title="bbox 2119 4880 3695 4963">
     <span class='ocr_line' id='line_1_112' title="bbox 2119 4880 3695 4963; baseline 0.01 -30"><span class='ocrx_word' id='word_1_725' title='bbox 2119 4894 2245 4950; x_wconf 87' lang='lat' dir='ltr'><strong>spes</strong></span> <span class='ocrx_word' id='word_1_726' title='bbox 2288 4880 2505 4946; x_wconf 90' lang='lat' dir='ltr'><strong>salutis,</strong></span> <span class='ocrx_word' id='word_1_727' title='bbox 2551 4896 2649 4950; x_wconf 90' lang='lat' dir='ltr'><strong>per</strong></span> <span class='ocrx_word' id='word_1_728' title='bbox 2696 4898 2857 4952; x_wconf 88' lang='lat' dir='ltr'><strong>quam</strong></span> <span class='ocrx_word' id='word_1_729' title='bbox 2901 4892 3213 4952; x_wconf 88' lang='lat' dir='ltr'><strong>peccatores</strong></span> <span class='ocrx_word' id='word_1_730' title='bbox 3260 4886 3555 4956; x_wconf 82' lang='lat' dir='ltr'><strong>salvantur,</strong></span> <span class='ocrx_word' id='word_1_731' title='bbox 3595 4910 3695 4963; x_wconf 91' lang='lat' dir='ltr'><strong>per</strong></span> 
     </span>
    </p>
   </div>
   <div class='ocr_carea' id='block_1_112' title="bbox 2121 4971 3693 5048">
    <p class='ocr_par' dir='ltr' id='par_1_112' title="bbox 2121 4971 3693 5048">
     <span class='ocr_line' id='line_1_113' title="bbox 2121 4971 3693 5048; baseline 0.01 -26"><span class='ocrx_word' id='word_1_732' title='bbox 2121 4985 2284 5039; x_wconf 88' lang='lat' dir='ltr'><strong>quam</strong></span> <span class='ocrx_word' id='word_1_733' title='bbox 2316 4971 2456 5026; x_wconf 89' lang='lat' dir='ltr'><strong>Deus</strong></span> <span class='ocrx_word' id='word_1_734' title='bbox 2484 4972 2551 5026; x_wconf 88' lang='lat' dir='ltr'><strong>ad</strong></span> <span class='ocrx_word' id='word_1_735' title='bbox 2581 4972 3002 5028; x_wconf 88' lang='lat' dir='ltr'><strong>misericordiam</strong></span> <span class='ocrx_word' id='word_1_736' title='bbox 3032 4984 3395 5044; x_wconf 88' lang='lat' dir='ltr'><strong>provocatur:</strong></span> <span class='ocrx_word' id='word_1_737' title='bbox 3424 4994 3543 5048; x_wconf 70' lang='lat' dir='ltr'><strong>quae</strong></span> <span class='ocrx_word' id='word_1_738' title='bbox 3586 4998 3693 5037; x_wconf 89' lang='lat' dir='ltr'><strong>non</strong></span> 
     </span>
    </p>
   </div>
   <div class='ocr_carea' id='block_1_113' title="bbox 2122 5063 3694 5143">
    <p class='ocr_par' dir='ltr' id='par_1_113' title="bbox 2122 5063 3694 5143">
     <span class='ocr_line' id='line_1_114' title="bbox 2122 5063 3694 5143; baseline 0.008 -29"><span class='ocrx_word' id='word_1_739' title='bbox 2122 5069 2362 5130; x_wconf 87' lang='lat' dir='ltr'><strong>tempore</strong></span> <span class='ocrx_word' id='word_1_740' title='bbox 2390 5070 2668 5132; x_wconf 85' lang='lat' dir='ltr'><strong>pensatur,</strong></span> <span class='ocrx_word' id='word_1_741' title='bbox 2696 5064 2789 5118; x_wconf 89' lang='lat' dir='ltr'><strong>sed</strong></span> <span class='ocrx_word' id='word_1_742' title='bbox 2832 5063 3194 5134; x_wconf 87' lang='lat' dir='ltr'><strong>profunditate</strong></span> <span class='ocrx_word' id='word_1_743' title='bbox 3220 5069 3403 5125; x_wconf 91' lang='lat' dir='ltr'><strong>luctus</strong></span> <span class='ocrx_word' id='word_1_744' title='bbox 3425 5080 3480 5124; x_wconf 92' lang='lat' dir='ltr'><strong>et</strong></span> <span class='ocrx_word' id='word_1_745' title='bbox 3523 5072 3694 5143; x_wconf 83' lang='lat' dir='ltr'><strong>lacry—</strong></span> 
     </span>
    </p>
   </div>
   <div class='ocr_carea' id='block_1_114' title="bbox 2122 5151 3695 5232">
    <p class='ocr_par' dir='ltr' id='par_1_114' title="bbox 2122 5151 3695 5232">
     <span class='ocr_line' id='line_1_115' title="bbox 2122 5151 3695 5232; baseline 0.007 -27"><span class='ocrx_word' id='word_1_746' title='bbox 2122 5167 2353 5206; x_wconf 87' lang='lat' dir='ltr'><strong>marum.</strong></span> <span class='ocrx_word' id='word_1_747' title='bbox 2384 5151 2706 5205; x_wconf 72' lang='lat' dir='ltr'><strong>Paenitentia</strong></span> <span class='ocrx_word' id='word_1_748' title='bbox 2749 5164 2929 5208; x_wconf 84' lang='lat' dir='ltr'><strong>autem</strong></span> <span class='ocrx_word' id='word_1_749' title='bbox 2969 5171 3077 5211; x_wconf 89' lang='lat' dir='ltr'><strong>non</strong></span> <span class='ocrx_word' id='word_1_750' title='bbox 3110 5160 3371 5214; x_wconf 90' lang='lat' dir='ltr'><strong>mensium</strong></span> <span class='ocrx_word' id='word_1_751' title='bbox 3398 5175 3461 5215; x_wconf 90' lang='lat' dir='ltr'><strong>ac</strong></span> <span class='ocrx_word' id='word_1_752' title='bbox 3490 5170 3695 5232; x_wconf 79' lang='lat' dir='ltr'><strong>tempo-</strong></span> 
     </span>
    </p>
   </div>
   <div class='ocr_carea' id='block_1_115' title="bbox 2114 5248 3692 5325">
    <p class='ocr_par' dir='ltr' id='par_1_115' title="bbox 2114 5248 3692 5325">
     <span class='ocr_line' id='line_1_116' title="bbox 2114 5248 3692 5325; baseline 0.008 -28"><span class='ocrx_word' id='word_1_753' title='bbox 2114 5260 2241 5325; x_wconf 9' lang='lat' dir='ltr'><strong>rrum</strong></span> <span class='ocrx_word' id='word_1_754' title='bbox 2270 5258 2430 5298; x_wconf 88' lang='lat' dir='ltr'><strong>cursu</strong></span> <span class='ocrx_word' id='word_1_755' title='bbox 2470 5255 2749 5314; x_wconf 88' lang='lat' dir='ltr'><strong>pensatur,</strong></span> <span class='ocrx_word' id='word_1_756' title='bbox 2781 5248 2876 5301; x_wconf 87' lang='lat' dir='ltr'><strong>sed</strong></span> <span class='ocrx_word' id='word_1_757' title='bbox 2905 5263 3089 5323; x_wconf 67' lang='lat' dir='ltr'><strong>plena,</strong></span> <span class='ocrx_word' id='word_1_758' title='bbox 3115 5267 3221 5321; x_wconf 90' lang='lat' dir='ltr'><strong>qua</strong></span> <span class='ocrx_word' id='word_1_759' title='bbox 3264 5253 3442 5307; x_wconf 88' lang='lat' dir='ltr'><strong>anima</strong></span> <span class='ocrx_word' id='word_1_760' title='bbox 3480 5256 3692 5309; x_wconf 87' lang='lat' dir='ltr'><strong>crucia-</strong></span> 
     </span>
    </p>
   </div>
   <div class='ocr_carea' id='block_1_116' title="bbox 2119 5337 3694 5415">
    <p class='ocr_par' dir='ltr' id='par_1_116' title="bbox 2119 5337 3694 5415">
     <span class='ocr_line' id='line_1_117' title="bbox 2119 5337 3694 5415; baseline 0.008 -26"><span class='ocrx_word' id='word_1_761' title='bbox 2119 5344 2229 5402; x_wconf 89' lang='lat' dir='ltr'><strong>tur,</strong></span> <span class='ocrx_word' id='word_1_762' title='bbox 2255 5344 2311 5391; x_wconf 90' lang='lat' dir='ltr'><strong>et</strong></span> <span class='ocrx_word' id='word_1_763' title='bbox 2347 5337 2700 5393; x_wconf 83' lang='lat' dir='ltr'><strong>mortificatur</strong></span> <span class='ocrx_word' id='word_1_764' title='bbox 2741 5355 2889 5395; x_wconf 90' lang='lat' dir='ltr'><strong>caro.</strong></span> <span class='ocrx_word' id='word_1_765' title='bbox 2934 5341 2999 5395; x_wconf 80' lang='lat' dir='ltr'><strong>Hi</strong></span> <span class='ocrx_word' id='word_1_766' title='bbox 3026 5358 3174 5409; x_wconf 86' lang='lat' dir='ltr'><strong>vero,</strong></span> <span class='ocrx_word' id='word_1_767' title='bbox 3204 5345 3295 5415; x_wconf 89' lang='lat' dir='ltr'><strong>qui</strong></span> <span class='ocrx_word' id='word_1_768' title='bbox 3324 5346 3694 5414; x_wconf 64' lang='lat' dir='ltr'><strong>paenitentiam</strong></span> 
     </span>
    </p>
   </div>
   <div class='ocr_carea' id='block_1_117' title="bbox 2118 5428 3695 5500">
    <p class='ocr_par' dir='ltr' id='par_1_117' title="bbox 2118 5428 3695 5500">
     <span class='ocr_line' id='line_1_118' title="bbox 2118 5428 3695 5500; baseline 0.008 -22"><span class='ocrx_word' id='word_1_769' title='bbox 2118 5434 2329 5496; x_wconf 89' lang='lat' dir='ltr'><strong>gerunt,</strong></span> <span class='ocrx_word' id='word_1_770' title='bbox 2365 5428 2589 5496; x_wconf 88' lang='lat' dir='ltr'><strong>proinde</strong></span> <span class='ocrx_word' id='word_1_771' title='bbox 2636 5430 2859 5499; x_wconf 77' lang='lat' dir='ltr'><strong>capillos</strong></span> <span class='ocrx_word' id='word_1_772' title='bbox 2893 5439 2947 5486; x_wconf 85' lang='lat' dir='ltr'><strong>et</strong></span> <span class='ocrx_word' id='word_1_773' title='bbox 2974 5432 3196 5487; x_wconf 83' lang='lat' dir='ltr'><strong>barbam</strong></span> <span class='ocrx_word' id='word_1_774' title='bbox 3244 5434 3512 5500; x_wconf 90' lang='lat' dir='ltr'><strong>nutriunt,</strong></span> <span class='ocrx_word' id='word_1_775' title='bbox 3548 5437 3695 5491; x_wconf 87' lang='lat' dir='ltr'><strong>unde</strong></span> 
     </span>
    </p>
   </div>
   <div class='ocr_carea' id='block_1_118' title="bbox 2118 5516 3698 5595">
    <p class='ocr_par' dir='ltr' id='par_1_118' title="bbox 2118 5516 3698 5595">
     <span class='ocr_line' id='line_1_119' title="bbox 2118 5516 3698 5595; baseline 0.008 -26"><span class='ocrx_word' id='word_1_776' title='bbox 2118 5523 2421 5570; x_wconf 87' lang='lat' dir='ltr'><strong>monstrent</strong></span> <span class='ocrx_word' id='word_1_777' title='bbox 2468 5517 2849 5574; x_wconf 89' lang='lat' dir='ltr'><strong>abundantiam</strong></span> <span class='ocrx_word' id='word_1_778' title='bbox 2912 5516 3247 5587; x_wconf 63' lang='lat' dir='ltr'><strong>criminum,</strong></span> <span class='ocrx_word' id='word_1_779' title='bbox 3281 5522 3478 5592; x_wconf 86' lang='lat' dir='ltr'><strong>quibus</strong></span> <span class='ocrx_word' id='word_1_780' title='bbox 3535 5536 3698 5595; x_wconf 79' lang='lat' dir='ltr'><strong>caput</strong></span> 
     </span>
    </p>
   </div>
   <div class='ocr_carea' id='block_1_119' title="bbox 2192 5624 3532 5702">
    <p class='ocr_par' dir='ltr' id='par_1_119' title="bbox 2192 5624 3532 5702">
     <span class='ocr_line' id='line_1_120' title="bbox 2192 5624 3532 5702; baseline 0.006 -25"><span class='ocrx_word' id='word_1_781' title='bbox 2192 5626 2221 5665; x_wconf 66' lang='grc' dir='ltr'><strong>ιν</strong></span> <span class='ocrx_word' id='word_1_782' title='bbox 2259 5626 2333 5678; x_wconf 80' lang='lat' dir='ltr'><strong>Ex</strong></span> <span class='ocrx_word' id='word_1_783' title='bbox 2363 5624 2567 5680; x_wconf 84' lang='lat' dir='ltr'><strong>lsidoro</strong></span> <span class='ocrx_word' id='word_1_784' title='bbox 2596 5625 2671 5682; x_wconf 89' lang='lat' dir='ltr'><strong>De</strong></span> <span class='ocrx_word' id='word_1_785' title='bbox 2696 5627 2896 5684; x_wconf 79' lang='lat' dir='ltr'><strong>Officiis</strong></span> <span class='ocrx_word' id='word_1_786' title='bbox 2922 5629 3063 5684; x_wconf 88' lang='lat' dir='ltr'><strong>Eccl.</strong></span> <span class='ocrx_word' id='word_1_787' title='bbox 3092 5628 3182 5684; x_wconf 90' lang='lat' dir='ltr'><strong>lib.</strong></span> <span class='ocrx_word' id='word_1_788' title='bbox 3209 5645 3271 5695; x_wconf 84' lang='grc' dir='ltr'><strong>ιι,</strong></span> <span class='ocrx_word' id='word_1_789' title='bbox 3298 5645 3418 5702; x_wconf 81' lang='lat' dir='ltr'><strong>cap.</strong></span> <span class='ocrx_word' id='word_1_790' title='bbox 3448 5631 3532 5685; x_wconf 84' lang='grc'><strong>16.</strong></span> 
     </span>
    </p>
   </div>
  </div>
