  <div class='ocr_page' id='page_1' title='image "/cluster/home/n/w/nwhite01/storage/ocr_20150623/101/uva.x000834944/647.png"; bbox 0 0 4232 6214; ppageno 0'>
   <div class='ocr_carea' id='block_1_1' title="bbox 609 139 840 238">
    <p class='ocr_par' dir='ltr' id='par_1_1' title="bbox 609 139 840 238">
     <span class='ocr_line' id='line_1_1' title="bbox 609 139 840 238; baseline 0.009 -6"><span class='ocrx_word' id='word_1_1' title='bbox 609 139 764 238; x_wconf 11' lang='lat'><strong>12834</strong></span> <span class='ocrx_word' id='word_1_2' title='bbox 833 176 840 179; x_wconf 77' lang='lat'>‘</span> 
     </span>
    </p>
   </div>
   <div class='ocr_carea' id='block_1_2' title="bbox 1435 188 3009 248">
    <p class='ocr_par' dir='ltr' id='par_1_2' title="bbox 1435 188 3009 248">
     <span class='ocr_line' id='line_1_2' title="bbox 1435 188 3009 248; baseline 0.004 -9"><span class='ocrx_word' id='word_1_3' title='bbox 1435 188 1490 239; x_wconf 80' lang='grc' dir='ltr'>Β.</span> <span class='ocrx_word' id='word_1_4' title='bbox 1538 190 1596 242; x_wconf 80' lang='lat' dir='ltr'><strong>l-&#39;.</strong></span> <span class='ocrx_word' id='word_1_5' title='bbox 1640 190 1858 243; x_wconf 62' lang='lat' dir='ltr'><strong>ALBle</strong></span> <span class='ocrx_word' id='word_1_6' title='bbox 1901 192 2030 246; x_wconf 58' lang='lat' dir='ltr'><strong>SH:</strong></span> <span class='ocrx_word' id='word_1_7' title='bbox 2071 191 2344 246; x_wconf 67' lang='lat' dir='ltr'><strong>ALCI&#39;lNl</strong></span> <span class='ocrx_word' id='word_1_8' title='bbox 2385 192 2668 248; x_wconf 74' lang='lat' dir='ltr'><strong>OPERIIM</strong></span> <span class='ocrx_word' id='word_1_9' title='bbox 2709 195 2884 248; x_wconf 63' lang='lat' dir='ltr'><strong>PARS</strong></span> <span class='ocrx_word' id='word_1_10' title='bbox 2923 195 3009 248; x_wconf 58' lang='grc' dir='ltr'><strong>ιχ.</strong></span> 
     </span>
    </p>
   </div>
   <div class='ocr_carea' id='block_1_3' title="bbox 3703 198 3838 253">
    <p class='ocr_par' dir='ltr' id='par_1_3' title="bbox 3703 198 3838 253">
     <span class='ocr_line' id='line_1_3' title="bbox 3703 198 3838 253; baseline 0.03 -3"><span class='ocrx_word' id='word_1_11' title='bbox 3703 198 3838 253; x_wconf 66' lang='lat'><strong>{984</strong></span> 
     </span>
    </p>
   </div>
   <div class='ocr_carea' id='block_1_4' title="bbox 605 295 3839 376">
    <p class='ocr_par' dir='ltr' id='par_1_4' title="bbox 605 295 3839 376">
     <span class='ocr_line' id='line_1_4' title="bbox 605 295 3839 376; baseline 0.005 -28"><span class='ocrx_word' id='word_1_12' title='bbox 605 295 900 363; x_wconf 69' lang='lat' dir='ltr'><strong>peccatoris</strong></span> <span class='ocrx_word' id='word_1_13' title='bbox 928 306 1196 365; x_wconf 72' lang='lat' dir='ltr'><strong>gravatur.</strong></span> <span class='ocrx_word' id='word_1_14' title='bbox 1224 296 1406 365; x_wconf 75' lang='lat' dir='ltr'><strong>Capilli</strong></span> <span class='ocrx_word' id='word_1_15' title='bbox 1433 300 1573 352; x_wconf 86' lang='lat' dir='ltr'><strong>enim</strong></span> <span class='ocrx_word' id='word_1_16' title='bbox 1601 317 1696 369; x_wconf 76' lang='lat' dir='ltr'><strong>pro</strong></span> <span class='ocrx_word' id='word_1_17' title='bbox 1727 302 1869 356; x_wconf 79' lang='lat' dir='ltr'><strong>vitiis</strong></span> <span class='ocrx_word' id='word_1_18' title='bbox 1895 303 2163 371; x_wconf 79' lang='lat' dir='ltr'><strong>aceipiun-</strong></span> <span class='ocrx_word' id='word_1_19' title='bbox 2194 311 2236 363; x_wconf 77' lang='grc' dir='ltr'><strong>Α</strong></span> <span class='ocrx_word' id='word_1_20' title='bbox 2270 301 2384 355; x_wconf 72' lang='lat' dir='ltr'><strong>bent</strong></span> <span class='ocrx_word' id='word_1_21' title='bbox 2405 343 2420 364; x_wconf 95' lang='lat'><strong>,</strong></span> <span class='ocrx_word' id='word_1_22' title='bbox 2473 303 2515 356; x_wconf 84' lang='lat' dir='ltr'><strong>si</strong></span> <span class='ocrx_word' id='word_1_23' title='bbox 2564 319 2752 358; x_wconf 82' lang='lat' dir='ltr'><strong>rursus</strong></span> <span class='ocrx_word' id='word_1_24' title='bbox 2805 314 2925 375; x_wconf 91' lang='lat' dir='ltr'><strong>post</strong></span> <span class='ocrx_word' id='word_1_25' title='bbox 2968 305 3416 366; x_wconf 81' lang='lat' dir='ltr'><strong>emendationem,</strong></span> <span class='ocrx_word' id='word_1_26' title='bbox 3476 307 3663 362; x_wconf 75' lang='lat' dir='ltr'><strong>relicto</strong></span> <span class='ocrx_word' id='word_1_27' title='bbox 3689 310 3839 376; x_wconf 88' lang='lat' dir='ltr'><strong>vitio,</strong></span> 
     </span>
    </p>
   </div>
   <div class='ocr_carea' id='block_1_5' title="bbox 604 385 2162 462">
    <p class='ocr_par' dir='ltr' id='par_1_5' title="bbox 604 385 2162 462">
     <span class='ocr_line' id='line_1_5' title="bbox 604 385 2162 462; baseline 0.004 -22"><span class='ocrx_word' id='word_1_28' title='bbox 604 395 712 441; x_wconf 87' lang='lat' dir='ltr'><strong>tur.</strong></span> <span class='ocrx_word' id='word_1_29' title='bbox 755 385 845 440; x_wconf 70' lang='lat' dir='ltr'><strong>Vir</strong></span> <span class='ocrx_word' id='word_1_30' title='bbox 885 390 1020 442; x_wconf 81' lang='lat' dir='ltr'><strong>enim</strong></span> <span class='ocrx_word' id='word_1_31' title='bbox 1065 389 1109 442; x_wconf 75' lang='lat' dir='ltr'><strong>si</strong></span> <span class='ocrx_word' id='word_1_32' title='bbox 1148 406 1344 442; x_wconf 84' lang='lat' dir='ltr'><strong>comam</strong></span> <span class='ocrx_word' id='word_1_33' title='bbox 1376 393 1602 454; x_wconf 79' lang='lat' dir='ltr'><strong>nutriat,</strong></span> <span class='ocrx_word' id='word_1_34' title='bbox 1641 402 1697 445; x_wconf 91' lang='lat' dir='ltr'><strong>ut</strong></span> <span class='ocrx_word' id='word_1_35' title='bbox 1744 394 1818 446; x_wconf 92' lang='lat' dir='ltr'><strong>ait</strong></span> <span class='ocrx_word' id='word_1_36' title='bbox 1859 385 2162 462; x_wconf 77' lang='lat' dir='ltr'><strong>Apostolus,</strong></span> 
     </span>
    </p>
   </div>
   <div class='ocr_carea' id='block_1_6' title="bbox 605 478 2167 556">
    <p class='ocr_par' dir='ltr' id='par_1_6' title="bbox 605 478 2167 556">
     <span class='ocr_line' id='line_1_6' title="bbox 605 478 2167 556; baseline 0.006 -26"><span class='ocrx_word' id='word_1_37' title='bbox 605 478 886 547; x_wconf 75' lang='lat' dir='ltr'><strong>ignominia</strong></span> <span class='ocrx_word' id='word_1_38' title='bbox 930 491 1000 534; x_wconf 73' lang='lat' dir='ltr'><strong>est</strong></span> <span class='ocrx_word' id='word_1_39' title='bbox 1041 479 1117 532; x_wconf 69' lang='lat' dir='ltr'><strong>illi</strong></span> <span class='ocrx_word' id='word_1_40' title='bbox 1162 479 1211 548; x_wconf 86' lang='grc' dir='ltr'><strong>(ι</strong></span> <span class='ocrx_word' id='word_1_41' title='bbox 1244 479 1364 535; x_wconf 86' lang='lat' dir='ltr'><strong>Cor.</strong></span> <span class='ocrx_word' id='word_1_42' title='bbox 1392 499 1463 544; x_wconf 85' lang='grc' dir='ltr'><strong>ιι,</strong></span> <span class='ocrx_word' id='word_1_43' title='bbox 1497 483 1600 554; x_wconf 71' lang='grc'><strong>14).</strong></span> <span class='ocrx_word' id='word_1_44' title='bbox 1633 484 1806 554; x_wconf 81' lang='lat' dir='ltr'><strong>Ipsam</strong></span> <span class='ocrx_word' id='word_1_45' title='bbox 1835 487 1976 539; x_wconf 87' lang='lat' dir='ltr'><strong>enim</strong></span> <span class='ocrx_word' id='word_1_46' title='bbox 2020 487 2167 556; x_wconf 80' lang='lat' dir='ltr'><strong>igno-</strong></span> 
     </span>
    </p>
   </div>
   <div class='ocr_carea' id='block_1_7' title="bbox 606 569 2164 648">
    <p class='ocr_par' dir='ltr' id='par_1_7' title="bbox 606 569 2164 648">
     <span class='ocr_line' id='line_1_7' title="bbox 606 569 2164 648; baseline 0.004 -25"><span class='ocrx_word' id='word_1_47' title='bbox 606 569 824 623; x_wconf 87' lang='lat' dir='ltr'><strong>miniam</strong></span> <span class='ocrx_word' id='word_1_48' title='bbox 866 570 1162 640; x_wconf 86' lang='lat' dir='ltr'><strong>suscipiunt</strong></span> <span class='ocrx_word' id='word_1_49' title='bbox 1207 573 1530 640; x_wconf 73' lang='lat' dir='ltr'><strong>pmnitcntes</strong></span> <span class='ocrx_word' id='word_1_50' title='bbox 1575 590 1674 644; x_wconf 90' lang='lat' dir='ltr'><strong>pro</strong></span> <span class='ocrx_word' id='word_1_51' title='bbox 1701 577 1893 630; x_wconf 88' lang='lat' dir='ltr'><strong>merito</strong></span> <span class='ocrx_word' id='word_1_52' title='bbox 1922 587 2164 648; x_wconf 87' lang='lat' dir='ltr'><strong>peccato-</strong></span> 
     </span>
    </p>
   </div>
   <div class='ocr_carea' id='block_1_8' title="bbox 607 655 2165 737">
    <p class='ocr_par' dir='ltr' id='par_1_8' title="bbox 607 655 2165 737">
     <span class='ocr_line' id='line_1_8' title="bbox 607 655 2165 737; baseline 0.006 -25"><span class='ocrx_word' id='word_1_53' title='bbox 607 677 740 714; x_wconf 85' lang='lat' dir='ltr'><strong>rum.</strong></span> <span class='ocrx_word' id='word_1_54' title='bbox 767 655 916 727; x_wconf 85' lang='lat' dir='ltr'><strong>Quod</strong></span> <span class='ocrx_word' id='word_1_55' title='bbox 945 677 1071 718; x_wconf 90' lang='lat' dir='ltr'><strong>vero</strong></span> <span class='ocrx_word' id='word_1_56' title='bbox 1095 664 1147 716; x_wconf 91' lang='lat' dir='ltr'><strong>in</strong></span> <span class='ocrx_word' id='word_1_57' title='bbox 1168 665 1342 718; x_wconf 84' lang='lat' dir='ltr'><strong>cilicio</strong></span> <span class='ocrx_word' id='word_1_58' title='bbox 1367 675 1795 734; x_wconf 74' lang='lat' dir='ltr'><strong>prosternuntur,</strong></span> <span class='ocrx_word' id='word_1_59' title='bbox 1817 684 1913 737; x_wconf 91' lang='lat' dir='ltr'><strong>per</strong></span> <span class='ocrx_word' id='word_1_60' title='bbox 1933 669 2165 723; x_wconf 87' lang='lat' dir='ltr'><strong>cilicium</strong></span> 
     </span>
    </p>
   </div>
   <div class='ocr_carea' id='block_1_9' title="bbox 603 754 2165 826">
    <p class='ocr_par' dir='ltr' id='par_1_9' title="bbox 603 754 2165 826">
     <span class='ocr_line' id='line_1_9' title="bbox 603 754 2165 826; baseline 0.006 -24"><span class='ocrx_word' id='word_1_61' title='bbox 603 755 796 826; x_wconf 83' lang='lat' dir='ltr'><strong>quippe</strong></span> <span class='ocrx_word' id='word_1_62' title='bbox 821 754 1121 808; x_wconf 85' lang='lat' dir='ltr'><strong>recordatio</strong></span> <span class='ocrx_word' id='word_1_63' title='bbox 1151 763 1232 808; x_wconf 83' lang='lat' dir='ltr'><strong>est</strong></span> <span class='ocrx_word' id='word_1_64' title='bbox 1259 765 1622 824; x_wconf 82' lang='lat' dir='ltr'><strong>peccatorum,</strong></span> <span class='ocrx_word' id='word_1_65' title='bbox 1655 765 1872 826; x_wconf 87' lang='lat' dir='ltr'><strong>prepter</strong></span> <span class='ocrx_word' id='word_1_66' title='bbox 1893 758 2071 811; x_wconf 68' lang='lat' dir='ltr'><strong>haedos</strong></span> <span class='ocrx_word' id='word_1_67' title='bbox 2100 757 2165 810; x_wconf 85' lang='lat' dir='ltr'><strong>ad</strong></span> 
     </span>
    </p>
   </div>
   <div class='ocr_carea' id='block_1_10' title="bbox 558 824 2167 916">
    <p class='ocr_par' dir='ltr' id='par_1_10' title="bbox 558 824 2167 916">
     <span class='ocr_line' id='line_1_10' title="bbox 558 824 2167 916; baseline 0.003 -20"><span class='ocrx_word' id='word_1_68' title='bbox 558 841 564 845; x_wconf 82' lang='grc'><em>’</em></span> <span class='ocrx_word' id='word_1_69' title='bbox 602 824 876 896; x_wconf 82' lang='lat' dir='ltr'><strong>sinistram</strong></span> <span class='ocrx_word' id='word_1_70' title='bbox 926 844 1150 899; x_wconf 81' lang='lat' dir='ltr'><strong>futuros.</strong></span> <span class='ocrx_word' id='word_1_71' title='bbox 1191 844 1318 900; x_wconf 83' lang='lat' dir='ltr'><strong>inde</strong></span> <span class='ocrx_word' id='word_1_72' title='bbox 1359 861 1488 916; x_wconf 82' lang='lat' dir='ltr'><strong>ergo</strong></span> <span class='ocrx_word' id='word_1_73' title='bbox 1533 824 1850 902; x_wconf 75' lang='lat' dir='ltr'><strong>confitentes</strong></span> <span class='ocrx_word' id='word_1_74' title='bbox 1893 847 1946 902; x_wconf 92' lang='lat' dir='ltr'><strong>in</strong></span> <span class='ocrx_word' id='word_1_75' title='bbox 1992 846 2167 902; x_wconf 91' lang='lat' dir='ltr'><strong>cilicio</strong></span> 
     </span>
    </p>
   </div>
   <div class='ocr_carea' id='block_1_11' title="bbox 600 937 2165 1006">
    <p class='ocr_par' dir='ltr' id='par_1_11' title="bbox 600 937 2165 1006">
     <span class='ocr_line' id='line_1_11' title="bbox 600 937 2165 1006; baseline 0.003 -20"><span class='ocrx_word' id='word_1_76' title='bbox 600 943 1034 1002; x_wconf 84' lang='lat' dir='ltr'><strong>prosternuntur,</strong></span> <span class='ocrx_word' id='word_1_77' title='bbox 1055 945 1310 1005; x_wconf 80' lang='lat' dir='ltr'><strong>tanquam</strong></span> <span class='ocrx_word' id='word_1_78' title='bbox 1335 937 1601 991; x_wconf 81' lang='lat' dir='ltr'><strong>dicentes:</strong></span> <span class='ocrx_word' id='word_1_79' title='bbox 1622 937 1689 990; x_wconf 82' lang='lat' dir='ltr'><strong>Et</strong></span> <span class='ocrx_word' id='word_1_80' title='bbox 1711 948 1975 1006; x_wconf 82' lang='lat' dir='ltr'><strong>peccatum</strong></span> <span class='ocrx_word' id='word_1_81' title='bbox 1997 954 2165 992; x_wconf 82' lang='lat' dir='ltr'><strong>meum</strong></span> 
     </span>
    </p>
   </div>
   <div class='ocr_carea' id='block_1_12' title="bbox 593 1008 2163 1097">
    <p class='ocr_par' dir='ltr' id='par_1_12' title="bbox 593 1008 2163 1097">
     <span class='ocr_line' id='line_1_12' title="bbox 593 1008 2163 1097; baseline 0.002 -21"><span class='ocrx_word' id='word_1_82' title='bbox 593 1008 781 1076; x_wconf 70' lang='grc' dir='ltr'><strong>’τοπινὰ</strong></span> <span class='ocrx_word' id='word_1_83' title='bbox 814 1039 896 1077; x_wconf 81' lang='lat' dir='ltr'><strong>me</strong></span> <span class='ocrx_word' id='word_1_84' title='bbox 922 1033 995 1078; x_wconf 80' lang='lat' dir='ltr'><strong>est</strong></span> <span class='ocrx_word' id='word_1_85' title='bbox 1041 1041 1239 1094; x_wconf 77' lang='lat' dir='ltr'><strong>semper</strong></span> <span class='ocrx_word' id='word_1_86' title='bbox 1266 1023 1435 1096; x_wconf 80' lang='lat' dir='ltr'><strong>(Psnf.</strong></span> <span class='ocrx_word' id='word_1_87' title='bbox 1466 1044 1526 1088; x_wconf 75' lang='grc' dir='ltr'><strong>ι,</strong></span> <span class='ocrx_word' id='word_1_88' title='bbox 1559 1025 1636 1097; x_wconf 84' lang='grc'><strong>5).</strong></span> <span class='ocrx_word' id='word_1_89' title='bbox 1665 1026 1818 1091; x_wconf 87' lang='lat' dir='ltr'><strong>Quod</strong></span> <span class='ocrx_word' id='word_1_90' title='bbox 1846 1028 2030 1081; x_wconf 90' lang='lat' dir='ltr'><strong>cinere</strong></span> <span class='ocrx_word' id='word_1_91' title='bbox 2074 1041 2163 1079; x_wconf 88' lang='lat' dir='ltr'><strong>as-</strong></span> 
     </span>
    </p>
   </div>
   <div class='ocr_carea' id='block_1_13' title="bbox 601 1113 2166 1197">
    <p class='ocr_par' dir='ltr' id='par_1_13' title="bbox 601 1113 2166 1197">
     <span class='ocr_line' id='line_1_13' title="bbox 601 1113 2166 1197; baseline 0.004 -31"><span class='ocrx_word' id='word_1_92' title='bbox 601 1122 925 1182; x_wconf 86' lang='lat' dir='ltr'><strong>perguntur;</strong></span> <span class='ocrx_word' id='word_1_93' title='bbox 959 1113 1040 1167; x_wconf 88' lang='lat' dir='ltr'><strong>vel</strong></span> <span class='ocrx_word' id='word_1_94' title='bbox 1067 1123 1125 1168; x_wconf 90' lang='lat' dir='ltr'><strong>ut</strong></span> <span class='ocrx_word' id='word_1_95' title='bbox 1145 1115 1251 1169; x_wconf 88' lang='lat' dir='ltr'><strong>sint</strong></span> <span class='ocrx_word' id='word_1_96' title='bbox 1286 1131 1571 1180; x_wconf 87' lang='lat' dir='ltr'><strong>memores,</strong></span> <span class='ocrx_word' id='word_1_97' title='bbox 1603 1117 1726 1186; x_wconf 88' lang='lat' dir='ltr'><strong>quia</strong></span> <span class='ocrx_word' id='word_1_98' title='bbox 1756 1117 1890 1171; x_wconf 89' lang='lat' dir='ltr'><strong>cinis</strong></span> <span class='ocrx_word' id='word_1_99' title='bbox 1909 1126 1963 1172; x_wconf 87' lang='lat' dir='ltr'><strong>et</strong></span> <span class='ocrx_word' id='word_1_100' title='bbox 1991 1117 2166 1197; x_wconf 78' lang='lat' dir='ltr'><strong>pulvis</strong></span> 
     </span>
    </p>
   </div>
   <div class='ocr_carea' id='block_1_14' title="bbox 601 1203 2163 1278">
    <p class='ocr_par' dir='ltr' id='par_1_14' title="bbox 601 1203 2163 1278">
     <span class='ocr_line' id='line_1_14' title="bbox 601 1203 2163 1278; baseline 0.006 -23"><span class='ocrx_word' id='word_1_101' title='bbox 601 1212 758 1268; x_wconf 90' lang='lat' dir='ltr'><strong>sunt,</strong></span> <span class='ocrx_word' id='word_1_102' title='bbox 789 1203 870 1257; x_wconf 93' lang='lat' dir='ltr'><strong>vel</strong></span> <span class='ocrx_word' id='word_1_103' title='bbox 896 1204 1020 1272; x_wconf 83' lang='lat' dir='ltr'><strong>quia</strong></span> <span class='ocrx_word' id='word_1_104' title='bbox 1039 1205 1298 1274; x_wconf 75' lang='lat' dir='ltr'><strong>pulveres</strong></span> <span class='ocrx_word' id='word_1_105' title='bbox 1320 1204 1444 1260; x_wconf 82' lang='lat' dir='ltr'><strong>facti</strong></span> <span class='ocrx_word' id='word_1_106' title='bbox 1473 1216 1616 1272; x_wconf 90' lang='lat' dir='ltr'><strong>sunt,</strong></span> <span class='ocrx_word' id='word_1_107' title='bbox 1647 1209 1700 1262; x_wconf 90' lang='lat' dir='ltr'><strong>id</strong></span> <span class='ocrx_word' id='word_1_108' title='bbox 1725 1217 1830 1273; x_wconf 89' lang='lat' dir='ltr'><strong>est,</strong></span> <span class='ocrx_word' id='word_1_109' title='bbox 1859 1210 2006 1278; x_wconf 88' lang='lat' dir='ltr'><strong>impii</strong></span> <span class='ocrx_word' id='word_1_110' title='bbox 2036 1209 2163 1265; x_wconf 86' lang='lat' dir='ltr'><strong>facti</strong></span> 
     </span>
    </p>
   </div>
   <div class='ocr_carea' id='block_1_15' title="bbox 601 1293 2166 1368">
    <p class='ocr_par' dir='ltr' id='par_1_15' title="bbox 601 1293 2166 1368">
     <span class='ocr_line' id='line_1_15' title="bbox 601 1293 2166 1368; baseline 0.005 -21"><span class='ocrx_word' id='word_1_111' title='bbox 601 1302 746 1347; x_wconf 89' lang='lat' dir='ltr'><strong>sunt.</strong></span> <span class='ocrx_word' id='word_1_112' title='bbox 789 1293 940 1348; x_wconf 86' lang='lat' dir='ltr'><strong>Unde</strong></span> <span class='ocrx_word' id='word_1_113' title='bbox 965 1303 1019 1348; x_wconf 93' lang='lat' dir='ltr'><strong>et</strong></span> <span class='ocrx_word' id='word_1_114' title='bbox 1047 1295 1123 1349; x_wconf 88' lang='lat' dir='ltr'><strong>illi</strong></span> <span class='ocrx_word' id='word_1_115' title='bbox 1151 1298 1592 1363; x_wconf 61' lang='lat' dir='ltr'><strong>praevaricatores</strong></span> <span class='ocrx_word' id='word_1_116' title='bbox 1619 1298 1777 1368; x_wconf 88' lang='lat' dir='ltr'><strong>primi</strong></span> <span class='ocrx_word' id='word_1_117' title='bbox 1809 1301 2053 1355; x_wconf 86' lang='lat' dir='ltr'><strong>homines</strong></span> <span class='ocrx_word' id='word_1_118' title='bbox 2081 1316 2166 1354; x_wconf 86' lang='lat' dir='ltr'><strong>re-</strong></span> 
     </span>
    </p>
   </div>
   <div class='ocr_carea' id='block_1_16' title="bbox 599 1385 2165 1456">
    <p class='ocr_par' dir='ltr' id='par_1_16' title="bbox 599 1385 2165 1456">
     <span class='ocr_line' id='line_1_16' title="bbox 599 1385 2165 1456; baseline 0.005 -18"><span class='ocrx_word' id='word_1_119' title='bbox 599 1385 852 1438; x_wconf 89' lang='lat' dir='ltr'><strong>cedentes</strong></span> <span class='ocrx_word' id='word_1_120' title='bbox 878 1386 906 1436; x_wconf 76' lang='grc' dir='ltr'><strong>ξι</strong></span> <span class='ocrx_word' id='word_1_121' title='bbox 940 1385 1069 1449; x_wconf 88' lang='lat' dir='ltr'><strong>Deo,</strong></span> <span class='ocrx_word' id='word_1_122' title='bbox 1109 1387 1368 1456; x_wconf 82' lang='lat' dir='ltr'><strong>malisque</strong></span> <span class='ocrx_word' id='word_1_123' title='bbox 1401 1387 1557 1444; x_wconf 87' lang='lat' dir='ltr'><strong>factis</strong></span> <span class='ocrx_word' id='word_1_124' title='bbox 1584 1389 1916 1445; x_wconf 82' lang='lat' dir='ltr'><strong>offendentes</strong></span> <span class='ocrx_word' id='word_1_125' title='bbox 1943 1391 2165 1446; x_wconf 88' lang='lat' dir='ltr'><strong>Creato-</strong></span> 
     </span>
    </p>
   </div>
   <div class='ocr_carea' id='block_1_17' title="bbox 600 1475 2164 1545">
    <p class='ocr_par' dir='ltr' id='par_1_17' title="bbox 600 1475 2164 1545">
     <span class='ocr_line' id='line_1_17' title="bbox 600 1475 2164 1545; baseline 0.006 -17"><span class='ocrx_word' id='word_1_126' title='bbox 600 1482 745 1538; x_wconf 86' lang='lat' dir='ltr'><strong>rem,’</strong></span> <span class='ocrx_word' id='word_1_127' title='bbox 766 1475 819 1529; x_wconf 88' lang='lat' dir='ltr'><strong>in</strong></span> <span class='ocrx_word' id='word_1_128' title='bbox 854 1477 1146 1544; x_wconf 74' lang='lat' dir='ltr'><strong>pulverem,</strong></span> <span class='ocrx_word' id='word_1_129' title='bbox 1178 1480 1319 1534; x_wconf 88' lang='lat' dir='ltr'><strong>unde</strong></span> <span class='ocrx_word' id='word_1_130' title='bbox 1350 1478 1477 1534; x_wconf 89' lang='lat' dir='ltr'><strong>facti</strong></span> <span class='ocrx_word' id='word_1_131' title='bbox 1504 1489 1658 1545; x_wconf 89' lang='lat' dir='ltr'><strong>sunt,</strong></span> <span class='ocrx_word' id='word_1_132' title='bbox 1691 1483 1989 1537; x_wconf 88' lang='lat' dir='ltr'><strong>redierunt.</strong></span> <span class='ocrx_word' id='word_1_133' title='bbox 2021 1482 2164 1538; x_wconf 88' lang='lat' dir='ltr'><strong>Bene</strong></span> 
     </span>
    </p>
   </div>
   <div class='ocr_carea' id='block_1_18' title="bbox 598 1558 2158 1644">
    <p class='ocr_par' dir='ltr' id='par_1_18' title="bbox 598 1558 2158 1644">
     <span class='ocr_line' id='line_1_18' title="bbox 598 1558 2158 1644; baseline 0.007 -25"><span class='ocrx_word' id='word_1_134' title='bbox 598 1581 728 1635; x_wconf 81' lang='lat' dir='ltr'><strong>ergo</strong></span> <span class='ocrx_word' id='word_1_135' title='bbox 751 1569 804 1620; x_wconf 90' lang='lat' dir='ltr'><strong>in</strong></span> <span class='ocrx_word' id='word_1_136' title='bbox 827 1558 1003 1622; x_wconf 86' lang='lat' dir='ltr'><strong>cilicio</strong></span> <span class='ocrx_word' id='word_1_137' title='bbox 1023 1577 1078 1623; x_wconf 92' lang='lat' dir='ltr'><strong>et</strong></span> <span class='ocrx_word' id='word_1_138' title='bbox 1102 1570 1281 1626; x_wconf 88' lang='lat' dir='ltr'><strong>cinere</strong></span> <span class='ocrx_word' id='word_1_139' title='bbox 1303 1572 1574 1641; x_wconf 65' lang='lat' dir='ltr'><strong>paenitens</strong></span> <span class='ocrx_word' id='word_1_140' title='bbox 1598 1573 1839 1642; x_wconf 80' lang='lat' dir='ltr'><strong>deplorat</strong></span> <span class='ocrx_word' id='word_1_141' title='bbox 1861 1584 2158 1644; x_wconf 86' lang='lat' dir='ltr'><strong>peccatum,</strong></span> 
     </span>
    </p>
   </div>
   <div class='ocr_carea' id='block_1_19' title="bbox 599 1646 2237 1734">
    <p class='ocr_par' dir='ltr' id='par_1_19' title="bbox 599 1646 2237 1734">
     <span class='ocr_line' id='line_1_19' title="bbox 599 1646 2237 1734; baseline 0.008 -25"><span class='ocrx_word' id='word_1_142' title='bbox 599 1658 722 1724; x_wconf 88' lang='lat' dir='ltr'><strong>quia</strong></span> <span class='ocrx_word' id='word_1_143' title='bbox 752 1657 804 1711; x_wconf 93' lang='lat' dir='ltr'><strong>in</strong></span> <span class='ocrx_word' id='word_1_144' title='bbox 835 1657 1010 1714; x_wconf 87' lang='lat' dir='ltr'><strong>cilicio</strong></span> <span class='ocrx_word' id='word_1_145' title='bbox 1038 1662 1302 1728; x_wconf 82' lang='lat' dir='ltr'><strong>asperitas</strong></span> <span class='ocrx_word' id='word_1_146' title='bbox 1329 1669 1384 1716; x_wconf 91' lang='lat' dir='ltr'><strong>et</strong></span> <span class='ocrx_word' id='word_1_147' title='bbox 1413 1665 1752 1733; x_wconf 87' lang='lat' dir='ltr'><strong>eompunctio</strong></span> <span class='ocrx_word' id='word_1_148' title='bbox 1780 1675 2154 1734; x_wconf 81' lang='lat' dir='ltr'><strong>peccatorum;</strong></span> <span class='ocrx_word' id='word_1_149' title='bbox 2191 1646 2237 1695; x_wconf 72' lang='grc' dir='ltr'><strong>Β</strong></span> 
     </span>
    </p>
   </div>
   <div class='ocr_carea' id='block_1_20' title="bbox 601 1746 2151 1820">
    <p class='ocr_par' dir='ltr' id='par_1_20' title="bbox 601 1746 2151 1820">
     <span class='ocr_line' id='line_1_20' title="bbox 601 1746 2151 1820; baseline 0.007 -20"><span class='ocrx_word' id='word_1_150' title='bbox 601 1748 653 1800; x_wconf 88' lang='lat' dir='ltr'><strong>in</strong></span> <span class='ocrx_word' id='word_1_151' title='bbox 682 1747 862 1802; x_wconf 86' lang='lat' dir='ltr'><strong>cinere</strong></span> <span class='ocrx_word' id='word_1_152' title='bbox 887 1757 1065 1802; x_wconf 89' lang='lat' dir='ltr'><strong>autem</strong></span> <span class='ocrx_word' id='word_1_153' title='bbox 1091 1751 1265 1820; x_wconf 87' lang='lat' dir='ltr'><strong>pulvis</strong></span> <span class='ocrx_word' id='word_1_154' title='bbox 1291 1746 1590 1808; x_wconf 83' lang='lat' dir='ltr'><strong>ostenditur</strong></span> <span class='ocrx_word' id='word_1_155' title='bbox 1615 1764 1965 1813; x_wconf 87' lang='lat' dir='ltr'><strong>mertuorum.</strong></span> <span class='ocrx_word' id='word_1_156' title='bbox 1991 1759 2054 1812; x_wconf 86' lang='lat' dir='ltr'><strong>Et</strong></span> <span class='ocrx_word' id='word_1_157' title='bbox 2077 1751 2151 1811; x_wconf 83' lang='lat' dir='ltr'><strong>id-</strong></span> 
     </span>
    </p>
   </div>
   <div class='ocr_carea' id='block_1_21' title="bbox 600 1835 2152 1916">
    <p class='ocr_par' dir='ltr' id='par_1_21' title="bbox 600 1835 2152 1916">
     <span class='ocr_line' id='line_1_21' title="bbox 600 1835 2152 1916; baseline 0.011 -28"><span class='ocrx_word' id='word_1_158' title='bbox 600 1835 746 1891; x_wconf 84' lang='lat' dir='ltr'><strong>circo</strong></span> <span class='ocrx_word' id='word_1_159' title='bbox 789 1837 840 1890; x_wconf 91' lang='lat' dir='ltr'><strong>in</strong></span> <span class='ocrx_word' id='word_1_160' title='bbox 877 1845 1103 1907; x_wconf 89' lang='lat' dir='ltr'><strong>utroque</strong></span> <span class='ocrx_word' id='word_1_161' title='bbox 1144 1842 1513 1910; x_wconf 75' lang='lat' dir='ltr'><strong>pmnitentiam</strong></span> <span class='ocrx_word' id='word_1_162' title='bbox 1546 1846 1784 1916; x_wconf 87' lang='lat' dir='ltr'><strong>agimus,</strong></span> <span class='ocrx_word' id='word_1_163' title='bbox 1827 1856 1886 1901; x_wconf 89' lang='lat' dir='ltr'><strong>ut</strong></span> <span class='ocrx_word' id='word_1_164' title='bbox 1916 1849 1968 1901; x_wconf 91' lang='lat' dir='ltr'><strong>in</strong></span> <span class='ocrx_word' id='word_1_165' title='bbox 2011 1863 2152 1906; x_wconf 84' lang='lat' dir='ltr'><strong>com-</strong></span> 
     </span>
    </p>
   </div>
   <div class='ocr_carea' id='block_1_22' title="bbox 599 1926 2160 2005">
    <p class='ocr_par' dir='ltr' id='par_1_22' title="bbox 599 1926 2160 2005">
     <span class='ocr_line' id='line_1_22' title="bbox 599 1926 2160 2005; baseline 0.009 -28"><span class='ocrx_word' id='word_1_166' title='bbox 599 1926 885 1994; x_wconf 90' lang='lat' dir='ltr'><strong>punctione</strong></span> <span class='ocrx_word' id='word_1_167' title='bbox 939 1929 1098 1984; x_wconf 89' lang='lat' dir='ltr'><strong>cilicii</strong></span> <span class='ocrx_word' id='word_1_168' title='bbox 1159 1945 1514 2000; x_wconf 73' lang='lat' dir='ltr'><strong>agnoscamus</strong></span> <span class='ocrx_word' id='word_1_169' title='bbox 1553 1933 1711 1998; x_wconf 89' lang='lat' dir='ltr'><strong>vitia,</strong></span> <span class='ocrx_word' id='word_1_170' title='bbox 1754 1950 1874 2004; x_wconf 72' lang='lat' dir='ltr'><strong>quae</strong></span> <span class='ocrx_word' id='word_1_171' title='bbox 1909 1951 2006 2005; x_wconf 88' lang='lat' dir='ltr'><strong>per</strong></span> <span class='ocrx_word' id='word_1_172' title='bbox 2047 1939 2160 1991; x_wconf 87' lang='lat' dir='ltr'><strong>cul-</strong></span> 
     </span>
    </p>
   </div>
   <div class='ocr_carea' id='block_1_23' title="bbox 599 2016 2196 2095">
    <p class='ocr_par' dir='ltr' id='par_1_23' title="bbox 599 2016 2196 2095">
     <span class='ocr_line' id='line_1_23' title="bbox 599 2016 2196 2095; baseline 0.009 -28"><span class='ocrx_word' id='word_1_173' title='bbox 599 2030 722 2085; x_wconf 88' lang='lat' dir='ltr'><strong>pam</strong></span> <span class='ocrx_word' id='word_1_174' title='bbox 764 2016 1161 2079; x_wconf 85' lang='lat' dir='ltr'><strong>commisimus;</strong></span> <span class='ocrx_word' id='word_1_175' title='bbox 1205 2028 1259 2073; x_wconf 91' lang='lat' dir='ltr'><strong>et</strong></span> <span class='ocrx_word' id='word_1_176' title='bbox 1295 2035 1390 2088; x_wconf 88' lang='lat' dir='ltr'><strong>per</strong></span> <span class='ocrx_word' id='word_1_177' title='bbox 1437 2019 1669 2076; x_wconf 80' lang='lat' dir='ltr'><strong>favillam</strong></span> <span class='ocrx_word' id='word_1_178' title='bbox 1708 2023 1903 2078; x_wconf 89' lang='lat' dir='ltr'><strong>cineris</strong></span> <span class='ocrx_word' id='word_1_179' title='bbox 1938 2019 2196 2095; x_wconf 69' lang='lat' dir='ltr'><strong>perpen-&#39;</strong></span> 
     </span>
    </p>
   </div>
   <div class='ocr_carea' id='block_1_24' title="bbox 599 2105 2164 2185">
    <p class='ocr_par' dir='ltr' id='par_1_24' title="bbox 599 2105 2164 2185">
     <span class='ocr_line' id='line_1_24' title="bbox 599 2105 2164 2185; baseline 0.008 -27"><span class='ocrx_word' id='word_1_180' title='bbox 599 2105 790 2161; x_wconf 86' lang='lat' dir='ltr'><strong>damus</strong></span> <span class='ocrx_word' id='word_1_181' title='bbox 819 2107 1006 2162; x_wconf 87' lang='lat' dir='ltr'><strong>mortis</strong></span> <span class='ocrx_word' id='word_1_182' title='bbox 1030 2111 1368 2174; x_wconf 89' lang='lat' dir='ltr'><strong>sententiam,</strong></span> <span class='ocrx_word' id='word_1_183' title='bbox 1398 2111 1464 2165; x_wconf 91' lang='lat' dir='ltr'><strong>ad</strong></span> <span class='ocrx_word' id='word_1_184' title='bbox 1489 2128 1649 2182; x_wconf 87' lang='lat' dir='ltr'><strong>quam</strong></span> <span class='ocrx_word' id='word_1_185' title='bbox 1673 2115 1945 2184; x_wconf 85' lang='lat' dir='ltr'><strong>peccando</strong></span> <span class='ocrx_word' id='word_1_186' title='bbox 1977 2130 2164 2185; x_wconf 86' lang='lat' dir='ltr'><strong>perve-</strong></span> 
     </span>
    </p>
   </div>
   <div class='ocr_carea' id='block_1_25' title="bbox 606 2213 800 2253">
    <p class='ocr_par' dir='ltr' id='par_1_25' title="bbox 606 2213 800 2253">
     <span class='ocr_line' id='line_1_25' title="bbox 606 2213 800 2253; baseline 0.005 -3"><span class='ocrx_word' id='word_1_187' title='bbox 606 2213 800 2253; x_wconf 80' lang='lat' dir='ltr'><strong>lllll&#39;lllS.</strong></span> 
     </span>
    </p>
   </div>
   <div class='ocr_carea' id='block_1_26' title="bbox 669 2286 2162 2352">
    <p class='ocr_par' dir='ltr' id='par_1_26' title="bbox 669 2286 2162 2352">
     <span class='ocr_line' id='line_1_26' title="bbox 669 2286 2162 2352; baseline 0.008 -12"><span class='ocrx_word' id='word_1_188' title='bbox 669 2286 1002 2341; x_wconf 71' lang='lat' dir='ltr'><strong>Ptenitcntize</strong></span> <span class='ocrx_word' id='word_1_189' title='bbox 1033 2297 1208 2343; x_wconf 86' lang='lat' dir='ltr'><strong>autem</strong></span> <span class='ocrx_word' id='word_1_190' title='bbox 1240 2291 1531 2346; x_wconf 88' lang='lat' dir='ltr'><strong>remedium</strong></span> <span class='ocrx_word' id='word_1_191' title='bbox 1559 2293 1792 2348; x_wconf 80' lang='lat' dir='ltr'><strong>Ecclesia</strong></span> <span class='ocrx_word' id='word_1_192' title='bbox 1817 2295 2081 2351; x_wconf 89' lang='lat' dir='ltr'><strong>catholica</strong></span> <span class='ocrx_word' id='word_1_193' title='bbox 2110 2297 2162 2352; x_wconf 90' lang='lat' dir='ltr'><strong>in</strong></span> 
     </span>
    </p>
   </div>
   <div class='ocr_carea' id='block_1_27' title="bbox 599 2378 2161 2454">
    <p class='ocr_par' dir='ltr' id='par_1_27' title="bbox 599 2378 2161 2454">
     <span class='ocr_line' id='line_1_27' title="bbox 599 2378 2161 2454; baseline 0.009 -26"><span class='ocrx_word' id='word_1_194' title='bbox 599 2391 694 2446; x_wconf 81' lang='lat' dir='ltr'><strong>spe</strong></span> <span class='ocrx_word' id='word_1_195' title='bbox 742 2378 1082 2448; x_wconf 67' lang='lat' dir='ltr'><strong>indulgentiae</strong></span> <span class='ocrx_word' id='word_1_196' title='bbox 1125 2380 1348 2436; x_wconf 78' lang='lat' dir='ltr'><strong>fidenter</strong></span> <span class='ocrx_word' id='word_1_197' title='bbox 1388 2383 1570 2454; x_wconf 81' lang='lat' dir='ltr'><strong>alligat</strong></span> <span class='ocrx_word' id='word_1_198' title='bbox 1609 2387 1940 2441; x_wconf 80' lang='lat' dir='ltr'><strong>exercendus</strong></span> <span class='ocrx_word' id='word_1_199' title='bbox 1986 2387 2161 2446; x_wconf 85' lang='lat' dir='ltr'><strong>homi-</strong></span> 
     </span>
    </p>
   </div>
   <div class='ocr_carea' id='block_1_28' title="bbox 601 2472 2164 2548">
    <p class='ocr_par' dir='ltr' id='par_1_28' title="bbox 601 2472 2164 2548">
     <span class='ocr_line' id='line_1_28' title="bbox 601 2472 2164 2548; baseline 0.01 -28"><span class='ocrx_word' id='word_1_200' title='bbox 601 2484 714 2533; x_wconf 87' lang='lat' dir='ltr'><strong>nes,</strong></span> <span class='ocrx_word' id='word_1_201' title='bbox 741 2477 798 2522; x_wconf 90' lang='lat' dir='ltr'><strong>et</strong></span> <span class='ocrx_word' id='word_1_202' title='bbox 823 2477 943 2539; x_wconf 89' lang='lat' dir='ltr'><strong>post</strong></span> <span class='ocrx_word' id='word_1_203' title='bbox 970 2486 1132 2525; x_wconf 80' lang='lat' dir='ltr'><strong>tantm</strong></span> <span class='ocrx_word' id='word_1_204' title='bbox 1167 2472 1417 2541; x_wconf 85' lang='lat' dir='ltr'><strong>baptismi</strong></span> <span class='ocrx_word' id='word_1_205' title='bbox 1443 2486 1856 2540; x_wconf 87' lang='lat' dir='ltr'><strong>sacramentum,</strong></span> <span class='ocrx_word' id='word_1_206' title='bbox 1887 2479 2027 2548; x_wconf 79' lang='lat' dir='ltr'><strong>quod</strong></span> <span class='ocrx_word' id='word_1_207' title='bbox 2053 2480 2164 2535; x_wconf 86' lang='lat' dir='ltr'><strong>sin-</strong></span> 
     </span>
    </p>
   </div>
   <div class='ocr_carea' id='block_1_29' title="bbox 596 2553 2198 2636">
    <p class='ocr_par' dir='ltr' id='par_1_29' title="bbox 596 2553 2198 2636">
     <span class='ocr_line' id='line_1_29' title="bbox 596 2553 2198 2636; baseline 0.009 -27"><span class='ocrx_word' id='word_1_208' title='bbox 596 2556 769 2626; x_wconf 86' lang='lat' dir='ltr'><strong>gulari</strong></span> <span class='ocrx_word' id='word_1_209' title='bbox 823 2559 1110 2614; x_wconf 80' lang='lat' dir='ltr'><strong>traditio-te</strong></span> <span class='ocrx_word' id='word_1_210' title='bbox 1159 2553 1868 2620; x_wconf 19' lang='lat' dir='ltr'><strong>commendatum‘sollicite</strong></span> <span class='ocrx_word' id='word_1_211' title='bbox 1917 2568 2198 2636; x_wconf 38' lang='lat' dir='ltr'><strong>prohibet.</strong></span> 
     </span>
    </p>
   </div>
   <div class='ocr_carea' id='block_1_30' title="bbox 598 2647 2190 2732">
    <p class='ocr_par' dir='ltr' id='par_1_30' title="bbox 598 2647 2190 2732">
     <span class='ocr_line' id='line_1_30' title="bbox 598 2647 2190 2732; baseline 0.009 -32"><span class='ocrx_word' id='word_1_212' title='bbox 598 2647 918 2712; x_wconf 89' lang='lat' dir='ltr'><strong>iterandum,</strong></span> <span class='ocrx_word' id='word_1_213' title='bbox 949 2651 1254 2706; x_wconf 87' lang='lat' dir='ltr'><strong>medicinali</strong></span> <span class='ocrx_word' id='word_1_214' title='bbox 1288 2655 1521 2708; x_wconf 86' lang='lat' dir='ltr'><strong>remedio</strong></span> <span class='ocrx_word' id='word_1_215' title='bbox 1560 2657 1888 2724; x_wconf 68' lang='lat' dir='ltr'><strong>ptenitentiaz</strong></span> <span class='ocrx_word' id='word_1_216' title='bbox 1911 2660 2190 2732; x_wconf 34' lang='lat' dir='ltr'><strong>subrogat‘</strong></span> 
     </span>
    </p>
   </div>
   <div class='ocr_carea' id='block_1_31' title="bbox 599 2736 2164 2821">
    <p class='ocr_par' dir='ltr' id='par_1_31' title="bbox 599 2736 2164 2821">
     <span class='ocr_line' id='line_1_31' title="bbox 599 2736 2164 2821; baseline 0.011 -33"><span class='ocrx_word' id='word_1_217' title='bbox 599 2736 988 2805; x_wconf 68' lang='lat' dir='ltr'><strong>adiumentum,</strong></span> <span class='ocrx_word' id='word_1_218' title='bbox 1015 2737 1166 2807; x_wconf 86' lang='lat' dir='ltr'><strong>cujus</strong></span> <span class='ocrx_word' id='word_1_219' title='bbox 1216 2744 1452 2798; x_wconf 87' lang='lat' dir='ltr'><strong>remedio</strong></span> <span class='ocrx_word' id='word_1_220' title='bbox 1490 2760 1649 2815; x_wconf 83' lang='lat' dir='ltr'><strong>egere</strong></span> <span class='ocrx_word' id='word_1_221' title='bbox 1693 2763 1750 2802; x_wconf 88' lang='lat' dir='ltr'><strong>se</strong></span> <span class='ocrx_word' id='word_1_222' title='bbox 1780 2751 1957 2803; x_wconf 80' lang='lat' dir='ltr'><strong>cuncti</strong></span> <span class='ocrx_word' id='word_1_223' title='bbox 2001 2766 2164 2821; x_wconf 80' lang='lat' dir='ltr'><strong>agno-</strong></span> 
     </span>
    </p>
   </div>
   <div class='ocr_carea' id='block_1_32' title="bbox 598 2826 2163 2910">
    <p class='ocr_par' dir='ltr' id='par_1_32' title="bbox 598 2826 2163 2910">
     <span class='ocr_line' id='line_1_32' title="bbox 598 2826 2163 2910; baseline 0.012 -33"><span class='ocrx_word' id='word_1_224' title='bbox 598 2839 751 2878; x_wconf 85' lang='lat' dir='ltr'><strong>scere</strong></span> <span class='ocrx_word' id='word_1_225' title='bbox 799 2826 995 2881; x_wconf 88' lang='lat' dir='ltr'><strong>debent</strong></span> <span class='ocrx_word' id='word_1_226' title='bbox 1044 2845 1142 2898; x_wconf 90' lang='lat' dir='ltr'><strong>pro</strong></span> <span class='ocrx_word' id='word_1_227' title='bbox 1187 2833 1512 2898; x_wconf 87' lang='lat' dir='ltr'><strong>quotidianis</strong></span> <span class='ocrx_word' id='word_1_228' title='bbox 1563 2836 1808 2891; x_wconf 64' lang='lat' dir='ltr'><strong>humanae</strong></span> <span class='ocrx_word' id='word_1_229' title='bbox 1857 2837 2163 2910; x_wconf 76' lang='lat' dir='ltr'><strong>fragilitatis</strong></span> 
     </span>
    </p>
   </div>
   <div class='ocr_carea' id='block_1_33' title="bbox 599 2915 2163 3000">
    <p class='ocr_par' dir='ltr' id='par_1_33' title="bbox 599 2915 2163 3000">
     <span class='ocr_line' id='line_1_33' title="bbox 599 2915 2163 3000; baseline 0.014 -35"><span class='ocrx_word' id='word_1_230' title='bbox 599 2915 927 2980; x_wconf 76' lang='lat' dir='ltr'><strong>excessibus,</strong></span> <span class='ocrx_word' id='word_1_231' title='bbox 961 2918 1077 2972; x_wconf 88' lang='lat' dir='ltr'><strong>sine</strong></span> <span class='ocrx_word' id='word_1_232' title='bbox 1105 2922 1298 2988; x_wconf 86' lang='lat' dir='ltr'><strong>quibus</strong></span> <span class='ocrx_word' id='word_1_233' title='bbox 1325 2924 1376 2976; x_wconf 89' lang='lat' dir='ltr'><strong>in</strong></span> <span class='ocrx_word' id='word_1_234' title='bbox 1412 2926 1511 2979; x_wconf 89' lang='lat' dir='ltr'><strong>hac</strong></span> <span class='ocrx_word' id='word_1_235' title='bbox 1543 2927 1651 2980; x_wconf 87' lang='lat' dir='ltr'><strong>vita</strong></span> <span class='ocrx_word' id='word_1_236' title='bbox 1680 2942 1800 2982; x_wconf 83' lang='lat' dir='ltr'><strong>esse</strong></span> <span class='ocrx_word' id='word_1_237' title='bbox 1841 2945 1946 2984; x_wconf 91' lang='lat' dir='ltr'><strong>non</strong></span> <span class='ocrx_word' id='word_1_238' title='bbox 1976 2926 2163 3000; x_wconf 82' lang='lat' dir='ltr'><strong>pessu-</strong></span> 
     </span>
    </p>
   </div>
   <div class='ocr_carea' id='block_1_34' title="bbox 599 3007 2163 3089">
    <p class='ocr_par' dir='ltr' id='par_1_34' title="bbox 599 3007 2163 3089">
     <span class='ocr_line' id='line_1_34' title="bbox 599 3007 2163 3089; baseline 0.015 -33"><span class='ocrx_word' id='word_1_239' title='bbox 599 3019 737 3066; x_wconf 89' lang='lat' dir='ltr'><strong>mus,</strong></span> <span class='ocrx_word' id='word_1_240' title='bbox 769 3007 972 3061; x_wconf 87' lang='lat' dir='ltr'><strong>honore</strong></span> <span class='ocrx_word' id='word_1_241' title='bbox 1015 3009 1272 3089; x_wconf 75' lang='lat' dir='ltr'><strong>duntaxat</strong></span> <span class='ocrx_word' id='word_1_242' title='bbox 1312 3022 1366 3067; x_wconf 88' lang='lat' dir='ltr'><strong>et</strong></span> <span class='ocrx_word' id='word_1_243' title='bbox 1410 3015 1672 3084; x_wconf 80' lang='lat' dir='ltr'><strong>dignitate</strong></span> <span class='ocrx_word' id='word_1_244' title='bbox 1717 3030 1961 3087; x_wconf 89' lang='lat' dir='ltr'><strong>servata,</strong></span> <span class='ocrx_word' id='word_1_245' title='bbox 1993 3023 2066 3078; x_wconf 90' lang='lat' dir='ltr'><strong>ita</strong></span> <span class='ocrx_word' id='word_1_246' title='bbox 2103 3032 2163 3080; x_wconf 92' lang='lat' dir='ltr'><strong>ut</strong></span> 
     </span>
    </p>
   </div>
   <div class='ocr_carea' id='block_1_35' title="bbox 599 3095 2162 3178">
    <p class='ocr_par' dir='ltr' id='par_1_35' title="bbox 599 3095 2162 3178">
     <span class='ocr_line' id='line_1_35' title="bbox 599 3095 2162 3178; baseline 0.016 -33"><span class='ocrx_word' id='word_1_247' title='bbox 599 3095 966 3150; x_wconf 88' lang='lat' dir='ltr'><strong>sacerdotibus</strong></span> <span class='ocrx_word' id='word_1_248' title='bbox 993 3105 1047 3152; x_wconf 89' lang='lat' dir='ltr'><strong>et</strong></span> <span class='ocrx_word' id='word_1_249' title='bbox 1075 3098 1267 3166; x_wconf 86' lang='lat' dir='ltr'><strong>levitis,</strong></span> <span class='ocrx_word' id='word_1_250' title='bbox 1297 3101 1406 3158; x_wconf 90' lang='lat' dir='ltr'><strong>Deo</strong></span> <span class='ocrx_word' id='word_1_251' title='bbox 1435 3112 1638 3162; x_wconf 90' lang='lat' dir='ltr'><strong>tantum</strong></span> <span class='ocrx_word' id='word_1_252' title='bbox 1669 3115 1824 3175; x_wconf 88' lang='lat' dir='ltr'><strong>teste,</strong></span> <span class='ocrx_word' id='word_1_253' title='bbox 1849 3111 1968 3178; x_wconf 89' lang='lat' dir='ltr'><strong>fiat;</strong></span> <span class='ocrx_word' id='word_1_254' title='bbox 2003 3109 2162 3169; x_wconf 64' lang='lat' dir='ltr'><strong>aea:-</strong></span> 
     </span>
    </p>
   </div>
   <div class='ocr_carea' id='block_1_36' title="bbox 598 3183 2161 3257">
    <p class='ocr_par' dir='ltr' id='par_1_36' title="bbox 598 3183 2161 3257">
     <span class='ocr_line' id='line_1_36' title="bbox 598 3183 2161 3257; baseline 0.016 -24"><span class='ocrx_word' id='word_1_255' title='bbox 598 3183 730 3236; x_wconf 88' lang='lat' dir='ltr'><strong>teris</strong></span> <span class='ocrx_word' id='word_1_256' title='bbox 757 3197 905 3248; x_wconf 89' lang='lat' dir='ltr'><strong>vero,</strong></span> <span class='ocrx_word' id='word_1_257' title='bbox 943 3194 1232 3244; x_wconf 86' lang='lat' dir='ltr'><strong>attestante</strong></span> <span class='ocrx_word' id='word_1_258' title='bbox 1260 3204 1441 3247; x_wconf 88' lang='lat' dir='ltr'><strong>coram</strong></span> <span class='ocrx_word' id='word_1_259' title='bbox 1484 3196 1594 3250; x_wconf 87' lang='lat' dir='ltr'><strong>Deo</strong></span> <span class='ocrx_word' id='word_1_260' title='bbox 1631 3198 1943 3255; x_wconf 85' lang='lat' dir='ltr'><strong>solemniter</strong></span> <span class='ocrx_word' id='word_1_261' title='bbox 1980 3217 2161 3257; x_wconf 88' lang='lat' dir='ltr'><strong>sacer-</strong></span> 
     </span>
    </p>
   </div>
   <div class='ocr_carea' id='block_1_37' title="bbox 602 3272 2163 3358">
    <p class='ocr_par' dir='ltr' id='par_1_37' title="bbox 602 3272 2163 3358">
     <span class='ocr_line' id='line_1_37' title="bbox 602 3272 2163 3358; baseline 0.016 -36"><span class='ocrx_word' id='word_1_262' title='bbox 602 3272 748 3335; x_wconf 83' lang='lat' dir='ltr'><strong>dote,</strong></span> <span class='ocrx_word' id='word_1_263' title='bbox 791 3282 850 3325; x_wconf 92' lang='lat' dir='ltr'><strong>ut</strong></span> <span class='ocrx_word' id='word_1_264' title='bbox 887 3274 988 3327; x_wconf 91' lang='lat' dir='ltr'><strong>hoc</strong></span> <span class='ocrx_word' id='word_1_265' title='bbox 1032 3284 1172 3346; x_wconf 81' lang='lat' dir='ltr'><strong>tegat</strong></span> <span class='ocrx_word' id='word_1_266' title='bbox 1211 3277 1484 3337; x_wconf 89' lang='lat' dir='ltr'><strong>fructuosa</strong></span> <span class='ocrx_word' id='word_1_267' title='bbox 1513 3285 1800 3354; x_wconf 79' lang='lat' dir='ltr'><strong>confessio,</strong></span> <span class='ocrx_word' id='word_1_268' title='bbox 1827 3291 1966 3358; x_wconf 90' lang='lat' dir='ltr'><strong>quod</strong></span> <span class='ocrx_word' id='word_1_269' title='bbox 1998 3301 2163 3356; x_wconf 86' lang='lat' dir='ltr'><strong>teme-</strong></span> 
     </span>
    </p>
   </div>
   <div class='ocr_carea' id='block_1_38' title="bbox 602 3363 2162 3444">
    <p class='ocr_par' dir='ltr' id='par_1_38' title="bbox 602 3363 2162 3444">
     <span class='ocr_line' id='line_1_38' title="bbox 602 3363 2162 3444; baseline 0.018 -32"><span class='ocrx_word' id='word_1_270' title='bbox 602 3363 778 3417; x_wconf 87' lang='lat' dir='ltr'><strong>rarius</strong></span> <span class='ocrx_word' id='word_1_271' title='bbox 820 3366 1107 3435; x_wconf 79' lang='lat' dir='ltr'><strong>appetitus,</strong></span> <span class='ocrx_word' id='word_1_272' title='bbox 1157 3380 1249 3444; x_wconf 85' lang='lat' dir='ltr'><strong>aut</strong></span> <span class='ocrx_word' id='word_1_273' title='bbox 1298 3373 1616 3442; x_wconf 70' lang='lat' dir='ltr'><strong>ignorantia:</strong></span> <span class='ocrx_word' id='word_1_274' title='bbox 1659 3388 1783 3433; x_wconf 91' lang='lat' dir='ltr'><strong>nota</strong></span> <span class='ocrx_word' id='word_1_275' title='bbox 1828 3384 2162 3440; x_wconf 79' lang='lat' dir='ltr'><strong>contraxisse</strong></span> 
     </span>
    </p>
   </div>
   <div class='ocr_carea' id='block_1_39' title="bbox 599 3451 2162 3539">
    <p class='ocr_par' dir='ltr' id='par_1_39' title="bbox 599 3451 2162 3539">
     <span class='ocr_line' id='line_1_39' title="bbox 599 3451 2162 3539; baseline 0.017 -38"><span class='ocrx_word' id='word_1_276' title='bbox 599 3451 952 3522; x_wconf 78' lang='lat' dir='ltr'><strong>negligentius</strong></span> <span class='ocrx_word' id='word_1_277' title='bbox 987 3456 1248 3519; x_wconf 63' lang='lat' dir='ltr'><strong>)‘idetur:</strong></span> <span class='ocrx_word' id='word_1_278' title='bbox 1281 3471 1339 3514; x_wconf 90' lang='lat' dir='ltr'><strong>ut</strong></span> <span class='ocrx_word' id='word_1_279' title='bbox 1379 3464 1516 3518; x_wconf 86' lang='lat' dir='ltr'><strong>sicut</strong></span> <span class='ocrx_word' id='word_1_280' title='bbox 1563 3466 1616 3520; x_wconf 90' lang='lat' dir='ltr'><strong>in</strong></span> <span class='ocrx_word' id='word_1_281' title='bbox 1667 3467 1931 3539; x_wconf 86' lang='lat' dir='ltr'><strong>baptismo</strong></span> <span class='ocrx_word' id='word_1_282' title='bbox 1977 3487 2162 3528; x_wconf 91' lang='lat' dir='ltr'><strong>omnes</strong></span> 
     </span>
    </p>
   </div>
   <div class='ocr_carea' id='block_1_40' title="bbox 599 3541 2163 3630">
    <p class='ocr_par' dir='ltr' id='par_1_40' title="bbox 599 3541 2163 3630">
     <span class='ocr_line' id='line_1_40' title="bbox 599 3541 2163 3630; baseline 0.017 -38"><span class='ocrx_word' id='word_1_283' title='bbox 599 3541 908 3610; x_wconf 84' lang='lat' dir='ltr'><strong>iniquitates</strong></span> <span class='ocrx_word' id='word_1_284' title='bbox 949 3548 1166 3611; x_wconf 86' lang='lat' dir='ltr'><strong>remitti,</strong></span> <span class='ocrx_word' id='word_1_285' title='bbox 1196 3551 1279 3604; x_wconf 88' lang='lat' dir='ltr'><strong>vel</strong></span> <span class='ocrx_word' id='word_1_286' title='bbox 1316 3568 1412 3620; x_wconf 89' lang='lat' dir='ltr'><strong>per</strong></span> <span class='ocrx_word' id='word_1_287' title='bbox 1439 3558 1754 3624; x_wconf 72' lang='lat' dir='ltr'><strong>martyrium</strong></span> <span class='ocrx_word' id='word_1_288' title='bbox 1797 3561 1925 3614; x_wconf 91' lang='lat' dir='ltr'><strong>nulli</strong></span> <span class='ocrx_word' id='word_1_289' title='bbox 1972 3577 2163 3630; x_wconf 89' lang='lat' dir='ltr'><strong>pecca-</strong></span> 
     </span>
    </p>
   </div>
   <div class='ocr_carea' id='block_1_41' title="bbox 602 3633 2159 3722">
    <p class='ocr_par' dir='ltr' id='par_1_41' title="bbox 602 3633 2159 3722">
     <span class='ocr_line' id='line_1_41' title="bbox 602 3633 2159 3722; baseline 0.017 -40"><span class='ocrx_word' id='word_1_290' title='bbox 602 3639 710 3682; x_wconf 88' lang='lat' dir='ltr'><strong>tum</strong></span> <span class='ocrx_word' id='word_1_291' title='bbox 757 3633 1024 3690; x_wconf 85' lang='lat' dir='ltr'><strong>credimus</strong></span> <span class='ocrx_word' id='word_1_292' title='bbox 1065 3638 1349 3707; x_wconf 86' lang='lat' dir='ltr'><strong>imputari,</strong></span> <span class='ocrx_word' id='word_1_293' title='bbox 1396 3644 1464 3697; x_wconf 89' lang='lat' dir='ltr'><strong>ita</strong></span> <span class='ocrx_word' id='word_1_294' title='bbox 1514 3649 1844 3718; x_wconf 79' lang='lat' dir='ltr'><strong>pcenitentiac</strong></span> <span class='ocrx_word' id='word_1_295' title='bbox 1902 3667 2159 3722; x_wconf 89' lang='lat' dir='ltr'><strong>compun-</strong></span> 
     </span>
    </p>
   </div>
   <div class='ocr_carea' id='block_1_42' title="bbox 598 3720 2161 3814">
    <p class='ocr_par' dir='ltr' id='par_1_42' title="bbox 598 3720 2161 3814">
     <span class='ocr_line' id='line_1_42' title="bbox 598 3720 2161 3814; baseline 0.018 -44"><span class='ocrx_word' id='word_1_296' title='bbox 598 3720 776 3774; x_wconf 71' lang='lat' dir='ltr'><strong>ctione</strong></span> <span class='ocrx_word' id='word_1_297' title='bbox 808 3721 1078 3780; x_wconf 82' lang='lat' dir='ltr'><strong>fructuosa</strong></span> <span class='ocrx_word' id='word_1_298' title='bbox 1111 3727 1375 3786; x_wconf 74' lang='lat' dir='ltr'><strong>fateamur</strong></span> <span class='ocrx_word' id='word_1_299' title='bbox 1399 3731 1562 3789; x_wconf 85' lang='lat' dir='ltr'><strong>deleri</strong></span> <span class='ocrx_word' id='word_1_300' title='bbox 1603 3748 1844 3805; x_wconf 82' lang='lat' dir='ltr'><strong>peccata.</strong></span> <span class='ocrx_word' id='word_1_301' title='bbox 1888 3741 2161 3814; x_wconf 71' lang='lat' dir='ltr'><strong>Laeryrpc</strong></span> 
     </span>
    </p>
   </div>
   <div class='ocr_carea' id='block_1_43' title="bbox 597 3810 2164 3901">
    <p class='ocr_par' dir='ltr' id='par_1_43' title="bbox 597 3810 2164 3901">
     <span class='ocr_line' id='line_1_43' title="bbox 597 3810 2164 3901; baseline 0.018 -42"><span class='ocrx_word' id='word_1_302' title='bbox 597 3810 739 3862; x_wconf 78' lang='lat' dir='ltr'><strong>enim</strong></span> <span class='ocrx_word' id='word_1_303' title='bbox 771 3813 1142 3879; x_wconf 69' lang='lat' dir='ltr'><strong>pmnitentium</strong></span> <span class='ocrx_word' id='word_1_304' title='bbox 1172 3821 1309 3887; x_wconf 79' lang='lat' dir='ltr'><strong>apud</strong></span> <span class='ocrx_word' id='word_1_305' title='bbox 1343 3821 1508 3876; x_wconf 90' lang='lat' dir='ltr'><strong>Deum</strong></span> <span class='ocrx_word' id='word_1_306' title='bbox 1536 3839 1634 3892; x_wconf 88' lang='lat' dir='ltr'><strong>pro</strong></span> <span class='ocrx_word' id='word_1_307' title='bbox 1661 3827 1978 3896; x_wconf 87' lang='lat' dir='ltr'><strong>baptismate</strong></span> <span class='ocrx_word' id='word_1_308' title='bbox 2010 3810 2164 3901; x_wconf 71' lang='lat' dir='ltr'><strong>repu-</strong></span> 
     </span>
    </p>
   </div>
   <div class='ocr_carea' id='block_1_44' title="bbox 601 3901 2157 3987">
    <p class='ocr_par' dir='ltr' id='par_1_44' title="bbox 601 3901 2157 3987">
     <span class='ocr_line' id='line_1_44' title="bbox 601 3901 2157 3987; baseline 0.017 -37"><span class='ocrx_word' id='word_1_309' title='bbox 601 3909 799 3952; x_wconf 81' lang='lat' dir='ltr'><strong>tautur.</strong></span> <span class='ocrx_word' id='word_1_310' title='bbox 833 3901 1003 3957; x_wconf 52' lang='lat' dir='ltr'><strong>,Unde</strong></span> <span class='ocrx_word' id='word_1_311' title='bbox 1049 3914 1105 3959; x_wconf 91' lang='lat' dir='ltr'><strong>et</strong></span> <span class='ocrx_word' id='word_1_312' title='bbox 1158 3910 1450 3976; x_wconf 88' lang='lat' dir='ltr'><strong>quamlibet</strong></span> <span class='ocrx_word' id='word_1_313' title='bbox 1503 3915 1612 3967; x_wconf 85' lang='lat' dir='ltr'><strong>sint</strong></span> <span class='ocrx_word' id='word_1_314' title='bbox 1681 3933 1871 3985; x_wconf 81' lang='lat' dir='ltr'><strong>magna</strong></span> <span class='ocrx_word' id='word_1_315' title='bbox 1936 3920 2157 3987; x_wconf 80' lang='lat' dir='ltr'><strong>delicta,</strong></span> 
     </span>
    </p>
   </div>
   <div class='ocr_carea' id='block_1_45' title="bbox 599 3991 2163 4066">
    <p class='ocr_par' dir='ltr' id='par_1_45' title="bbox 599 3991 2163 4066">
     <span class='ocr_line' id='line_1_45' title="bbox 599 3991 2163 4066; baseline 0.017 -26"><span class='ocrx_word' id='word_1_316' title='bbox 599 3991 841 4058; x_wconf 79' lang='lat' dir='ltr'><strong>quamvis</strong></span> <span class='ocrx_word' id='word_1_317' title='bbox 869 3994 1080 4061; x_wconf 83' lang='lat' dir='ltr'><strong>gravia;</strong></span> <span class='ocrx_word' id='word_1_318' title='bbox 1113 4012 1218 4050; x_wconf 85' lang='lat' dir='ltr'><strong>non</strong></span> <span class='ocrx_word' id='word_1_319' title='bbox 1255 4008 1334 4051; x_wconf 84' lang='lat' dir='ltr'><strong>est</strong></span> <span class='ocrx_word' id='word_1_320' title='bbox 1366 4010 1538 4056; x_wconf 87' lang='lat' dir='ltr'><strong>tamen</strong></span> <span class='ocrx_word' id='word_1_321' title='bbox 1570 4003 1623 4056; x_wconf 91' lang='lat' dir='ltr'><strong>in</strong></span> <span class='ocrx_word' id='word_1_322' title='bbox 1666 4005 1770 4060; x_wconf 84' lang='lat' dir='ltr'><strong>illis</strong></span> <span class='ocrx_word' id='word_1_323' title='bbox 1815 4008 1906 4063; x_wconf 87' lang='lat' dir='ltr'><strong>Dei</strong></span> <span class='ocrx_word' id='word_1_324' title='bbox 1953 4013 2163 4066; x_wconf 75' lang='lat' dir='ltr'><strong>miseri-</strong></span> 
     </span>
    </p>
   </div>
   <div class='ocr_carea' id='block_1_46' title="bbox 598 4075 2163 4165">
    <p class='ocr_par' dir='ltr' id='par_1_46' title="bbox 598 4075 2163 4165">
     <span class='ocr_line' id='line_1_46' title="bbox 598 4075 2163 4165; baseline 0.015 -33"><span class='ocrx_word' id='word_1_325' title='bbox 598 4079 779 4140; x_wconf 79' lang='lat' dir='ltr'><strong>cordia</strong></span> <span class='ocrx_word' id='word_1_326' title='bbox 809 4080 1154 4150; x_wconf 81' lang='lat' dir='ltr'><strong>desperanda.</strong></span> <span class='ocrx_word' id='word_1_327' title='bbox 1183 4085 1238 4136; x_wconf 86' lang='lat' dir='ltr'><strong>lu</strong></span> <span class='ocrx_word' id='word_1_328' title='bbox 1269 4075 1478 4157; x_wconf 67' lang='lat' dir='ltr'><strong>actione</strong></span> <span class='ocrx_word' id='word_1_329' title='bbox 1519 4093 1662 4146; x_wconf 87' lang='lat' dir='ltr'><strong>enim</strong></span> <span class='ocrx_word' id='word_1_330' title='bbox 1705 4098 2072 4165; x_wconf 81' lang='lat' dir='ltr'><strong>ptnnitudiuis,</strong></span> <span class='ocrx_word' id='word_1_331' title='bbox 2104 4111 2163 4156; x_wconf 93' lang='lat' dir='ltr'><strong>ut</strong></span> 
     </span>
    </p>
   </div>
   <div class='ocr_carea' id='block_1_47' title="bbox 598 4168 2161 4246">
    <p class='ocr_par' dir='ltr' id='par_1_47' title="bbox 598 4168 2161 4246">
     <span class='ocr_line' id='line_1_47' title="bbox 598 4168 2161 4246; baseline 0.019 -30"><span class='ocrx_word' id='word_1_332' title='bbox 598 4180 758 4233; x_wconf 89' lang='lat' dir='ltr'><strong>supra</strong></span> <span class='ocrx_word' id='word_1_333' title='bbox 788 4168 985 4222; x_wconf 90' lang='lat' dir='ltr'><strong>dictum</strong></span> <span class='ocrx_word' id='word_1_334' title='bbox 1008 4181 1111 4234; x_wconf 91' lang='lat' dir='ltr'><strong>cst,</strong></span> <span class='ocrx_word' id='word_1_335' title='bbox 1138 4184 1236 4239; x_wconf 75' lang='lat' dir='ltr'><strong>non</strong></span> <span class='ocrx_word' id='word_1_336' title='bbox 1265 4182 1378 4230; x_wconf 87' lang='lat' dir='ltr'><strong>tam</strong></span> <span class='ocrx_word' id='word_1_337' title='bbox 1397 4180 1779 4242; x_wconf 81' lang='lat' dir='ltr'><strong>consideranda</strong></span> <span class='ocrx_word' id='word_1_338' title='bbox 1804 4196 1887 4240; x_wconf 90' lang='lat' dir='ltr'><strong>est</strong></span> <span class='ocrx_word' id='word_1_339' title='bbox 1913 4204 2161 4246; x_wconf 89' lang='lat' dir='ltr'><strong>mensura</strong></span> 
     </span>
    </p>
   </div>
   <div class='ocr_carea' id='block_1_48' title="bbox 601 4256 2161 4333">
    <p class='ocr_par' dir='ltr' id='par_1_48' title="bbox 601 4256 2161 4333">
     <span class='ocr_line' id='line_1_48' title="bbox 601 4256 2161 4333; baseline 0.018 -27"><span class='ocrx_word' id='word_1_340' title='bbox 601 4256 873 4323; x_wconf 88' lang='lat' dir='ltr'><strong>temporis,</strong></span> <span class='ocrx_word' id='word_1_341' title='bbox 902 4274 1060 4326; x_wconf 90' lang='lat' dir='ltr'><strong>quam</strong></span> <span class='ocrx_word' id='word_1_342' title='bbox 1092 4260 1310 4320; x_wconf 89' lang='lat' dir='ltr'><strong>doloris.</strong></span> <span class='ocrx_word' id='word_1_343' title='bbox 1342 4263 1442 4319; x_wconf 88' lang='lat' dir='ltr'><strong>Cor</strong></span> <span class='ocrx_word' id='word_1_344' title='bbox 1469 4268 1612 4321; x_wconf 75' lang='lat' dir='ltr'><strong>enirn</strong></span> <span class='ocrx_word' id='word_1_345' title='bbox 1648 4274 1938 4328; x_wconf 89' lang='lat' dir='ltr'><strong>contritum</strong></span> <span class='ocrx_word' id='word_1_346' title='bbox 1967 4287 2022 4331; x_wconf 90' lang='lat' dir='ltr'><strong>et</strong></span> <span class='ocrx_word' id='word_1_347' title='bbox 2065 4280 2161 4333; x_wconf 88' lang='lat' dir='ltr'><strong>hu-</strong></span> 
     </span>
    </p>
   </div>
   <div class='ocr_carea' id='block_1_49' title="bbox 600 4343 2162 4434">
    <p class='ocr_par' dir='ltr' id='par_1_49' title="bbox 600 4343 2162 4434">
     <span class='ocr_line' id='line_1_49' title="bbox 600 4343 2162 4434; baseline 0.02 -39"><span class='ocrx_word' id='word_1_348' title='bbox 600 4343 861 4397; x_wconf 82' lang='lat' dir='ltr'><strong>tnilia‘tum</strong></span> <span class='ocrx_word' id='word_1_349' title='bbox 908 4345 1049 4401; x_wconf 91' lang='lat' dir='ltr'><strong>Deus</strong></span> <span class='ocrx_word' id='word_1_350' title='bbox 1093 4364 1197 4401; x_wconf 91' lang='lat' dir='ltr'><strong>non</strong></span> <span class='ocrx_word' id='word_1_351' title='bbox 1229 4355 1432 4419; x_wconf 85' lang='lat' dir='ltr'><strong>spernit</strong></span> <span class='ocrx_word' id='word_1_352' title='bbox 1461 4355 1631 4426; x_wconf 69' lang='lat' dir='ltr'><strong>(Paul.</strong></span> <span class='ocrx_word' id='word_1_353' title='bbox 1663 4379 1716 4426; x_wconf 89' lang='lat' dir='ltr'><strong>L,</strong></span> <span class='ocrx_word' id='word_1_354' title='bbox 1746 4364 1850 4434; x_wconf 79' lang='grc'><strong>19).</strong></span> <span class='ocrx_word' id='word_1_355' title='bbox 1883 4367 2162 4425; x_wconf 77' lang='lat' dir='ltr'><strong>Verumta-</strong></span> 
     </span>
    </p>
   </div>
   <div class='ocr_carea' id='block_1_50' title="bbox 599 4435 2162 4529">
    <p class='ocr_par' dir='ltr' id='par_1_50' title="bbox 599 4435 2162 4529">
     <span class='ocr_line' id='line_1_50' title="bbox 599 4435 2162 4529; baseline 0.02 -45"><span class='ocrx_word' id='word_1_356' title='bbox 599 4446 718 4484; x_wconf 80' lang='lat' dir='ltr'><strong>men</strong></span> <span class='ocrx_word' id='word_1_357' title='bbox 748 4441 946 4500; x_wconf 91' lang='lat' dir='ltr'><strong>quanto</strong></span> <span class='ocrx_word' id='word_1_358' title='bbox 984 4435 1036 4488; x_wconf 91' lang='lat' dir='ltr'><strong>in</strong></span> <span class='ocrx_word' id='word_1_359' title='bbox 1079 4442 1347 4516; x_wconf 75' lang='lat' dir='ltr'><strong>peccando</strong></span> <span class='ocrx_word' id='word_1_360' title='bbox 1393 4443 1492 4498; x_wconf 88' lang='lat' dir='ltr'><strong>fuit</strong></span> <span class='ocrx_word' id='word_1_361' title='bbox 1533 4449 1598 4502; x_wconf 90' lang='lat' dir='ltr'><strong>ad</strong></span> <span class='ocrx_word' id='word_1_362' title='bbox 1641 4451 1836 4507; x_wconf 88' lang='lat' dir='ltr'><strong>malum</strong></span> <span class='ocrx_word' id='word_1_363' title='bbox 1866 4461 2162 4529; x_wconf 84' lang='lat' dir='ltr'><strong>promptior</strong></span> 
     </span>
    </p>
   </div>
   <div class='ocr_carea' id='block_1_51' title="bbox 600 4523 2158 4617">
    <p class='ocr_par' dir='ltr' id='par_1_51' title="bbox 600 4523 2158 4617">
     <span class='ocr_line' id='line_1_51' title="bbox 600 4523 2158 4617; baseline 0.021 -45"><span class='ocrx_word' id='word_1_364' title='bbox 600 4523 794 4576; x_wconf 87' lang='lat' dir='ltr'><strong>mentis</strong></span> <span class='ocrx_word' id='word_1_365' title='bbox 825 4524 1072 4592; x_wconf 90' lang='lat' dir='ltr'><strong>intentio,</strong></span> <span class='ocrx_word' id='word_1_366' title='bbox 1107 4536 1256 4596; x_wconf 85' lang='lat' dir='ltr'><strong>tanto</strong></span> <span class='ocrx_word' id='word_1_367' title='bbox 1291 4533 1531 4590; x_wconf 89' lang='lat' dir='ltr'><strong>devotior</strong></span> <span class='ocrx_word' id='word_1_368' title='bbox 1558 4539 1712 4595; x_wconf 86' lang='lat' dir='ltr'><strong>debet</strong></span> <span class='ocrx_word' id='word_1_369' title='bbox 1741 4523 1941 4599; x_wconf 79' lang='lat' dir='ltr'><strong>essein</strong></span> <span class='ocrx_word' id='word_1_370' title='bbox 1984 4523 2158 4617; x_wconf 65' lang='lat' dir='ltr'><strong>pinni-</strong></span> 
     </span>
    </p>
   </div>
   <div class='ocr_carea' id='block_1_52' title="bbox 600 4614 1024 4671">
    <p class='ocr_par' dir='ltr' id='par_1_52' title="bbox 600 4614 1024 4671">
     <span class='ocr_line' id='line_1_52' title="bbox 600 4614 1024 4671; baseline 0.024 -10"><span class='ocrx_word' id='word_1_371' title='bbox 600 4614 758 4665; x_wconf 78' lang='lat' dir='ltr'><strong>tcndo</strong></span> <span class='ocrx_word' id='word_1_372' title='bbox 788 4617 1024 4671; x_wconf 86' lang='lat' dir='ltr'><strong>alllietio.</strong></span> 
     </span>
    </p>
   </div>
   <div class='ocr_carea' id='block_1_53' title="bbox 672 4701 2158 4787">
    <p class='ocr_par' dir='ltr' id='par_1_53' title="bbox 672 4701 2158 4787">
     <span class='ocr_line' id='line_1_53' title="bbox 672 4701 2158 4787; baseline 0.026 -37"><span class='ocrx_word' id='word_1_373' title='bbox 672 4701 940 4769; x_wconf 82' lang='lat' dir='ltr'><strong>Dupliccm</strong></span> <span class='ocrx_word' id='word_1_374' title='bbox 958 4708 1168 4762; x_wconf 76' lang='lat' dir='ltr'><strong>habere</strong></span> <span class='ocrx_word' id='word_1_375' title='bbox 1197 4712 1352 4765; x_wconf 81' lang='lat' dir='ltr'><strong>debet</strong></span> <span class='ocrx_word' id='word_1_376' title='bbox 1397 4714 1574 4769; x_wconf 75' lang='lat' dir='ltr'><strong>flutant</strong></span> <span class='ocrx_word' id='word_1_377' title='bbox 1622 4719 1672 4772; x_wconf 91' lang='lat' dir='ltr'><strong>in</strong></span> <span class='ocrx_word' id='word_1_378' title='bbox 1704 4725 2015 4787; x_wconf 71' lang='lat' dir='ltr'><strong>pmaitentia</strong></span> <span class='ocrx_word' id='word_1_379' title='bbox 2044 4747 2158 4787; x_wconf 90' lang='lat' dir='ltr'><strong>om—</strong></span> 
     </span>
    </p>
   </div>
   <div class='ocr_carea' id='block_1_54' title="bbox 601 4790 2149 4874">
    <p class='ocr_par' dir='ltr' id='par_1_54' title="bbox 601 4790 2149 4874">
     <span class='ocr_line' id='line_1_54' title="bbox 601 4790 2149 4874; baseline 0.013 -31"><span class='ocrx_word' id='word_1_380' title='bbox 601 4790 682 4843; x_wconf 86' lang='lat' dir='ltr'><strong>nis</strong></span> <span class='ocrx_word' id='word_1_381' title='bbox 711 4802 980 4866; x_wconf 82' lang='lat' dir='ltr'><strong>peccator,</strong></span> <span class='ocrx_word' id='word_1_382' title='bbox 1013 4797 1124 4849; x_wconf 88' lang='lat' dir='ltr'><strong>sive</strong></span> <span class='ocrx_word' id='word_1_383' title='bbox 1153 4800 1276 4865; x_wconf 88' lang='lat' dir='ltr'><strong>quia</strong></span> <span class='ocrx_word' id='word_1_384' title='bbox 1305 4817 1400 4869; x_wconf 90' lang='lat' dir='ltr'><strong>per</strong></span> <span class='ocrx_word' id='word_1_385' title='bbox 1426 4805 1804 4874; x_wconf 76' lang='lat' dir='ltr'><strong>negligentiam</strong></span> <span class='ocrx_word' id='word_1_386' title='bbox 1831 4813 2019 4870; x_wconf 70' lang='lat' dir='ltr'><strong>tonum</strong></span> <span class='ocrx_word' id='word_1_387' title='bbox 2050 4833 2149 4868; x_wconf 82' lang='grc' dir='ltr'><strong>ηυη</strong></span> 
     </span>
    </p>
   </div>
   <div class='ocr_carea' id='block_1_55' title="bbox 601 4877 2147 4977">
    <p class='ocr_par' dir='ltr' id='par_1_55' title="bbox 601 4877 2147 4977">
     <span class='ocr_line' id='line_1_55' title="bbox 601 4877 2147 4977; baseline 0.019 -49"><span class='ocrx_word' id='word_1_388' title='bbox 601 4877 743 4941; x_wconf 74' lang='lat' dir='ltr'><strong>fecit,</strong></span> <span class='ocrx_word' id='word_1_389' title='bbox 772 4895 862 4932; x_wconf 86' lang='lat' dir='ltr'><strong>seu</strong></span> <span class='ocrx_word' id='word_1_390' title='bbox 890 4882 1010 4950; x_wconf 86' lang='lat' dir='ltr'><strong>quia</strong></span> <span class='ocrx_word' id='word_1_391' title='bbox 1049 4884 1244 4938; x_wconf 84' lang='lat' dir='ltr'><strong>malum</strong></span> <span class='ocrx_word' id='word_1_392' title='bbox 1272 4902 1366 4955; x_wconf 84' lang='lat' dir='ltr'><strong>per</strong></span> <span class='ocrx_word' id='word_1_393' title='bbox 1394 4893 1663 4956; x_wconf 79' lang='lat' dir='ltr'><strong>audaciam</strong></span> <span class='ocrx_word' id='word_1_394' title='bbox 1696 4905 2031 4977; x_wconf 77' lang='lat' dir='ltr'><strong>perpetravit.</strong></span> <span class='ocrx_word' id='word_1_395' title='bbox 2053 4900 2147 4960; x_wconf 85' lang='lat' dir='ltr'><strong>Ille</strong></span> 
     </span>
    </p>
   </div>
   <div class='ocr_carea' id='block_1_56' title="bbox 602 4972 2146 5064">
    <p class='ocr_par' dir='ltr' id='par_1_56' title="bbox 602 4972 2146 5064">
     <span class='ocr_line' id='line_1_56' title="bbox 602 4972 2146 5064; baseline 0.023 -50"><span class='ocrx_word' id='word_1_396' title='bbox 602 4973 778 5018; x_wconf 84' lang='lat' dir='ltr'><strong>autem</strong></span> <span class='ocrx_word' id='word_1_397' title='bbox 810 4983 930 5021; x_wconf 88' lang='lat' dir='ltr'><strong>vere</strong></span> <span class='ocrx_word' id='word_1_398' title='bbox 961 4972 1328 5037; x_wconf 70' lang='lat' dir='ltr'><strong>pmnitentiam</strong></span> <span class='ocrx_word' id='word_1_399' title='bbox 1358 4979 1481 5047; x_wconf 78' lang='lat' dir='ltr'><strong>agit,</strong></span> <span class='ocrx_word' id='word_1_400' title='bbox 1513 4984 1602 5050; x_wconf 89' lang='lat' dir='ltr'><strong>qui</strong></span> <span class='ocrx_word' id='word_1_401' title='bbox 1629 4972 1731 5045; x_wconf 53' lang='lat' dir='ltr'><strong>ne}:</strong></span> <span class='ocrx_word' id='word_1_402' title='bbox 1758 4992 2011 5057; x_wconf 64' lang='lat' dir='ltr'><strong>paenitere</strong></span> <span class='ocrx_word' id='word_1_403' title='bbox 2038 5012 2146 5064; x_wconf 66' lang='lat' dir='ltr'><strong>per.</strong></span> 
     </span>
    </p>
   </div>
   <div class='ocr_carea' id='block_1_57' title="bbox 603 5060 2149 5142">
    <p class='ocr_par' dir='ltr' id='par_1_57' title="bbox 603 5060 2149 5142">
     <span class='ocr_line' id='line_1_57' title="bbox 603 5060 2149 5142; baseline 0.026 -40"><span class='ocrx_word' id='word_1_404' title='bbox 603 5062 809 5119; x_wconf 72' lang='lat' dir='ltr'><strong>pett-ala</strong></span> <span class='ocrx_word' id='word_1_405' title='bbox 860 5060 1104 5130; x_wconf 83' lang='lat' dir='ltr'><strong>negligit,</strong></span> <span class='ocrx_word' id='word_1_406' title='bbox 1151 5079 1249 5118; x_wconf 87' lang='lat' dir='ltr'><strong>nec</strong></span> <span class='ocrx_word' id='word_1_407' title='bbox 1292 5067 1465 5122; x_wconf 89' lang='lat' dir='ltr'><strong>adhuc</strong></span> <span class='ocrx_word' id='word_1_408' title='bbox 1508 5076 1811 5141; x_wconf 77' lang='lat' dir='ltr'><strong>pteniteuda</strong></span> <span class='ocrx_word' id='word_1_409' title='bbox 1853 5060 2149 5142; x_wconf 79' lang='lat' dir='ltr'><strong>committit.</strong></span> 
     </span>
    </p>
   </div>
   <div class='ocr_carea' id='block_1_58' title="bbox 601 5149 2155 5236">
    <p class='ocr_par' dir='ltr' id='par_1_58' title="bbox 601 5149 2155 5236">
     <span class='ocr_line' id='line_1_58' title="bbox 601 5149 2155 5236; baseline 0.024 -38"><span class='ocrx_word' id='word_1_410' title='bbox 601 5149 699 5213; x_wconf 74' lang='lat' dir='ltr'><strong>Qui</strong></span> <span class='ocrx_word' id='word_1_411' title='bbox 753 5165 875 5204; x_wconf 90' lang='lat' dir='ltr'><strong>vero</strong></span> <span class='ocrx_word' id='word_1_412' title='bbox 924 5153 1184 5224; x_wconf 84' lang='lat' dir='ltr'><strong>lacrymas</strong></span> <span class='ocrx_word' id='word_1_413' title='bbox 1220 5159 1583 5217; x_wconf 87' lang='lat' dir='ltr'><strong>indesinenter</strong></span> <span class='ocrx_word' id='word_1_414' title='bbox 1630 5166 1832 5235; x_wconf 86' lang='lat' dir='ltr'><strong>fundit,</strong></span> <span class='ocrx_word' id='word_1_415' title='bbox 1881 5185 1935 5229; x_wconf 89' lang='lat' dir='ltr'><strong>et</strong></span> <span class='ocrx_word' id='word_1_416' title='bbox 1981 5189 2155 5236; x_wconf 82' lang='lat' dir='ltr'><strong>tamen</strong></span> 
     </span>
    </p>
   </div>
   <div class='ocr_carea' id='block_1_59' title="bbox 603 5242 2156 5325">
    <p class='ocr_par' dir='ltr' id='par_1_59' title="bbox 603 5242 2156 5325">
     <span class='ocr_line' id='line_1_59' title="bbox 603 5242 2156 5325; baseline 0.022 -35"><span class='ocrx_word' id='word_1_417' title='bbox 603 5253 829 5304; x_wconf 75' lang='lat' dir='ltr'><strong>peccare</strong></span> <span class='ocrx_word' id='word_1_418' title='bbox 864 5256 966 5294; x_wconf 87' lang='lat' dir='ltr'><strong>non</strong></span> <span class='ocrx_word' id='word_1_419' title='bbox 996 5242 1207 5307; x_wconf 84' lang='lat' dir='ltr'><strong>desinit,</strong></span> <span class='ocrx_word' id='word_1_420' title='bbox 1240 5249 1325 5301; x_wconf 89' lang='lat' dir='ltr'><strong>hic</strong></span> <span class='ocrx_word' id='word_1_421' title='bbox 1357 5249 1643 5309; x_wconf 88' lang='lat' dir='ltr'><strong>lamentum</strong></span> <span class='ocrx_word' id='word_1_422' title='bbox 1675 5258 1851 5325; x_wconf 77' lang='lat' dir='ltr'><strong>habet,</strong></span> <span class='ocrx_word' id='word_1_423' title='bbox 1885 5269 1975 5320; x_wconf 87' lang='lat' dir='ltr'><strong>sed</strong></span> <span class='ocrx_word' id='word_1_424' title='bbox 2006 5285 2156 5323; x_wconf 84' lang='lat' dir='ltr'><strong>mun-</strong></span> 
     </span>
    </p>
   </div>
   <div class='ocr_carea' id='block_1_60' title="bbox 604 5330 2156 5421">
    <p class='ocr_par' dir='ltr' id='par_1_60' title="bbox 604 5330 2156 5421">
     <span class='ocr_line' id='line_1_60' title="bbox 604 5330 2156 5421; baseline 0.023 -43"><span class='ocrx_word' id='word_1_425' title='bbox 604 5330 869 5383; x_wconf 76' lang='lat' dir='ltr'><strong>datiunem</strong></span> <span class='ocrx_word' id='word_1_426' title='bbox 898 5347 1000 5386; x_wconf 92' lang='lat' dir='ltr'><strong>non</strong></span> <span class='ocrx_word' id='word_1_427' title='bbox 1031 5333 1210 5387; x_wconf 86' lang='lat' dir='ltr'><strong>habet.</strong></span> <span class='ocrx_word' id='word_1_428' title='bbox 1251 5338 1304 5388; x_wconf 86' lang='lat' dir='ltr'><strong>Si</strong></span> <span class='ocrx_word' id='word_1_429' title='bbox 1347 5341 1435 5408; x_wconf 91' lang='lat' dir='ltr'><strong>qui</strong></span> <span class='ocrx_word' id='word_1_430' title='bbox 1466 5348 1644 5394; x_wconf 85' lang='lat' dir='ltr'><strong>autem</strong></span> <span class='ocrx_word' id='word_1_431' title='bbox 1672 5363 1765 5414; x_wconf 80' lang='lat' dir='ltr'><strong>per</strong></span> <span class='ocrx_word' id='word_1_432' title='bbox 1791 5355 2016 5421; x_wconf 83' lang='lat' dir='ltr'><strong>gratiam</strong></span> <span class='ocrx_word' id='word_1_433' title='bbox 2067 5360 2156 5413; x_wconf 73' lang='lat' dir='ltr'><strong>Dei</strong></span> 
     </span>
    </p>
   </div>
   <div class='ocr_carea' id='block_1_61' title="bbox 604 5421 2154 5510">
    <p class='ocr_par' dir='ltr' id='par_1_61' title="bbox 604 5421 2154 5510">
     <span class='ocr_line' id='line_1_61' title="bbox 604 5421 2154 5510; baseline 0.022 -42"><span class='ocrx_word' id='word_1_434' title='bbox 604 5421 667 5469; x_wconf 75' lang='lat' dir='ltr'><strong>ad</strong></span> <span class='ocrx_word' id='word_1_435' title='bbox 719 5422 1082 5486; x_wconf 68' lang='lat' dir='ltr'><strong>pmttiteutiam</strong></span> <span class='ocrx_word' id='word_1_436' title='bbox 1129 5440 1532 5497; x_wconf 79' lang='lat' dir='ltr'><strong>convertuntur,</strong></span> <span class='ocrx_word' id='word_1_437' title='bbox 1565 5443 1862 5510; x_wconf 70' lang='lat' dir='ltr'><strong>pCl‘lttt&#39;thi</strong></span> <span class='ocrx_word' id='word_1_438' title='bbox 1913 5463 2014 5500; x_wconf 86' lang='lat' dir='ltr'><strong>non</strong></span> <span class='ocrx_word' id='word_1_439' title='bbox 2063 5450 2154 5501; x_wconf 75' lang='lat' dir='ltr'><strong>dc-</strong></span> 
     </span>
    </p>
   </div>
   <div class='ocr_carea' id='block_1_62' title="bbox 678 5529 1764 5614">
    <p class='ocr_par' dir='ltr' id='par_1_62' title="bbox 678 5529 1764 5614">
     <span class='ocr_line' id='line_1_62' title="bbox 678 5529 1764 5614; baseline 0.019 -35"><span class='ocrx_word' id='word_1_440' title='bbox 678 5542 700 5565; x_wconf 75' lang='grc' dir='ltr'>υ</span> <span class='ocrx_word' id='word_1_441' title='bbox 745 5529 815 5583; x_wconf 66' lang='lat' dir='ltr'><strong>L&#39;x</strong></span> <span class='ocrx_word' id='word_1_442' title='bbox 843 5532 1060 5599; x_wconf 65' lang='lat' dir='ltr'><strong>lsiiot&#39;o,</strong></span> <span class='ocrx_word' id='word_1_443' title='bbox 1093 5537 1192 5594; x_wconf 67' lang='lat' dir='ltr'><strong>iut&#39;.</strong></span> <span class='ocrx_word' id='word_1_444' title='bbox 1221 5542 1331 5604; x_wconf 69' lang='lat' dir='ltr'><strong>rit.,</strong></span> <span class='ocrx_word' id='word_1_445' title='bbox 1363 5543 1447 5594; x_wconf 65' lang='lat' dir='ltr'><strong>ii&quot;.</strong></span> <span class='ocrx_word' id='word_1_446' title='bbox 1485 5562 1517 5608; x_wconf 87' lang='lat' dir='ltr'><strong>I,</strong></span> <span class='ocrx_word' id='word_1_447' title='bbox 1545 5563 1657 5614; x_wconf 56' lang='lat' dir='ltr'><strong>(up.</strong></span> <span class='ocrx_word' id='word_1_448' title='bbox 1695 5551 1764 5600; x_wconf 63' lang='grc' dir='ltr'><strong>ιδ.</strong></span> 
     </span>
    </p>
   </div>
   <div class='ocr_carea' id='block_1_63' title="bbox 1269 6163 1424 6170">
    <p class='ocr_par' dir='ltr' id='par_1_63' title="bbox 1269 6163 1424 6170">
     <span class='ocr_line' id='line_1_63' title="bbox 1269 6163 1424 6170; baseline 0.006 -4"><span class='ocrx_word' id='word_1_449' title='bbox 1269 6163 1424 6170; x_wconf 64' lang='grc' dir='ltr'><strong>.-σ....</strong></span> 
     </span>
    </p>
   </div>
   <div class='ocr_carea' id='block_1_64' title="bbox 2266 391 3842 463">
    <p class='ocr_par' dir='ltr' id='par_1_64' title="bbox 2266 391 3842 463">
     <span class='ocr_line' id='line_1_64' title="bbox 2266 391 3842 463; baseline 0.008 -21"><span class='ocrx_word' id='word_1_450' title='bbox 2266 393 2426 446; x_wconf 69' lang='lat' dir='ltr'><strong>corda</strong></span> <span class='ocrx_word' id='word_1_451' title='bbox 2472 393 2776 462; x_wconf 89' lang='lat' dir='ltr'><strong>pulsentur;</strong></span> <span class='ocrx_word' id='word_1_452' title='bbox 2806 395 2936 448; x_wconf 81' lang='lat' dir='ltr'><strong>ilum</strong></span> <span class='ocrx_word' id='word_1_453' title='bbox 2976 391 3081 449; x_wconf 81' lang='lat' dir='ltr'><strong>neu</strong></span> <span class='ocrx_word' id='word_1_454' title='bbox 3121 404 3344 463; x_wconf 88' lang='lat' dir='ltr'><strong>possunt</strong></span> <span class='ocrx_word' id='word_1_455' title='bbox 3370 396 3524 451; x_wconf 77' lang='lat' dir='ltr'><strong>bona:</strong></span> <span class='ocrx_word' id='word_1_456' title='bbox 3555 414 3842 454; x_wconf 74' lang='lat' dir='ltr'><strong>conversa-</strong></span> 
     </span>
    </p>
   </div>
   <div class='ocr_carea' id='block_1_65' title="bbox 2267 482 3839 556">
    <p class='ocr_par' dir='ltr' id='par_1_65' title="bbox 2267 482 3839 556">
     <span class='ocr_line' id='line_1_65' title="bbox 2267 482 3839 556; baseline 0.006 -21"><span class='ocrx_word' id='word_1_457' title='bbox 2267 482 2396 536; x_wconf 89' lang='lat' dir='ltr'><strong>tioni</strong></span> <span class='ocrx_word' id='word_1_458' title='bbox 2440 498 2652 548; x_wconf 74' lang='lat' dir='ltr'><strong>nocere,</strong></span> <span class='ocrx_word' id='word_1_459' title='bbox 2684 484 2729 537; x_wconf 88' lang='lat' dir='ltr'><strong>si</strong></span> <span class='ocrx_word' id='word_1_460' title='bbox 2757 484 2881 540; x_wconf 87' lang='lat' dir='ltr'><strong>talis</strong></span> <span class='ocrx_word' id='word_1_461' title='bbox 2920 485 3172 556; x_wconf 82' lang='lat' dir='ltr'><strong>cogitatio</strong></span> <span class='ocrx_word' id='word_1_462' title='bbox 3202 500 3307 538; x_wconf 93' lang='lat' dir='ltr'><strong>non</strong></span> <span class='ocrx_word' id='word_1_463' title='bbox 3351 495 3600 556; x_wconf 86' lang='lat' dir='ltr'><strong>erumpat</strong></span> <span class='ocrx_word' id='word_1_464' title='bbox 3629 489 3682 543; x_wconf 91' lang='lat' dir='ltr'><strong>in</strong></span> <span class='ocrx_word' id='word_1_465' title='bbox 3713 504 3839 545; x_wconf 84' lang='lat' dir='ltr'><strong>con-</strong></span> 
     </span>
    </p>
   </div>
   <div class='ocr_carea' id='block_1_66' title="bbox 2264 572 3842 648">
    <p class='ocr_par' dir='ltr' id='par_1_66' title="bbox 2264 572 3842 648">
     <span class='ocr_line' id='line_1_66' title="bbox 2264 572 3842 648; baseline 0.009 -25"><span class='ocrx_word' id='word_1_466' title='bbox 2264 585 2422 624; x_wconf 89' lang='lat' dir='ltr'><strong>sensu</strong></span> <span class='ocrx_word' id='word_1_467' title='bbox 2452 572 2536 626; x_wconf 90' lang='lat' dir='ltr'><strong>vel</strong></span> <span class='ocrx_word' id='word_1_468' title='bbox 2568 573 2619 626; x_wconf 92' lang='lat' dir='ltr'><strong>in</strong></span> <span class='ocrx_word' id='word_1_469' title='bbox 2663 590 2846 644; x_wconf 88' lang='lat' dir='ltr'><strong>opere.</strong></span> <span class='ocrx_word' id='word_1_470' title='bbox 2878 574 3042 630; x_wconf 87' lang='lat' dir='ltr'><strong>Ferre</strong></span> <span class='ocrx_word' id='word_1_471' title='bbox 3069 577 3212 631; x_wconf 88' lang='lat' dir='ltr'><strong>enim</strong></span> <span class='ocrx_word' id='word_1_472' title='bbox 3247 577 3363 632; x_wconf 89' lang='lat' dir='ltr'><strong>sine</strong></span> <span class='ocrx_word' id='word_1_473' title='bbox 3399 576 3728 648; x_wconf 79' lang='lat' dir='ltr'><strong>perfectione</strong></span> <span class='ocrx_word' id='word_1_474' title='bbox 3759 582 3842 636; x_wconf 84' lang='lat' dir='ltr'><strong>vi-</strong></span> 
     </span>
    </p>
   </div>
   <div class='ocr_carea' id='block_1_67' title="bbox 2267 662 3838 734">
    <p class='ocr_par' dir='ltr' id='par_1_67' title="bbox 2267 662 3838 734">
     <span class='ocr_line' id='line_1_67' title="bbox 2267 662 3838 734; baseline 0.007 -21"><span class='ocrx_word' id='word_1_475' title='bbox 2267 662 2460 715; x_wconf 86' lang='lat' dir='ltr'><strong>tiorum</strong></span> <span class='ocrx_word' id='word_1_476' title='bbox 2491 665 2844 733; x_wconf 83' lang='lat' dir='ltr'><strong>cogitationes</strong></span> <span class='ocrx_word' id='word_1_477' title='bbox 2871 681 2975 720; x_wconf 91' lang='lat' dir='ltr'><strong>non</strong></span> <span class='ocrx_word' id='word_1_478' title='bbox 3003 663 3086 720; x_wconf 76' lang='lat' dir='ltr'><strong>ést</strong></span> <span class='ocrx_word' id='word_1_479' title='bbox 3109 667 3178 721; x_wconf 90' lang='lat' dir='ltr'><strong>ad</strong></span> <span class='ocrx_word' id='word_1_480' title='bbox 3199 667 3622 734; x_wconf 85' lang='lat' dir='ltr'><strong>damnationem,</strong></span> <span class='ocrx_word' id='word_1_481' title='bbox 3650 671 3744 726; x_wconf 91' lang='lat' dir='ltr'><strong>sed</strong></span> <span class='ocrx_word' id='word_1_482' title='bbox 3770 671 3838 725; x_wconf 85' lang='lat' dir='ltr'><strong>ad</strong></span> 
     </span>
    </p>
   </div>
   <div class='ocr_carea' id='block_1_68' title="bbox 2264 752 3835 827">
    <p class='ocr_par' dir='ltr' id='par_1_68' title="bbox 2264 752 3835 827">
     <span class='ocr_line' id='line_1_68' title="bbox 2264 752 3835 827; baseline 0.008 -23"><span class='ocrx_word' id='word_1_483' title='bbox 2264 752 2656 820; x_wconf 81' lang='lat' dir='ltr'><strong>probationem.</strong></span> <span class='ocrx_word' id='word_1_484' title='bbox 2697 755 2804 812; x_wconf 77' lang='lat' dir='ltr'><strong>Nec</strong></span> <span class='ocrx_word' id='word_1_485' title='bbox 2837 765 2921 812; x_wconf 89' lang='lat' dir='ltr'><strong>est</strong></span> <span class='ocrx_word' id='word_1_486' title='bbox 2945 759 3160 813; x_wconf 87' lang='lat' dir='ltr'><strong>occasio</strong></span> <span class='ocrx_word' id='word_1_487' title='bbox 3200 758 3459 814; x_wconf 90' lang='lat' dir='ltr'><strong>subeundi</strong></span> <span class='ocrx_word' id='word_1_488' title='bbox 3490 760 3835 827; x_wconf 88' lang='lat' dir='ltr'><strong>discriminis,</strong></span> 
     </span>
    </p>
   </div>
   <div class='ocr_carea' id='block_1_69' title="bbox 2264 841 3852 930">
    <p class='ocr_par' dir='ltr' id='par_1_69' title="bbox 2264 841 3852 930">
     <span class='ocr_line' id='line_1_69' title="bbox 2264 841 3852 930; baseline 0.008 -36"><span class='ocrx_word' id='word_1_489' title='bbox 2264 841 2358 895; x_wconf 87' lang='lat' dir='ltr'><strong>sed</strong></span> <span class='ocrx_word' id='word_1_490' title='bbox 2402 843 2583 911; x_wconf 89' lang='lat' dir='ltr'><strong>potius</strong></span> <span class='ocrx_word' id='word_1_491' title='bbox 2625 845 2843 914; x_wconf 65' lang='lat' dir='ltr'><strong>agenda“:</strong></span> <span class='ocrx_word' id='word_1_492' title='bbox 2885 847 3097 904; x_wconf 90' lang='lat' dir='ltr'><strong>virtutis</strong></span> <span class='ocrx_word' id='word_1_493' title='bbox 3143 846 3338 920; x_wconf 79' lang='lat' dir='ltr'><strong>[Isid.,</strong></span> <span class='ocrx_word' id='word_1_494' title='bbox 3363 850 3620 919; x_wconf 76' lang='lat' dir='ltr'><strong>augenda:</strong></span> <span class='ocrx_word' id='word_1_495' title='bbox 3667 851 3852 930; x_wconf 84' lang='lat' dir='ltr'><strong>perfe-_</strong></span> 
     </span>
    </p>
   </div>
   <div class='ocr_carea' id='block_1_70' title="bbox 2263 930 3838 1014">
    <p class='ocr_par' dir='ltr' id='par_1_70' title="bbox 2263 930 3838 1014">
     <span class='ocr_line' id='line_1_70' title="bbox 2263 930 3838 1014; baseline 0.008 -29"><span class='ocrx_word' id='word_1_496' title='bbox 2263 930 2502 1003; x_wconf 90' lang='lat' dir='ltr'><strong>ctionis].</strong></span> <span class='ocrx_word' id='word_1_497' title='bbox 2531 932 2665 987; x_wconf 82' lang='lat' dir='ltr'><strong>Nam</strong></span> <span class='ocrx_word' id='word_1_498' title='bbox 2692 944 2747 988; x_wconf 90' lang='lat' dir='ltr'><strong>et</strong></span> <span class='ocrx_word' id='word_1_499' title='bbox 2776 935 2822 989; x_wconf 91' lang='lat' dir='ltr'><strong>si</strong></span> <span class='ocrx_word' id='word_1_500' title='bbox 2846 937 2968 1006; x_wconf 91' lang='lat' dir='ltr'><strong>quis</strong></span> <span class='ocrx_word' id='word_1_501' title='bbox 2995 939 3139 993; x_wconf 89' lang='lat' dir='ltr'><strong>circa</strong></span> <span class='ocrx_word' id='word_1_502' title='bbox 3168 938 3328 994; x_wconf 89' lang='lat' dir='ltr'><strong>finem</strong></span> <span class='ocrx_word' id='word_1_503' title='bbox 3357 956 3514 996; x_wconf 91' lang='lat' dir='ltr'><strong>suum</strong></span> <span class='ocrx_word' id='word_1_504' title='bbox 3544 957 3643 1011; x_wconf 90' lang='lat' dir='ltr'><strong>per</strong></span> <span class='ocrx_word' id='word_1_505' title='bbox 3667 944 3838 1014; x_wconf 74' lang='lat' dir='ltr'><strong>panti-</strong></span> 
     </span>
    </p>
   </div>
   <div class='ocr_carea' id='block_1_71' title="bbox 2267 1023 3836 1105">
    <p class='ocr_par' dir='ltr' id='par_1_71' title="bbox 2267 1023 3836 1105">
     <span class='ocr_line' id='line_1_71' title="bbox 2267 1023 3836 1105; baseline 0.011 -31"><span class='ocrx_word' id='word_1_506' title='bbox 2267 1023 2487 1077; x_wconf 88' lang='lat' dir='ltr'><strong>tentiam</strong></span> <span class='ocrx_word' id='word_1_507' title='bbox 2531 1025 2740 1080; x_wconf 89' lang='lat' dir='ltr'><strong>desinat</strong></span> <span class='ocrx_word' id='word_1_508' title='bbox 2774 1041 2894 1083; x_wconf 89' lang='lat' dir='ltr'><strong>esse</strong></span> <span class='ocrx_word' id='word_1_509' title='bbox 2934 1029 3125 1096; x_wconf 89' lang='lat' dir='ltr'><strong>malus,</strong></span> <span class='ocrx_word' id='word_1_510' title='bbox 3171 1047 3279 1086; x_wconf 91' lang='lat' dir='ltr'><strong>non</strong></span> <span class='ocrx_word' id='word_1_511' title='bbox 3315 1032 3434 1088; x_wconf 89' lang='lat' dir='ltr'><strong>ideo</strong></span> <span class='ocrx_word' id='word_1_512' title='bbox 3463 1033 3623 1089; x_wconf 86' lang='lat' dir='ltr'><strong>debet</strong></span> <span class='ocrx_word' id='word_1_513' title='bbox 3651 1035 3836 1105; x_wconf 79' lang='lat' dir='ltr'><strong>despe-</strong></span> 
     </span>
    </p>
   </div>
   <div class='ocr_carea' id='block_1_72' title="bbox 2264 1113 3834 1194">
    <p class='ocr_par' dir='ltr' id='par_1_72' title="bbox 2264 1113 3834 1194">
     <span class='ocr_line' id='line_1_72' title="bbox 2264 1113 3834 1194; baseline 0.011 -31"><span class='ocrx_word' id='word_1_514' title='bbox 2264 1125 2406 1174; x_wconf 86' lang='lat' dir='ltr'><strong>rare,</strong></span> <span class='ocrx_word' id='word_1_515' title='bbox 2438 1113 2564 1181; x_wconf 87' lang='lat' dir='ltr'><strong>quia</strong></span> <span class='ocrx_word' id='word_1_516' title='bbox 2613 1114 2666 1167; x_wconf 91' lang='lat' dir='ltr'><strong>in</strong></span> <span class='ocrx_word' id='word_1_517' title='bbox 2715 1117 2943 1172; x_wconf 87' lang='lat' dir='ltr'><strong>termino</strong></span> <span class='ocrx_word' id='word_1_518' title='bbox 2989 1127 3074 1174; x_wconf 89' lang='lat' dir='ltr'><strong>est</strong></span> <span class='ocrx_word' id='word_1_519' title='bbox 3119 1120 3320 1176; x_wconf 74' lang='lat' dir='ltr'><strong>ultima:</strong></span> <span class='ocrx_word' id='word_1_520' title='bbox 3370 1123 3492 1178; x_wconf 76' lang='lat' dir='ltr'><strong>vita:</strong></span> <span class='ocrx_word' id='word_1_521' title='bbox 3530 1143 3542 1176; x_wconf 89' lang='lat'><em>:</em></span> <span class='ocrx_word' id='word_1_522' title='bbox 3581 1126 3834 1194; x_wconf 88' lang='lat' dir='ltr'><strong>quoniam</strong></span> 
     </span>
    </p>
   </div>
   <div class='ocr_carea' id='block_1_73' title="bbox 2264 1199 3838 1286">
    <p class='ocr_par' dir='ltr' id='par_1_73' title="bbox 2264 1199 3838 1286">
     <span class='ocr_line' id='line_1_73' title="bbox 2264 1199 3838 1286; baseline 0.01 -31"><span class='ocrx_word' id='word_1_523' title='bbox 2264 1199 2406 1257; x_wconf 90' lang='lat' dir='ltr'><strong>Deus</strong></span> <span class='ocrx_word' id='word_1_524' title='bbox 2435 1220 2540 1258; x_wconf 93' lang='lat' dir='ltr'><strong>non</strong></span> <span class='ocrx_word' id='word_1_525' title='bbox 2570 1207 2790 1284; x_wconf 80' lang='lat' dir='ltr'><strong>respicit</strong></span> <span class='ocrx_word' id='word_1_526' title='bbox 2827 1207 3015 1277; x_wconf 86' lang='lat' dir='ltr'><strong>quales</strong></span> <span class='ocrx_word' id='word_1_527' title='bbox 3061 1221 3219 1277; x_wconf 84' lang='lat' dir='ltr'><strong>antea</strong></span> <span class='ocrx_word' id='word_1_528' title='bbox 3264 1212 3486 1279; x_wconf 89' lang='lat' dir='ltr'><strong>fuimus,</strong></span> <span class='ocrx_word' id='word_1_529' title='bbox 3514 1216 3608 1270; x_wconf 87' lang='lat' dir='ltr'><strong>sed</strong></span> <span class='ocrx_word' id='word_1_530' title='bbox 3653 1215 3838 1286; x_wconf 88' lang='lat' dir='ltr'><strong>quales</strong></span> 
     </span>
    </p>
   </div>
   <div class='ocr_carea' id='block_1_74' title="bbox 2263 1296 3839 1377">
    <p class='ocr_par' dir='ltr' id='par_1_74' title="bbox 2263 1296 3839 1377">
     <span class='ocr_line' id='line_1_74' title="bbox 2263 1296 3839 1377; baseline 0.011 -29"><span class='ocrx_word' id='word_1_531' title='bbox 2263 1296 2407 1350; x_wconf 88' lang='lat' dir='ltr'><strong>circa</strong></span> <span class='ocrx_word' id='word_1_532' title='bbox 2434 1297 2593 1352; x_wconf 85' lang='lat' dir='ltr'><strong>finem</strong></span> <span class='ocrx_word' id='word_1_533' title='bbox 2623 1301 2936 1356; x_wconf 81' lang='lat' dir='ltr'><strong>existemus.</strong></span> <span class='ocrx_word' id='word_1_534' title='bbox 2963 1302 3041 1356; x_wconf 80' lang='lat' dir='ltr'><strong>Ex</strong></span> <span class='ocrx_word' id='word_1_535' title='bbox 3066 1303 3170 1359; x_wconf 90' lang='lat' dir='ltr'><strong>fine</strong></span> <span class='ocrx_word' id='word_1_536' title='bbox 3193 1305 3337 1359; x_wconf 88' lang='lat' dir='ltr'><strong>enim</strong></span> <span class='ocrx_word' id='word_1_537' title='bbox 3361 1321 3460 1360; x_wconf 91' lang='lat' dir='ltr'><strong>suo</strong></span> <span class='ocrx_word' id='word_1_538' title='bbox 3484 1322 3839 1377; x_wconf 81' lang='lat' dir='ltr'><strong>unumquem-</strong></span> 
     </span>
    </p>
   </div>
   <div class='ocr_carea' id='block_1_75' title="bbox 2263 1385 3829 1468">
    <p class='ocr_par' dir='ltr' id='par_1_75' title="bbox 2263 1385 3829 1468">
     <span class='ocr_line' id='line_1_75' title="bbox 2263 1385 3829 1468; baseline 0.01 -31"><span class='ocrx_word' id='word_1_539' title='bbox 2263 1399 2368 1453; x_wconf 87' lang='lat' dir='ltr'><strong>que</strong></span> <span class='ocrx_word' id='word_1_540' title='bbox 2413 1395 2506 1439; x_wconf 87' lang='lat' dir='ltr'><strong>aut</strong></span> <span class='ocrx_word' id='word_1_541' title='bbox 2543 1385 2837 1453; x_wconf 87' lang='lat' dir='ltr'><strong>justifieat,</strong></span> <span class='ocrx_word' id='word_1_542' title='bbox 2880 1399 2974 1444; x_wconf 88' lang='lat' dir='ltr'><strong>aut</strong></span> <span class='ocrx_word' id='word_1_543' title='bbox 3018 1393 3360 1460; x_wconf 88' lang='lat' dir='ltr'><strong>condemnat,</strong></span> <span class='ocrx_word' id='word_1_544' title='bbox 3394 1396 3533 1450; x_wconf 82' lang='lat' dir='ltr'><strong>sicut</strong></span> <span class='ocrx_word' id='word_1_545' title='bbox 3578 1397 3829 1468; x_wconf 87' lang='lat' dir='ltr'><strong>scriptum</strong></span> 
     </span>
    </p>
   </div>
   <div class='ocr_carea' id='block_1_76' title="bbox 2262 1473 3836 1558">
    <p class='ocr_par' dir='ltr' id='par_1_76' title="bbox 2262 1473 3836 1558">
     <span class='ocr_line' id='line_1_76' title="bbox 2262 1473 3836 1558; baseline 0.009 -30"><span class='ocrx_word' id='word_1_546' title='bbox 2262 1484 2379 1528; x_wconf 86' lang='lat' dir='ltr'><strong>est:</strong></span> <span class='ocrx_word' id='word_1_547' title='bbox 2412 1473 2530 1545; x_wconf 80' lang='lat' dir='ltr'><strong>Ipse</strong></span> <span class='ocrx_word' id='word_1_548' title='bbox 2579 1479 2784 1546; x_wconf 82' lang='lat' dir='ltr'><strong>judic&#39;at</strong></span> <span class='ocrx_word' id='word_1_549' title='bbox 2825 1487 3056 1558; x_wconf 56' lang='lat' dir='ltr'><strong>eftrema</strong></span> <span class='ocrx_word' id='word_1_550' title='bbox 3095 1491 3246 1537; x_wconf 70' lang='lat' dir='ltr'><strong>terra:</strong></span> <span class='ocrx_word' id='word_1_551' title='bbox 3292 1483 3344 1556; x_wconf 83' lang='grc' dir='ltr'><strong>(Ι</strong></span> <span class='ocrx_word' id='word_1_552' title='bbox 3373 1483 3500 1555; x_wconf 82' lang='lat' dir='ltr'><strong>Reg.</strong></span> <span class='ocrx_word' id='word_1_553' title='bbox 3529 1502 3590 1550; x_wconf 82' lang='lat' dir='ltr'><strong>tt,</strong></span> <span class='ocrx_word' id='word_1_554' title='bbox 3617 1485 3722 1558; x_wconf 68' lang='lat'><strong>10).</strong></span> <span class='ocrx_word' id='word_1_555' title='bbox 3765 1489 3836 1542; x_wconf 82' lang='lat' dir='ltr'><strong>Et</strong></span> 
     </span>
    </p>
   </div>
   <div class='ocr_carea' id='block_1_77' title="bbox 2263 1555 3829 1648">
    <p class='ocr_par' dir='ltr' id='par_1_77' title="bbox 2263 1555 3829 1648">
     <span class='ocr_line' id='line_1_77' title="bbox 2263 1555 3829 1648; baseline 0.011 -32"><span class='ocrx_word' id='word_1_556' title='bbox 2263 1563 2389 1618; x_wconf 68' lang='lat' dir='ltr'><strong>aliiii</strong></span> <span class='ocrx_word' id='word_1_557' title='bbox 2413 1582 2425 1618; x_wconf 92' lang='lat'>:</span> <span class='ocrx_word' id='word_1_558' title='bbox 2456 1563 2808 1622; x_wconf 64' lang='lat' dir='ltr'><strong>Unica-sarum</strong></span> <span class='ocrx_word' id='word_1_559' title='bbox 2827 1555 3002 1632; x_wconf 69' lang='lat' dir='ltr'><strong>ﬁnem</strong></span> <span class='ocrx_word' id='word_1_560' title='bbox 3024 1567 3125 1638; x_wconf 73' lang='lat' dir='ltr'><strong>ipse</strong></span> <span class='ocrx_word' id='word_1_561' title='bbox 3152 1575 3445 1629; x_wconf 81' lang='lat' dir='ltr'><strong>considerat</strong></span> <span class='ocrx_word' id='word_1_562' title='bbox 3475 1575 3617 1648; x_wconf 78' lang='lat' dir='ltr'><strong>(Job.</strong></span> <span class='ocrx_word' id='word_1_563' title='bbox 3641 1594 3829 1643; x_wconf 74' lang='lat' dir='ltr'><strong>xxviii,</strong></span> 
     </span>
    </p>
   </div>
   <div class='ocr_carea' id='block_1_78' title="bbox 2267 1655 3832 1753">
    <p class='ocr_par' dir='ltr' id='par_1_78' title="bbox 2267 1655 3832 1753">
     <span class='ocr_line' id='line_1_78' title="bbox 2267 1655 3832 1753; baseline 0.015 -48"><span class='ocrx_word' id='word_1_564' title='bbox 2267 1656 2349 1753; x_wconf 55' lang='grc' dir='ltr'><strong>ξ).</strong></span> <span class='ocrx_word' id='word_1_565' title='bbox 2381 1655 2626 1714; x_wconf 80' lang='lat' dir='ltr'><strong>Proinde</strong></span> <span class='ocrx_word' id='word_1_566' title='bbox 2663 1674 2751 1717; x_wconf 87' lang='lat' dir='ltr'><strong>non</strong></span> <span class='ocrx_word' id='word_1_567' title='bbox 2801 1658 3120 1722; x_wconf 83' lang='lat' dir='ltr'><strong>dubitamus</strong></span> <span class='ocrx_word' id='word_1_568' title='bbox 3161 1666 3303 1721; x_wconf 90' lang='lat' dir='ltr'><strong>circa</strong></span> <span class='ocrx_word' id='word_1_569' title='bbox 3349 1667 3509 1722; x_wconf 82' lang='lat' dir='ltr'><strong>ﬁnem</strong></span> <span class='ocrx_word' id='word_1_570' title='bbox 3545 1669 3832 1753; x_wconf 75' lang='lat' dir='ltr'><strong>iustificari</strong></span> 
     </span>
    </p>
   </div>
   <div class='ocr_carea' id='block_1_79' title="bbox 2241 1736 3831 1826">
    <p class='ocr_par' dir='ltr' id='par_1_79' title="bbox 2241 1736 3831 1826">
     <span class='ocr_line' id='line_1_79' title="bbox 2241 1736 3831 1826; baseline 0.014 -31"><span class='ocrx_word' id='word_1_571' title='bbox 2241 1736 2538 1800; x_wconf 79' lang='lat' dir='ltr'><strong>-b01ninem</strong></span> <span class='ocrx_word' id='word_1_572' title='bbox 2581 1763 2673 1817; x_wconf 89' lang='lat' dir='ltr'><strong>per</strong></span> <span class='ocrx_word' id='word_1_573' title='bbox 2707 1759 3085 1823; x_wconf 61' lang='lat' dir='ltr'><strong>ptenitentiam</strong></span> <span class='ocrx_word' id='word_1_574' title='bbox 3126 1763 3182 1809; x_wconf 90' lang='lat' dir='ltr'><strong>et</strong></span> <span class='ocrx_word' id='word_1_575' title='bbox 3209 1749 3831 1826; x_wconf 45' lang='lat' dir='ltr'><strong>eompunctionemased</strong></span> 
     </span>
    </p>
   </div>
   <div class='ocr_carea' id='block_1_80' title="bbox 2267 1835 3833 1917">
    <p class='ocr_par' dir='ltr' id='par_1_80' title="bbox 2267 1835 3833 1917">
     <span class='ocr_line' id='line_1_80' title="bbox 2267 1835 3833 1917; baseline 0.011 -25"><span class='ocrx_word' id='word_1_576' title='bbox 2267 1835 2392 1912; x_wconf 84' lang='lat' dir='ltr'><strong>quia</strong></span> <span class='ocrx_word' id='word_1_577' title='bbox 2423 1854 2546 1893; x_wconf 88' lang='lat' dir='ltr'><strong>raro</strong></span> <span class='ocrx_word' id='word_1_578' title='bbox 2585 1841 2688 1895; x_wconf 87' lang='lat' dir='ltr'><strong>hoc</strong></span> <span class='ocrx_word' id='word_1_579' title='bbox 2727 1847 2842 1901; x_wconf 78' lang='lat' dir='ltr'><strong>fleri</strong></span> <span class='ocrx_word' id='word_1_580' title='bbox 2878 1845 3030 1908; x_wconf 88' lang='lat' dir='ltr'><strong>solet,</strong></span> <span class='ocrx_word' id='word_1_581' title='bbox 3064 1848 3408 1917; x_wconf 77' lang='lat' dir='ltr'><strong>metuendum</strong></span> <span class='ocrx_word' id='word_1_582' title='bbox 3450 1859 3564 1916; x_wconf 87' lang='lat' dir='ltr'><strong>est;</strong></span> <span class='ocrx_word' id='word_1_583' title='bbox 3597 1867 3666 1908; x_wconf 90' lang='lat' dir='ltr'><strong>ne</strong></span> <span class='ocrx_word' id='word_1_584' title='bbox 3707 1853 3833 1909; x_wconf 89' lang='lat' dir='ltr'><strong>dum</strong></span> 
     </span>
    </p>
   </div>
   <div class='ocr_carea' id='block_1_81' title="bbox 2270 1927 3832 2013">
    <p class='ocr_par' dir='ltr' id='par_1_81' title="bbox 2270 1927 3832 2013">
     <span class='ocr_line' id='line_1_81' title="bbox 2270 1927 3832 2013; baseline 0.013 -34"><span class='ocrx_word' id='word_1_585' title='bbox 2270 1929 2333 1980; x_wconf 76' lang='lat' dir='ltr'><strong>ad</strong></span> <span class='ocrx_word' id='word_1_586' title='bbox 2363 1927 2522 1982; x_wconf 86' lang='lat' dir='ltr'><strong>finem</strong></span> <span class='ocrx_word' id='word_1_587' title='bbox 2568 1929 2810 1986; x_wconf 77' lang='lat' dir='ltr'><strong>differtur</strong></span> <span class='ocrx_word' id='word_1_588' title='bbox 2835 1936 3137 2002; x_wconf 87' lang='lat' dir='ltr'><strong>conversio,</strong></span> <span class='ocrx_word' id='word_1_589' title='bbox 3166 1936 3370 1994; x_wconf 89' lang='lat' dir='ltr'><strong>incerta</strong></span> <span class='ocrx_word' id='word_1_590' title='bbox 3401 1951 3630 2013; x_wconf 85' lang='lat' dir='ltr'><strong>occupet</strong></span> <span class='ocrx_word' id='word_1_591' title='bbox 3666 1946 3832 2010; x_wconf 85' lang='lat' dir='ltr'><strong>iners,</strong></span> 
     </span>
    </p>
   </div>
   <div class='ocr_carea' id='block_1_82' title="bbox 2266 2022 3831 2104">
    <p class='ocr_par' dir='ltr' id='par_1_82' title="bbox 2266 2022 3831 2104">
     <span class='ocr_line' id='line_1_82' title="bbox 2266 2022 3831 2104; baseline 0.014 -35"><span class='ocrx_word' id='word_1_592' title='bbox 2266 2025 2554 2086; x_wconf 77' lang='lat' dir='ltr'><strong>antequam</strong></span> <span class='ocrx_word' id='word_1_593' title='bbox 2598 2022 2879 2077; x_wconf 87' lang='lat' dir='ltr'><strong>subveniat</strong></span> <span class='ocrx_word' id='word_1_594' title='bbox 2929 2027 3262 2094; x_wconf 72' lang='lat' dir='ltr'><strong>pmnitentia.</strong></span> <span class='ocrx_word' id='word_1_595' title='bbox 3315 2030 3419 2086; x_wconf 86' lang='lat' dir='ltr'><strong>Pro</strong></span> <span class='ocrx_word' id='word_1_596' title='bbox 3464 2048 3573 2104; x_wconf 89' lang='lat' dir='ltr'><strong>qua</strong></span> <span class='ocrx_word' id='word_1_597' title='bbox 3624 2049 3684 2090; x_wconf 88' lang='lat' dir='ltr'><strong>re</strong></span> <span class='ocrx_word' id='word_1_598' title='bbox 3731 2035 3831 2091; x_wconf 88' lang='lat' dir='ltr'><strong>etsi</strong></span> 
     </span>
    </p>
   </div>
   <div class='ocr_carea' id='block_1_83' title="bbox 2265 2107 3833 2186">
    <p class='ocr_par' dir='ltr' id='par_1_83' title="bbox 2265 2107 3833 2186">
     <span class='ocr_line' id='line_1_83' title="bbox 2265 2107 3833 2186; baseline 0.01 -24"><span class='ocrx_word' id='word_1_599' title='bbox 2265 2107 2404 2162; x_wconf 87' lang='lat' dir='ltr'><strong>bona</strong></span> <span class='ocrx_word' id='word_1_600' title='bbox 2427 2118 2511 2164; x_wconf 89' lang='lat' dir='ltr'><strong>est</strong></span> <span class='ocrx_word' id='word_1_601' title='bbox 2538 2111 2604 2163; x_wconf 88' lang='lat' dir='ltr'><strong>ad</strong></span> <span class='ocrx_word' id='word_1_602' title='bbox 2630 2119 2931 2166; x_wconf 83' lang='lat' dir='ltr'><strong>extremum</strong></span> <span class='ocrx_word' id='word_1_603' title='bbox 2953 2118 3256 2184; x_wconf 89' lang='lat' dir='ltr'><strong>conversio,</strong></span> <span class='ocrx_word' id='word_1_604' title='bbox 3291 2121 3483 2176; x_wconf 88' lang='lat' dir='ltr'><strong>melior</strong></span> <span class='ocrx_word' id='word_1_605' title='bbox 3525 2131 3705 2180; x_wconf 90' lang='lat' dir='ltr'><strong>tamen</strong></span> <span class='ocrx_word' id='word_1_606' title='bbox 3730 2133 3833 2186; x_wconf 89' lang='lat' dir='ltr'><strong>est,</strong></span> 
     </span>
    </p>
   </div>
   <div class='ocr_carea' id='block_1_84' title="bbox 2266 2199 3835 2277">
    <p class='ocr_par' dir='ltr' id='par_1_84' title="bbox 2266 2199 3835 2277">
     <span class='ocr_line' id='line_1_84' title="bbox 2266 2199 3835 2277; baseline 0.017 -29"><span class='ocrx_word' id='word_1_607' title='bbox 2266 2213 2385 2266; x_wconf 63' lang='lat' dir='ltr'><strong>quae</strong></span> <span class='ocrx_word' id='word_1_608' title='bbox 2415 2199 2571 2270; x_wconf 85' lang='lat' dir='ltr'><strong>longe</strong></span> <span class='ocrx_word' id='word_1_609' title='bbox 2593 2210 2719 2258; x_wconf 89' lang='lat' dir='ltr'><strong>ante</strong></span> <span class='ocrx_word' id='word_1_610' title='bbox 2741 2204 2898 2260; x_wconf 89' lang='lat' dir='ltr'><strong>finem</strong></span> <span class='ocrx_word' id='word_1_611' title='bbox 2929 2207 3126 2277; x_wconf 87' lang='lat' dir='ltr'><strong>agitur,</strong></span> <span class='ocrx_word' id='word_1_612' title='bbox 3150 2218 3210 2264; x_wconf 89' lang='lat' dir='ltr'><strong>ut</strong></span> <span class='ocrx_word' id='word_1_613' title='bbox 3236 2212 3304 2266; x_wconf 88' lang='lat' dir='ltr'><strong>ab</strong></span> <span class='ocrx_word' id='word_1_614' title='bbox 3329 2213 3432 2270; x_wconf 90' lang='lat' dir='ltr'><strong>hac</strong></span> <span class='ocrx_word' id='word_1_615' title='bbox 3455 2215 3564 2270; x_wconf 70' lang='lat' dir='ltr'><strong>vita</strong></span> <span class='ocrx_word' id='word_1_616' title='bbox 3593 2216 3835 2274; x_wconf 82' lang='lat' dir='ltr'><strong>securius</strong></span> 
     </span>
    </p>
   </div>
   <div class='ocr_carea' id='block_1_85' title="bbox 2269 2293 2596 2346">
    <p class='ocr_par' dir='ltr' id='par_1_85' title="bbox 2269 2293 2596 2346">
     <span class='ocr_line' id='line_1_85' title="bbox 2269 2293 2596 2346; baseline 0.018 -9"><span class='ocrx_word' id='word_1_617' title='bbox 2269 2293 2596 2346; x_wconf 87' lang='lat' dir='ltr'><strong>transeatur.</strong></span> 
     </span>
    </p>
   </div>
   <div class='ocr_carea' id='block_1_86' title="bbox 2851 2383 3240 2444">
    <p class='ocr_par' dir='ltr' id='par_1_86' title="bbox 2851 2383 3240 2444">
     <span class='ocr_line' id='line_1_86' title="bbox 2851 2383 3240 2444; baseline 0.018 -7"><span class='ocrx_word' id='word_1_618' title='bbox 2851 2383 3076 2441; x_wconf 80' lang='lat' dir='ltr'><strong>CAPUT</strong></span> <span class='ocrx_word' id='word_1_619' title='bbox 3109 2386 3240 2444; x_wconf 77' lang='lat' dir='ltr'><strong>LVI.</strong></span> 
     </span>
    </p>
   </div>
   <div class='ocr_carea' id='block_1_87' title="bbox 2736 2482 3362 2535">
    <p class='ocr_par' dir='ltr' id='par_1_87' title="bbox 2736 2482 3362 2535">
     <span class='ocr_line' id='line_1_87' title="bbox 2736 2482 3362 2535; baseline 0.014 -11"><span class='ocrx_word' id='word_1_620' title='bbox 2736 2482 2760 2510; x_wconf 78' lang='grc'>⁸</span> <span class='ocrx_word' id='word_1_621' title='bbox 2786 2487 2852 2526; x_wconf 75' lang='grc' dir='ltr'><strong>ηε</strong></span> <span class='ocrx_word' id='word_1_622' title='bbox 2879 2487 3114 2532; x_wconf 69' lang='grc' dir='ltr'><strong>εῑιιιιοιο</strong></span> <span class='ocrx_word' id='word_1_623' title='bbox 3136 2493 3362 2535; x_wconf 66' lang='lat' dir='ltr'><strong>NICENO.</strong></span> 
     </span>
    </p>
   </div>
   <div class='ocr_carea' id='block_1_88' title="bbox 2337 2555 3831 2650">
    <p class='ocr_par' dir='ltr' id='par_1_88' title="bbox 2337 2555 3831 2650">
     <span class='ocr_line' id='line_1_88' title="bbox 2337 2555 3831 2650; baseline 0.017 -40"><span class='ocrx_word' id='word_1_624' title='bbox 2337 2555 2646 2628; x_wconf 78' lang='lat' dir='ltr'><strong>Symbolum</strong></span> <span class='ocrx_word' id='word_1_625' title='bbox 2686 2571 2886 2629; x_wconf 90' lang='lat' dir='ltr'><strong>autem,</strong></span> <span class='ocrx_word' id='word_1_626' title='bbox 2912 2566 3054 2634; x_wconf 88' lang='lat' dir='ltr'><strong>quod</strong></span> <span class='ocrx_word' id='word_1_627' title='bbox 3083 2577 3323 2640; x_wconf 89' lang='lat' dir='ltr'><strong>tempore</strong></span> <span class='ocrx_word' id='word_1_628' title='bbox 3349 2573 3602 2631; x_wconf 87' lang='lat' dir='ltr'><strong>sacrificii</strong></span> <span class='ocrx_word' id='word_1_629' title='bbox 3636 2579 3831 2650; x_wconf 87' lang='lat' dir='ltr'><strong>populo</strong></span> 
     </span>
    </p>
   </div>
   <div class='ocr_carea' id='block_1_89' title="bbox 2265 2651 3829 2728">
    <p class='ocr_par' dir='ltr' id='par_1_89' title="bbox 2265 2651 3829 2728">
     <span class='ocr_line' id='line_1_89' title="bbox 2265 2651 3829 2728; baseline 0.018 -27"><span class='ocrx_word' id='word_1_630' title='bbox 2265 2651 2605 2718; x_wconf 70' lang='lat' dir='ltr'><strong>praedicatur,</strong></span> <span class='ocrx_word' id='word_1_631' title='bbox 2653 2669 2880 2711; x_wconf 80' lang='lat' dir='ltr'><strong>cccxvnt</strong></span> <span class='ocrx_word' id='word_1_632' title='bbox 2921 2669 3228 2717; x_wconf 89' lang='lat' dir='ltr'><strong>sanctorum</strong></span> <span class='ocrx_word' id='word_1_633' title='bbox 3278 2664 3500 2722; x_wconf 85' lang='lat' dir='ltr'><strong>Patrum</strong></span> <span class='ocrx_word' id='word_1_634' title='bbox 3547 2669 3829 2728; x_wconf 87' lang='lat' dir='ltr'><strong>collatione</strong></span> 
     </span>
    </p>
   </div>
   <div class='ocr_carea' id='block_1_90' title="bbox 2264 2745 3827 2831">
    <p class='ocr_par' dir='ltr' id='par_1_90' title="bbox 2264 2745 3827 2831">
     <span class='ocr_line' id='line_1_90' title="bbox 2264 2745 3827 2831; baseline 0.015 -36"><span class='ocrx_word' id='word_1_635' title='bbox 2264 2745 2402 2812; x_wconf 88' lang='lat' dir='ltr'><strong>apud</strong></span> <span class='ocrx_word' id='word_1_636' title='bbox 2427 2745 2688 2814; x_wconf 89' lang='lat' dir='ltr'><strong>synodum</strong></span> <span class='ocrx_word' id='word_1_637' title='bbox 2709 2747 2979 2804; x_wconf 81' lang='lat' dir='ltr'><strong>Nicamam</strong></span> <span class='ocrx_word' id='word_1_638' title='bbox 3003 2763 3086 2808; x_wconf 89' lang='lat' dir='ltr'><strong>est</strong></span> <span class='ocrx_word' id='word_1_639' title='bbox 3108 2755 3331 2810; x_wconf 89' lang='lat' dir='ltr'><strong>editum.</strong></span> <span class='ocrx_word' id='word_1_640' title='bbox 3355 2756 3518 2826; x_wconf 84' lang='lat' dir='ltr'><strong>Cujus</strong></span> <span class='ocrx_word' id='word_1_641' title='bbox 3543 2775 3684 2831; x_wconf 82' lang='lat' dir='ltr'><strong>vera:</strong></span> <span class='ocrx_word' id='word_1_642' title='bbox 3705 2761 3827 2820; x_wconf 83' lang='lat' dir='ltr'><strong>fidei</strong></span> 
     </span>
    </p>
   </div>
   <div class='ocr_carea' id='block_1_91' title="bbox 2264 2833 3827 2916">
    <p class='ocr_par' dir='ltr' id='par_1_91' title="bbox 2264 2833 3827 2916">
     <span class='ocr_line' id='line_1_91' title="bbox 2264 2833 3827 2916; baseline 0.015 -32"><span class='ocrx_word' id='word_1_643' title='bbox 2264 2833 2446 2901; x_wconf 86' lang='lat' dir='ltr'><strong>regula</strong></span> <span class='ocrx_word' id='word_1_644' title='bbox 2493 2837 2656 2891; x_wconf 89' lang='lat' dir='ltr'><strong>tantis</strong></span> <span class='ocrx_word' id='word_1_645' title='bbox 2701 2837 2958 2896; x_wconf 64' lang='lat' dir='ltr'><strong>doctrinae</strong></span> <span class='ocrx_word' id='word_1_646' title='bbox 3003 2845 3274 2913; x_wconf 69' lang='lat' dir='ltr'><strong>my&#39;steriis</strong></span> <span class='ocrx_word' id='word_1_647' title='bbox 3325 2849 3612 2916; x_wconf 83' lang='lat' dir='ltr'><strong>praecellit,</strong></span> <span class='ocrx_word' id='word_1_648' title='bbox 3657 2861 3718 2906; x_wconf 92' lang='lat' dir='ltr'><strong>ut</strong></span> <span class='ocrx_word' id='word_1_649' title='bbox 3762 2854 3827 2908; x_wconf 86' lang='lat' dir='ltr'><strong>de</strong></span> 
     </span>
    </p>
   </div>
   <div class='ocr_carea' id='block_1_92' title="bbox 2263 2923 3829 3006">
    <p class='ocr_par' dir='ltr' id='par_1_92' title="bbox 2263 2923 3829 3006">
     <span class='ocr_line' id='line_1_92' title="bbox 2263 2923 3829 3006; baseline 0.016 -32"><span class='ocrx_word' id='word_1_650' title='bbox 2263 2923 2406 2976; x_wconf 89' lang='lat' dir='ltr'><strong>omni</strong></span> <span class='ocrx_word' id='word_1_651' title='bbox 2445 2934 2597 2992; x_wconf 88' lang='lat' dir='ltr'><strong>parte</strong></span> <span class='ocrx_word' id='word_1_652' title='bbox 2641 2925 2762 2982; x_wconf 87' lang='lat' dir='ltr'><strong>fidei</strong></span> <span class='ocrx_word' id='word_1_653' title='bbox 2793 2929 3067 2999; x_wconf 89' lang='lat' dir='ltr'><strong>loquatur;</strong></span> <span class='ocrx_word' id='word_1_654' title='bbox 3098 2935 3350 3006; x_wconf 87' lang='lat' dir='ltr'><strong>nullaque</strong></span> <span class='ocrx_word' id='word_1_655' title='bbox 3378 2951 3515 3006; x_wconf 89' lang='lat' dir='ltr'><strong>pene</strong></span> <span class='ocrx_word' id='word_1_656' title='bbox 3558 2941 3628 2994; x_wconf 89' lang='lat' dir='ltr'><strong>sit</strong></span> <span class='ocrx_word' id='word_1_657' title='bbox 3658 2942 3829 2999; x_wconf 72' lang='lat' dir='ltr'><strong>luere-</strong></span> 
     </span>
    </p>
   </div>
   <div class='ocr_carea' id='block_1_93' title="bbox 2189 2985 3829 3104">
    <p class='ocr_par' dir='ltr' id='par_1_93' title="bbox 2189 2985 3829 3104">
     <span class='ocr_line' id='line_1_93' title="bbox 2445 2985 3825 3006; baseline -0.004 -14"><span class='ocrx_word' id='word_1_658' title='bbox 2445 2985 2460 2992; x_wconf 93' lang='lat'><strong>-</strong></span> <span class='ocrx_word' id='word_1_659' title='bbox 2861 2985 2877 2999; x_wconf 87' lang='grc'><strong>,</strong></span> <span class='ocrx_word' id='word_1_660' title='bbox 3055 2985 3066 2998; x_wconf 88' lang='grc'><strong><em>,</em></strong></span> <span class='ocrx_word' id='word_1_661' title='bbox 3099 2985 3348 3006; x_wconf 21' lang='grc' dir='ltr'><strong>,βῆ-η--</strong></span> <span class='ocrx_word' id='word_1_662' title='bbox 3378 2985 3515 3006; x_wconf 60' lang='grc' dir='ltr'><strong>τη.-</strong></span> <span class='ocrx_word' id='word_1_663' title='bbox 3559 2985 3628 2994; x_wconf 84' lang='grc'><em>,,,,</em></span> <span class='ocrx_word' id='word_1_664' title='bbox 3658 2985 3825 2999; x_wconf 49' lang='lat' dir='ltr'><strong>“ww,</strong></span> 
     </span>
     <span class='ocr_line' id='line_1_94' title="bbox 2189 2985 3829 3104; baseline 0.013 -38"><span class='ocrx_word' id='word_1_665' title='bbox 2189 2985 2235 3047; x_wconf 64' lang='grc' dir='ltr'><strong>δ</strong></span> <span class='ocrx_word' id='word_1_666' title='bbox 2265 3013 2359 3078; x_wconf 90' lang='lat' dir='ltr'><strong>sis,</strong></span> <span class='ocrx_word' id='word_1_667' title='bbox 2387 3014 2472 3069; x_wconf 92' lang='lat' dir='ltr'><strong>cui</strong></span> <span class='ocrx_word' id='word_1_668' title='bbox 2499 3029 2596 3086; x_wconf 88' lang='lat' dir='ltr'><strong>per</strong></span> <span class='ocrx_word' id='word_1_669' title='bbox 2621 3017 2828 3087; x_wconf 82' lang='lat' dir='ltr'><strong>singula</strong></span> <span class='ocrx_word' id='word_1_670' title='bbox 2849 3023 3013 3077; x_wconf 87' lang='lat' dir='ltr'><strong>verba</strong></span> <span class='ocrx_word' id='word_1_671' title='bbox 3055 3024 3136 3078; x_wconf 91' lang='lat' dir='ltr'><strong>vel</strong></span> <span class='ocrx_word' id='word_1_672' title='bbox 3161 3030 3456 3084; x_wconf 87' lang='lat' dir='ltr'><strong>sententias</strong></span> <span class='ocrx_word' id='word_1_673' title='bbox 3482 3045 3586 3086; x_wconf 89' lang='lat' dir='ltr'><strong>non</strong></span> <span class='ocrx_word' id='word_1_674' title='bbox 3615 3049 3829 3104; x_wconf 88' lang='lat' dir='ltr'><strong>respon-</strong></span> 
     </span>
    </p>
   </div>
   <div class='ocr_carea' id='block_1_94' title="bbox 2264 3102 3828 3194">
    <p class='ocr_par' dir='ltr' id='par_1_94' title="bbox 2264 3102 3828 3194">
     <span class='ocr_line' id='line_1_95' title="bbox 2264 3102 3828 3194; baseline 0.015 -39"><span class='ocrx_word' id='word_1_675' title='bbox 2264 3102 2406 3158; x_wconf 88' lang='lat' dir='ltr'><strong>deat.</strong></span> <span class='ocrx_word' id='word_1_676' title='bbox 2435 3103 2634 3160; x_wconf 89' lang='lat' dir='ltr'><strong>Omnes</strong></span> <span class='ocrx_word' id='word_1_677' title='bbox 2658 3108 2802 3162; x_wconf 91' lang='lat' dir='ltr'><strong>enim</strong></span> <span class='ocrx_word' id='word_1_678' title='bbox 2844 3113 3065 3179; x_wconf 88' lang='lat' dir='ltr'><strong>erroris,</strong></span> <span class='ocrx_word' id='word_1_679' title='bbox 3104 3116 3461 3186; x_wconf 87' lang='lat' dir='ltr'><strong>impietatum,</strong></span> <span class='ocrx_word' id='word_1_680' title='bbox 3491 3124 3828 3194; x_wconf 63' lang='lat' dir='ltr'><strong>perfidiaque</strong></span> 
     </span>
    </p>
   </div>
   <div class='ocr_carea' id='block_1_95' title="bbox 2264 3191 3827 3283">
    <p class='ocr_par' dir='ltr' id='par_1_95' title="bbox 2264 3191 3827 3283">
     <span class='ocr_line' id='line_1_96' title="bbox 2264 3191 3827 3283; baseline 0.015 -39"><span class='ocrx_word' id='word_1_681' title='bbox 2264 3191 2623 3261; x_wconf 83' lang='lat' dir='ltr'><strong>hiasphemias</strong></span> <span class='ocrx_word' id='word_1_682' title='bbox 2644 3196 2836 3264; x_wconf 88' lang='lat' dir='ltr'><strong>caleat,</strong></span> <span class='ocrx_word' id='word_1_683' title='bbox 2860 3210 2914 3254; x_wconf 90' lang='lat' dir='ltr'><strong>et</strong></span> <span class='ocrx_word' id='word_1_684' title='bbox 2935 3203 3003 3258; x_wconf 89' lang='lat' dir='ltr'><strong>ob</strong></span> <span class='ocrx_word' id='word_1_685' title='bbox 3025 3205 3126 3261; x_wconf 86' lang='lat' dir='ltr'><strong>hoc</strong></span> <span class='ocrx_word' id='word_1_686' title='bbox 3150 3207 3413 3264; x_wconf 88' lang='lat' dir='ltr'><strong>universis</strong></span> <span class='ocrx_word' id='word_1_687' title='bbox 3433 3208 3689 3266; x_wconf 81' lang='lat' dir='ltr'><strong>Eeelesiis</strong></span> <span class='ocrx_word' id='word_1_688' title='bbox 3711 3214 3827 3283; x_wconf 88' lang='lat' dir='ltr'><strong>pari</strong></span> 
     </span>
    </p>
   </div>
   <div class='ocr_carea' id='block_1_96' title="bbox 2261 3282 3288 3353">
    <p class='ocr_par' dir='ltr' id='par_1_96' title="bbox 2261 3282 3288 3353">
     <span class='ocr_line' id='line_1_97' title="bbox 2261 3282 3288 3353; baseline 0.015 -18"><span class='ocrx_word' id='word_1_689' title='bbox 2261 3282 2596 3341; x_wconf 83' lang='lat' dir='ltr'><strong>cunfessionc</strong></span> <span class='ocrx_word' id='word_1_690' title='bbox 2625 3301 2656 3341; x_wconf 88' lang='lat' dir='ltr'><strong>a</strong></span> <span class='ocrx_word' id='word_1_691' title='bbox 2684 3285 2876 3353; x_wconf 64' lang='lat' dir='ltr'><strong>populo</strong></span> <span class='ocrx_word' id='word_1_692' title='bbox 2905 3294 3288 3352; x_wconf 75' lang='lat' dir='ltr'><strong>proclamatur.</strong></span> 
     </span>
    </p>
   </div>
   <div class='ocr_carea' id='block_1_97' title="bbox 2717 3383 3344 3474">
    <p class='ocr_par' dir='ltr' id='par_1_97' title="bbox 2717 3383 3344 3474">
     <span class='ocr_line' id='line_1_98' title="bbox 2717 3383 3344 3474; baseline 0.005 -11"><span class='ocrx_word' id='word_1_693' title='bbox 2717 3383 2891 3474; x_wconf 67' lang='lat'><strong>516</strong></span> <span class='ocrx_word' id='word_1_694' title='bbox 2923 3401 3156 3464; x_wconf 78' lang='lat' dir='ltr'><strong>CAPUT</strong></span> <span class='ocrx_word' id='word_1_695' title='bbox 3195 3409 3344 3466; x_wconf 90' lang='lat' dir='ltr'><strong>Lvn.</strong></span> 
     </span>
    </p>
   </div>
   <div class='ocr_carea' id='block_1_98' title="bbox 2735 3471 3315 3545">
    <p class='ocr_par' dir='ltr' id='par_1_98' title="bbox 2735 3471 3315 3545">
     <span class='ocr_line' id='line_1_99' title="bbox 2735 3471 3315 3545; baseline 0.017 -12"><span class='ocrx_word' id='word_1_696' title='bbox 2735 3471 2766 3519; x_wconf 70' lang='grc' dir='ltr'>δ</span> <span class='ocrx_word' id='word_1_697' title='bbox 2793 3471 2870 3535; x_wconf 72' lang='grc' dir='ltr'><strong>ΜΞ</strong></span> <span class='ocrx_word' id='word_1_698' title='bbox 2908 3503 3123 3542; x_wconf 68' lang='lat' dir='ltr'><strong>neeum</strong></span> <span class='ocrx_word' id='word_1_699' title='bbox 3155 3505 3315 3545; x_wconf 71' lang='lat' dir='ltr'><strong>non.</strong></span> 
     </span>
    </p>
   </div>
   <div class='ocr_carea' id='block_1_99' title="bbox 2333 3565 3825 3666">
    <p class='ocr_par' dir='ltr' id='par_1_99' title="bbox 2333 3565 3825 3666">
     <span class='ocr_line' id='line_1_100' title="bbox 2333 3565 3825 3666; baseline 0.018 -45"><span class='ocrx_word' id='word_1_700' title='bbox 2333 3565 2457 3623; x_wconf 76' lang='lat' dir='ltr'><strong>[hec</strong></span> <span class='ocrx_word' id='word_1_701' title='bbox 2480 3578 2584 3634; x_wconf 92' lang='lat' dir='ltr'><strong>est,</strong></span> <span class='ocrx_word' id='word_1_702' title='bbox 2616 3577 2723 3666; x_wconf 49' lang='lat' dir='ltr'><strong>p‘ost</strong></span> <span class='ocrx_word' id='word_1_703' title='bbox 2746 3572 3139 3652; x_wconf 57' lang='lat' dir='ltr'><strong>Apostolorum</strong></span> <span class='ocrx_word' id='word_1_704' title='bbox 3183 3578 3495 3650; x_wconf 81' lang='lat' dir='ltr'><strong>Symbolum</strong></span> <span class='ocrx_word' id='word_1_705' title='bbox 3522 3590 3825 3666; x_wconf 74' lang='lat' dir='ltr'><strong>certissima</strong></span> 
     </span>
    </p>
   </div>
   <div class='ocr_carea' id='block_1_100' title="bbox 2264 3652 3826 3747">
    <p class='ocr_par' dir='ltr' id='par_1_100' title="bbox 2264 3652 3826 3747">
     <span class='ocr_line' id='line_1_101' title="bbox 2264 3652 3826 3747; baseline 0.019 -40"><span class='ocrx_word' id='word_1_706' title='bbox 2264 3655 2411 3719; x_wconf 89' lang='lat' dir='ltr'><strong>fides,</strong></span> <span class='ocrx_word' id='word_1_707' title='bbox 2435 3672 2594 3724; x_wconf 89' lang='lat' dir='ltr'><strong>quam</strong></span> <span class='ocrx_word' id='word_1_708' title='bbox 2622 3652 2867 3719; x_wconf 77' lang='lat' dir='ltr'><strong>doctores</strong></span> <span class='ocrx_word' id='word_1_709' title='bbox 2895 3669 3066 3722; x_wconf 84' lang='lat' dir='ltr'><strong>nostri</strong></span> <span class='ocrx_word' id='word_1_710' title='bbox 3096 3671 3451 3738; x_wconf 85' lang='lat' dir='ltr'><strong>tradiderunt,</strong></span> <span class='ocrx_word' id='word_1_711' title='bbox 3487 3685 3548 3729; x_wconf 88' lang='lat' dir='ltr'><strong>ut</strong></span> <span class='ocrx_word' id='word_1_712' title='bbox 3575 3660 3826 3747; x_wconf 83' lang='lat' dir='ltr'><strong>profitea-</strong></span> 
     </span>
    </p>
   </div>
   <div class='ocr_carea' id='block_1_101' title="bbox 2264 3746 3827 3830">
    <p class='ocr_par' dir='ltr' id='par_1_101' title="bbox 2264 3746 3827 3830">
     <span class='ocr_line' id='line_1_102' title="bbox 2264 3746 3827 3830; baseline 0.02 -33"><span class='ocrx_word' id='word_1_713' title='bbox 2264 3761 2383 3800; x_wconf 90' lang='lat' dir='ltr'><strong>mur</strong></span> <span class='ocrx_word' id='word_1_714' title='bbox 2415 3746 2648 3815; x_wconf 82' lang='lat' dir='ltr'><strong>Patrem,</strong></span> <span class='ocrx_word' id='word_1_715' title='bbox 2678 3758 2734 3807; x_wconf 90' lang='lat' dir='ltr'><strong>et</strong></span> <span class='ocrx_word' id='word_1_716' title='bbox 2760 3752 2974 3823; x_wconf 88' lang='lat' dir='ltr'><strong>Filium,</strong></span> <span class='ocrx_word' id='word_1_717' title='bbox 3008 3768 3062 3814; x_wconf 89' lang='lat' dir='ltr'><strong>et</strong></span> <span class='ocrx_word' id='word_1_718' title='bbox 3095 3759 3348 3830; x_wconf 90' lang='lat' dir='ltr'><strong>Spiritum</strong></span> <span class='ocrx_word' id='word_1_719' title='bbox 3391 3746 3636 3823; x_wconf 86' lang='lat' dir='ltr'><strong>sanctum</strong></span> <span class='ocrx_word' id='word_1_720' title='bbox 3667 3772 3827 3828; x_wconf 89' lang='lat' dir='ltr'><strong>unius</strong></span> 
     </span>
    </p>
   </div>
   <div class='ocr_carea' id='block_1_102' title="bbox 2261 3841 3820 3929">
    <p class='ocr_par' dir='ltr' id='par_1_102' title="bbox 2261 3841 3820 3929">
     <span class='ocr_line' id='line_1_103' title="bbox 2261 3841 3820 3929; baseline 0.019 -41"><span class='ocrx_word' id='word_1_721' title='bbox 2261 3841 2527 3904; x_wconf 69' lang='lat' dir='ltr'><strong>essentim,</strong></span> <span class='ocrx_word' id='word_1_722' title='bbox 2572 3842 2916 3916; x_wconf 84' lang='lat' dir='ltr'><strong>ejusdemque</strong></span> <span class='ocrx_word' id='word_1_723' title='bbox 2948 3855 3228 3921; x_wconf 83' lang='lat' dir='ltr'><strong>potestatis</strong></span> <span class='ocrx_word' id='word_1_724' title='bbox 3255 3863 3310 3911; x_wconf 90' lang='lat' dir='ltr'><strong>et</strong></span> <span class='ocrx_word' id='word_1_725' title='bbox 3356 3861 3820 3929; x_wconf 88' lang='lat' dir='ltr'><strong>scmpiternitatis.</strong></span> 
     </span>
    </p>
   </div>
   <div class='ocr_carea' id='block_1_103' title="bbox 2265 3923 3825 4031">
    <p class='ocr_par' dir='ltr' id='par_1_103' title="bbox 2265 3923 3825 4031">
     <span class='ocr_line' id='line_1_104' title="bbox 2265 3923 3825 4031; baseline 0.021 -53"><span class='ocrx_word' id='word_1_726' title='bbox 2265 3923 2436 3979; x_wconf 75' lang='lat' dir='ltr'><strong>limum</strong></span> <span class='ocrx_word' id='word_1_727' title='bbox 2468 3927 2632 3984; x_wconf 90' lang='lat' dir='ltr'><strong>Deum</strong></span> <span class='ocrx_word' id='word_1_728' title='bbox 2661 3933 3000 4004; x_wconf 82' lang='lat' dir='ltr'><strong>invisibilem,</strong></span> <span class='ocrx_word' id='word_1_729' title='bbox 3032 3943 3102 3996; x_wconf 91' lang='lat' dir='ltr'><strong>ita</strong></span> <span class='ocrx_word' id='word_1_730' title='bbox 3131 3954 3188 4000; x_wconf 91' lang='lat' dir='ltr'><strong>ut</strong></span> <span class='ocrx_word' id='word_1_731' title='bbox 3219 3946 3270 4000; x_wconf 92' lang='lat' dir='ltr'><strong>in</strong></span> <span class='ocrx_word' id='word_1_732' title='bbox 3301 3923 3526 4019; x_wconf 80' lang='lat' dir='ltr'><strong>singulis</strong></span> <span class='ocrx_word' id='word_1_733' title='bbox 3565 3969 3825 4031; x_wconf 87' lang='lat' dir='ltr'><strong>persona-</strong></span> 
     </span>
    </p>
   </div>
   <div class='ocr_carea' id='block_1_104' title="bbox 2264 4020 3824 4101">
    <p class='ocr_par' dir='ltr' id='par_1_104' title="bbox 2264 4020 3824 4101">
     <span class='ocr_line' id='line_1_105' title="bbox 2264 4020 3824 4101; baseline 0.022 -36"><span class='ocrx_word' id='word_1_734' title='bbox 2264 4029 2378 4067; x_wconf 87' lang='lat' dir='ltr'><strong>rum</strong></span> <span class='ocrx_word' id='word_1_735' title='bbox 2405 4020 2732 4087; x_wconf 89' lang='lat' dir='ltr'><strong>proprietate</strong></span> <span class='ocrx_word' id='word_1_736' title='bbox 2753 4035 2980 4094; x_wconf 89' lang='lat' dir='ltr'><strong>servata,</strong></span> <span class='ocrx_word' id='word_1_737' title='bbox 3011 4046 3108 4087; x_wconf 90' lang='lat' dir='ltr'><strong>nec</strong></span> <span class='ocrx_word' id='word_1_738' title='bbox 3136 4020 3824 4101; x_wconf 43' lang='lat' dir='ltr'><strong>substantialiterrTrinitas</strong></span> 
     </span>
    </p>
   </div>
   <div class='ocr_carea' id='block_1_105' title="bbox 2263 4103 3824 4190">
    <p class='ocr_par' dir='ltr' id='par_1_105' title="bbox 2263 4103 3824 4190">
     <span class='ocr_line' id='line_1_106' title="bbox 2263 4103 3824 4190; baseline 0.025 -37"><span class='ocrx_word' id='word_1_739' title='bbox 2263 4103 2442 4170; x_wconf 90' lang='lat' dir='ltr'><strong>dividi,</strong></span> <span class='ocrx_word' id='word_1_740' title='bbox 2471 4123 2569 4163; x_wconf 87' lang='lat' dir='ltr'><strong>nec</strong></span> <span class='ocrx_word' id='word_1_741' title='bbox 2589 4112 2946 4177; x_wconf 80' lang='lat' dir='ltr'><strong>personaliter</strong></span> <span class='ocrx_word' id='word_1_742' title='bbox 2971 4120 3160 4177; x_wconf 87' lang='lat' dir='ltr'><strong>debeat</strong></span> <span class='ocrx_word' id='word_1_743' title='bbox 3182 4127 3398 4182; x_wconf 90' lang='lat' dir='ltr'><strong>omnino</strong></span> <span class='ocrx_word' id='word_1_744' title='bbox 3423 4130 3694 4189; x_wconf 83' lang='lat' dir='ltr'><strong>confundi.</strong></span> <span class='ocrx_word' id='word_1_745' title='bbox 3723 4135 3824 4190; x_wconf 82' lang='lat' dir='ltr'><strong>Pa-</strong></span> 
     </span>
    </p>
   </div>
   <div class='ocr_carea' id='block_1_106' title="bbox 2264 4203 3818 4294">
    <p class='ocr_par' dir='ltr' id='par_1_106' title="bbox 2264 4203 3818 4294">
     <span class='ocr_line' id='line_1_107' title="bbox 2264 4203 3818 4294; baseline 0.024 -49"><span class='ocrx_word' id='word_1_746' title='bbox 2264 4203 2399 4249; x_wconf 87' lang='lat' dir='ltr'><strong>trem</strong></span> <span class='ocrx_word' id='word_1_747' title='bbox 2427 4213 2638 4268; x_wconf 88' lang='lat' dir='ltr'><strong>quoque</strong></span> <span class='ocrx_word' id='word_1_748' title='bbox 2681 4206 2922 4262; x_wconf 87' lang='lat' dir='ltr'><strong>confiteri</strong></span> <span class='ocrx_word' id='word_1_749' title='bbox 2963 4211 3279 4281; x_wconf 84' lang='lat' dir='ltr'><strong>ingenitum,</strong></span> <span class='ocrx_word' id='word_1_750' title='bbox 3327 4217 3519 4276; x_wconf 86' lang='lat' dir='ltr'><strong>Filium</strong></span> <span class='ocrx_word' id='word_1_751' title='bbox 3549 4226 3818 4294; x_wconf 88' lang='lat' dir='ltr'><strong>genitum,</strong></span> 
     </span>
    </p>
   </div>
   <div class='ocr_carea' id='block_1_107' title="bbox 2189 4282 3820 4381">
    <p class='ocr_par' dir='ltr' id='par_1_107' title="bbox 2189 4282 3820 4381">
     <span class='ocr_line' id='line_1_108' title="bbox 2189 4282 3820 4381; baseline 0.025 -50"><span class='ocrx_word' id='word_1_752' title='bbox 2189 4322 2233 4378; x_wconf 67' lang='grc' dir='ltr'><strong>Β</strong></span> <span class='ocrx_word' id='word_1_753' title='bbox 2264 4282 2518 4351; x_wconf 81' lang='lat' dir='ltr'><strong>Spiritum</strong></span> <span class='ocrx_word' id='word_1_754' title='bbox 2539 4302 2793 4349; x_wconf 84' lang='lat' dir='ltr'><strong>sanctum</strong></span> <span class='ocrx_word' id='word_1_755' title='bbox 2826 4314 2924 4354; x_wconf 88' lang='lat' dir='ltr'><strong>nec</strong></span> <span class='ocrx_word' id='word_1_756' title='bbox 2948 4303 3204 4371; x_wconf 76' lang='lat' dir='ltr'><strong>genitura,</strong></span> <span class='ocrx_word' id='word_1_757' title='bbox 3241 4322 3338 4361; x_wconf 90' lang='lat' dir='ltr'><strong>nec</strong></span> <span class='ocrx_word' id='word_1_758' title='bbox 3376 4309 3697 4381; x_wconf 76' lang='lat' dir='ltr'><strong>ingenitum;</strong></span> <span class='ocrx_word' id='word_1_759' title='bbox 3726 4316 3820 4373; x_wconf 81' lang='lat' dir='ltr'><strong>sed</strong></span> 
     </span>
    </p>
   </div>
   <div class='ocr_carea' id='block_1_108' title="bbox 2259 4371 3816 4461">
    <p class='ocr_par' dir='ltr' id='par_1_108' title="bbox 2259 4371 3816 4461">
     <span class='ocr_line' id='line_1_109' title="bbox 2259 4371 3816 4461; baseline 0.023 -35"><span class='ocrx_word' id='word_1_760' title='bbox 2259 4387 2317 4427; x_wconf 86' lang='lat' dir='ltr'><strong>c.\&#39;</strong></span> <span class='ocrx_word' id='word_1_761' title='bbox 2349 4371 2514 4431; x_wconf 85' lang='lat' dir='ltr'><strong>Patre</strong></span> <span class='ocrx_word' id='word_1_762' title='bbox 2545 4389 2598 4435; x_wconf 89' lang='lat' dir='ltr'><strong>et</strong></span> <span class='ocrx_word' id='word_1_763' title='bbox 2627 4382 2761 4438; x_wconf 83' lang='lat' dir='ltr'><strong>Filio</strong></span> <span class='ocrx_word' id='word_1_764' title='bbox 2792 4391 3189 4455; x_wconf 82' lang='lat' dir='ltr'><strong>pmcedentem.</strong></span> <span class='ocrx_word' id='word_1_765' title='bbox 3221 4394 3413 4452; x_wconf 88' lang='lat' dir='ltr'><strong>Filium</strong></span> <span class='ocrx_word' id='word_1_766' title='bbox 3434 4371 3486 4454; x_wconf 58' lang='grc' dir='ltr'><strong>-ιι</strong></span> <span class='ocrx_word' id='word_1_767' title='bbox 3533 4371 3696 4460; x_wconf 44' lang='lat' dir='ltr'><strong>Patre,</strong></span> <span class='ocrx_word' id='word_1_768' title='bbox 3719 4371 3816 4461; x_wconf 55' lang='lat' dir='ltr'><strong>na:</strong></span> 
     </span>
    </p>
   </div>
   <div class='ocr_carea' id='block_1_109' title="bbox 2259 4471 3820 4570">
    <p class='ocr_par' dir='ltr' id='par_1_109' title="bbox 2259 4471 3820 4570">
     <span class='ocr_line' id='line_1_110' title="bbox 2259 4471 3820 4570; baseline 0.024 -54"><span class='ocrx_word' id='word_1_769' title='bbox 2259 4471 2459 4527; x_wconf 76' lang='lat' dir='ltr'><strong>scendo</strong></span> <span class='ocrx_word' id='word_1_770' title='bbox 2494 4474 2804 4539; x_wconf 87' lang='lat' dir='ltr'><strong>procedere,</strong></span> <span class='ocrx_word' id='word_1_771' title='bbox 2854 4475 3112 4547; x_wconf 88' lang='lat' dir='ltr'><strong>Spiritum</strong></span> <span class='ocrx_word' id='word_1_772' title='bbox 3161 4499 3288 4540; x_wconf 92' lang='lat' dir='ltr'><strong>vero</strong></span> <span class='ocrx_word' id='word_1_773' title='bbox 3338 4499 3583 4570; x_wconf 79' lang='lat' dir='ltr'><strong>sanctum</strong></span> <span class='ocrx_word' id='word_1_774' title='bbox 3631 4510 3820 4564; x_wconf 80' lang='lat' dir='ltr'><strong>proce-</strong></span> 
     </span>
    </p>
   </div>
   <div class='ocr_carea' id='block_1_110' title="bbox 2261 4553 3820 4651">
    <p class='ocr_par' dir='ltr' id='par_1_110' title="bbox 2261 4553 3820 4651">
     <span class='ocr_line' id='line_1_111' title="bbox 2261 4553 3820 4651; baseline 0.023 -47"><span class='ocrx_word' id='word_1_775' title='bbox 2261 4553 2430 4608; x_wconf 85' lang='lat' dir='ltr'><strong>dendo</strong></span> <span class='ocrx_word' id='word_1_776' title='bbox 2457 4573 2560 4610; x_wconf 91' lang='lat' dir='ltr'><strong>non</strong></span> <span class='ocrx_word' id='word_1_777' title='bbox 2589 4561 2755 4614; x_wconf 84' lang='lat' dir='ltr'><strong>nasci.</strong></span> <span class='ocrx_word' id='word_1_778' title='bbox 2785 4562 2959 4633; x_wconf 90' lang='lat' dir='ltr'><strong>Ipsum</strong></span> <span class='ocrx_word' id='word_1_779' title='bbox 2983 4583 3110 4624; x_wconf 88' lang='lat' dir='ltr'><strong>vero</strong></span> <span class='ocrx_word' id='word_1_780' title='bbox 3137 4571 3332 4628; x_wconf 85' lang='lat' dir='ltr'><strong>Filium</strong></span> <span class='ocrx_word' id='word_1_781' title='bbox 3355 4591 3422 4651; x_wconf 77' lang='lat' dir='ltr'><strong>ex</strong></span> <span class='ocrx_word' id='word_1_782' title='bbox 3443 4559 3672 4651; x_wconf 41' lang='lat' dir='ltr'><strong>‘Virgine</strong></span> <span class='ocrx_word' id='word_1_783' title='bbox 3703 4585 3820 4639; x_wconf 87' lang='lat' dir='ltr'><strong>sine</strong></span> 
     </span>
    </p>
   </div>
   <div class='ocr_carea' id='block_1_111' title="bbox 2260 4644 3821 4739">
    <p class='ocr_par' dir='ltr' id='par_1_111' title="bbox 2260 4644 3821 4739">
     <span class='ocr_line' id='line_1_112' title="bbox 2260 4644 3821 4739; baseline 0.026 -43"><span class='ocrx_word' id='word_1_784' title='bbox 2260 4656 2482 4713; x_wconf 87' lang='lat' dir='ltr'><strong>peccato</strong></span> <span class='ocrx_word' id='word_1_785' title='bbox 2539 4651 2808 4710; x_wconf 89' lang='lat' dir='ltr'><strong>hominem</strong></span> <span class='ocrx_word' id='word_1_786' title='bbox 2854 4663 3184 4738; x_wconf 82' lang='lat' dir='ltr'><strong>suscepisse,</strong></span> <span class='ocrx_word' id='word_1_787' title='bbox 3226 4676 3285 4721; x_wconf 89' lang='lat' dir='ltr'><strong>ut</strong></span> <span class='ocrx_word' id='word_1_788' title='bbox 3327 4644 3485 4739; x_wconf 78' lang='lat' dir='ltr'><strong>qitem</strong></span> <span class='ocrx_word' id='word_1_789' title='bbox 3521 4675 3629 4731; x_wconf 87' lang='lat' dir='ltr'><strong>sola</strong></span> <span class='ocrx_word' id='word_1_790' title='bbox 3669 4677 3821 4735; x_wconf 88' lang='lat' dir='ltr'><strong>boni-</strong></span> 
     </span>
    </p>
   </div>
   <div class='ocr_carea' id='block_1_112' title="bbox 2263 4745 3819 4846">
    <p class='ocr_par' dir='ltr' id='par_1_112' title="bbox 2263 4745 3819 4846">
     <span class='ocr_line' id='line_1_113' title="bbox 2263 4745 3819 4846; baseline 0.026 -58"><span class='ocrx_word' id='word_1_791' title='bbox 2263 4745 2369 4790; x_wconf 90' lang='lat' dir='ltr'><strong>tate</strong></span> <span class='ocrx_word' id='word_1_792' title='bbox 2393 4753 2723 4843; x_wconf 57' lang='lat' dir='ltr'><strong>creaverat,.</strong></span> <span class='ocrx_word' id='word_1_793' title='bbox 2740 4761 2927 4818; x_wconf 88' lang='lat' dir='ltr'><strong>sponte</strong></span> <span class='ocrx_word' id='word_1_794' title='bbox 2954 4753 3160 4823; x_wconf 87' lang='lat' dir='ltr'><strong>lapsum</strong></span> <span class='ocrx_word' id='word_1_795' title='bbox 3208 4761 3627 4823; x_wconf 88' lang='lat' dir='ltr'><strong>misericorditer</strong></span> <span class='ocrx_word' id='word_1_796' title='bbox 3667 4787 3819 4846; x_wconf 82' lang='lat' dir='ltr'><strong>nepa—</strong></span> 
     </span>
    </p>
   </div>
   <div class='ocr_carea' id='block_1_113' title="bbox 2264 4824 3820 4919">
    <p class='ocr_par' dir='ltr' id='par_1_113' title="bbox 2264 4824 3820 4919">
     <span class='ocr_line' id='line_1_114' title="bbox 2264 4824 3820 4919; baseline 0.027 -41"><span class='ocrx_word' id='word_1_797' title='bbox 2264 4838 2422 4883; x_wconf 84' lang='lat' dir='ltr'><strong>raret.</strong></span> <span class='ocrx_word' id='word_1_798' title='bbox 2467 4832 2634 4899; x_wconf 85' lang='lat' dir='ltr'><strong>Quem</strong></span> <span class='ocrx_word' id='word_1_799' title='bbox 2674 4824 2934 4897; x_wconf 52' lang='lat' dir='ltr'><strong>veraciter</strong></span> <span class='ocrx_word' id='word_1_800' title='bbox 2974 4850 3309 4916; x_wconf 80' lang='lat' dir='ltr'><strong>crucifixum,</strong></span> <span class='ocrx_word' id='word_1_801' title='bbox 3339 4863 3394 4909; x_wconf 90' lang='lat' dir='ltr'><strong>et</strong></span> <span class='ocrx_word' id='word_1_802' title='bbox 3426 4859 3578 4913; x_wconf 88' lang='lat' dir='ltr'><strong>tertia</strong></span> <span class='ocrx_word' id='word_1_803' title='bbox 3621 4824 3820 4919; x_wconf 47' lang='grc' dir='ltr'><strong>ϐίος-ο-</strong></span> 
     </span>
    </p>
   </div>
   <div class='ocr_carea' id='block_1_114' title="bbox 2259 4924 3816 5020">
    <p class='ocr_par' dir='ltr' id='par_1_114' title="bbox 2259 4924 3816 5020">
     <span class='ocr_line' id='line_1_115' title="bbox 2259 4924 3816 5020; baseline 0.028 -53"><span class='ocrx_word' id='word_1_804' title='bbox 2259 4924 2576 4988; x_wconf 74' lang='lat' dir='ltr'><strong>surrexisse,</strong></span> <span class='ocrx_word' id='word_1_805' title='bbox 2612 4936 2662 4980; x_wconf 88' lang='lat' dir='ltr'><strong>et</strong></span> <span class='ocrx_word' id='word_1_806' title='bbox 2702 4946 2821 4985; x_wconf 82' lang='lat' dir='ltr'><strong>cum</strong></span> <span class='ocrx_word' id='word_1_807' title='bbox 2862 4938 3047 4991; x_wconf 88' lang='lat' dir='ltr'><strong>eadem</strong></span> <span class='ocrx_word' id='word_1_808' title='bbox 3076 4941 3187 5008; x_wconf 88' lang='lat' dir='ltr'><strong>ipsa</strong></span> <span class='ocrx_word' id='word_1_809' title='bbox 3221 4959 3382 5001; x_wconf 86' lang='lat' dir='ltr'><strong>carne</strong></span> <span class='ocrx_word' id='word_1_810' title='bbox 3410 4949 3703 5020; x_wconf 83' lang='lat' dir='ltr'><strong>glorificata</strong></span> <span class='ocrx_word' id='word_1_811' title='bbox 3731 4970 3816 5009; x_wconf 82' lang='lat' dir='ltr'><strong>as-</strong></span> 
     </span>
    </p>
   </div>
   <div class='ocr_carea' id='block_1_115' title="bbox 2258 5009 3814 5107">
    <p class='ocr_par' dir='ltr' id='par_1_115' title="bbox 2258 5009 3814 5107">
     <span class='ocr_line' id='line_1_116' title="bbox 2258 5009 3814 5107; baseline 0.026 -49"><span class='ocrx_word' id='word_1_812' title='bbox 2258 5009 2498 5068; x_wconf 79' lang='lat' dir='ltr'><strong>cendisse</strong></span> <span class='ocrx_word' id='word_1_813' title='bbox 2535 5015 2586 5068; x_wconf 93' lang='lat' dir='ltr'><strong>in</strong></span> <span class='ocrx_word' id='word_1_814' title='bbox 2617 5020 2831 5086; x_wconf 74' lang='lat' dir='ltr'><strong>cmlum,</strong></span> <span class='ocrx_word' id='word_1_815' title='bbox 2870 5024 2924 5078; x_wconf 91' lang='lat' dir='ltr'><strong>in</strong></span> <span class='ocrx_word' id='word_1_816' title='bbox 2967 5041 3070 5095; x_wconf 89' lang='lat' dir='ltr'><strong>qua</strong></span> <span class='ocrx_word' id='word_1_817' title='bbox 3103 5032 3166 5085; x_wconf 88' lang='lat' dir='ltr'><strong>ad</strong></span> <span class='ocrx_word' id='word_1_818' title='bbox 3203 5031 3466 5102; x_wconf 89' lang='lat' dir='ltr'><strong>judicium</strong></span> <span class='ocrx_word' id='word_1_819' title='bbox 3495 5040 3734 5096; x_wconf 89' lang='lat' dir='ltr'><strong>vivorum</strong></span> <span class='ocrx_word' id='word_1_820' title='bbox 3763 5054 3814 5107; x_wconf 81' lang='lat' dir='ltr'><strong>et</strong></span> 
     </span>
    </p>
   </div>
   <div class='ocr_carea' id='block_1_116' title="bbox 2261 5108 3814 5197">
    <p class='ocr_par' dir='ltr' id='par_1_116' title="bbox 2261 5108 3814 5197">
     <span class='ocr_line' id='line_1_117' title="bbox 2261 5108 3814 5197; baseline 0.025 -48"><span class='ocrx_word' id='word_1_821' title='bbox 2261 5108 2590 5158; x_wconf 91' lang='lat' dir='ltr'><strong>mortuorum</strong></span> <span class='ocrx_word' id='word_1_822' title='bbox 2621 5121 2961 5178; x_wconf 80' lang='lat' dir='ltr'><strong>exspectatur</strong></span> <span class='ocrx_word' id='word_1_823' title='bbox 2987 5127 3259 5177; x_wconf 84' lang='lat' dir='ltr'><strong>venturus.</strong></span> <span class='ocrx_word' id='word_1_824' title='bbox 3295 5125 3361 5181; x_wconf 88' lang='lat' dir='ltr'><strong>Et</strong></span> <span class='ocrx_word' id='word_1_825' title='bbox 3405 5129 3548 5197; x_wconf 90' lang='lat' dir='ltr'><strong>quod</strong></span> <span class='ocrx_word' id='word_1_826' title='bbox 3582 5130 3814 5188; x_wconf 86' lang='lat' dir='ltr'><strong>divinam</strong></span> 
     </span>
    </p>
   </div>
   <div class='ocr_carea' id='block_1_117' title="bbox 2260 5189 3812 5287">
    <p class='ocr_par' dir='ltr' id='par_1_117' title="bbox 2260 5189 3812 5287">
     <span class='ocr_line' id='line_1_118' title="bbox 2260 5189 3812 5287; baseline 0.024 -47"><span class='ocrx_word' id='word_1_827' title='bbox 2260 5189 2652 5264; x_wconf 84' lang='lat' dir='ltr'><strong>humanamque</strong></span> <span class='ocrx_word' id='word_1_828' title='bbox 2674 5201 3051 5272; x_wconf 88' lang='lat' dir='ltr'><strong>substantiam,</strong></span> <span class='ocrx_word' id='word_1_829' title='bbox 3077 5210 3126 5264; x_wconf 93' lang='lat' dir='ltr'><strong>in</strong></span> <span class='ocrx_word' id='word_1_830' title='bbox 3151 5216 3374 5284; x_wconf 86' lang='lat' dir='ltr'><strong>utroque</strong></span> <span class='ocrx_word' id='word_1_831' title='bbox 3397 5216 3685 5287; x_wconf 69' lang='lat' dir='ltr'><strong>perfectus,</strong></span> <span class='ocrx_word' id='word_1_832' title='bbox 3710 5239 3812 5278; x_wconf 85' lang='lat' dir='ltr'><strong>una</strong></span> 
     </span>
    </p>
   </div>
   <div class='ocr_carea' id='block_1_118' title="bbox 2257 5278 3816 5380">
    <p class='ocr_par' dir='ltr' id='par_1_118' title="bbox 2257 5278 3816 5380">
     <span class='ocr_line' id='line_1_119' title="bbox 2257 5278 3816 5380; baseline 0.024 -50"><span class='ocrx_word' id='word_1_833' title='bbox 2257 5278 2502 5336; x_wconf 89' lang='lat' dir='ltr'><strong>Christus</strong></span> <span class='ocrx_word' id='word_1_834' title='bbox 2552 5300 2779 5352; x_wconf 89' lang='lat' dir='ltr'><strong>persona</strong></span> <span class='ocrx_word' id='word_1_835' title='bbox 2829 5299 3145 5366; x_wconf 80' lang='lat' dir='ltr'><strong>gestaverit;</strong></span> <span class='ocrx_word' id='word_1_836' title='bbox 3199 5305 3321 5373; x_wconf 90' lang='lat' dir='ltr'><strong>quia</strong></span> <span class='ocrx_word' id='word_1_837' title='bbox 3371 5321 3470 5361; x_wconf 81' lang='lat' dir='ltr'><strong>nec</strong></span> <span class='ocrx_word' id='word_1_838' title='bbox 3527 5310 3816 5380; x_wconf 84' lang='lat' dir='ltr'><strong>geminavit</strong></span> 
     </span>
    </p>
   </div>
   <div class='ocr_carea' id='block_1_119' title="bbox 2261 5371 3815 5482">
    <p class='ocr_par' dir='ltr' id='par_1_119' title="bbox 2261 5371 3815 5482">
     <span class='ocr_line' id='line_1_120' title="bbox 2261 5371 3815 5482; baseline 0.021 -60"><span class='ocrx_word' id='word_1_839' title='bbox 2261 5371 2536 5440; x_wconf 87' lang='lat' dir='ltr'><strong>utriusque</strong></span> <span class='ocrx_word' id='word_1_840' title='bbox 2575 5377 2885 5436; x_wconf 79' lang='lat' dir='ltr'><strong>substantia:</strong></span> <span class='ocrx_word' id='word_1_841' title='bbox 2914 5384 3188 5458; x_wconf 86' lang='lat' dir='ltr'><strong>integritas</strong></span> <span class='ocrx_word' id='word_1_842' title='bbox 3217 5371 3663 5461; x_wconf 49' lang='lat' dir='ltr'><strong>personant,&#39;tiec</strong></span> <span class='ocrx_word' id='word_1_843' title='bbox 3686 5415 3815 5482; x_wconf 64' lang='lat' dir='ltr'><strong>con;-</strong></span> 
     </span>
     <span class='ocr_line' id='line_1_121' title="bbox 2263 5458 2833 5482; baseline 0 0"><span class='ocrx_word' id='word_1_844' title='bbox 2263 5458 2388 5482; x_wconf 75' lang='lat' dir='ltr'><strong>l&quot;...l2.</strong></span> <span class='ocrx_word' id='word_1_845' title='bbox 2429 5465 2619 5482; x_wconf 26' lang='grc' dir='ltr'><strong>,ξηξη</strong></span> <span class='ocrx_word' id='word_1_846' title='bbox 2803 5473 2833 5482; x_wconf 59' lang='lat'><strong>.,</strong></span> 
     </span>
    </p>
   </div>
   <div class='ocr_carea' id='block_1_120' title="bbox 2262 5458 3814 5548">
    <p class='ocr_par' dir='ltr' id='par_1_120' title="bbox 2262 5458 3814 5548">
     <span class='ocr_line' id='line_1_122' title="bbox 2262 5458 3814 5548; baseline 0.026 -40"><span class='ocrx_word' id='word_1_847' title='bbox 2262 5458 2394 5512; x_wconf 87' lang='lat' dir='ltr'><strong>fudit</strong></span> <span class='ocrx_word' id='word_1_848' title='bbox 2424 5465 2687 5530; x_wconf 76' lang='lat' dir='ltr'><strong>geminam</strong></span> <span class='ocrx_word' id='word_1_849' title='bbox 2726 5473 2901 5528; x_wconf 87' lang='lat' dir='ltr'><strong>unitas</strong></span> <span class='ocrx_word' id='word_1_850' title='bbox 2943 5493 3178 5544; x_wconf 66' lang='lat' dir='ltr'><strong>persouw</strong></span> <span class='ocrx_word' id='word_1_851' title='bbox 3227 5458 3598 5544; x_wconf 73' lang='lat' dir='ltr'><strong>substantiam.</strong></span> <span class='ocrx_word' id='word_1_852' title='bbox 3631 5463 3814 5548; x_wconf 71' lang='lat' dir='ltr'><strong>Altero</strong></span> 
     </span>
    </p>
   </div>
   <div class='ocr_carea' id='block_1_121' title="bbox 2335 5567 3299 5660">
    <p class='ocr_par' dir='ltr' id='par_1_121' title="bbox 2335 5567 3299 5660">
     <span class='ocr_line' id='line_1_123' title="bbox 2335 5567 3299 5660; baseline 0.028 -42"><span class='ocrx_word' id='word_1_853' title='bbox 2335 5568 2357 5604; x_wconf 75' lang='grc' dir='ltr'><strong>ι’</strong></span> <span class='ocrx_word' id='word_1_854' title='bbox 2395 5567 2454 5620; x_wconf 61' lang='lat' dir='ltr'><strong>lit</strong></span> <span class='ocrx_word' id='word_1_855' title='bbox 2491 5570 2644 5647; x_wconf 79' lang='lat' dir='ltr'><strong>eod.,</strong></span> <span class='ocrx_word' id='word_1_856' title='bbox 2676 5575 2826 5645; x_wconf 59' lang='lat' dir='ltr'><strong>ibid,</strong></span> <span class='ocrx_word' id='word_1_857' title='bbox 2859 5582 2947 5638; x_wconf 87' lang='lat' dir='ltr'><strong>lib.</strong></span> <span class='ocrx_word' id='word_1_858' title='bbox 2977 5602 3036 5651; x_wconf 83' lang='lat' dir='ltr'><strong>ll,</strong></span> <span class='ocrx_word' id='word_1_859' title='bbox 3067 5604 3185 5660; x_wconf 80' lang='lat' dir='ltr'><strong>cap.</strong></span> <span class='ocrx_word' id='word_1_860' title='bbox 3215 5592 3299 5647; x_wconf 70' lang='lat'><strong>‘25.</strong></span> 
     </span>
    </p>
   </div>
  </div>
