4232 6222
420 187 558 246 i285

1225 186 1375 243 OPP.
1418 182 1817 242 SUPPOSITA.
1855 212 1925 223 -—
1960 182 2089 236 LIB.
2129 181 2215 237 DE
2253 179 2501 237 DIVINIS
2539 182 2845 239 OFFlCllS.

3537 188 3679 244 1986

417 302 607 373 quippc
628 309 888 362 neutrum
918 302 1174 367 exclusit,
1203 302 1329 371 quia
1376 310 1666 369 utrumque
1699 298 1859 352 unius
1904 297 1985 350 in-
2016 306 2061 361 Α
2093 297 2163 352 ita
2193 305 2253 350 ut
2281 296 2597 366 poenitemia
2627 295 2898 351 fructuosa
2927 296 3176 350 universa
3210 296 3477 351 fateamur
3504 295 3674 352 deleri

421 401 680 448 temerato
701 390 827 461 jure
868 392 1132 455 servavit,
1182 391 1326 460 quod
1365 389 1495 444 Novi
1527 396 1581 443 et
1626 387 1841 443 Veteris
1886 384 1991 438 Te-

418 482 672 537 atamenti
716 481 950 535 salubris
989 481 1331 535 commendat
1374 477 1714 533 auctoritas:
1764 474 1855 529 illa
1895 489 1993 544 per

419 571 753 642 prophetiam
773 612 789 637 ,
850 570 955 626 ista
1003 585 1099 640 per
1158 565 1435 625 historiam
1486 567 1755 623 veraciter
1800 580 1988 635 perso-

420 662 609 717 lutam.

488 753 557 808 Et
582 753 725 824 quod
756 768 931 826 neque
957 754 1023 809 de
1060 752 1192 819 Deo,
1227 767 1403 823 neque
1431 753 1496 806 de
1523 759 1773 807 creatura
1802 749 1984 805 saeculi

419 844 492 897 sit
527 858 648 898 cum
676 844 900 915 paganis
926 850 1020 897 aut
1061 857 1184 898 cum
1218 841 1490 897 haereticis
1523 839 1724 910 aliquid
1753 838 1991 893 sentien-

419 935 545 989 dum
572 935 625 989 in
657 935 765 1001 bis,
788 933 983 1006 quibus
1017 950 1047 989 a
1074 934 1307 990 veritate
1337 932 1688 996 dissentiunt;
1718 933 1812 987 Sed
1845 931 1990 1000 quod

419 1026 473 1079 in
502 1033 731 1094 utroque
759 1018 1115 1090 Testamento.
1132 1024 1313 1079 divina
1339 1028 1707 1095 protestantur
1751 1021 1988 1093 eloquia,

420 1116 521 1173 hoc
545 1114 917 1170 tantummodo
958 1114 1335 1170 sentiendum:
1366 1112 1509 1183 quod
1553 1112 1666 1167 sive
1694 1112 1989 1177 hominem,
2024 1098 2029 1109 ⁴

418 1204 532 1261 sive
562 1207 837 1271 universa,
862 1204 1009 1259 nulla
1034 1203 1355 1259 necessitate
1380 1202 1522 1257 Deus
1545 1203 1845 1267 creaverit;
1875 1201 1990 1255 nul-

419 1294 523 1349 lam
554 1309 673 1350 esse
697 1296 917 1350 omnino
957 1292 1246 1358 visibilem,
1274 1291 1707 1361 invisibilemque
1737 1291 1990 1347 substan-

418 1385 568 1448 tiam,
601 1384 703 1440 nisi
746 1392 843 1440 aut
886 1400 1008 1455 qua:
1049 1383 1192 1440 Deus
1216 1383 1308 1449 sit,
1351 1391 1446 1438 aut
1470 1398 1501 1436 a
1526 1383 1669 1437 bono
1702 1381 1815 1436 Deo
1849 1381 1989 1436 bona

418 1482 600 1530 creata
625 1475 727 1540 sit;
755 1476 851 1531 sed
879 1475 1023 1530 Deus
1049 1488 1258 1531 summe
1283 1481 1339 1529 et
1362 1472 1878 1530 incommutabiliter
1902 1473 1995 1529 bo-

418 1578 539 1628 nus,
575 1572 823 1618 creatura
850 1578 979 1618 vero
1015 1561 1241 1619 inferius
1264 1570 1323 1617 et
1354 1562 1689 1632 mutabiliter
1730 1564 1906 1629 bona;
1934 1570 1993 1617 et

2088 393 2333 454 peccata,
2370 386 2509 440 sicut
2550 387 2809 454 scriptum
2843 395 2963 439 est:
2997 385 3147 439 Beati
3185 403 3407 455 quorum
3446 403 3677 441 remissa:

2086 484 2211 529 sunt
2238 475 2561 545 iniquitates,
2585 485 2633 529 et
2659 490 2881 545 quorum
2913 485 3045 529 tecta
3068 486 3190 530 sunt
3213 487 3445 547 peccata.
3480 478 3676 531 Beatus

2088 566 2168 619 rir
2189 566 2275 619 cui
2303 582 2408 619 non
2434 566 2705 636 imputavit
2728 566 2976 620 Dominus
3003 571 3272 636 peccatum
3317 564 3490 638 (l’sal.
3524 583 3673 632 uxr,
3730 562 3733 567 λ

2091 653 2253 724 1,2).
2612 678 2621 687 -
3343 707 3348 713 .

2159 744 2374 799 Nullum
2398 759 2615 816 quoque
2639 746 2752 800 suis
2780 746 3009 811 viribus,
3044 746 3137 800 scd
3167 741 3263 817 per
3290 746 3526 801 divinam
3553 762 3676 816 gra-

2094 840 2222 894 tiam
2256 840 2419 910 capiti
2445 840 2666 895 Christo
2692 839 2959 910 subjungi,
2990 849 3155 909 atque
3184 839 3497 909 indisrupta:
3524 840 3675 910 pacis

2090 930 2573 1001 perseverantiam,
2600 932 2655 984 in
2696 930 2903 984 unitate
2930 929 3186 984 Ecclesiae
3215 930 3384 998 ipsius
3410 930 3629 985 solidari
3659 949 3671 982 :

2090 1031 2191 1071 nec
2224 1018 2476 1071 humanae
2501 1016 2796 1071 voluntatis
2840 1015 3071 1070 arbitrio
3098 1015 3223 1070 boni
3253 1016 3549 1086 quidquam
3584 1016 3676 1071 de-

2091 1108 2388 1178 putandum
2434 1108 2726 1175 testimari;
2774 1110 3066 1163 secundum
3102 1109 3438 1179 propositum
3481 1109 3675 1163 volun-

2092 1198 2218 1253 tatis
2243 1197 2337 1252 Dei
2366 1212 2581 1252 omnem
2608 1212 2894 1252 numerum
2923 1198 3220 1252 electorum
3257 1197 3494 1267 acquiri;
3527 1198 3668 1253 bona

2090 1303 2305 1360 quoque
2335 1288 2649 1357 temporalia
2678 1288 2836 1342 bonis
2873 1287 3137 1356 malisque
3174 1289 3478 1343 communia
3509 1306 3538 1343 a
3564 1288 3676 1344 Deo

2092 1377 2288 1443 creari,
2316 1375 2541 1447 ejusque
2564 1376 2965 1447 dispensatione
2993 1376 3223 1447 singulis
3251 1378 3553 1448 quibusque
3591 1379 3676 1433 vel

2092 1470 2256 1525 tribui
2292 1469 2375 1524 Vel
2408 1470 2635 1539 negari:
2676 1484 2908 1539 quorum
2950 1459 3215 1525 bonorum
3258 1470 3313 1524 in
3353 1486 3677 1542 unoquoque

2095 1559 2335 1616 fidelium
2361 1574 2467 1614 non
2500 1560 2736 1625 habitus,
2764 1560 2858 1615 sed
2880 1574 3008 1614 usus
3036 1569 3131 1613 aut
3159 1559 3543 1630 improbandus
3567 1570 3673 1626 est,

418 1655 782 1733 quod'animte
822 1655 974 1727 origo
1005 1654 1210 1710 incerta
1241 1654 1343 1721 sit,
1370 1660 1425 1710 et
1472 1654 1617 1725 quod
1658 1653 1987 1725 Angelorum
2019 1646 2065 1706 B
2093 1661 2186 1706 aut
2223 1651 2573 1722 probandus;
2624 1659 2776 1707 certa
2822 1667 2954 1707 vero
2995 1659 3303 1721 aeternaque
3347 1652 3490 1706 bona
3532 1652 3679 1708 solos

417 1757 610 1803 natura
643 1748 727 1803 vel
755 1749 949 1803 animm
989 1763 1097 1802 non
1134 1747 1206 1803 sit
1248 1761 1377 1816 pars
1404 1746 1600 1802 divinae
1643 1744 1986 1804 substantia:

402 1837 512 1905 sed
545 1837 641 1899 hci
668 1845 917 1893 creatura
958 1851 1024 1892 ex
1052 1836 1220 1891 nihilo
1243 1836 1477 1892 condita.
1518 1833 1643 1891 Ideo
1672 1836 1990 1905 incorporea

356 1944 357 1947 ‘
417 1928 593 1983 anima
640 1928 843 1998 absque
886 1928 1081 1993 dubio,
1109 1935 1165 1983 et
1200 1927 1310 1983 Deo
1341 1934 1398 1983 et
1443 1907 1670 2000 angelis,
1715 1942 1747 1982 a
1790 1926 1990 1997 quibus

416 2016 794 2087 comprehendi
820 2025 876 2072 et
909 2016 1192 2073 transferri
1219 2025 1415 2087 potest,
1446 2031 1706 2087 corporea
1731 2032 1853 2072 esse
1879 2016 1990 2072 evi-

417 2109 607 2164 denter
634 2108 935 2164 ostenditur
955 2121 1002 2162 ει.
1044 2108 1127 2164 Ad
1152 2109 1442 2180 imaginem
1469 2117 1649 2165 autem
1679 2109 1776 2165 Dei
1804 2120 1988 2167 creata

416 2206 519 2264 est,
541 2198 741 2269 pietate
759 2213 990 2264 morum,
1016 2198 1134 2253 sine
1153 2213 1260 2269 qua
1283 2197 1417 2253 ﬁdes
1439 2198 1608 2255 divini
1632 2199 1987 2273 cultus‘[non]

414 2289 712 2358 perﬁcitur.
760 2289 827 2344 Et
858 2297 918 2345 ut
954 2290 1324 2361 unusquisque
1371 2290 1572 2355 Deum,
1612 2286 1990 2361 proximumve

418 2381 476 2435 in
504 2380 615 2437 Deo
642 2382 889 2454 diligens,
937 2398 1108 2453 usque
1150 2382 1219 2436 ad
1264 2381 1607 2438 dilectionem
1644 2398 1859 2453 quoque
1886 2384 1990 2438 ini-

418 2473 682 2529 micorum
721 2475 1085 2546 pertendendo
1116 2475 1384 2547 proficiat,
1426 2484 1483 2530 ut
1509 2474 1840 2546 proﬁciendo
1866 2491 1992 2547 per-

418 2563 623 2618 veniat.

487 2654 727 2711 Alterum
752 2668 962 2726 quoque
980 2653 1203 2711 alterius
1229 2654 1396 2725 pollui
1418 2669 1523 2710 non
1549 2670 1713 2725 posse
1739 2664 1987 2725 peccato,

417 2744 509 2800 ubi
536 2759 637 2815 par
665 2744 913 2799 voluntas
950 2760 1056 2800 non
1100 2751 1312 2800 tenetur
1352 2746 1655 2801 consensio.
1696 2742 1992 2816 Legitimas

418 2834 634 2903 nuptias
659 2848 764 2888 non
794 2834 938 2891 credi
964 2834 1265 2900 damnatas,
1292 2834 1418 2891 licet
1440 2850 1508 2890 ex
1536 2834 1617 2891 eis
1645 2850 1858 2906 quoque
1881 2835 1990 2892 ori-

417 2921 582 2991 ginali
617 2930 838 2991 peccato
888 2923 1121 2979 obnoxia
1167 2925 1419 2988 credatur
1466 2924 1615 2980 nasci
1665 2926 1985 2995 posteritas,

417 2982 603 3082 sisque
617 2982 744 3082 :iure
768 3013 1003 3070 ﬁdelium
1032 2985 1409 3084 virginum'vel
1433 2982 1825 3070 continentium
1848 2982 1990 3085 prae;
2015 2982 2061 3044 δ

420 3101 640 3159 ferenda
684 3105 942 3161 doceatur
986 3105 1289 3177 integritas.
1345 3104 1456 3161 Nec
1492 3121 1656 3161 unum
1704 3107 1990 3164 Trinitatis

418 3194 705 3265 baptisma,
728 3195 872 3265 quod
899 3195 1052 3252 nefas
1074 3204 1177 3264 est,
1206 3197 1465 3265 iteretur,
1495 3213 1668 3270 neque
1692 3214 1791 3270 pro
1814 3201 1987 3257 diver-

418 3284 578 3342 sitate
610 3287 941 3343 tradentium
984 3286 1356 3344 ministrorum
1382 3288 1610 3359 singulis
1629 3299 1847 3359 putetur
1873 3292 1991 3361 qui-

354 3392 359 3397 '
418 3372 623 3446 basque
649 3377 907 3445 conferri,
948 3378 1045 3434 sed
1068 3392 1100 3433 a
1144 3377 1256 3453 Deo
1300 3378 1559 3451 singulari
1600 3388 1868 3450 potestate
1896 3382 1991 3437 do-

418 3468 566 3526 nari.
602 3467 682 3524 De
720 3483 827 3538 quo
864 3469 1066 3525 dictum
1099 3467 1365 3538 legimus:
1394 3468 1567 3539 Super
1604 3487 1758 3540 quem
1800 3472 1991 3527 videris

421 3553 678 3627 Spiritum
704 3556 1093 3617 descendentem
1124 3565 1175 3611 et
1212 3565 1504 3613 meantem
1536 3574 1693 3628 auger
1723 3575 1865 3625 um,
1903 3560 1990 3614 hic

419 3657 513 3714 est,
541 3649 630 3719 qui
657 3647 882 3719 baptizat
910 3649 964 3702 ia
986 3646 1188 3718 Spiritu
1213 3658 1426 3713 sancto;
1447 3657 1495 3703 et
1519 3665 1611 3717 ego
1636 3649 1743 3704 vidi
1768 3659 1817 3705 et
1846 3652 1990 3706 testi-

420 3739 651 3792 monium
691 3738 955 3808 perlaibui,
986 3734 1110 3810 quia
1154 3738 1238 3793 hic
1271 3747 1346 3793 est
1383 3736 1559 3794 Filius
1592 3739 1688 3795 Dei
1720 3741 1904 3813 (Joaa.
1934 3759 1984 3807 I,

420 3827 510 3891 5'5,
534 3827 647 3897 54).
676 3828 744 3882 Et
772 3814 843 3881 ne
885 3827 1215 3899 penitentla‘.
1258 3828 1510 3887 remediis
1552 3843 1651 3885 nos
1677 3845 1835 3902 egere
1881 3848 1989 3888 non

421 3923 676 3987 putemus
698 3930 797 3986 pro
823 3908 1159 3995 quotidiani;
1190 3917 1438 3975 hum
1469 3916 1776 3990 fragilitatis
1802 3936 1989 3978 exces-

423 4006 592 4072 sibus,
622 4005 738 4059 sine
760 4004 955 4075 quibus
995 4004 1049 4059 in
1092 4000 1196 4063 hac
1217 4008 1329 4061 vita
1356 4019 1478 4063 esse
1519 4022 1628 4064 non
1654 4024 1940 4079 possumus
1969 4030 1983 4067 :

495 4168 521 4196 ι
547 4154 809 4231 perparce
829 4172 951 4231 esse
962 4155 1219 4211 evidenter
1240 4157 1546 4229 ostenditur.
1573 4156 1751 4226 Deest,
1775 4158 1986 4231 Opinor,

423 4225 684 4297 particula
705 4240 829 4297 non,
853 4236 909 4281 et
937 4226 1040 4297 leg.
1066 4241 1312 4297 corporea
1340 4225 1442 4282 non
1464 4243 1594 4294 esse,
1619 4238 1748 4296 etc.,
1776 4225 1837 4285 u't
1861 4225 1989 4288 con;

427 4294 677 4350 tradictio
720 4296 920 4354 vitetur
959 4294 1017 4351 ei
1040 4294 1214 4353 error.
1241 4298 1299 4355 in
1338 4297 1542 4359 Isidoro
1582 4294 1762 4355 tamen
1802 4301 1883 4356 sic
1908 4303 1986 4359 le-

391 4432 396 4437 ,
426 4364 604 4450 gitur:
630 4383 654 4450 μ
680 4364 929 4450 ngquei,
952 4374 1232 4450 creatura,
1268 4381 1350 4450 ex‘
1379 4368 1820 4450 nihilacondita,
1846 4379 1903 4427 et
1925 4375 1995 4431 in.

426 4432 652 4508 corpore
682 4432 927 4508 (F._'teg._'
950 4432 1287 4508 ipdor’puréa)
1326 4432 1447 4494 csse
1491 4439 1767 4508 evidenter
1806 4432 1988 4502 esten—-

426 4436 1447 4579 ἓῖἒὲῗᾟέῼέᾘίᾶἓῗξθιῷξέἶιὲἓῗ
1478 4439 1990 4585 ἆνὶξῖἓὲτῆἒῖ
2018 4508 2069 4569 ι)
2163 4455 2177 4494 ¹

2090 1758 2249 1813 posse
2279 1742 2453 1799 bonos
2480 1744 2537 1798 in
2566 1742 2747 1799 futuro
2769 1744 3050 1813 consequi,
3076 1757 3307 1813 quorum
3331 1745 3555 1815 pignore
3577 1744 3677 1800 Ee-

2088 1835 2309 1890 clesiam
2334 1850 2478 1890 nunc
2511 1833 2856 1891 informatam
2880 1836 3151 1891 credimus
3174 1836 3433 1901 detineri;
3464 1837 3554 1893 bic
3580 1836 3679 1892 ha-

2089 1927 2302 1982 bentem
2347 1925 2616 1996 primitias
2662 1927 2907 1997 spiritus,
2935 1927 2990 1980 in
3022 1925 3207 1981 futuro
3250 1927 3672 1996 perfectionem;

2088 2019 2179 2076 hic
2203 2020 2492 2075 sustentari
2536 2021 2590 2075 in
2615 2033 2728 2091 spe,
2766 2028 2962 2089 postea.
2982 2020 3129 2089 pasci
3160 2019 3213 2073 iu
3247 2035 3337 2087 re;
3359 2020 3462 2101 hic
3484 2021 3671 2076 videre

2088 2127 2187 2183 per
2220 2111 2493 2182 speculum
2516 2120 2571 2166 et
2610 2113 2665 2167 in
2684 2112 2990 2183 aenigmate,
3018 2113 3070 2168 in
3099 2111 3279 2168 futuro
3318 2121 3501 2167 autem
3526 2113 3667 2168 faeie

2068 2207 2158 2260 .‘ad
2186 2204 2401 2270 faciem,
2430 2221 2553 2260 cum
2580 2206 2649 2261 ad
2692 2205 2930 2276 speciem
2967 2204 3133 2260 fuerit
3172 2205 3337 2261 ducta
3362 2220 3461 2275 per
3487 2204 3672 2271 (idem,

2089 2297 2304 2365 quando
2346 2295 2679 2366 perficiatur,
2727 2305 2788 2352 ut
2832 2298 3027 2352 summi
3080 2297 3175 2353 Dei
3223 2290 3382 2352 bonis
3427 2295 3673 2351 fruamur

2090 2387 2328 2453 mternis,
2372 2386 2603 2443 fruendo
2648 2387 3083 2461 [temporalibus]
3123 2389 3180 2443 in
3215 2388 3328 2443 Deo
3356 2402 3462 2443 non
3489 2387 3673 2442 oberi-

2081 2490 2211 2532 mus
2252 2484 2308 2533 et
2343 2478 2637 2547 proximis;
2667 2493 2788 2533 eam
2825 2494 3042 2548 quoque
3088 2493 3188 2534 nos
3232 2493 3386 2547 spem
3430 2492 3675 2535 resurre-

2089 2567 2284 2623 ctionis
2326 2568 2545 2635 habere,
2590 2576 2650 2623 ut
2676 2569 2866 2624 eodem
2895 2568 3084 2624 ordine
3129 2568 3427 2639 eademque
3472 2567 3669 2632 forma,

2089 2673 2193 2727 qua
2229 2658 2343 2727 ipse
2370 2659 2630 2713 Dominus
2657 2658 2954 2713 resurrexit
2982 2673 3013 2711 a
3043 2657 3292 2721 mortuis,
3320 2672 3419 2713 nos
3457 2671 3675 2727 quoque

2090 2759 2496 2805 resurrecturos
2523 2763 2645 2804 esse
2690 2748 2975 2805 credamus
3012 2749 3068 2803 in
3096 2748 3285 2803 eodem
3326 2762 3574 2817 corpore,
3616 2748 3673 2802 in

2090 2854 2199 2910 quo
2240 2855 2447 2905 sumus,
2482 2840 2568 2895 vel
2596 2841 2852 2905 vivimus,
2894 2856 3001 2895 non
3046 2849 3300 2895 naturam
3346 2846 3441 2893 aut
3483 2853 3672 2895 sexum

2091 2940 2382 2994 mutantes,
2411 2932 2505 2987 sed
2536 2939 2747 2987 tantum
2782 2931 3126 3004 fragilitatem
3153 2940 3211 2986 ct
3235 2932 3366 2986 vitia
3396 2932 3673 3001 deponen-

2093 3032 2210 3090 tes;
2242 3022 2415 3093 ipsum
2444 3037 2661 3093 quoque
2687 3022 2947 3078 Satanam
2975 3037 3099 3079 cum
3125 3022 3333 3093 angelis
3368 3022 3481 3077 suis
3509 3032 3673 3092 atque

2089 3112 2386 3167 cultoribus
2428 3120 2630 3167 aeterno
2676 3112 2924 3168 incendio
2965 3112 3457 3177 condemnandum,
3495 3126 3672 3183 neque

2090 3202 2382 3257 secundum
2415 3202 2772 3270 quorumdam
2801 3201 3124 3273 sacrilegam
3149 3202 3569 3271 disputationem
3601 3203 3672 3259 ad

2088 3292 2393 3363 pristinam,
2422 3293 2477 3348 id
2504 3300 2605 3358 est,
2632 3291 2930 3364 angelicam
2954 3292 3289 3362 dignitatem,
3318 3307 3386 3348 ex
3410 3308 3517 3363 qua
3545 3310 3671 3365 pro-

2088 3383 2207 3453 pria
2234 3382 2570 3454 malignitate
2594 3382 2809 3447 cecidit,
2834 3381 3221 3440 reducendum.
3582 3426 3587 3430 .

2159 3479 2287 3533 [lare
2310 3486 2394 3533 est
2416 3477 2694 3533 catholicae
2720 3478 3024 3533 traditionis
3054 3478 3178 3535 ﬁdei
3203 3494 3330 3535 vera
3359 3480 3669 3551 integritas,

2088 3564 2153 3619 de
2180 3580 2288 3634 qua
2316 3567 2359 3621 si
2386 3582 2552 3620 imum
2593 3566 2873 3636 quodlibet
2913 3572 3225 3637 respuatur,
3254 3573 3366 3623 tota
3393 3566 3518 3626 fidei
3544 3582 3667 3622 cre-

2088 3658 2284 3713 dulitas
2309 3659 2589 3714 amittitur.
2621 3659 2763 3730 Lege
2790 3658 3066 3715 homiliam
3088 3674 3276 3714 nam
3307 3660 3335 3701 ιι
3358 3660 3535 3715 sancti
3557 3659 3672 3713 Au-

2089 3752 2292 3823 gustini
2321 3753 2374 3808 in
2403 3753 2576 3822 prima
2608 3760 2760 3823 parte
2787 3767 2948 3822 super
2981 3752 3245 3807 Joannem
3283 3752 3667 3823 evangelistam

2088 3840 2240 3910 cujus
2268 3841 2479 3896 initium
2507 3849 2629 3898 est:
2665 3840 2831 3897 Verba
2862 3842 3073 3896 Domini
3101 3845 3262 3899 nostri
3289 3842 3419 3898 Iesu
3449 3842 3670 3908 Christi,

2084 3948 2202 4001 qum
2226 3932 2406 3987 habuit
2426 3948 2545 3986 cura
2564 3930 2799 3999 Judwis,‘
2815 3934 2889 3987 ita
2912 3934 3188 3989 moderatu
3210 3933 3469 4004 loquelam
3493 3951 3670 3999 suam,

2065 4031 2143 4096 at
2165 4021 2290 4075 circi
2316 4036 2420 4073 non
2449 4020 2698 4085 viderent,
2724 4029 2832 4075 etc.

2086 4182 2215 4239 test,
2242 4188 2501 4245 corporea
2539 4188 2660 4231 esse
2696 4174 3046 4245 nihilominus
3077 4176 3397 4245 ostenditur.
3429 4196 3447 4227 ι
3485 4174 3550 4229 Et
3586 4174 3670 4230 in-
3747 4226 3753 4231 .

2026 4300 2029 4301 ν
2086 4236 2298 4299 ferias:
2338 4236 2517 4299 38ine
2562 4259 2669 4314 qua
2712 4244 2845 4301 fides
2894 4246 3057 4303 divini
3102 4236 3496 4300 cultus'otiosa
3547 4255 3662 4302 tor.-

2089 4315 2290 4396 peselt,
2322 4322 2378 4370 et
2414 4329 2687 4385 cumqua
2735 4315 3018 4389 integritas
3072 4318 3236 4372 divini
3276 4317 3452 4371 cultus
3499 4314 3665 4391 peril-

2091 4393 2284 4508 c“frit:
2310 4453 2469 4511 editis
2494 4470 2678 4525 um,
2702 4452 2884 4511 Tract.
2916 4456 2969 4509 in
2996 4453 3151 4511 Joan.
