4232 6210
580 318 716 374 i287
1265 339 1270 350 '
1404 322 1462 376 Β.
1503 323 1562 377 F.
1602 321 1821 378 ALBlNl
1862 321 1990 378 SEU
2029 318 2300 376 ALCUlNl
2336 316 2618 373 OPERUM
2655 315 2831 372 PARS
2865 315 2955 372 IX.
3668 311 3813 368 ηδε

579 455 3808 482 -——-—w_———_—__————-——-——_———‘

1373 583 1774 661 AMALARII
1819 577 2422 642 ARCHIEPISCOPI
2467 577 2989 654 TREVIRENSIS

845 749 1177 807 EPISTULA
1214 752 1304 806 AD
1338 747 1666 828 CAROLUM
1707 745 2000 803 MAGNUM
2038 738 2538 798 IMPERATOREM
2576 738 2664 794 DE
2710 733 3149 796 CEREMONHS
3187 693 3546 797 BAPTISMI.‘

1571 904 1732 978 (Vide
1764 899 2082 970 Patrologite
2101 906 2230 951 tom.
2257 881 2466 964 XCIX
2484 898 2584 952 col.
2611 897 2757 969 887.)

1086 1127 1251 1198 517
1277 1136 1733 1218 EJUSDEM
1807 1133 2300 1211 AMALARII
2375 1133 2762 1214 VERSUS
2835 1138 3206 1221 MARINI
3261 1177 3315 1220 ι.

1516 1331 1871 1378 ΔωΑιΔιηυε
1916 1328 2292 1372 VENERABILI
2337 1329 2567 1375 ΑΒΒΔΤΙ
2609 1334 2836 1381 PETRO.

564 1516 723 1584 Quid,
757 1513 934 1575 Pater,
981 1516 1236 1582 angustos
1265 1507 1488 1575 repedas
1520 1503 1609 1572 qui
1655 1511 1894 1572 tempora
1941 1497 2126 1563 calles,
2157 1501 2201 1558 Α
2231 1497 2336 1554 Sed
2366 1504 2533 1557 sancti
2566 1505 2743 1572 potius
2768 1521 2957 1562 cursus
2975 1510 3169 1578 psallat
3189 1511 3461 1571 Benedicti
3486 1533 3504 1571 :

565 1605 803 1673 Namque
831 1602 1010 1672 quieta
1041 1607 1214 1654 tenes.
1249 1595 1560 1663 Forsanque
1581 1606 1740 1663 paras
1765 1602 2027 1645 renovare
2234 1589 2341 1644 Aut
2369 1591 2480 1647 fors
2510 1603 2600 1647 aut
2622 1597 2905 1667 potiusque
2933 1599 3109 1654 forent
3143 1601 3321 1672 ignota
3351 1604 3584 1663 nefanda

566 1697 767 1751 Saccos
790 1703 844 1748 tu
869 1690 1338 1764 nostros‘iterum,
1364 1685 1447 1740 vel
1473 1684 1718 1754 frangere
1745 1683 1920 1744 deme,
2234 1679 2380 1760 [llius
2410 1683 2563 1739 nobis
2585 1686 2750 1752 urbis,
2778 1703 2898 1756 qua:
2923 1706 3064 1761 saepe
3090 1693 3285 1750 beabat

563 1791 788 1845 Crustas
813 1796 868 1842 et
897 1795 1041 1842 totas
1063 1784 1230 1838 micas
1256 1780 1481 1835 volitare
1504 1791 1598 1846 per
1622 1788 1802 1828 auras.
2235 1771 2441 1842 Totque
2463 1775 2629 1842 viros,
2656 1786 2834 1834 tantos
2856 1778 3083 1836 famulos
3107 1798 3204 1853 per
3229 1785 3386 1840 smela
3411 1788 3598 1844 beatos
3621 1805 3638 1844 ;

565 1882 731 1950 Agius
751 1882 891 1934 inter
914 1876 1224 1932 frondentes
1250 1873 1429 1926 lauros
1451 1868 1699 1924 habitans
1728 1878 1848 1920 sors
2234 1863 2407 1929 Quam
2443 1865 2669 1937 legimus
2690 1872 2930 1950 tenuisse
2950 1881 3113 1943 caput
3138 1876 3287 1944 regni
3316 1878 3492 1932 omnis
3516 1879 3634 1933 Eoi.

568 1971 795 2025 Maxima
823 1969 936 2037 ipse
969 1973 1125 2020 vocat
1147 1963 1339 2016 fratres
1369 1960 1436 2013 ad
1461 1955 1664 2013 fercula
1685 1955 1854 2024 pacis.
2305 1957 2455 2014 Tunc
2479 1974 2600 2016 sero
2627 1959 2840 2017 rediens
2875 1963 3116 2020 Basileus
3139 1965 3249 2021 Leo
3274 1967 3508 2034 mandat,
3533 1979 3588 2025 et
3618 1971 3736 2040 ipsa
3783 2012 3788 2013 κ

567 2061 833 2131 Disjunxit
862 2059 1047 2112 labens
1078 2055 1246 2109 Arton
1276 2067 1412 2122 quos
1440 2049 1669 2118 turpiter
1691 2046 1890 2100 Auster
2237 2047 2307 2102 Ut
2326 2050 2541 2104 veniant
2573 2049 2766 2107 fratres
2795 2055 2860 2109 ad
2891 2071 3098 2109 summa
3128 2057 3323 2125 palatia
3357 2059 3517 2129 regis.

564 2151 767 2205 Juuxit.
801 2149 918 2216 Quo
947 2159 1238 2216 properare
1264 2143 1403 2214 petis
1433 2141 1532 2206 sic,
1559 2140 1697 2194 abba
1723 2152 1895 2200 meus,
1923 2135 2065 2204 quo?
2236 2135 2334 2192 llic
2361 2137 2646 2207 eloquitur,
2669 2141 2757 2196 hic
2779 2144 2844 2196 de
2879 2142 3053 2198 Caroli
3080 2154 3202 2198 orat
3234 2147 3343 2201 vita
3376 2161 3475 2216 per
3501 2163 3694 2212 avum,

567 2243 860 2305 Ventorum
890 2240 1148 2293 Dominus
1182 2237 1272 2306 qui
1303 2242 1446 2289 vetat
1479 2233 1593 2288 sine
1623 2245 1843 2302 pergere
1875 2227 2062 2282 fratre.
2234 2229 2311 2282 Ae
2340 2238 2589 2284 notorum
2617 2231 2751 2301 ejus,
2783 2233 2922 2288 sacri
2952 2235 3109 2288 simul
3138 2237 3343 2291 orJinis
3370 2240 3566 2298 omnis.

568 2332 705 2400 Quid
740 2331 955 2393 mirum,
979 2328 1024 2383 si
1053 2326 1344 2396 Gregorius
1365 2323 1562 2392 jaceat,
1591 2321 2029 2390 lacrymansque;
2235 2320 2300 2372 Et
2324 2320 2502 2391 papuli
2531 2335 2833 2378 memorans
2858 2323 3187 2380 Francorum
3208 2341 3337 2382 voce
3357 2328 3604 2398 benigna.

567 2424 624 2478 Si
653 2439 757 2478 non
779 2432 864 2477 est
900 2422 1117 2483 mirum,
1142 2417 1344 2473 Christi
1375 2417 1598 2470 chorum
1627 2411 1926 2482 trepidare?
2232 2411 2278 2466 A
2302 2426 2410 2480 quo
2436 2411 2602 2467 laxati
2629 2413 2798 2484 pelagi
2820 2415 3081 2484 profunda
3108 2418 3352 2474 trahebat

567 2513 867 2586 Equoreas
905 2519 1129 2581 tangens
1153 2506 1411 2562 Dominus
1435 2513 1634 2575 partes,
1660 2502 2032 2574 lacrymabant
2233 2498 2540 2569 {Equoreus
2561 2517 2857 2571 cursusque
2879 2514 3070 2569 ratem,
3108 2523 3229 2561 cum
3269 2508 3457 2578 ingens
3493 2508 3606 2564 fera
3638 2512 3822 2566 venit.-

568 2602 841 2672 Discipuli,
873 2601 919 2654 si
947 2598 1238 2669 Gregorius
1263 2612 1366 2650 non
1396 2593 1613 2664 pertulit
1634 2592 1827 2657 undas,
2234 2590 2365 2657 Quis
2387 2600 2664 2647 ventorum
2688 2593 2871 2650 avidas
2920 2611 3121 2665 pennas
3151 2606 3226 2651 tot
3247 2598 3425 2652 dicere
3451 2599 3660 2666 suffert,

566 2691 805 2764 Vespere
824 2690 936 2758 jam
961 2695 1304 2758 properante,
1331 2693 1484 2756 rogat
1505 2699 1718 2740 cessare
1743 2680 2028 2760 procellas,
2235 2681 2303 2736 Et
2324 2698 2429 2737 non
2453 2683 2681 2739 miretur
2706 2693 2909 2738 tantum
2936 2688 3256 2756 crepitantia
3282 2687 3430 2743 lora?

567 2783 712 2850 Quas
737 2781 865 2837 dicit
889 2781 1070 2835 senior
1094 2777 1298 2848 majore
1318 2790 1541 2846 surgere
1567 2775 1734 2830 Euro.
2167 2841 2211 2852 _

2167 2841 2211 2852 _
2238 2774 2558 2831 Terribilem
2584 2779 2710 2834 hinc
2730 2778 2965 2833 sonitum
2989 2779 3181 2835 ﬂuctus
3205 2781 3542 2852 redduntque
3562 2785 3756 2839 marini
3791 2803 3805 2840 :

569 2841 718 2930 Kbba
740 2874 890 2944 jubet
915 2841 1236 2926 monachum
1270 2841 1452 2922 Vultus
1485 2867 1728 2921 attollere
1758 2878 1991 2928 sursum,
2163 2841 2214 2902 Β
2236 2866 2364 2923 Inde
2396 2875 2574 2925 truces
2602 2878 2772 2924 ratem
2801 2871 3086 2939 quatiunt.
3117 2909 3131 2923 .
3160 2910 3176 2926 .
3204 2909 3218 2924 .
3249 2912 3263 2925 .
3289 2911 3303 2925 .
3335 2841 3478 2928 vires

571 2966 798 3019 Sumere
827 2964 894 3018 de
921 2978 1105 3017 mensa
1129 2960 1354 3016 fratrum
1379 2959 1554 3014 saltim
1584 2959 1959 3028 exiguumque.
2236 2961 2474 3017 Ventris.
2498 2960 2592 3014 His
2611 2958 2889 3029 maiorque
2915 2970 3090 3015 metus
3109 2976 3231 3015 cum
3256 2971 3339 3017 est
3365 2963 3556 3018 mortis
3585 2978 3808 3020 amarae.

569 3056 857 3126 Gregorius
883 3055 1016 3108 dixit
1048 3072 1061 3107 :
1097 3053 1232 3108 Hinc
1258 3068 1364 3106 non
1390 3068 1621 3123 surgam,
1647 3051 1751 3106 nisi
1782 3050 1885 3104 lixa
2237 3051 2389 3107 Vatis
2412 3067 2531 3106 sum
2561 3051 2676 3115 tibi,
2707 3060 2892 3106 sancte
2911 3049 3090 3118 Pater,
3128 3068 3233 3107 non
3257 3050 3480 3124 effugies
3511 3061 3563 3107 tu

571 3149 696 3205 llzec
721 3149 912 3219 puppis
949 3156 1183 3213 maneat,
1211 3163 1383 3217 neque
1410 3149 1506 3201 has
1533 3146 1743 3201 tabulas
1770 3145 2031 3214 relinquo.
2239 3142 2396 3207 Hinc,
2427 3142 2529 3196 nisi
2557 3142 2896 3210 perfundaris
2926 3143 3098 3212 aquis,
3127 3143 3323 3197 nimbis
3347 3145 3592 3200 sacieris.

571 3241 737 3296 Nocte
765 3239 894 3311 vigil
925 3239 1091 3294 frater
1111 3254 1217 3293 non
1245 3239 1558 3301 dormitans,
1589 3252 1761 3306 neque
1789 3243 2001 3291 cessant
2239 3232 2473 3303 Effugias
2503 3233 2714 3286 Mauros
2741 3271 2757 3298 ,
2785 3243 2991 3287 metuas
3017 3232 3259 3299 Sclavos,
3290 3234 3646 3308 Regidosque.

571 3330 720 3384 Salsa
740 3330 878 3382 vada
906 3330 1168 3382 undarum
1200 3327 1401 3398 jugiter
1423 3328 1636 3381 turbare
1664 3326 1925 3395 procellae.
2238 3325 2318 3379 Tu
2349 3323 2558 3379 cumula
2578 3323 2706 3390 tela,
2739 3333 2798 3378 ut
2827 3323 3068 3380 Maurum
3099 3323 3310 3396 jugules
3333 3330 3702 3404 metuendum,

571 3423 639 3478 Et
660 3423 792 3477 ratis
815 3422 921 3476 alta
949 3420 1214 3492 profunda
1238 3427 1429 3490 petens
1454 3418 1678 3472 nimium
1707 3417 1814 3471 cito
1843 3417 2020 3470 saltat.
2239 3417 2409 3485 Quem
2434 3416 2589 3470 nobis
2618 3424 2918 3470 monstrant
2944 3425 3157 3485 portus,
3183 3433 3342 3486 quem
3371 3417 3570 3472 famina
3596 3418 3814 3474 tollunt.

569 3515 748 3570 Triste
778 3521 958 3585 caput,
992 3527 1183 3568 sensus
1213 3519 1438 3566 mmstus
1463 3510 1665 3579 patitur
1688 3507 1846 3573 male,
1872 3507 2085 3562 tandem
2240 3511 2420 3564 Tende
2443 3524 2650 3572 arcum,
2691 3508 2859 3562 donec
2881 3522 3264 3577 percurramus
3297 3525 3448 3565 mare
3479 3526 3657 3565 cursu.

570 3604 703 3660 Cum
728 3605 885 3660 victis
915 3604 1155 3658 tenebris
1189 3601 1414 3656 rutilans
1437 3601 1666 3655 miratur
1696 3599 1859 3663 Eous,
2241 3597 2334 3652 Sta
2351 3596 2587 3668 procula
2611 3605 2754 3650 terra
2770 3595 3085 3651 Sclavorum
3100 3597 3277 3652 littora
3301 3598 3504 3668 linque,
3520 3598 3816 3668 repellant.

571 3697 671 3752 Sat
695 3695 976 3750 metuenda
1005 3702 1182 3748 truces
1211 3692 1489 3762 agitabant
1518 3689 1733 3743 ﬂamina
1757 3688 2018 3758 lymphas.
2239 3691 2367 3746 Post
2392 3705 2632 3754 vernum,
2657 3703 2779 3744 sero
2804 3687 2952 3754 licet,
2980 3689 3294 3759 Italiamque
3315 3691 3602 3756 virentem,

572 3789 682 3844 Nos
710 3803 926 3843 cursum
958 3793 1192 3849 revocat,
1221 3784 1288 3839 ad
1312 3782 1600 3837 durissima
1627 3787 1823 3835 castra.
2239 3783 2347 3837 Nos
2371 3782 2713 3852 pervadimus
2742 3780 2882 3836 hanc
2901 3782 3118 3845 cursim,
3144 3782 3441 3852 rapidoque
3466 3784 3647 3842 volatu

573 3881 775 3934 Forsan
805 3879 1035 3934 delectat
1069 3885 1330 3939 castrum,
1361 3875 1578 3938 fratres,
1610 3874 1892 3944 Eginense,
2243 3872 2484 3927 Silvestri
2509 3871 2579 3926 ad
2600 3871 2814 3942 dignam
2839 3872 3124 3927 ecclesiam
3151 3873 3322 3928 sancti
3343 3883 3714 3944 properantes.

573 3971 642 4024 Et
658 3970 861 4038 palmas
881 3983 1038 4037 agere
1063 3968 1195 4022 satis
1224 3981 1317 4036 per
1344 3974 1583 4033 tempora
1608 3964 1788 4032 longa,
2242 3963 2406 4017 Obvia
2430 3971 2536 4016 stat
2562 3971 2746 4016 sancta
2772 3963 2966 4017 cohors
2988 3962 3215 4032 fratrum
3237 3964 3396 4017 simul
3417 3965 3592 4019 omnis

571 4057 777 4112 Puncta
799 4057 889 4110 ubi
917 4055 1108 4126 Wippo
1137 4070 1297 4108 manu
1327 4053 1499 4123 plorat
1523 4054 1764 4121 rapuisse
1785 4053 1977 4107 aliena.
2242 4050 2485 4114 Flebilis;
2520 4049 2766 4120 egregius
2795 4059 2978 4119 pastor
3004 4051 3306 4122 lacrymans
3330 4052 3690 4124 lacrymantes

575 4146 822 4218 Singultu
848 4146 1012 4200 nimio
1042 4144 1284 4216 pulsabat
1321 4159 1460 4212 smpe
1487 4144 1720 4212 quietem
2163 4175 2213 4238 ο
2245 4141 2496 4211 Suscipit,
2519 4142 2696 4196 orbati
2732 4143 2967 4212 gaudent
2994 4143 3058 4197 de
3081 4144 3282 4214 sospite
3311 4144 3490 4198 Patre.

576 4234 673 4291 llic
705 4246 963 4302 nostram,
991 4251 1088 4305 pro
1111 4250 1218 4306 quo
1241 4243 1325 4289 sat
1343 4243 1534 4289 maesta
1570 4244 1783 4288 caterva
1803 4232 2038 4302 jacebat.
2170 4229 2213 4238 “
2245 4235 2447 4290 Gaudia
2469 4235 2792 4304 perfundunt
2813 4235 3077 4306 lacrymas
3097 4237 3222 4305 quia
3253 4236 3371 4292 lata
3398 4246 3634 4303 caterva,
3724 4229 3726 4232 ’

490 4385 494 4391 ,
573 4325 652 4380 Ac
674 4340 878 4381 memor
906 4335 1022 4380 esto
1049 4324 1362 4386 sacerdotis,
1391 4333 1553 4393 quem
1575 4324 1752 4378 sidera
1776 4322 1967 4376 tollunt
2245 4323 2526 4378 Germanis
2550 4324 2826 4379 monachis
2857 4323 3103 4378 Patribus
3126 4325 3252 4378 dant
3278 4325 3425 4381 basia
3455 4326 3666 4382 blanda.

577 4417 680 4470 Pro
701 4415 918 4480 famulo,
949 4430 1107 4485 quem
1134 4414 1256 4468 finis
1282 4414 1405 4482 equi
1433 4414 1730 4482 retinetque
1754 4412 2043 4481 sepultum,
2245 4414 2504 4485 Optamus
2527 4413 2679 4468 laetus
2704 4429 2922 4468 maneas
2949 4429 3070 4468 cum
3107 4414 3362 4470 fratribus
3385 4416 3564 4482 almis,

575 4507 760 4562 Funde
783 4521 988 4576 preces,
1023 4505 1327 4560 venerande
1363 4504 1542 4569 Pater,
1571 4520 1689 4558 cum
1723 4502 1978 4557 fratribus
2012 4517 2136 4556 una.
2244 4506 2388 4559 Inter
2405 4520 2540 4574 quos
2569 4506 2754 4560 fratris
2774 4521 3076 4560 memorare
3100 4507 3283 4576 tuique
3303 4508 3498 4563 marini

577 4595 763 4651 Partes
786 4593 1294 4664 Constantinopolim
1324 4609 1669 4664 properemus
1703 4603 1758 4647 et
1785 4603 1943 4657 ante;
2245 4593 2322 4666 Tu
2351 4595 2591 4665 dignare,
2619 4584 2801 4660 Pater,
2831 4611 2936 4649 non
2972 4595 3226 4650 exsiliens
3249 4600 3407 4651 modo
3436 4599 3636 4665 tristis;

578 4687 840 4756 Tempora
861 4684 1105 4739 laxemus
1130 4685 1297 4754 gelida
1330 4686 1542 4753 utrique
1566 4683 1741 4737 Attica
1771 4699 1916 4737 rura.
2241 4683 2432 4738 Frater
2465 4699 2668 4752 egoque
2701 4692 2841 4747 tuus,
2873 4685 3125 4753 quoniam
3151 4703 3256 4741 non
3292 4688 3464 4742 tristia
3488 4703 3670 4758 carpo.

580 4777 864 4845 Postquam
883 4770 1397 4843 Constantinopolim
1420 4774 1768 4828 lustrabimus
1791 4773 1999 4837 urbem,
2244 4778 2420 4831 Triste
2443 4776 2619 4845 polum
2643 4776 2820 4831 fratri!
2847 4777 3024 4833 Caroli
3044 4780 3168 4848 quia
3196 4790 3367 4834 morte
3390 4779 3601 4849 fatigor.
3630 4831 3637 4835 _

580 4866 774 4934 Bisque
793 4873 1083 4933 quaterque
1105 4864 1290 4918 decem
1312 4863 1412 4917 hac
1440 4872 1624 4918 noctes
1652 4862 1984 4932 possedimus
2002 4861 2142 4926 81b0,
2247 4867 2353 4922 Nos
2374 4877 2628 4936 utrosque
2657 4869 2797 4923 Deus
2826 4868 3020 4938 jungat
3039 4872 3241 4939 pariter
3263 4872 3378 4924 sine
3410 4871 3534 4936 fine,
3600 4931 3602 4934 ,

579 4957 843 5011 Continuo
872 4964 1015 5009 stant
1039 4954 1240 5025 vigiles,
1275 4953 1366 5023 qui
1389 4953 1570 5007 limina
1593 4954 1866 5018 claudunt,
2247 4959 2380 5014 Cum
2410 4957 2600 5014 Carolo
2636 4961 2901 5028 quondam
2927 4975 3052 5030 rege
3077 4969 3130 5015 et
3164 4977 3284 5015 cum
3309 4960 3564 5018 fratribus
3594 4961 3770 5018 almis.

581 5047 658 5101 Ne
687 5045 978 5100 monachus
1003 5045 1179 5098 forsan
1206 5061 1300 5113 per
1328 5059 1496 5112 opaca
1516 5044 1734 5097 vaderet
1758 5043 1926 5109 urbis,

653 5193 676 5219 ι
709 5179 802 5232 His
839 5178 1079 5232 versibus
1131 5180 1182 5231 in
1231 5195 1330 5233 ms.
1371 5178 1658 5232 admodum
1705 5174 2137 5246 corruptis,7for-
2253 5187 2494 5239 testatur,
2537 5188 2590 5232 et
2620 5178 2768 5246 cujus
2804 5189 3075 5236 auctorem
3112 5183 3438 5238 Amalarium
3467 5196 3590 5235 esse
3636 5187 3825 5238 censet

585 5249 744 5329 tassis
767 5249 1232 5329 coinprehemlitur
1273 5249 1674 5329 ﬂodwpqp’cum
1719 5245 2146 5329 illudnlegationis
2177 5269 2226 5329 υ
2253 5249 2311 5302 D.
2343 5249 2538 5314 lliveL,
2572 5245 2706 5303 Hist.
2739 5249 2815 5303 lit.
2842 5249 3098 5319 Fraucize,
3132 5263 3259 5307 tom.
3289 5252 3374 5319 lV,
3403 5267 3524 5321 pag.
3553 5250 3677 5306 M9.

585 5317 724 5386 quod
766 5333 862 5373 suo
898 5327 1134 5387 tempore
1171 5316 1449 5373 exstitisse
1491 5318 1790 5372 Hermanus
1828 5316 2147 5370 Contractus
