4232 6232
612 294 735 350 1291

1184 386 1605 503 ADSONIS

814 576 1066 617 ABBATIS
1112 575 1492 618 IONASTEMI
1534 558 1877 617 nanvuxsis
1924 571 1971 615 ι.

801 745 809 751 ,
847 650 1218 742 LIBELLUS
1262 683 1366 743 DE
1411 681 1941 741 ANTICHRISTO

1006 795 1072 834 AD
1106 794 1420 854 censeantur
1454 780 1481 819 ιι
1519 796 1772 836 κεσικλκ.

682 870 1154 924 Escellentissimaa
1192 871 1390 940 regime
1434 885 1497 925 ac
1539 870 1704 941 regali
1747 871 2011 940 dignitate
2055 872 2174 940 pol‘

612 963 778 1026 lenti,
831 961 940 1016 Deo
987 961 1222 1025 dilectae,
1268 963 1624 1032 omnibusque
1653 966 1856 1019 sanctis
1896 963 2171 1031 famabili,

610 1053 991 1107 monachordm
1017 1053 1174 1107 matri
1196 1061 1252 1108 et
1273 1063 1583 1109 sanctarum
1609 1053 1764 1116 duci,
1791 1054 2020 1109 dominae.
2043 1055 2176 1110 Cer-

610 1147 788 1214 bergte
808 1183 822 1206 ,
861 1142 1027 1197 frater
1059 1143 1204 1199 Adso
1232 1159 1450 1200 suorum
1477 1145 1716 1200 omnium
1746 1159 2022 1199 servorum
2055 1145 2176 1200 ulti—

511 1285 516 1287 _
611 1248 730 1288 mus
755 1232 1062 1316 gloriam\et
1088 1249 1275 1304 pacem
1305 1233 1703 1304 sempiternam.

678 1322 756 1376 Ex
788 1337 894 1391 quo
913 1363 926 1387 ,
959 1313 1176 1378 domina
1203 1331 1394 1385 mater,
1427 1313 1807 1379 misericordiae
1836 1333 2027 1378 vestrae
2051 1338 2174 1393 ger-

610 1429 730 1468 men
767 1414 1061 1481 promerui.
1093 1427 1305 1485 semper
1337 1413 1488 1468 vobis
1520 1414 1574 1468 in
1608 1415 1860 1467 omnibus
1894 1413 2066 1468 ﬁdelis
2101 1411 2175 1465 fui

609 1510 860 1571 tanquam
909 1503 1160 1573 proprius
1201 1519 1407 1559 servus.
1460 1503 1611 1558 Unde
1662 1504 1906 1574 quamvis
1949 1505 2176 1577 indigum

608 1589 716 1643 sint
759 1591 898 1660 apud
940 1590 1222 1645 Dominum
1266 1607 1455 1661 preces
1498 1593 1756 1648 orationis
1801 1608 1963 1656 mem,
1997 1605 2176 1648 tamen

607 1695 704 1747 pro
750 1681 900 1734 vobis
939 1689 993 1735 et
1032 1696 1131 1750 pro
1165 1682 1372 1736 seniore
1411 1693 1591 1736 vestro
1625 1683 1838 1738 domino
1881 1699 2037 1755 rege;
2079 1699 2178 1739 nec

1437 297 1494 353 B.
1531 275 1591 352 r.
1637 299 1856 352 ALBLVI
1898 298 2025 352 seu
2067 299 2336 356 ALCUINI
2373 274 2655 358 orsuuu
2693 303 2868 361 esus
2905 306 2995 364 ιχ.

3717 313 3858 370 1299

2201 424 2243 479 Α
2277 408 2448 481 [ϐοά.
2510 411 2657 478 νοτ..
2709 415 2760 468 in
2805 417 3048 487 mundo]
3106 420 3411 482 revocabit,
3459 418 3684 491 gloriam
3725 438 3858 491 pm-

2275 500 2447 568 priam
2497 512 2732 569 quaeret,
2779 512 2836 558 et
2875 505 3296 574 omnipotentem
3345 505 3602 579 [Deum]
3649 524 3709 565 se
3753 527 3857 566 no-

2279 593 2516 647 minabit.

2346 683 2443 738 llic
2483 685 2658 754 itaque
2695 685 3058 742 Antichristus
3095 687 3288 741 multos
3327 688 3486 742 habet
3518 704 3626 743 sua:
3654 689 3844 747 inﬁde-

2277 773 2441 828 litatis
2487 773 2617 846 [Μ.
2645 775 2797 838 ωτι..
2839 776 3057 830 habebit
3096 791 3206 832 sure
3249 777 3638 852 malignitatis]
3687 782 3823 835 mini

2275 874 2418 918 stros
2437 905 2452 929 ,
2481 879 2546 919 ex
2573 865 2768 933 quibus
2790 866 2902 935 jam
2935 867 3086 921 multi
3115 868 3167 922 in
3195 853 3392 924 mundo
3417 878 3833 938 prmccsscruni.

2274 955 2448 1024 qualis
2479 954 2580 1009 fuit
2613 955 2788 1021 Nero,
2823 957 3118 1013 Antiochus
3142 959 3504 1016 Domitianus.
3535 961 3688 1018 Nunc
3709 978 3845 1032 quo-

2275 1061 2381 1114 que
2431 1056 2618 1102 nostro
2666 1056 2906 1118 tempore
2956 1049 3156 1105 multos,
3199 1051 3566 1107 Antichristos
3600 1054 3849 1108 novimus

2278 1134 2477 1207 [esse]
2505 1137 2864 1208 yquicunque
2916 1140 3095 1204 enim,
3139 1139 3252 1195 sive
3291 1140 3492 1203 laicus,
3536 1142 3648 1196 sive
3689 1157 3850 1197 cano-

2276 1226 2458 1290 nicus,
2505 1227 2618 1281 sive
2659 1229 2988 1294 monachus,
3027 1240 3218 1285 contra
3265 1233 3536 1302 justitiam
3583 1234 3744 1297 vivit,
3796 1243 3854 1287 et

2275 1316 2484 1370 ordinis
2505 1317 2585 1371 sui
2615 1319 2853 1388 regulam
2884 1321 3193 1390 impugnat,
3223 1331 3276 1377 et
3295 1363 3310 1386 ,
3337 1325 3480 1393 quod
3506 1324 3703 1378 bonum
3729 1333 3848 1390 est,

2276 1403 2646 1474 biaspbemat,
2697 1408 3060 1464 Antichristus
3103 1419 3158 1465 et
3197 1412 3446 1467 minister
3482 1413 3696 1469 Satanae
3739 1421 3847 1469 est.

2277 1492 2383 1548 Sed
2415 1493 2527 1563 jam
2566 1495 2633 1548 de
2669 1493 2892 1550 exordio
2927 1496 3245 1555 Antichristi
3283 1503 3577 1557 videamus.
3618 1503 3731 1558 Hoc
3752 1519 3851 1559 au-

2277 1592 2382 1636 tem
2425 1584 2668 1639 obtestor
2711 1585 2764 1640 in
2810 1585 3058 1653 Christo,
3108 1591 3251 1660 quod
3295 1590 3538 1648 dicturus
3580 1609 3732 1658 sum,
3777 1610 3848 1650 es

2277 1673 2493 1743 pr0prio
2533 1688 2692 1728 sensu
2733 1690 2837 1729 non
2879 1676 3020 1747 ﬁngo
3061 1687 3084 1716 ο
3111 1697 3130 1744 :,
3153 1679 3244 1733 sed
3269 1680 3322 1734 in
3350 1680 3502 1740 libris
3523 1683 3852 1752 authenticis

608 1786 712 1822 non
756 1778 810 1823 et
862 1785 961 1839 pro
1007 1769 1245 1831 ﬁliorum,
1289 1779 1590 1825 vestrorum
1637 1753 2035 1835 incolumitate,
2081 1773 2175 1827 Dci
2209 1753 2249 1812 Β
2277 1762 2561 1833 diligenter
2601 1765 2883 1836 relegendo
2908 1769 3022 1823 hac
3045 1771 3222 1825 οωπίθ
3245 1771 3443 1842 δοτίριει
3471 1775 3700 1831 invenio-

612 1859 778 1912 nostri
809 1859 1230 1914 miscricordiam
1258 1873 1423 1914 exoro
1444 1899 1460 1926 ,
1489 1872 1547 1915 ut
1573 1861 1729 1916 vobis
1755 1869 1809 1916 et
1836 1861 2048 1917 culmen
2078 1861 2178 1917 im-

613 1951 744 2020 perii
776 1951 829 2004 in
856 1951 953 2007 hac
993 1953 1102 2007 vita
1133 1953 1380 2023 dignetur
1417 1967 1772 2019 conservare,
1803 1963 1858 2008 et
1891 1969 1984 2009 vos
2017 1954 2178 2010 faciat

609 2043 663 2093 in
704 2041 857 2096 cmlis
895 2051 1016 2112 post
1055 2044 1197 2098 hanc
1234 2043 1400 2096 vitam
1444 2058 1623 2099 secum
1663 2043 1888 2100 feliciter
1927 2059 2174 2118 regnare.

611 2133 871 2200 Quoniam
911 2135 957 2188 si
997 2134 1254 2189 Dominus
1293 2135 1446 2189 vobis
1484 2138 1893 2207 prosperitatem
1935 2139 2174 2203 dederit,

610 2231 666 2276 et
710 2221 835 2276 filiis
880 2223 1043 2277 vitam
1092 2223 1419 2294 longiorem,
1464 2225 1664 2280 scimus
1710 2226 2075 2281 indubitanter
2124 2235 2179 2280 et

575 2295 585 2308 ’
612 2313 909 2374 credimus,
942 2313 1240 2369 Ecclesiam
1265 2315 1360 2369 Dei
1389 2316 1731 2369 exaltaudam
1751 2357 1764 2379 ,
1794 2325 1850 2370 et
1873 2326 2070 2372 nostra:
2095 2333 2176 2373 rc-

609 2402 823 2471 ligionis
867 2403 1109 2456 ordinem
1155 2404 1327 2474 magis
1371 2420 1435 2458 ac
1480 2407 1648 2475 magis
1695 2407 2173 2476 multiplicandum.

611 2490 722 2545 Hoc
751 2507 850 2561 ego
882 2490 1053 2545 ﬁdelis
1080 2501 1259 2546 vester
1283 2502 1498 2563 opto,et
1524 2496 1676 2575 valde
1702 2497 1982 2561 desidero;
2008 2499 2099 2568 qui
2130 2499 2176 2554 si

606 2585 900 2652 potuissem
941 2584 1090 2638 vobis
1120 2593 1290 2640 totum
1317 2603 1540 2656 regnum
1580 2590 1860 2657 acquirere
1881 2630 1895 2653 ,
1938 2591 2178 2647 libentis-

605 2673 742 2726 sime
773 2671 963 2727 fecisse
990 2691 1003 2727 :
1037 2674 1130 2729 sed
1157 2676 1283 2742 quia
1322 2676 1449 2728 illud
1478 2676 1710 2730 facerem
1741 2692 1846 2731 non
1876 2679 2051 2741 valeo,
2077 2694 2176 2748 pro

607 2765 779 2820 salute
805 2776 986 2820 vestra
1015 2765 1354 2836 ﬁliorumque
1396 2777 1695 2822 vestrorum
1737 2769 2015 2823 Dominum
2046 2785 2174 2823 exo-

606 2855 772 2919 rabo,
797 2864 857 2908 ut
881 2857 1049 2925 gratia
1075 2856 1190 2926 ejus
1219 2857 1272 2910 in
1301 2858 1554 2926 operibus
1594 2858 1788 2911 vestris
1828 2874 2042 2927 semper
2082 2876 2176 2913 vos

606 2946 928 3012 prmveniat,
960 2953 1013 2998 et
1036 2945 1204 3013 gloria
1235 2945 1376 2998 illius
1414 2947 1502 3014 pie
1527 2955 1580 3000 et
1609 2946 2030 2999 misericorditer
2057 2950 2177 2999 sub.

609 3042 885 3102 sequatur,
914 3042 974 3087 ut
1000 3033 1195 3088 divinis
1216 3034 1419 3087 intenta
1447 3034 1736 3093 mandatis,
1767 3035 1983 3103 possitis
2007 3035 2175 3088 adim-

603 3124 750 3193 plere
779 3126 916 3180 bona
937 3165 952 3187 ,
984 3139 1104 3195 quae
1133 3123 1450 3178 desideratis
1469 3164 1484 3187 ,
1514 3125 1655 3177 unde
1683 3139 1878 3178 corona
1908 3125 2058 3177 vobis
2085 3123 2175 3177 de-

603 3225 694 3268 tur
722 3215 869 3284 regni
897 3213 1152 3268 cmlestis.
1182 3211 1350 3282 igitur
1378 3213 1502 3280 quia
1532 3213 1680 3280 pium
1709 3213 1943 3264 studium
1970 3211 2178 3263 habetis

607 3301 917 3369 Scriptu‘ras
940 3299 1126 3353 audire
1147 3339 1161 3359 ,
1189 3308 1242 3352 et
1268 3298 1574 3366 frequenter
1601 3298 1743 3367 loqui
1776 3300 1841 3351 de
1872 3308 2054 3351 nostro
2085 3299 2179 3350 Re-

607 3391 921 3458 demptore;
954 3388 1066 3442 sive
1091 3388 1252 3441 etiam
1284 3387 1422 3440 scire
1451 3387 1515 3439 de
1552 3386 1866 3439 Antichristi
1906 3386 2178 3455 impietate

605 3488 659 3530 ct
687 3479 1075 3547 persecutione,
1109 3491 1208 3530 nec
1236 3492 1339 3530 non
1367 3485 1421 3530 et
1449 3485 1712 3546 potestate
1738 3473 1851 3542 ejus
1878 3485 1931 3529 et
1956 3491 2178 3542 genera-

606 3571 750 3624 tione
768 3609 782 3632 ,
809 3569 949 3624 sicut
973 3568 1100 3622 mihi
1133 3583 1289 3622 servo
1315 3577 1496 3625 vestro
1526 3569 1739 3637 dignata
1766 3568 1896 3621 estis
1923 3570 2178 3638 praecipe-

609 3675 696 3721 re,
729 3659 869 3712 volui
899 3658 1075 3728 aliqua
1105 3659 1255 3712 vobis
1284 3659 1544 3720 scribere,
1577 3666 1629 3710 et
1659 3659 1722 3712 de
1755 3659 2085 3712 Antichristo
2110 3675 2173 3713 ex

608 3759 760 3815 parte
795 3757 998 3802 certam
1029 3748 1287 3811 reddere,
1316 3748 1563 3815 quamvis
1590 3762 1693 3800 non
1726 3747 2010 3814 indigestis
2036 3764 2062 3799 a
2093 3764 2176 3800 me

612 3845 713 3892 hoc
746 3838 930 3892 audire
953 3877 966 3900 ,
1005 3850 1124 3905 qum
1161 3836 1299 3904 apud
1338 3850 1434 3889 vos
1469 3836 1680 3888 habetis
1705 3834 2174 3902 prudentissimum

605 3938 878 3998 pastorem
907 3928 1178 3979 dominum
1215 3925 1532 3979 Roriconem
1564 3935 1585 3962 ε
1608 3965 1620 3986 .
1664 3924 2020 4004 clarissimum
2054 3940 2174 3992 spe-

607 4018 788 4072 culum
831 4017 994 4071 totius
1027 4015 1299 4085 sapientia:
1330 4021 1490 4082 atque
1532 4013 1847 4081 eloquentiae
1888 4015 1986 4067 hac
2026 4015 2175 4066 valde

607 4117 787 4160 nostra
815 4115 974 4160 (etate
1001 4104 1018 4175 [
1046 4103 1112 4156 ι’.
1137 4104 1262 4156 add.
1291 4101 1694 4172 necessarium].

677 4196 838 4265 528
862 4195 1125 4262 Imprimis
1151 4192 1526 4262 proferendum
1551 4200 1632 4246 est
1660 4191 1810 4246 nobis
1836 4207 2000 4261 quare
2026 4194 2174 4248 Anti-

609 4283 844 4335 ehristns
867 4281 1083 4335 dicitur.
1117 4280 1238 4333 ideo
1264 4281 1466 4332 scilicet
1486 4279 1534 4341 ἀ,
1560 4275 1686 4349 quia
1715 4283 1766 4334 iu
1791 4283 1995 4335 cunctis
2021 4283 2173 4336 Chri-

611 4384 694 4428 sto
723 4373 1027 4426 contrarius
1056 4373 1188 4430 erit,
1220 4369 1269 4421 id
1316 4377 1430 4431 est;
1444 4369 1657 4423 Christo
1686 4372 1958 4425 contraria
1992 4372 2168 4427 faciet.

612 4462 859 4515 Christus
885 4460 1028 4511 venit
1054 4457 1302 4519 humilis,
1348 4457 1433 4512 ille
1473 4466 1730 4514 venturus
1768 4468 1850 4514 est
1887 4462 2165 4530 superbus.

606 4551 852 4604 Christus
893 4547 1123 4600 humiles
1167 4548 1312 4600 venit
1357 4549 1596 4617 erigere,
1630 4559 1940 4617 peccatores
1975 4552 2173 4620 justiﬁ-

610 4657 731 4694 rarc
755 4658 768 4704 ;
805 4640 890 4693 ille
916 4638 1239 4702 e,contrario
1267 4639 1496 4691 humiles
1521 4640 1765 4707 dcjiciet,
1789 4650 1842 4691 et
1866 4651 2173 4706 peccatores

609 4728 996 4798 imgniﬁcabit,
1029 4729 1222 4796 impios
1250 4727 1507 4781 exaltabit
1531 4736 1584 4779 et
1611 4742 1822 4794 semper
1851 4729 1975 4780 vitia
1997 4770 2009 4790 ,
2055 4746 2172 4797 quae.

600 4827 727 4872 sunt
752 4819 1021 4870 contraria
1066 4817 1383 4875 virtutibus,
1415 4816 1644 4869 docebit.
1689 4815 1883 4885 Legem
1907 4820 2173 4887 cvangeli—

603 4922 720 4961 eam
767 4904 1086 4973 dissipabit,
1139 4906 1440 4959 daemonum
1493 4905 1759 4959 culturum
1796 4906 1861 4958 1n
1915 4910 2169 4960 mundum

673 5049 700 5075 ιι
738 5036 881 5088 Adso
915 5034 1211 5097 monachus
1244 5031 1628 5097 Luxoviensis,
1666 5036 1894 5102 posthac
1930 5037 1998 5089 ob
2036 5051 2171 5103 prre-

609 5108 745 5161 clara
778 5105 967 5157 merita
998 5104 1050 5156 in
1085 5103 1295 5155 abbatia
1328 5104 1582 5157 Dervensi
1626 5105 1883 5158 successit
1923 5104 2171 5158 Alberico

606 5189 744 5226 circa
777 5189 975 5225 annum
1004 5173 1125 5226 968.
1159 5171 1386 5240 Scripsit
1411 5185 1536 5223 vero
1565 5173 1703 5224 hanc
1722 5173 2005 5240 epistolam
2039 5191 2173 5227 uou-

606 5251 725 5295 dum
767 5241 962 5302 abbas,
1000 5242 1248 5293 nimirum
1286 5239 1412 5294 ante
1444 5256 1640 5292 annum
1679 5239 1814 5302 954,
1852 5256 1958 5302 quo
1993 5241 2168 5297 Ludo—

603 5312 754 5362 vicus
786 5310 1204 5363 "I‘ransmarinus
1231 5309 1364 5362 obiit
1394 5323 1576 5362 mense
1604 5308 1837 5363 Octobri.
1870 5308 2003 5365 Vide
2033 5312 2167 5365 Hist.

601 5375 704 5430 Lit.
740 5379 982 5432 Franeire
1013 5387 1140 5447 tom.
1177 5379 1240 5440 γ,
1274 5394 1395 5447 pag.
1429 5379 1522 5430 471
1550 5419 1564 5443 ,
1597 5388 1702 5432 etc.

673 5451 699 5486 δ
738 5449 1040 5516 Cerberga,
1097 5462 1235 5516 uxor
1289 5448 1539 5503 Ludovici
1572 5448 1969 5513 Transmarini,
2018 5465 2173 5506 soror

602 5514 813 5569 Ottonis
842 5518 859 5569 l
892 5513 1017 5586 inip.
1051 5515 1067 5587 (
1092 5513 1449 5587 Frodoardus.
1477 5517 1492 5584 )
1954 5519 1956 5521 ’
2194 5576 2197 5579 .

677 5597 695 5621 c
745 5587 816 5637 De
859 5586 1117 5638 “urit-nne
1151 5588 1400 5653 episcopo
1428 5586 1765 5642 Laudunensi
1804 5590 2019 5643 consule
2049 5589 2172 5642 Cal-

608 5654 730 5705 liam
760 5655 1149 5717 Christianam,
1183 5665 1310 5708 tum.
1347 5654 1409 5705 lX
1431 5696 1442 5715 ,
1472 5656 1598 5706 edit.
1633 5656 1825 5716 Paris.,
1860 5661 1981 5711 anni
2015 5661 2168 5721 l75l,

2202 3085 2247 3146 C

2347 1854 2499 1911 Sicut
2539 1872 2668 1927 ergo
2712 1867 2962 1913 auctores
3002 1861 3173 1916 nostri
3219 1862 3434 1926 dicunt,
3483 1864 3854 1920 Antichristus

2275 1959 2344 1998 ex
2395 1947 2592 2016 populo
2633 1945 2940 2002 Judaaorum
2981 1958 3232 2005 nascetur
3277 1952 3342 2006 de
3383 1954 3528 2008 tribu
3570 1955 3714 2019 Dan,
3758 1972 3852 2011 se-

2276 2037 2510 2092 cundum
2542 2041 2877 2109 prophetiam
2911 2042 3179 2098 dicentem
3207 2063 3219 2094 :
3255 2042 3384 2099 Fiat
3415 2045 3531 2100 Dan
3559 2047 3766 2102 coluber
3795 2050 3855 2102 in

2276 2124 2386 2188 ria,
2416 2134 2466 2179 et
2491 2135 2712 2181 cerastes
2739 2129 2794 2181 in
2821 2131 3002 2182 semita
3021 2171 3036 2195 ,
3066 2131 3304 2186 mordens
3331 2133 3581 2204 ungulam
3608 2135 3760 2206 equi,
3792 2146 3852 2189 ut

2275 2214 2428 2268 cadat
2479 2232 2725 2271 assensor
2767 2219 2881 2288 ejus
2930 2230 3068 2274 retro
3117 2220 3289 2292 (Cen.
3331 2240 3480 2288 ms,
3515 2226 3646 2296 l7).
3695 2226 3852 2282 Sicut

2275 2306 2419 2358 enim
2448 2319 2667 2375 serpens
2695 2309 2897 2364 sedebit
2926 2309 2978 2364 in
3006 2310 3090 2365 via
3118 2320 3172 2364 ct
3200 2313 3252 2366 in
3283 2316 3471 2368 semita
3501 2317 3636 2379 erit,
3667 2327 3726 2371 ut
3756 2331 3854 2372 eos

2275 2393 2366 2462 qui
2401 2408 2498 2463 per
2537 2397 2782 2460 semitam
2818 2398 3039 2468 justitiae
3070 2401 3463 2458 ambulaverint
3495 2403 3663 2477 [Cod
3706 2404 3851 2469 l'at.,

2276 2498 2373 2551 per
2400 2484 2678 2540 semitas...
2706 2525 2721 2539 .
2751 2487 3103 2562 ambulant],
3148 2490 3339 2556 feriat,
3381 2503 3436 2548 et
3484 2511 3691 2551 veneno
3737 2511 3851 2550 suae

2278 2573 2493 2627 malitia:
2520 2577 2749 2631 occidat.
2781 2576 3042 2634 Nascetur
3070 2591 3250 2638 autem
3270 2599 3340 2650 ,εκ
3371 2586 3539 2653 patris
3567 2595 3620 2640 et
3659 2589 3854 2646 matris

2277 2662 2641 2731 copulatione,
2672 2666 2811 2722 sicut
2836 2667 2922 2721 alii
2955 2669 3225 2736 homines,
3263 2689 3365 2725 non
3406 2685 3464 2727 ut
3504 2675 3721 2744 quidam
3764 2675 3849 2730 fa-

2276 2751 2525 2805 bulantur
2554 2754 2619 2807 de
2647 2754 2758 2808 sola
2789 2757 2994 2826 virgine
3030 2757 3049 2828 [
3079 2759 3096 2797 τ
3129 2775 3227 2813 nec
3262 2762 3328 2816 de
3361 2765 3613 2835 episeopo
3647 2776 3699 2820 et
3735 2781 3856 2821 mo-

2277 2843 2477 2906 nacha,
2529 2844 2667 2898 sicut
2716 2846 2804 2900 alii
2859 2848 3138 2904 dclirando
3187 2852 3586 2921 dogmatizant:
3638 2859 3732 2912 sed
3781 2858 3856 2912 do

2279 2930 2700 2985 immundissima
2733 2937 3016 2990 meretrice
3044 2946 3098 2991 et
3126 2941 3495 2994 crudelissimo
3534 2944 3851 3019 nebulone].

2279 3020 2444 3075 Totus
2467 3021 2517 3074 in
2542 3033 2764 3091 peccato
2787 3028 3135 3095 concipietur,
3164 3029 3213 3082 in
3242 3023 3461 3100 peccato
3481 3037 3857 3102 generabitur,

2277 3119 2332 3163 et
2357 3110 2408 3164 iu
2440 3122 2660 3179 peccato
2687 3123 2954 3168 nascetur.
3000 3117 3054 3170 ln
3086 3117 3200 3186 ipso
3228 3135 3356 3175 vero
3383 3124 3544 3177 etiam
3577 3129 3853 3194 germina-

2279 3201 2438 3254 tionis
2480 3217 2589 3255 sum
2638 3204 2929 3272 primordio
2980 3205 3106 3278 [ld.
3149 3211 3290 3274 cod.,
3334 3216 3700 3283 conecptionis
3742 3232 3857 3271 sua:

2279 3294 2471 3365 initio]
2522 3297 2763 3350 diabolus
2812 3300 2969 3353 simul
3024 3302 3244 3355 intrabit
3289 3305 3340 3356 in
3393 3315 3600 3359 uterum
3657 3310 3854 3363 matris

2279 3399 2388 3438 suae
2423 3387 2446 3425 3
2475 3385 2491 3454 ί
2517 3397 2676 3453 caput
2705 3389 2990 3456 superbia,
3017 3393 3279 3460 magister
3309 3395 3541 3456 erroris,
3577 3397 3854 3464 plenitudo

2279 3473 2514 3555 malitize.
2540 3474 2639 3540 Qui
2671 3479 2874 3544 positus
2903 3480 2954 3531 in
2985 3479 3228 3544 sublime,
3255 3490 3312 3534 ut
3333 3485 3408 3535 ait
3429 3483 3620 3539 beatus
3642 3484 3850 3557 Grego-

2277 3568 2388 3622 rius
2408 3609 2422 3633 ,
2451 3578 2694 3624 naturam
2723 3574 2972 3641 potenti-.13
3001 3559 3110 3627 sure
3140 3591 3244 3629 non
3270 3577 3444 3645 perdit
3476 3578 3557 3632 vel
3586 3578 3854 3646 deiectus.

2277 3658 2438 3726 Cujus
2464 3662 2635 3715 virtus
2659 3662 2858 3716 idcirco
2884 3679 2988 3717 non
3015 3674 3230 3719 ostensa
3257 3677 3361 3733 est,
3387 3684 3482 3724 nec
3509 3686 3650 3724 nunc
3671 3681 3856 3726 osten-

2277 3749 2441 3811 ditur,
2473 3764 2577 3818 qua
2609 3751 2801 3805 divinae
2834 3753 3200 3820 dispositionis
3233 3755 3544 3811 fortitudine
3573 3760 3854 3813 incatena-

2280 3845 2364 3889 tus
2394 3845 2624 3891 tenetur.
2659 3837 2808 3892 Tunc
2847 3840 3167 3894 dissolvetur
3200 3853 3257 3895 et
3291 3845 3462 3905 exiet,
3499 3855 3552 3899 et
3589 3863 3685 3915 per
3723 3846 3854 3901 illud

2278 3941 2431 3979 suum
2463 3944 2557 3981 vas
2588 3930 2900 3984 terribiliter
2931 3933 3148 3987 seducet
3173 3943 3378 4004 gentes.
3413 3935 3509 3990 llic
3538 3940 3642 3991 erit
3670 3938 3756 3994 ille
3785 3939 3857 3993 de

2277 4031 2382 4084 quo
2426 4018 2557 4072 dicit
2595 4018 2870 4081 Joannes:
2916 4021 3034 4076 Vidi
3071 4027 3310 4093 angelum
3354 4026 3742 4081 descendentem
3786 4029 3855 4082 de

2276 4109 2421 4172 coelo,
2453 4110 2718 4171 habentem
2747 4123 2978 4168 catenam
3010 4133 3250 4183 magnam
3281 4126 3328 4170 et
3371 4117 3553 4170 clarim
3595 4118 3764 4187 abyssi
3794 4119 3856 4174 iis

2276 4186 2439 4253 manu
2475 4197 2576 4253 sua
2607 4212 2856 4255 tenentem
2884 4216 2900 4253 :
2935 4215 2982 4256 et
3011 4205 3346 4272 apprehendit
3401 4205 3706 4269 draconem,
3760 4207 3858 4278 qui

2277 4299 2348 4340 est
2379 4289 2616 4341 diabolus
2639 4301 2684 4342 et
2706 4300 2944 4352 satanas,
2971 4301 3018 4345 ct
3057 4291 3241 4344 clausit
3277 4292 3420 4345 illum
3454 4311 3545 4362 per
3570 4293 3710 4346 mille
3745 4311 3850 4348 an-

2279 4392 2410 4431 nos:
2441 4389 2488 4432 et
2517 4387 2628 4447 post
2660 4380 2800 4433 mille
2829 4397 2991 4433 annos
3023 4381 3248 4434 solvetur
3270 4393 3316 4434 et
3345 4382 3500 4434 exibit
3519 4376 3543 4444 ,'
3563 4391 3611 4434 et
3638 4382 3854 4435 seducet

2275 4476 2445 4535 gentes
2484 4468 2501 4537 (
2529 4467 2688 4537 Apoc.
2720 4485 2784 4520 ss
2812 4509 2824 4530 ,
2857 4469 2878 4520 l
2911 4484 3014 4538 seq.
3044 4469 3081 4538 ).
3115 4469 3211 4522 llic
3239 4477 3319 4522 est
3350 4484 3440 4521 rex
3458 4484 3635 4539 .super
3659 4483 3856 4525 omnes

2274 4557 2408 4611 ﬁlios
2445 4559 2738 4624 superbire,
2768 4556 2919 4624 cujus
2948 4558 3119 4611 virtus
3157 4574 3368 4627 semper
3397 4576 3515 4613 cum
3553 4560 3644 4614 illo
3670 4561 3776 4615 erit
3801 4560 3848 4631 ἶ.

2274 4646 2339 4698 Et
2367 4647 2504 4698 sicut
2533 4647 2583 4697 in
2618 4656 2843 4699 matrem
2877 4647 2888 4716 [
2917 4646 3046 4699 Cod.
3083 4646 3224 4711 Vah,
3255 4641 3312 4701 in.
3337 4658 3577 4701 ventrem
3617 4647 3845 4723 matrisl

2274 4737 2482 4789 Domini
2538 4739 2705 4792 nostri
2745 4738 2868 4791 Jesu
2899 4739 3100 4793 Christi
3141 4738 3373 4808 Spiritus
3410 4749 3633 4794 sanctus
3663 4740 3846 4798 venit,

2272 4834 2326 4877 et
2349 4839 2466 4881 eam
2497 4842 2588 4878 sna
2619 4828 2814 4880 virtute
2841 4829 3181 4882 obumbravit
3204 4838 3259 4881 et
3285 4828 3564 4884 divinitate
3587 4831 3810 4900 replevit

2273 4925 2330 4967 ut
2355 4915 2420 4969 de
2448 4915 2651 4985 Spiritu
2682 4926 2866 4971 sancto
2893 4919 3199 4987 conciperet
3219 4959 3232 4981 ,
3259 4928 3314 4972 et
3337 4921 3478 4988 quod
3506 4929 3846 4984 nasceretur,

2429 5043 2478 5072 κε

2429 5043 2478 5072 ιν.
2908 5076 2922 5081 ,

2270 5057 2392 5148 pag.
2408 5041 2572 5164 (iﬁlli.
2604 5127 2731 5165 mss.
2763 5131 2773 5164 :
2799 5130 2816 5161 ‹
2843 5113 2982 5181 Ergo
3006 5114 3070 5168 de
3091 5114 3421 5170 Antichristo
3442 5116 3582 5170 scire
3605 5115 3846 5173 volentes

2270 5180 2445 5251 primo
2477 5182 2733 5251 notabitis
2759 5197 2924 5251 quare
2954 5186 3033 5238 sic
3061 5194 3278 5239 vocatus
3309 5188 3396 5237 sit.
3432 5183 3666 5239 Scilicet.
3692 5205 3712 5238 ι
3738 5197 3847 5241 etc.

2348 5261 2370 5286 ε
2410 5247 2540 5323 God.
2574 5251 2736 5323 Vat.)
2770 5247 2790 5300 ὅ
2820 5251 2932 5305 Non
2963 5262 3140 5306 autem
3172 5254 3314 5322 quod
3344 5254 3498 5318 dico,
3528 5271 3592 5315 ex
3624 5257 3851 5323 proprio

2272 5317 2605 5389 sensu_ﬁngo
2633 5320 2714 5373 vel
2744 5323 3010 5389 excogito.
3043 5342 3063 5372 ι

2350 5387 2364 5423 ί
2414 5387 2573 5442 Uncis
2601 5389 2803 5443 inclusa
2833 5387 3007 5444 omitt.
3040 5391 3092 5443 in
3121 5393 3273 5446 codd.
3307 5406 3436 5447 mss.

2345 5458 2369 5494 8
2409 5456 2546 5527 Cod.
2575 5457 2693 5527 Vat.
2726 5477 2741 5512 ;
2776 5477 2793 5510 ι
2819 5460 3060 5526 introibit
3086 5462 3138 5514 in
3161 5470 3376 5515 uterum
3399 5460 3590 5523 matris
3613 5459 3758 5527 ejus,
3791 5472 3851 5516 et

2271 5524 2470 5580 virtute
2500 5525 2695 5581 diaboli
2726 5524 3093 5583 confovehitur
3120 5541 3172 5583 et
3201 5530 3608 5587 contnrbabitur
3635 5524 3687 5585 in
3716 5524 3838 5584 ven-

2275 5603 2354 5667 t‘re
2381 5595 2575 5667 matris
2595 5636 2608 5659 ,
2639 5597 2694 5650 et
2718 5597 2890 5651 virtus
2927 5598 3122 5652 diaboli
3163 5614 3372 5667 semper
3403 5615 3524 5653 cum
3553 5601 3642 5654 illo
3671 5601 3797 5653 erit.
3826 5619 3845 5652 ι

2237 5700 2239 5703 -
2274 5661 2500 5714 Omissis
2531 5680 2646 5730 quae
2681 5667 2829 5718 uncis
2858 5661 3400 5736 comprehen;lantur.

3840 4874 3860 4898 1»
