  <div class='ocr_page' id='page_1' title='image "/cluster/home/n/w/nwhite01/storage/ocr_20150623/101/uva.x000834944/652.png"; bbox 0 0 4232 6216; ppageno 0'>
   <div class='ocr_carea' id='block_1_1' title="bbox 393 348 528 406">
    <p class='ocr_par' dir='ltr' id='par_1_1' title="bbox 393 348 528 406">
     <span class='ocr_line' id='line_1_1' title="bbox 393 348 528 406; baseline 0.007 -1"><span class='ocrx_word' id='word_1_1' title='bbox 393 348 528 406; x_wconf 73' lang='grc'><strong>1295</strong></span> 
     </span>
    </p>
   </div>
   <div class='ocr_carea' id='block_1_2' title="bbox 1092 303 2928 394">
    <p class='ocr_par' dir='ltr' id='par_1_2' title="bbox 1092 303 2928 394">
     <span class='ocr_line' id='line_1_2' title="bbox 1092 303 2928 394; baseline -0.016 0"><span class='ocrx_word' id='word_1_2' title='bbox 1092 339 1238 394; x_wconf 67' lang='lat' dir='ltr'><strong>ore.</strong></span> <span class='ocrx_word' id='word_1_3' title='bbox 1279 329 1677 392; x_wconf 65' lang='lat' dir='ltr'><strong>servastis.</strong></span> <span class='ocrx_word' id='word_1_4' title='bbox 1720 358 1788 369; x_wconf 86' lang='grc'><strong>--</strong></span> <span class='ocrx_word' id='word_1_5' title='bbox 1823 323 2112 380; x_wconf 69' lang='lat' dir='ltr'><strong>ADSOle</strong></span> <span class='ocrx_word' id='word_1_6' title='bbox 2141 321 2257 380; x_wconf 71' lang='grc' dir='ltr'><strong>,ιω</strong></span> <span class='ocrx_word' id='word_1_7' title='bbox 2323 319 2409 374; x_wconf 82' lang='lat' dir='ltr'><strong>DE</strong></span> <span class='ocrx_word' id='word_1_8' title='bbox 2445 303 2928 372; x_wconf 66' lang='lat' dir='ltr'><strong>.tivrtcttntst‘o.</strong></span> 
     </span>
    </p>
   </div>
   <div class='ocr_carea' id='block_1_3' title="bbox 3391 301 3626 354">
    <p class='ocr_par' dir='ltr' id='par_1_3' title="bbox 3391 301 3626 354">
     <span class='ocr_line' id='line_1_3' title="bbox 3391 301 3626 354; baseline 0 -2"><span class='ocrx_word' id='word_1_9' title='bbox 3391 318 3406 333; x_wconf 61' lang='grc' dir='ltr'><strong>ι</strong></span> <span class='ocrx_word' id='word_1_10' title='bbox 3498 301 3626 354; x_wconf 65' lang='grc' dir='ltr'><strong>εἳθό</strong></span> 
     </span>
    </p>
   </div>
   <div class='ocr_carea' id='block_1_4' title="bbox 393 421 3629 522">
    <p class='ocr_par' dir='ltr' id='par_1_4' title="bbox 393 421 3629 522">
     <span class='ocr_line' id='line_1_4' title="bbox 393 421 3629 522; baseline -0.014 -5"><span class='ocrx_word' id='word_1_11' title='bbox 393 463 630 518; x_wconf 87' lang='lat' dir='ltr'><strong>divinum</strong></span> <span class='ocrx_word' id='word_1_12' title='bbox 663 466 805 512; x_wconf 87' lang='lat' dir='ltr'><strong>esset</strong></span> <span class='ocrx_word' id='word_1_13' title='bbox 837 465 896 510; x_wconf 78' lang='lat' dir='ltr'><strong>et</strong></span> <span class='ocrx_word' id='word_1_14' title='bbox 927 465 1171 510; x_wconf 81' lang='lat' dir='ltr'><strong>sanctum</strong></span> <span class='ocrx_word' id='word_1_15' title='bbox 1201 473 1214 518; x_wconf 85' lang='lat'><strong>;</strong></span> <span class='ocrx_word' id='word_1_16' title='bbox 1251 456 1323 507; x_wconf 90' lang='lat' dir='ltr'><strong>ita</strong></span> <span class='ocrx_word' id='word_1_17' title='bbox 1361 465 1575 522; x_wconf 84' lang='lat' dir='ltr'><strong>quoque</strong></span> <span class='ocrx_word' id='word_1_18' title='bbox 1623 427 1863 502; x_wconf 80' lang='lat' dir='ltr'><strong>diabolus</strong></span> <span class='ocrx_word' id='word_1_19' title='bbox 1907 443 1959 496; x_wconf 90' lang='lat' dir='ltr'><strong>ln</strong></span> <span class='ocrx_word' id='word_1_20' title='bbox 1990 451 2034 506; x_wconf 82' lang='grc' dir='ltr'><strong>Α</strong></span> <span class='ocrx_word' id='word_1_21' title='bbox 2065 441 2347 500; x_wconf 76' lang='lat' dir='ltr'><strong>ducantur,</strong></span> <span class='ocrx_word' id='word_1_22' title='bbox 2379 437 2421 490; x_wconf 78' lang='lat' dir='ltr'><strong>si</strong></span> <span class='ocrx_word' id='word_1_23' title='bbox 2450 435 2566 505; x_wconf 78' lang='lat' dir='ltr'><strong>fieri</strong></span> <span class='ocrx_word' id='word_1_24' title='bbox 2595 442 2792 502; x_wconf 81' lang='lat' dir='ltr'><strong>potest,</strong></span> <span class='ocrx_word' id='word_1_25' title='bbox 2832 432 2985 484; x_wconf 86' lang='lat' dir='ltr'><strong>etiam</strong></span> <span class='ocrx_word' id='word_1_26' title='bbox 3021 427 3166 500; x_wconf 70' lang='lat' dir='ltr'><strong>electi</strong></span> <span class='ocrx_word' id='word_1_27' title='bbox 3207 421 3414 496; x_wconf 73' lang='lat' dir='ltr'><strong>(Matth</strong></span> <span class='ocrx_word' id='word_1_28' title='bbox 3475 436 3593 475; x_wconf 77' lang='lat' dir='ltr'><strong>xxiv</strong></span> <span class='ocrx_word' id='word_1_29' title='bbox 3615 463 3629 482; x_wconf 91' lang='lat'><strong>,</strong></span> 
     </span>
    </p>
   </div>
   <div class='ocr_carea' id='block_1_5' title="bbox 391 524 1962 610">
    <p class='ocr_par' dir='ltr' id='par_1_5' title="bbox 391 524 1962 610">
     <span class='ocr_line' id='line_1_5' title="bbox 391 524 1962 610; baseline -0.013 -3"><span class='ocrx_word' id='word_1_30' title='bbox 391 566 620 608; x_wconf 89' lang='lat' dir='ltr'><strong>matrem</strong></span> <span class='ocrx_word' id='word_1_31' title='bbox 646 549 965 605; x_wconf 74' lang='lat' dir='ltr'><strong>Antichristi</strong></span> <span class='ocrx_word' id='word_1_32' title='bbox 993 547 1314 610; x_wconf 90' lang='lat' dir='ltr'><strong>descendet,</strong></span> <span class='ocrx_word' id='word_1_33' title='bbox 1343 555 1398 599; x_wconf 89' lang='lat' dir='ltr'><strong>et</strong></span> <span class='ocrx_word' id='word_1_34' title='bbox 1427 552 1596 596; x_wconf 90' lang='lat' dir='ltr'><strong>totam</strong></span> <span class='ocrx_word' id='word_1_35' title='bbox 1635 554 1756 593; x_wconf 89' lang='lat' dir='ltr'><strong>eam</strong></span> <span class='ocrx_word' id='word_1_36' title='bbox 1789 524 1962 605; x_wconf 83' lang='lat' dir='ltr'><strong>reple-</strong></span> 
     </span>
    </p>
   </div>
   <div class='ocr_carea' id='block_1_6' title="bbox 392 626 1960 700">
    <p class='ocr_par' dir='ltr' id='par_1_6' title="bbox 392 626 1960 700">
     <span class='ocr_line' id='line_1_6' title="bbox 392 626 1960 700; baseline -0.014 -2"><span class='ocrx_word' id='word_1_37' title='bbox 392 644 505 700; x_wconf 89' lang='lat' dir='ltr'><strong>bit.</strong></span> <span class='ocrx_word' id='word_1_38' title='bbox 539 649 595 696; x_wconf 91' lang='lat' dir='ltr'><strong>et</strong></span> <span class='ocrx_word' id='word_1_39' title='bbox 631 648 798 695; x_wconf 83' lang='lat' dir='ltr'><strong>totam</strong></span> <span class='ocrx_word' id='word_1_40' title='bbox 835 653 954 693; x_wconf 89' lang='lat' dir='ltr'><strong>eam</strong></span> <span class='ocrx_word' id='word_1_41' title='bbox 986 635 1378 700; x_wconf 75' lang='lat' dir='ltr'><strong>circumdabit,</strong></span> <span class='ocrx_word' id='word_1_42' title='bbox 1414 641 1691 700; x_wconf 80' lang='lat' dir='ltr'><strong>totamque</strong></span> <span class='ocrx_word' id='word_1_43' title='bbox 1727 626 1960 688; x_wconf 82' lang='lat' dir='ltr'><strong>tenebit,</strong></span> 
     </span>
    </p>
   </div>
   <div class='ocr_carea' id='block_1_7' title="bbox 392 721 1967 795">
    <p class='ocr_par' dir='ltr' id='par_1_7' title="bbox 392 721 1967 795">
     <span class='ocr_line' id='line_1_7' title="bbox 392 721 1967 795; baseline -0.011 -9"><span class='ocrx_word' id='word_1_44' title='bbox 392 741 450 786; x_wconf 91' lang='lat' dir='ltr'><strong>et</strong></span> <span class='ocrx_word' id='word_1_45' title='bbox 491 739 659 785; x_wconf 88' lang='lat' dir='ltr'><strong>totam</strong></span> <span class='ocrx_word' id='word_1_46' title='bbox 706 729 937 784; x_wconf 89' lang='lat' dir='ltr'><strong>interius</strong></span> <span class='ocrx_word' id='word_1_47' title='bbox 979 728 1325 794; x_wconf 75' lang='lat' dir='ltr'><strong>exteriusque</strong></span> <span class='ocrx_word' id='word_1_48' title='bbox 1367 721 1662 795; x_wconf 80' lang='lat' dir='ltr'><strong>possidebit</strong></span> <span class='ocrx_word' id='word_1_49' title='bbox 1707 733 1856 781; x_wconf 89' lang='lat' dir='ltr'><strong>eam,</strong></span> <span class='ocrx_word' id='word_1_50' title='bbox 1905 725 1967 769; x_wconf 91' lang='lat' dir='ltr'><strong>ut</strong></span> 
     </span>
    </p>
   </div>
   <div class='ocr_carea' id='block_1_8' title="bbox 393 806 1965 890">
    <p class='ocr_par' dir='ltr' id='par_1_8' title="bbox 393 806 1965 890">
     <span class='ocr_line' id='line_1_8' title="bbox 393 806 1965 890; baseline -0.011 -13"><span class='ocrx_word' id='word_1_51' title='bbox 393 822 608 877; x_wconf 82' lang='lat' dir='ltr'><strong>diabolo</strong></span> <span class='ocrx_word' id='word_1_52' title='bbox 633 835 732 890; x_wconf 89' lang='lat' dir='ltr'><strong>per</strong></span> <span class='ocrx_word' id='word_1_53' title='bbox 761 819 1034 874; x_wconf 84' lang='lat' dir='ltr'><strong>hominem</strong></span> <span class='ocrx_word' id='word_1_54' title='bbox 1064 825 1390 888; x_wconf 83' lang='lat' dir='ltr'><strong>cooperante</strong></span> <span class='ocrx_word' id='word_1_55' title='bbox 1416 813 1712 882; x_wconf 89' lang='lat' dir='ltr'><strong>concipiat,</strong></span> <span class='ocrx_word' id='word_1_56' title='bbox 1743 819 1798 863; x_wconf 90' lang='lat' dir='ltr'><strong>et</strong></span> <span class='ocrx_word' id='word_1_57' title='bbox 1823 806 1965 877; x_wconf 90' lang='lat' dir='ltr'><strong>quod</strong></span> 
     </span>
    </p>
   </div>
   <div class='ocr_carea' id='block_1_9' title="bbox 397 899 1968 976">
    <p class='ocr_par' dir='ltr' id='par_1_9' title="bbox 397 899 1968 976">
     <span class='ocr_line' id='line_1_9' title="bbox 397 899 1968 976; baseline -0.01 -11"><span class='ocrx_word' id='word_1_58' title='bbox 397 920 585 965; x_wconf 86' lang='lat' dir='ltr'><strong>natum</strong></span> <span class='ocrx_word' id='word_1_59' title='bbox 620 909 785 963; x_wconf 89' lang='lat' dir='ltr'><strong>fuerit</strong></span> <span class='ocrx_word' id='word_1_60' title='bbox 812 917 981 962; x_wconf 88' lang='lat' dir='ltr'><strong>totum</strong></span> <span class='ocrx_word' id='word_1_61' title='bbox 1021 909 1092 962; x_wconf 90' lang='lat' dir='ltr'><strong>sit</strong></span> <span class='ocrx_word' id='word_1_62' title='bbox 1119 907 1358 976; x_wconf 82' lang='lat' dir='ltr'><strong>iniquum</strong></span> <span class='ocrx_word' id='word_1_63' title='bbox 1379 945 1393 969; x_wconf 91' lang='lat'><strong>,</strong></span> <span class='ocrx_word' id='word_1_64' title='bbox 1421 912 1590 958; x_wconf 86' lang='lat' dir='ltr'><strong>totum</strong></span> <span class='ocrx_word' id='word_1_65' title='bbox 1619 899 1817 954; x_wconf 86' lang='lat' dir='ltr'><strong>malum</strong></span> <span class='ocrx_word' id='word_1_66' title='bbox 1838 937 1852 960; x_wconf 92' lang='lat'><strong>,</strong></span> <span class='ocrx_word' id='word_1_67' title='bbox 1886 907 1968 950; x_wconf 82' lang='lat' dir='ltr'><strong>to-</strong></span> 
     </span>
    </p>
   </div>
   <div class='ocr_carea' id='block_1_10' title="bbox 396 987 1966 1070">
    <p class='ocr_par' dir='ltr' id='par_1_10' title="bbox 396 987 1966 1070">
     <span class='ocr_line' id='line_1_10' title="bbox 396 987 1966 1070; baseline -0.011 -15"><span class='ocrx_word' id='word_1_68' title='bbox 396 1011 509 1055; x_wconf 81' lang='lat' dir='ltr'><strong>tum</strong></span> <span class='ocrx_word' id='word_1_69' title='bbox 545 1000 835 1070; x_wconf 90' lang='lat' dir='ltr'><strong>perditum.</strong></span> <span class='ocrx_word' id='word_1_70' title='bbox 880 998 1033 1054; x_wconf 77' lang='lat' dir='ltr'><strong>L‘nde</strong></span> <span class='ocrx_word' id='word_1_71' title='bbox 1067 1006 1120 1051; x_wconf 90' lang='lat' dir='ltr'><strong>et</strong></span> <span class='ocrx_word' id='word_1_72' title='bbox 1157 996 1242 1051; x_wconf 88' lang='lat' dir='ltr'><strong>ille</strong></span> <span class='ocrx_word' id='word_1_73' title='bbox 1278 997 1438 1050; x_wconf 87' lang='lat' dir='ltr'><strong>homo</strong></span> <span class='ocrx_word' id='word_1_74' title='bbox 1480 993 1622 1062; x_wconf 78' lang='lat' dir='ltr'><strong>ﬁlius</strong></span> <span class='ocrx_word' id='word_1_75' title='bbox 1662 987 1966 1062; x_wconf 77' lang='lat' dir='ltr'><strong>perditionis</strong></span> 
     </span>
    </p>
   </div>
   <div class='ocr_carea' id='block_1_11' title="bbox 397 1078 1970 1186">
    <p class='ocr_par' dir='ltr' id='par_1_11' title="bbox 397 1078 1970 1186">
     <span class='ocr_line' id='line_1_11' title="bbox 397 1078 1970 1186; baseline -0.009 -42"><span class='ocrx_word' id='word_1_76' title='bbox 397 1089 716 1161; x_wconf 82' lang='lat' dir='ltr'><strong>appellatur,</strong></span> <span class='ocrx_word' id='word_1_77' title='bbox 749 1088 873 1158; x_wconf 86' lang='lat' dir='ltr'><strong>quia</strong></span> <span class='ocrx_word' id='word_1_78' title='bbox 912 1088 965 1142; x_wconf 92' lang='lat' dir='ltr'><strong>in</strong></span> <span class='ocrx_word' id='word_1_79' title='bbox 1005 1096 1265 1156; x_wconf 87' lang='lat' dir='ltr'><strong>quantum</strong></span> <span class='ocrx_word' id='word_1_80' title='bbox 1295 1085 1532 1186; x_wconf 79' lang='lat' dir='ltr'><strong>poterit,</strong></span> <span class='ocrx_word' id='word_1_81' title='bbox 1572 1095 1742 1149; x_wconf 87' lang='lat' dir='ltr'><strong>genus</strong></span> <span class='ocrx_word' id='word_1_82' title='bbox 1782 1078 1970 1131; x_wconf 85' lang='lat' dir='ltr'><strong>huma-</strong></span> 
     </span>
    </p>
   </div>
   <div class='ocr_carea' id='block_1_12' title="bbox 399 1171 1703 1248">
    <p class='ocr_par' dir='ltr' id='par_1_12' title="bbox 399 1171 1703 1248">
     <span class='ocr_line' id='line_1_12' title="bbox 399 1171 1703 1248; baseline -0.007 -17"><span class='ocrx_word' id='word_1_83' title='bbox 399 1194 526 1232; x_wconf 89' lang='lat' dir='ltr'><strong>num</strong></span> <span class='ocrx_word' id='word_1_84' title='bbox 553 1179 772 1248; x_wconf 82' lang='lat' dir='ltr'><strong>perdet,</strong></span> <span class='ocrx_word' id='word_1_85' title='bbox 803 1185 858 1231; x_wconf 91' lang='lat' dir='ltr'><strong>et</strong></span> <span class='ocrx_word' id='word_1_86' title='bbox 887 1177 1000 1246; x_wconf 88' lang='lat' dir='ltr'><strong>ipse</strong></span> <span class='ocrx_word' id='word_1_87' title='bbox 1028 1177 1082 1229; x_wconf 93' lang='lat' dir='ltr'><strong>in</strong></span> <span class='ocrx_word' id='word_1_88' title='bbox 1110 1171 1403 1229; x_wconf 85' lang='lat' dir='ltr'><strong>novissimo</strong></span> <span class='ocrx_word' id='word_1_89' title='bbox 1430 1171 1703 1241; x_wconf 88' lang='lat' dir='ltr'><strong>perdetnr.</strong></span> 
     </span>
    </p>
   </div>
   <div class='ocr_carea' id='block_1_13' title="bbox 468 1259 1971 1334">
    <p class='ocr_par' dir='ltr' id='par_1_13' title="bbox 468 1259 1971 1334">
     <span class='ocr_line' id='line_1_13' title="bbox 468 1259 1971 1334; baseline -0.009 -12"><span class='ocrx_word' id='word_1_90' title='bbox 468 1269 606 1322; x_wconf 84' lang='lat' dir='ltr'><strong>Ecce</strong></span> <span class='ocrx_word' id='word_1_91' title='bbox 634 1267 816 1320; x_wconf 88' lang='lat' dir='ltr'><strong>audita</strong></span> <span class='ocrx_word' id='word_1_92' title='bbox 845 1267 1144 1320; x_wconf 73' lang='lat' dir='ltr'><strong>nativitatis</strong></span> <span class='ocrx_word' id='word_1_93' title='bbox 1173 1264 1432 1334; x_wconf 81' lang='lat' dir='ltr'><strong>qualitate</strong></span> <span class='ocrx_word' id='word_1_94' title='bbox 1458 1262 1666 1322; x_wconf 88' lang='lat' dir='ltr'><strong>locum,</strong></span> <span class='ocrx_word' id='word_1_95' title='bbox 1696 1259 1786 1312; x_wconf 88' lang='lat' dir='ltr'><strong>ubi</strong></span> <span class='ocrx_word' id='word_1_96' title='bbox 1817 1269 1842 1296; x_wconf 84' lang='grc' dir='ltr'>ι</span> <span class='ocrx_word' id='word_1_97' title='bbox 1876 1272 1971 1309; x_wconf 89' lang='lat' dir='ltr'><strong>na-</strong></span> 
     </span>
    </p>
   </div>
   <div class='ocr_carea' id='block_1_14' title="bbox 398 1343 1971 1420">
    <p class='ocr_par' dir='ltr' id='par_1_14' title="bbox 398 1343 1971 1420">
     <span class='ocr_line' id='line_1_14' title="bbox 398 1343 1971 1420; baseline -0.008 -9"><span class='ocrx_word' id='word_1_98' title='bbox 398 1358 476 1412; x_wconf 81' lang='lat' dir='ltr'><strong>sci</strong></span> <span class='ocrx_word' id='word_1_99' title='bbox 507 1357 730 1419; x_wconf 87' lang='lat' dir='ltr'><strong>debeat,</strong></span> <span class='ocrx_word' id='word_1_100' title='bbox 760 1356 958 1410; x_wconf 83' lang='lat' dir='ltr'><strong>audite.</strong></span> <span class='ocrx_word' id='word_1_101' title='bbox 993 1354 1128 1408; x_wconf 87' lang='lat' dir='ltr'><strong>Nam</strong></span> <span class='ocrx_word' id='word_1_102' title='bbox 1159 1356 1298 1408; x_wconf 88' lang='lat' dir='ltr'><strong>sicut</strong></span> <span class='ocrx_word' id='word_1_103' title='bbox 1338 1352 1596 1407; x_wconf 88' lang='lat' dir='ltr'><strong>Dominus</strong></span> <span class='ocrx_word' id='word_1_104' title='bbox 1639 1343 1701 1404; x_wconf 88' lang='lat' dir='ltr'><strong>ac</strong></span> <span class='ocrx_word' id='word_1_105' title='bbox 1741 1349 1971 1420; x_wconf 82' lang='lat' dir='ltr'><strong>Redem-</strong></span> 
     </span>
    </p>
   </div>
   <div class='ocr_carea' id='block_1_15' title="bbox 398 1427 1974 1518">
    <p class='ocr_par' dir='ltr' id='par_1_15' title="bbox 398 1427 1974 1518">
     <span class='ocr_line' id='line_1_15' title="bbox 398 1427 1974 1518; baseline -0.009 -16"><span class='ocrx_word' id='word_1_106' title='bbox 398 1459 521 1518; x_wconf 88' lang='lat' dir='ltr'><strong>ptor</strong></span> <span class='ocrx_word' id='word_1_107' title='bbox 545 1456 726 1501; x_wconf 86' lang='lat' dir='ltr'><strong>noster</strong></span> <span class='ocrx_word' id='word_1_108' title='bbox 748 1427 1059 1499; x_wconf 74' lang='lat' dir='ltr'><strong>Bethlehem</strong></span> <span class='ocrx_word' id='word_1_109' title='bbox 1087 1445 1188 1498; x_wconf 90' lang='lat' dir='ltr'><strong>sibi</strong></span> <span class='ocrx_word' id='word_1_110' title='bbox 1217 1443 1460 1514; x_wconf 72' lang='lat' dir='ltr'><strong>praevidit</strong></span> <span class='ocrx_word' id='word_1_111' title='bbox 1477 1482 1490 1505; x_wconf 93' lang='lat'><strong>,</strong></span> <span class='ocrx_word' id='word_1_112' title='bbox 1517 1449 1575 1494; x_wconf 93' lang='lat' dir='ltr'><strong>ut</strong></span> <span class='ocrx_word' id='word_1_113' title='bbox 1600 1439 1671 1492; x_wconf 88' lang='lat' dir='ltr'><strong>ibi</strong></span> <span class='ocrx_word' id='word_1_114' title='bbox 1699 1453 1796 1508; x_wconf 91' lang='lat' dir='ltr'><strong>pro</strong></span> <span class='ocrx_word' id='word_1_115' title='bbox 1820 1436 1974 1489; x_wconf 70' lang='lat' dir='ltr'><strong>nobis</strong></span> 
     </span>
    </p>
   </div>
   <div class='ocr_carea' id='block_1_16' title="bbox 381 1532 1976 1612">
    <p class='ocr_par' dir='ltr' id='par_1_16' title="bbox 381 1532 1976 1612">
     <span class='ocr_line' id='line_1_16' title="bbox 381 1532 1976 1612; baseline -0.008 -16"><span class='ocrx_word' id='word_1_116' title='bbox 381 1542 788 1612; x_wconf 65' lang='lat' dir='ltr'><strong>immanitatem</strong></span> <span class='ocrx_word' id='word_1_117' title='bbox 819 1553 1094 1594; x_wconf 82' lang='lat' dir='ltr'><strong>assumere</strong></span> <span class='ocrx_word' id='word_1_118' title='bbox 1120 1547 1178 1594; x_wconf 89' lang='lat' dir='ltr'><strong>et</strong></span> <span class='ocrx_word' id='word_1_119' title='bbox 1203 1537 1352 1593; x_wconf 87' lang='lat' dir='ltr'><strong>nasci</strong></span> <span class='ocrx_word' id='word_1_120' title='bbox 1381 1538 1690 1606; x_wconf 82' lang='lat' dir='ltr'><strong>dignaretur</strong></span> <span class='ocrx_word' id='word_1_121' title='bbox 1716 1548 1730 1586; x_wconf 89' lang='lat'><strong>:</strong></span> <span class='ocrx_word' id='word_1_122' title='bbox 1759 1533 1837 1587; x_wconf 87' lang='lat' dir='ltr'><strong>sic</strong></span> <span class='ocrx_word' id='word_1_123' title='bbox 1862 1532 1976 1585; x_wconf 88' lang='lat' dir='ltr'><strong>dia-</strong></span> 
     </span>
    </p>
   </div>
   <div class='ocr_carea' id='block_1_17' title="bbox 399 1622 1972 1699">
    <p class='ocr_par' dir='ltr' id='par_1_17' title="bbox 399 1622 1972 1699">
     <span class='ocr_line' id='line_1_17' title="bbox 399 1622 1972 1699; baseline -0.008 -13"><span class='ocrx_word' id='word_1_124' title='bbox 399 1622 553 1687; x_wconf 85' lang='lat' dir='ltr'><strong>bolus</strong></span> <span class='ocrx_word' id='word_1_125' title='bbox 591 1631 662 1685; x_wconf 89' lang='lat' dir='ltr'><strong>illi</strong></span> <span class='ocrx_word' id='word_1_126' title='bbox 707 1631 910 1686; x_wconf 75' lang='lat' dir='ltr'><strong>hotnini</strong></span> <span class='ocrx_word' id='word_1_127' title='bbox 950 1630 1193 1699; x_wconf 90' lang='lat' dir='ltr'><strong>perdito,</strong></span> <span class='ocrx_word' id='word_1_128' title='bbox 1233 1629 1323 1699; x_wconf 90' lang='lat' dir='ltr'><strong>qui</strong></span> <span class='ocrx_word' id='word_1_129' title='bbox 1363 1625 1724 1680; x_wconf 76' lang='lat' dir='ltr'><strong>Antichristns</strong></span> <span class='ocrx_word' id='word_1_130' title='bbox 1757 1623 1972 1684; x_wconf 88' lang='lat' dir='ltr'><strong>dicitur,</strong></span> 
     </span>
    </p>
   </div>
   <div class='ocr_carea' id='block_1_18' title="bbox 405 1713 1975 1788">
    <p class='ocr_par' dir='ltr' id='par_1_18' title="bbox 405 1713 1975 1788">
     <span class='ocr_line' id='line_1_18' title="bbox 405 1713 1975 1788; baseline -0.005 -14"><span class='ocrx_word' id='word_1_131' title='bbox 405 1723 579 1776; x_wconf 87' lang='lat' dir='ltr'><strong>locum</strong></span> <span class='ocrx_word' id='word_1_132' title='bbox 627 1723 774 1776; x_wconf 91' lang='lat' dir='ltr'><strong>novit</strong></span> <span class='ocrx_word' id='word_1_133' title='bbox 820 1731 1034 1788; x_wconf 88' lang='lat' dir='ltr'><strong>aptum,</strong></span> <span class='ocrx_word' id='word_1_134' title='bbox 1076 1722 1214 1774; x_wconf 90' lang='lat' dir='ltr'><strong>unde</strong></span> <span class='ocrx_word' id='word_1_135' title='bbox 1255 1719 1408 1773; x_wconf 85' lang='lat' dir='ltr'><strong>radix</strong></span> <span class='ocrx_word' id='word_1_136' title='bbox 1446 1718 1683 1770; x_wconf 81' lang='lat' dir='ltr'><strong>omnium</strong></span> <span class='ocrx_word' id='word_1_137' title='bbox 1715 1713 1975 1768; x_wconf 87' lang='lat' dir='ltr'><strong>malorttm</strong></span> 
     </span>
    </p>
   </div>
   <div class='ocr_carea' id='block_1_19' title="bbox 2063 515 3634 602">
    <p class='ocr_par' dir='ltr' id='par_1_19' title="bbox 2063 515 3634 602">
     <span class='ocr_line' id='line_1_19' title="bbox 2063 515 3634 602; baseline -0.011 -16"><span class='ocrx_word' id='word_1_138' title='bbox 2063 534 2126 588; x_wconf 75' lang='grc'><strong>14</strong></span> <span class='ocrx_word' id='word_1_139' title='bbox 2149 534 2187 600; x_wconf 91' lang='grc'><strong>).</strong></span> <span class='ocrx_word' id='word_1_140' title='bbox 2219 529 2381 602; x_wconf 80' lang='lat'><strong>529</strong></span> <span class='ocrx_word' id='word_1_141' title='bbox 2409 527 2470 601; x_wconf 80' lang='grc' dir='ltr'><strong>[ο</strong></span> <span class='ocrx_word' id='word_1_142' title='bbox 2502 526 2608 582; x_wconf 89' lang='lat' dir='ltr'><strong>Sed</strong></span> <span class='ocrx_word' id='word_1_143' title='bbox 2637 534 2693 580; x_wconf 93' lang='lat' dir='ltr'><strong>et</strong></span> <span class='ocrx_word' id='word_1_144' title='bbox 2719 522 2998 578; x_wconf 88' lang='lat' dir='ltr'><strong>mendacia</strong></span> <span class='ocrx_word' id='word_1_145' title='bbox 3036 525 3214 582; x_wconf 87' lang='lat' dir='ltr'><strong>erunt,</strong></span> <span class='ocrx_word' id='word_1_146' title='bbox 3254 525 3308 571; x_wconf 92' lang='lat' dir='ltr'><strong>ct</strong></span> <span class='ocrx_word' id='word_1_147' title='bbox 3349 530 3377 568; x_wconf 91' lang='lat' dir='ltr'><strong>a</strong></span> <span class='ocrx_word' id='word_1_148' title='bbox 3408 515 3634 568; x_wconf 79' lang='lat' dir='ltr'><strong>veritate</strong></span> 
     </span>
    </p>
   </div>
   <div class='ocr_carea' id='block_1_20' title="bbox 2061 606 3636 694">
    <p class='ocr_par' dir='ltr' id='par_1_20' title="bbox 2061 606 3636 694">
     <span class='ocr_line' id='line_1_20' title="bbox 2061 606 3636 694; baseline -0.015 -11"><span class='ocrx_word' id='word_1_149' title='bbox 2061 629 2234 682; x_wconf 86' lang='lat' dir='ltr'><strong>aliena</strong></span> <span class='ocrx_word' id='word_1_150' title='bbox 2262 644 2274 679; x_wconf 91' lang='lat'>:</span> <span class='ocrx_word' id='word_1_151' title='bbox 2307 624 2434 694; x_wconf 87' lang='lat' dir='ltr'><strong>quia</strong></span> <span class='ocrx_word' id='word_1_152' title='bbox 2462 637 2559 691; x_wconf 90' lang='lat' dir='ltr'><strong>per</strong></span> <span class='ocrx_word' id='word_1_153' title='bbox 2589 619 2852 688; x_wconf 80' lang='lat' dir='ltr'><strong>magicam</strong></span> <span class='ocrx_word' id='word_1_154' title='bbox 2882 623 3056 668; x_wconf 87' lang='lat' dir='ltr'><strong>artem</strong></span> <span class='ocrx_word' id='word_1_155' title='bbox 3095 621 3143 666; x_wconf 89' lang='lat' dir='ltr'><strong>et</strong></span> <span class='ocrx_word' id='word_1_156' title='bbox 3180 609 3513 679; x_wconf 90' lang='lat' dir='ltr'><strong>phantasiam</strong></span> <span class='ocrx_word' id='word_1_157' title='bbox 3542 606 3636 660; x_wconf 45' lang='lat' dir='ltr'><strong>dc‘</strong></span> 
     </span>
    </p>
   </div>
   <div class='ocr_carea' id='block_1_21' title="bbox 2063 698 3630 776">
    <p class='ocr_par' dir='ltr' id='par_1_21' title="bbox 2063 698 3630 776">
     <span class='ocr_line' id='line_1_21' title="bbox 2063 698 3630 776; baseline -0.016 -3"><span class='ocrx_word' id='word_1_158' title='bbox 2063 719 2209 773; x_wconf 89' lang='lat' dir='ltr'><strong>ludet</strong></span> <span class='ocrx_word' id='word_1_159' title='bbox 2236 716 2515 776; x_wconf 86' lang='lat' dir='ltr'><strong>homines,</strong></span> <span class='ocrx_word' id='word_1_160' title='bbox 2544 713 2684 766; x_wconf 87' lang='lat' dir='ltr'><strong>sicut</strong></span> <span class='ocrx_word' id='word_1_161' title='bbox 2709 718 2764 764; x_wconf 91' lang='lat' dir='ltr'><strong>et</strong></span> <span class='ocrx_word' id='word_1_162' title='bbox 2803 707 2986 761; x_wconf 89' lang='lat' dir='ltr'><strong>Simon</strong></span> <span class='ocrx_word' id='word_1_163' title='bbox 3026 703 3212 772; x_wconf 80' lang='lat' dir='ltr'><strong>Magos</strong></span> <span class='ocrx_word' id='word_1_164' title='bbox 3251 700 3416 767; x_wconf 85' lang='lat' dir='ltr'><strong>illusit</strong></span> <span class='ocrx_word' id='word_1_165' title='bbox 3454 698 3630 756; x_wconf 86' lang='lat' dir='ltr'><strong>illum,</strong></span> 
     </span>
    </p>
   </div>
   <div class='ocr_carea' id='block_1_22' title="bbox 2062 788 3635 877">
    <p class='ocr_par' dir='ltr' id='par_1_22' title="bbox 2062 788 3635 877">
     <span class='ocr_line' id='line_1_22' title="bbox 2062 788 3635 877; baseline -0.013 -15"><span class='ocrx_word' id='word_1_166' title='bbox 2062 809 2154 877; x_wconf 86' lang='lat' dir='ltr'><strong>qui</strong></span> <span class='ocrx_word' id='word_1_167' title='bbox 2183 815 2381 876; x_wconf 79' lang='lat' dir='ltr'><strong>putans</strong></span> <span class='ocrx_word' id='word_1_168' title='bbox 2405 803 2652 858; x_wconf 87' lang='lat' dir='ltr'><strong>occidere</strong></span> <span class='ocrx_word' id='word_1_169' title='bbox 2687 815 2844 864; x_wconf 89' lang='lat' dir='ltr'><strong>eum,</strong></span> <span class='ocrx_word' id='word_1_170' title='bbox 2879 798 3101 852; x_wconf 88' lang='lat' dir='ltr'><strong>arietem</strong></span> <span class='ocrx_word' id='word_1_171' title='bbox 3138 795 3336 850; x_wconf 87' lang='lat' dir='ltr'><strong>occidit</strong></span> <span class='ocrx_word' id='word_1_172' title='bbox 3363 807 3461 863; x_wconf 91' lang='lat' dir='ltr'><strong>pro</strong></span> <span class='ocrx_word' id='word_1_173' title='bbox 3498 806 3581 844; x_wconf 91' lang='lat' dir='ltr'><strong>eo.</strong></span> <span class='ocrx_word' id='word_1_174' title='bbox 3616 788 3635 860; x_wconf 89' lang='lat'><strong>]</strong></span> 
     </span>
    </p>
   </div>
   <div class='ocr_carea' id='block_1_23' title="bbox 2063 874 3706 958">
    <p class='ocr_par' dir='ltr' id='par_1_23' title="bbox 2063 874 3706 958">
     <span class='ocr_line' id='line_1_23' title="bbox 2063 874 3706 958; baseline -0.013 -6"><span class='ocrx_word' id='word_1_175' title='bbox 2063 874 2197 952; x_wconf 73' lang='lat' dir='ltr'><strong>Cum</strong></span> <span class='ocrx_word' id='word_1_176' title='bbox 2223 897 2367 950; x_wconf 90' lang='lat' dir='ltr'><strong>enim</strong></span> <span class='ocrx_word' id='word_1_177' title='bbox 2393 903 2540 949; x_wconf 89' lang='lat' dir='ltr'><strong>tanta</strong></span> <span class='ocrx_word' id='word_1_178' title='bbox 2570 901 2624 947; x_wconf 90' lang='lat' dir='ltr'><strong>et</strong></span> <span class='ocrx_word' id='word_1_179' title='bbox 2653 892 2781 945; x_wconf 89' lang='lat' dir='ltr'><strong>talia</strong></span> <span class='ocrx_word' id='word_1_180' title='bbox 2809 890 2962 958; x_wconf 82' lang='lat' dir='ltr'><strong>signa</strong></span> <span class='ocrx_word' id='word_1_181' title='bbox 2992 887 3223 940; x_wconf 84' lang='lat' dir='ltr'><strong>viderint</strong></span> <span class='ocrx_word' id='word_1_182' title='bbox 3251 885 3412 938; x_wconf 89' lang='lat' dir='ltr'><strong>etiam</strong></span> <span class='ocrx_word' id='word_1_183' title='bbox 3444 881 3517 935; x_wconf 87' lang='lat' dir='ltr'><strong>illi</strong></span> <span class='ocrx_word' id='word_1_184' title='bbox 3545 880 3635 948; x_wconf 88' lang='lat' dir='ltr'><strong>qtti</strong></span> <span class='ocrx_word' id='word_1_185' title='bbox 3703 874 3706 877; x_wconf 79' lang='grc'><em>’</em></span> 
     </span>
    </p>
   </div>
   <div class='ocr_carea' id='block_1_24' title="bbox 2065 972 3640 1056">
    <p class='ocr_par' dir='ltr' id='par_1_24' title="bbox 2065 972 3640 1056">
     <span class='ocr_line' id='line_1_24' title="bbox 2065 972 3640 1056; baseline -0.011 -15"><span class='ocrx_word' id='word_1_186' title='bbox 2065 986 2287 1056; x_wconf 82' lang='lat' dir='ltr'><strong>perfecti</strong></span> <span class='ocrx_word' id='word_1_187' title='bbox 2327 994 2382 1038; x_wconf 89' lang='lat' dir='ltr'><strong>et</strong></span> <span class='ocrx_word' id='word_1_188' title='bbox 2416 981 2573 1037; x_wconf 87' lang='lat' dir='ltr'><strong>electi</strong></span> <span class='ocrx_word' id='word_1_189' title='bbox 2609 982 2705 1035; x_wconf 88' lang='lat' dir='ltr'><strong>Dei</strong></span> <span class='ocrx_word' id='word_1_190' title='bbox 2751 988 2908 1043; x_wconf 90' lang='lat' dir='ltr'><strong>sunt,</strong></span> <span class='ocrx_word' id='word_1_191' title='bbox 2955 976 3278 1032; x_wconf 82' lang='lat' dir='ltr'><strong>dubitabunt</strong></span> <span class='ocrx_word' id='word_1_192' title='bbox 3313 982 3491 1026; x_wconf 89' lang='lat' dir='ltr'><strong>utrum</strong></span> <span class='ocrx_word' id='word_1_193' title='bbox 3527 972 3640 1040; x_wconf 86' lang='lat' dir='ltr'><strong>ipse</strong></span> 
     </span>
    </p>
   </div>
   <div class='ocr_carea' id='block_1_25' title="bbox 2067 1065 3640 1145">
    <p class='ocr_par' dir='ltr' id='par_1_25' title="bbox 2067 1065 3640 1145">
     <span class='ocr_line' id='line_1_25' title="bbox 2067 1065 3640 1145; baseline -0.013 -10"><span class='ocrx_word' id='word_1_194' title='bbox 2067 1081 2137 1135; x_wconf 85' lang='lat' dir='ltr'><strong>sit</strong></span> <span class='ocrx_word' id='word_1_195' title='bbox 2161 1079 2438 1138; x_wconf 89' lang='lat' dir='ltr'><strong>Christus,</strong></span> <span class='ocrx_word' id='word_1_196' title='bbox 2467 1076 2557 1145; x_wconf 85' lang='lat' dir='ltr'><strong>qui</strong></span> <span class='ocrx_word' id='word_1_197' title='bbox 2592 1075 2644 1128; x_wconf 93' lang='lat' dir='ltr'><strong>in</strong></span> <span class='ocrx_word' id='word_1_198' title='bbox 2676 1075 2780 1126; x_wconf 82' lang='lat' dir='ltr'><strong>[inc</strong></span> <span class='ocrx_word' id='word_1_199' title='bbox 2806 1070 2990 1125; x_wconf 89' lang='lat' dir='ltr'><strong>mundi</strong></span> <span class='ocrx_word' id='word_1_200' title='bbox 3018 1069 3310 1123; x_wconf 89' lang='lat' dir='ltr'><strong>secundum</strong></span> <span class='ocrx_word' id='word_1_201' title='bbox 3339 1065 3640 1134; x_wconf 87' lang='lat' dir='ltr'><strong>Scripturas</strong></span> 
     </span>
    </p>
   </div>
   <div class='ocr_carea' id='block_1_26' title="bbox 2069 1155 3641 1232">
    <p class='ocr_par' dir='ltr' id='par_1_26' title="bbox 2069 1155 3641 1232">
     <span class='ocr_line' id='line_1_26' title="bbox 2069 1155 3641 1232; baseline -0.012 -8"><span class='ocrx_word' id='word_1_202' title='bbox 2069 1179 2326 1224; x_wconf 89' lang='lat' dir='ltr'><strong>venturus</strong></span> <span class='ocrx_word' id='word_1_203' title='bbox 2361 1176 2474 1232; x_wconf 84' lang='lat' dir='ltr'><strong>est,</strong></span> <span class='ocrx_word' id='word_1_204' title='bbox 2515 1181 2584 1218; x_wconf 88' lang='lat' dir='ltr'><strong>an</strong></span> <span class='ocrx_word' id='word_1_205' title='bbox 2621 1180 2745 1218; x_wconf 91' lang='lat' dir='ltr'><strong>non.</strong></span> <span class='ocrx_word' id='word_1_206' title='bbox 2786 1161 2833 1230; x_wconf 75' lang='grc' dir='ltr'><strong>Ῐτ</strong></span> <span class='ocrx_word' id='word_1_207' title='bbox 2885 1161 3011 1215; x_wconf 73' lang='lat' dir='ltr'><strong>lianc</strong></span> <span class='ocrx_word' id='word_1_208' title='bbox 3048 1170 3228 1212; x_wconf 88' lang='lat' dir='ltr'><strong>autem</strong></span> <span class='ocrx_word' id='word_1_209' title='bbox 3264 1157 3444 1216; x_wconf 88' lang='lat' dir='ltr'><strong>omnia</strong></span> <span class='ocrx_word' id='word_1_210' title='bbox 3481 1155 3641 1208; x_wconf 88' lang='lat' dir='ltr'><strong>mira-</strong></span> 
     </span>
    </p>
   </div>
   <div class='ocr_carea' id='block_1_27' title="bbox 2069 1246 3639 1322">
    <p class='ocr_par' dir='ltr' id='par_1_27' title="bbox 2069 1246 3639 1322">
     <span class='ocr_line' id='line_1_27' title="bbox 2069 1246 3639 1322; baseline -0.012 -9"><span class='ocrx_word' id='word_1_211' title='bbox 2069 1261 2190 1315; x_wconf 88' lang='lat' dir='ltr'><strong>cnla</strong></span> <span class='ocrx_word' id='word_1_212' title='bbox 2242 1259 2492 1313; x_wconf 80' lang='lat' dir='ltr'><strong>omnibus</strong></span> <span class='ocrx_word' id='word_1_213' title='bbox 2543 1255 2716 1310; x_wconf 90' lang='lat' dir='ltr'><strong>modis</strong></span> <span class='ocrx_word' id='word_1_214' title='bbox 2766 1268 2864 1322; x_wconf 89' lang='lat' dir='ltr'><strong>per</strong></span> <span class='ocrx_word' id='word_1_215' title='bbox 2909 1249 3304 1306; x_wconf 88' lang='lat' dir='ltr'><strong>incantationes</strong></span> <span class='ocrx_word' id='word_1_216' title='bbox 3348 1246 3639 1300; x_wconf 83' lang='lat' dir='ltr'><strong>diabolicas</strong></span> 
     </span>
    </p>
   </div>
   <div class='ocr_carea' id='block_1_28' title="bbox 2072 1324 3713 1408">
    <p class='ocr_par' dir='ltr' id='par_1_28' title="bbox 2072 1324 3713 1408">
     <span class='ocr_line' id='line_1_28' title="bbox 2072 1324 3713 1408; baseline -0.011 -2"><span class='ocrx_word' id='word_1_217' title='bbox 2072 1352 2205 1406; x_wconf 87' lang='lat' dir='ltr'><strong>falsa</strong></span> <span class='ocrx_word' id='word_1_218' title='bbox 2243 1358 2428 1408; x_wconf 84' lang='lat' dir='ltr'><strong>erunt.</strong></span> <span class='ocrx_word' id='word_1_219' title='bbox 2469 1347 2846 1408; x_wconf 79' lang='lat' dir='ltr'><strong>peccatoribus</strong></span> <span class='ocrx_word' id='word_1_220' title='bbox 2883 1352 2937 1399; x_wconf 89' lang='lat' dir='ltr'><strong>et</strong></span> <span class='ocrx_word' id='word_1_221' title='bbox 2980 1340 3271 1397; x_wconf 83' lang='lat' dir='ltr'><strong>incredulis</strong></span> <span class='ocrx_word' id='word_1_222' title='bbox 3319 1339 3642 1391; x_wconf 87' lang='lat' dir='ltr'><strong>videbuntur</strong></span> <span class='ocrx_word' id='word_1_223' title='bbox 3708 1324 3713 1329; x_wconf 71' lang='grc'><strong>’</strong></span> 
     </span>
    </p>
   </div>
   <div class='ocr_carea' id='block_1_29' title="bbox 2072 1440 3236 1512">
    <p class='ocr_par' dir='ltr' id='par_1_29' title="bbox 2072 1440 3236 1512">
     <span class='ocr_line' id='line_1_29' title="bbox 2072 1440 3236 1512; baseline -0.003 -18"><span class='ocrx_word' id='word_1_224' title='bbox 2072 1455 2220 1495; x_wconf 77' lang='lat' dir='ltr'><strong>vera.</strong></span> <span class='ocrx_word' id='word_1_225' title='bbox 2248 1440 2268 1512; x_wconf 94' lang='lat'><strong>]</strong></span> <span class='ocrx_word' id='word_1_226' title='bbox 3231 1484 3236 1491; x_wconf 92' lang='lat'><strong>.</strong></span> 
     </span>
    </p>
   </div>
   <div class='ocr_carea' id='block_1_30' title="bbox 2146 1519 3644 1600">
    <p class='ocr_par' dir='ltr' id='par_1_30' title="bbox 2146 1519 3644 1600">
     <span class='ocr_line' id='line_1_30' title="bbox 2146 1519 3644 1600; baseline -0.011 -13"><span class='ocrx_word' id='word_1_227' title='bbox 2146 1532 2411 1587; x_wconf 81' lang='lat' dir='ltr'><strong>Excitabit</strong></span> <span class='ocrx_word' id='word_1_228' title='bbox 2426 1530 2851 1600; x_wconf 79' lang='lat' dir='ltr'><strong>persecutionem</strong></span> <span class='ocrx_word' id='word_1_229' title='bbox 2867 1527 2966 1582; x_wconf 89' lang='lat' dir='ltr'><strong>sub</strong></span> <span class='ocrx_word' id='word_1_230' title='bbox 2980 1527 3124 1580; x_wconf 91' lang='lat' dir='ltr'><strong>omni</strong></span> <span class='ocrx_word' id='word_1_231' title='bbox 3151 1523 3287 1579; x_wconf 78' lang='lat' dir='ltr'><strong>cmlo</strong></span> <span class='ocrx_word' id='word_1_232' title='bbox 3311 1536 3470 1590; x_wconf 82' lang='lat' dir='ltr'><strong>super</strong></span> <span class='ocrx_word' id='word_1_233' title='bbox 3488 1519 3644 1573; x_wconf 62' lang='lat' dir='ltr'><strong>(thri-</strong></span> 
     </span>
    </p>
   </div>
   <div class='ocr_carea' id='block_1_31' title="bbox 2075 1617 3644 1686">
    <p class='ocr_par' dir='ltr' id='par_1_31' title="bbox 2075 1617 3644 1686">
     <span class='ocr_line' id='line_1_31' title="bbox 2075 1617 3644 1686; baseline -0.01 -7"><span class='ocrx_word' id='word_1_234' title='bbox 2075 1626 2279 1679; x_wconf 88' lang='lat' dir='ltr'><strong>stianos</strong></span> <span class='ocrx_word' id='word_1_235' title='bbox 2325 1632 2380 1677; x_wconf 89' lang='lat' dir='ltr'><strong>et</strong></span> <span class='ocrx_word' id='word_1_236' title='bbox 2431 1638 2620 1677; x_wconf 86' lang='lat' dir='ltr'><strong>omnes</strong></span> <span class='ocrx_word' id='word_1_237' title='bbox 2661 1621 2879 1675; x_wconf 85' lang='lat' dir='ltr'><strong>electos.</strong></span> <span class='ocrx_word' id='word_1_238' title='bbox 2917 1618 3100 1686; x_wconf 81' lang='lat' dir='ltr'><strong>Eriget</strong></span> <span class='ocrx_word' id='word_1_239' title='bbox 3127 1617 3305 1683; x_wconf 87' lang='lat' dir='ltr'><strong>itaque</strong></span> <span class='ocrx_word' id='word_1_240' title='bbox 3334 1629 3418 1668; x_wconf 76' lang='lat' dir='ltr'><strong>se</strong></span> <span class='ocrx_word' id='word_1_241' title='bbox 3457 1622 3644 1667; x_wconf 85' lang='lat' dir='ltr'><strong>contra</strong></span> 
     </span>
    </p>
   </div>
   <div class='ocr_carea' id='block_1_32' title="bbox 2077 1705 3647 1775">
    <p class='ocr_par' dir='ltr' id='par_1_32' title="bbox 2077 1705 3647 1775">
     <span class='ocr_line' id='line_1_32' title="bbox 2077 1705 3647 1775; baseline -0.01 -6"><span class='ocrx_word' id='word_1_242' title='bbox 2077 1715 2261 1770; x_wconf 87' lang='lat' dir='ltr'><strong>ﬁdeles</strong></span> <span class='ocrx_word' id='word_1_243' title='bbox 2313 1715 2486 1768; x_wconf 90' lang='lat' dir='ltr'><strong>tribus</strong></span> <span class='ocrx_word' id='word_1_244' title='bbox 2521 1713 2713 1775; x_wconf 81' lang='lat' dir='ltr'><strong>modis,</strong></span> <span class='ocrx_word' id='word_1_245' title='bbox 2744 1711 2796 1764; x_wconf 94' lang='lat' dir='ltr'><strong>id</strong></span> <span class='ocrx_word' id='word_1_246' title='bbox 2840 1716 2944 1773; x_wconf 89' lang='lat' dir='ltr'><strong>est,</strong></span> <span class='ocrx_word' id='word_1_247' title='bbox 2975 1717 3201 1772; x_wconf 87' lang='lat' dir='ltr'><strong>terrore,</strong></span> <span class='ocrx_word' id='word_1_248' title='bbox 3261 1705 3572 1758; x_wconf 77' lang='lat' dir='ltr'><strong>muneribus</strong></span> <span class='ocrx_word' id='word_1_249' title='bbox 3595 1711 3647 1756; x_wconf 91' lang='lat' dir='ltr'><strong>ct</strong></span> 
     </span>
    </p>
   </div>
   <div class='ocr_carea' id='block_1_33' title="bbox 401 1794 3643 1876">
    <p class='ocr_par' dir='ltr' id='par_1_33' title="bbox 401 1794 3643 1876">
     <span class='ocr_line' id='line_1_33' title="bbox 401 1794 3643 1876; baseline -0.005 -12"><span class='ocrx_word' id='word_1_250' title='bbox 401 1811 534 1864; x_wconf 86' lang='lat' dir='ltr'><strong>oriri</strong></span> <span class='ocrx_word' id='word_1_251' title='bbox 570 1810 791 1871; x_wconf 86' lang='lat' dir='ltr'><strong>debeat,</strong></span> <span class='ocrx_word' id='word_1_252' title='bbox 833 1804 1040 1864; x_wconf 81' lang='lat' dir='ltr'><strong>scilicet</strong></span> <span class='ocrx_word' id='word_1_253' title='bbox 1082 1809 1352 1862; x_wconf 87' lang='lat' dir='ltr'><strong>civitatem</strong></span> <span class='ocrx_word' id='word_1_254' title='bbox 1396 1805 1734 1876; x_wconf 61' lang='lat' dir='ltr'><strong>Babyloniae;</strong></span> <span class='ocrx_word' id='word_1_255' title='bbox 1780 1804 1833 1856; x_wconf 89' lang='lat' dir='ltr'><strong>in</strong></span> <span class='ocrx_word' id='word_1_256' title='bbox 1875 1803 1975 1856; x_wconf 88' lang='lat' dir='ltr'><strong>hac</strong></span> <span class='ocrx_word' id='word_1_257' title='bbox 2005 1797 2049 1854; x_wconf 88' lang='grc' dir='ltr'><strong>Β</strong></span> <span class='ocrx_word' id='word_1_258' title='bbox 2081 1806 2374 1862; x_wconf 80' lang='lat' dir='ltr'><strong>miraculis.</strong></span> <span class='ocrx_word' id='word_1_259' title='bbox 2428 1804 2588 1858; x_wconf 80' lang='lat' dir='ltr'><strong>Dabit</strong></span> <span class='ocrx_word' id='word_1_260' title='bbox 2639 1801 2979 1856; x_wconf 79' lang='lat' dir='ltr'><strong>credentibus</strong></span> <span class='ocrx_word' id='word_1_261' title='bbox 3014 1799 3067 1852; x_wconf 92' lang='lat' dir='ltr'><strong>in</strong></span> <span class='ocrx_word' id='word_1_262' title='bbox 3106 1813 3163 1852; x_wconf 86' lang='lat' dir='ltr'><strong>se</strong></span> <span class='ocrx_word' id='word_1_263' title='bbox 3191 1794 3309 1850; x_wconf 86' lang='lat' dir='ltr'><strong>auri</strong></span> <span class='ocrx_word' id='word_1_264' title='bbox 3354 1804 3514 1864; x_wconf 89' lang='lat' dir='ltr'><strong>atque</strong></span> <span class='ocrx_word' id='word_1_265' title='bbox 3561 1809 3643 1844; x_wconf 85' lang='lat' dir='ltr'><strong>ar-</strong></span> 
     </span>
    </p>
   </div>
   <div class='ocr_carea' id='block_1_34' title="bbox 401 1891 1984 1968">
    <p class='ocr_par' dir='ltr' id='par_1_34' title="bbox 401 1891 1984 1968">
     <span class='ocr_line' id='line_1_34' title="bbox 401 1891 1984 1968; baseline -0.006 -14"><span class='ocrx_word' id='word_1_266' title='bbox 401 1901 546 1955; x_wconf 89' lang='lat' dir='ltr'><strong>enim</strong></span> <span class='ocrx_word' id='word_1_267' title='bbox 584 1901 808 1955; x_wconf 73' lang='lat' dir='ltr'><strong>civitate</strong></span> <span class='ocrx_word' id='word_1_268' title='bbox 839 1901 887 1961; x_wconf 76' lang='grc' dir='ltr'><strong>δ,</strong></span> <span class='ocrx_word' id='word_1_269' title='bbox 927 1913 1065 1967; x_wconf 78' lang='lat' dir='ltr'><strong>quae.</strong></span> <span class='ocrx_word' id='word_1_270' title='bbox 1089 1899 1359 1968; x_wconf 89' lang='lat' dir='ltr'><strong>quondam</strong></span> <span class='ocrx_word' id='word_1_271' title='bbox 1400 1895 1501 1949; x_wconf 89' lang='lat' dir='ltr'><strong>fuit</strong></span> <span class='ocrx_word' id='word_1_272' title='bbox 1537 1894 1737 1964; x_wconf 77' lang='lat' dir='ltr'><strong>inclyta</strong></span> <span class='ocrx_word' id='word_1_273' title='bbox 1781 1899 1836 1946; x_wconf 80' lang='lat' dir='ltr'><strong>et</strong></span> <span class='ocrx_word' id='word_1_274' title='bbox 1872 1891 1984 1961; x_wconf 85' lang='lat' dir='ltr'><strong>glo-</strong></span> 
     </span>
    </p>
   </div>
   <div class='ocr_carea' id='block_1_35' title="bbox 403 1978 1982 2060">
    <p class='ocr_par' dir='ltr' id='par_1_35' title="bbox 403 1978 1982 2060">
     <span class='ocr_line' id='line_1_35' title="bbox 403 1978 1982 2060; baseline -0.006 -16"><span class='ocrx_word' id='word_1_275' title='bbox 403 1991 545 2044; x_wconf 85' lang='lat' dir='ltr'><strong>riosa</strong></span> <span class='ocrx_word' id='word_1_276' title='bbox 593 1989 614 2060; x_wconf 90' lang='lat'><strong>[</strong></span> <span class='ocrx_word' id='word_1_277' title='bbox 640 2001 662 2028; x_wconf 80' lang='grc' dir='ltr'><strong>ο</strong></span> <span class='ocrx_word' id='word_1_278' title='bbox 693 1989 823 2042; x_wconf 88' lang='lat' dir='ltr'><strong>urbs</strong></span> <span class='ocrx_word' id='word_1_279' title='bbox 851 1986 1174 2059; x_wconf 88' lang='lat' dir='ltr'><strong>gentilium]</strong></span> <span class='ocrx_word' id='word_1_280' title='bbox 1223 1995 1278 2042; x_wconf 91' lang='lat' dir='ltr'><strong>et</strong></span> <span class='ocrx_word' id='word_1_281' title='bbox 1324 1993 1486 2054; x_wconf 87' lang='lat' dir='ltr'><strong>caput</strong></span> <span class='ocrx_word' id='word_1_282' title='bbox 1531 1979 1782 2056; x_wconf 85' lang='lat' dir='ltr'><strong>[totius]</strong></span> <span class='ocrx_word' id='word_1_283' title='bbox 1830 1978 1982 2050; x_wconf 79' lang='lat' dir='ltr'><strong>regni</strong></span> 
     </span>
    </p>
   </div>
   <div class='ocr_carea' id='block_1_36' title="bbox 404 2071 1984 2143">
    <p class='ocr_par' dir='ltr' id='par_1_36' title="bbox 404 2071 1984 2143">
     <span class='ocr_line' id='line_1_36' title="bbox 404 2071 1984 2143; baseline -0.005 -9"><span class='ocrx_word' id='word_1_284' title='bbox 404 2080 694 2134; x_wconf 85' lang='lat' dir='ltr'><strong>Persarum</strong></span> <span class='ocrx_word' id='word_1_285' title='bbox 716 2119 731 2143; x_wconf 93' lang='lat'><strong>,</strong></span> <span class='ocrx_word' id='word_1_286' title='bbox 761 2078 1128 2132; x_wconf 82' lang='lat' dir='ltr'><strong>Antichristus</strong></span> <span class='ocrx_word' id='word_1_287' title='bbox 1158 2087 1446 2139; x_wconf 85' lang='lat' dir='ltr'><strong>nascetur;</strong></span> <span class='ocrx_word' id='word_1_288' title='bbox 1488 2084 1541 2129; x_wconf 89' lang='lat' dir='ltr'><strong>et</strong></span> <span class='ocrx_word' id='word_1_289' title='bbox 1562 2075 1637 2128; x_wconf 84' lang='lat' dir='ltr'><strong>&#39;in</strong></span> <span class='ocrx_word' id='word_1_290' title='bbox 1676 2071 1984 2128; x_wconf 88' lang='lat' dir='ltr'><strong>civitatibus</strong></span> 
     </span>
    </p>
   </div>
   <div class='ocr_carea' id='block_1_37' title="bbox 406 2161 1986 2237">
    <p class='ocr_par' dir='ltr' id='par_1_37' title="bbox 406 2161 1986 2237">
     <span class='ocr_line' id='line_1_37' title="bbox 406 2161 1986 2237; baseline -0.006 -13"><span class='ocrx_word' id='word_1_291' title='bbox 406 2170 690 2224; x_wconf 86' lang='lat' dir='ltr'><strong>Bethsaide</strong></span> <span class='ocrx_word' id='word_1_292' title='bbox 726 2178 781 2223; x_wconf 89' lang='lat' dir='ltr'><strong>et</strong></span> <span class='ocrx_word' id='word_1_293' title='bbox 806 2167 1090 2222; x_wconf 83' lang='lat' dir='ltr'><strong>Corozaim</strong></span> <span class='ocrx_word' id='word_1_294' title='bbox 1117 2167 1314 2221; x_wconf 89' lang='lat' dir='ltr'><strong>nutriri</strong></span> <span class='ocrx_word' id='word_1_295' title='bbox 1345 2165 1440 2237; x_wconf 89' lang='lat' dir='ltr'><strong>[et</strong></span> <span class='ocrx_word' id='word_1_296' title='bbox 1469 2163 1776 2237; x_wconf 74' lang='lat' dir='ltr'><strong>conversari</strong></span> <span class='ocrx_word' id='word_1_297' title='bbox 1801 2161 1821 2234; x_wconf 94' lang='lat'><strong>]</strong></span> <span class='ocrx_word' id='word_1_298' title='bbox 1854 2162 1986 2216; x_wconf 86' lang='lat' dir='ltr'><strong>dici-</strong></span> 
     </span>
    </p>
   </div>
   <div class='ocr_carea' id='block_1_38' title="bbox 406 2255 1986 2331">
    <p class='ocr_par' dir='ltr' id='par_1_38' title="bbox 406 2255 1986 2331">
     <span class='ocr_line' id='line_1_38' title="bbox 406 2255 1986 2331; baseline -0.005 -15"><span class='ocrx_word' id='word_1_299' title='bbox 406 2271 529 2316; x_wconf 89' lang='lat' dir='ltr'><strong>tur:</strong></span> <span class='ocrx_word' id='word_1_300' title='bbox 560 2261 755 2329; x_wconf 86' lang='lat' dir='ltr'><strong>quibus</strong></span> <span class='ocrx_word' id='word_1_301' title='bbox 785 2258 1178 2331; x_wconf 76' lang='lat' dir='ltr'><strong>[civitatibus]</strong></span> <span class='ocrx_word' id='word_1_302' title='bbox 1207 2260 1462 2315; x_wconf 89' lang='lat' dir='ltr'><strong>Dominus</strong></span> <span class='ocrx_word' id='word_1_303' title='bbox 1488 2258 1539 2311; x_wconf 93' lang='lat' dir='ltr'><strong>in</strong></span> <span class='ocrx_word' id='word_1_304' title='bbox 1567 2255 1856 2326; x_wconf 84' lang='lat' dir='ltr'><strong>Evangelio</strong></span> <span class='ocrx_word' id='word_1_305' title='bbox 1886 2256 1986 2308; x_wconf 85' lang='lat' dir='ltr'><strong>im-</strong></span> 
     </span>
    </p>
   </div>
   <div class='ocr_carea' id='block_1_39' title="bbox 403 2343 1985 2422">
    <p class='ocr_par' dir='ltr' id='par_1_39' title="bbox 403 2343 1985 2422">
     <span class='ocr_line' id='line_1_39' title="bbox 403 2343 1985 2422; baseline -0.004 -17"><span class='ocrx_word' id='word_1_306' title='bbox 403 2359 692 2422; x_wconf 87' lang='lat' dir='ltr'><strong>properat,</strong></span> <span class='ocrx_word' id='word_1_307' title='bbox 726 2349 911 2404; x_wconf 89' lang='lat' dir='ltr'><strong>dicens</strong></span> <span class='ocrx_word' id='word_1_308' title='bbox 936 2367 951 2402; x_wconf 85' lang='lat'><strong>:</strong></span> <span class='ocrx_word' id='word_1_309' title='bbox 984 2347 1076 2404; x_wconf 70' lang='lat' dir='ltr'><strong>Vra</strong></span> <span class='ocrx_word' id='word_1_310' title='bbox 1107 2350 1222 2412; x_wconf 82' lang='lat' dir='ltr'><strong>tibi,</strong></span> <span class='ocrx_word' id='word_1_311' title='bbox 1252 2348 1551 2411; x_wconf 80' lang='lat' dir='ltr'><strong>Corozaim,</strong></span> <span class='ocrx_word' id='word_1_312' title='bbox 1576 2363 1651 2400; x_wconf 75' lang='lat' dir='ltr'><strong>va:</strong></span> <span class='ocrx_word' id='word_1_313' title='bbox 1678 2343 1800 2407; x_wconf 79' lang='lat' dir='ltr'><strong>tibi,</strong></span> <span class='ocrx_word' id='word_1_314' title='bbox 1826 2345 1985 2398; x_wconf 83' lang='lat' dir='ltr'><strong>Beth-</strong></span> 
     </span>
    </p>
   </div>
   <div class='ocr_carea' id='block_1_40' title="bbox 404 2433 1985 2509">
    <p class='ocr_par' dir='ltr' id='par_1_40' title="bbox 404 2433 1985 2509">
     <span class='ocr_line' id='line_1_40' title="bbox 404 2433 1985 2509; baseline -0.004 -17"><span class='ocrx_word' id='word_1_315' title='bbox 404 2439 558 2493; x_wconf 81' lang='lat' dir='ltr'><strong>saida</strong></span> <span class='ocrx_word' id='word_1_316' title='bbox 603 2437 844 2509; x_wconf 80' lang='lat' dir='ltr'><strong>(Matth.</strong></span> <span class='ocrx_word' id='word_1_317' title='bbox 894 2453 980 2502; x_wconf 75' lang='lat' dir='ltr'><strong>XI,</strong></span> <span class='ocrx_word' id='word_1_318' title='bbox 1008 2437 1116 2501; x_wconf 67' lang='lat'><strong>21;</strong></span> <span class='ocrx_word' id='word_1_319' title='bbox 1151 2435 1280 2491; x_wconf 86' lang='lat' dir='ltr'><strong>Luc.</strong></span> <span class='ocrx_word' id='word_1_320' title='bbox 1325 2451 1388 2496; x_wconf 75' lang='grc' dir='ltr'><strong>ι,</strong></span> <span class='ocrx_word' id='word_1_321' title='bbox 1442 2434 1571 2506; x_wconf 71' lang='lat'><strong>15)!</strong></span> <span class='ocrx_word' id='word_1_322' title='bbox 1616 2433 1847 2488; x_wconf 82' lang='lat' dir='ltr'><strong>Habebit</strong></span> <span class='ocrx_word' id='word_1_323' title='bbox 1890 2448 1985 2486; x_wconf 88' lang='lat' dir='ltr'><strong>an-</strong></span> 
     </span>
    </p>
   </div>
   <div class='ocr_carea' id='block_1_41' title="bbox 407 2521 1986 2598">
    <p class='ocr_par' dir='ltr' id='par_1_41' title="bbox 407 2521 1986 2598">
     <span class='ocr_line' id='line_1_41' title="bbox 407 2521 1986 2598; baseline -0.004 -16"><span class='ocrx_word' id='word_1_324' title='bbox 407 2537 518 2582; x_wconf 85' lang='lat' dir='ltr'><strong>tem</strong></span> <span class='ocrx_word' id='word_1_325' title='bbox 559 2527 924 2583; x_wconf 84' lang='lat' dir='ltr'><strong>Antichristus</strong></span> <span class='ocrx_word' id='word_1_326' title='bbox 969 2541 1155 2598; x_wconf 83' lang='lat' dir='ltr'><strong>magos</strong></span> <span class='ocrx_word' id='word_1_327' title='bbox 1197 2535 1252 2580; x_wconf 89' lang='lat' dir='ltr'><strong>et</strong></span> <span class='ocrx_word' id='word_1_328' title='bbox 1291 2523 1489 2580; x_wconf 80' lang='lat' dir='ltr'><strong>ariolOs</strong></span> <span class='ocrx_word' id='word_1_329' title='bbox 1527 2533 1582 2578; x_wconf 85' lang='lat' dir='ltr'><strong>et</strong></span> <span class='ocrx_word' id='word_1_330' title='bbox 1623 2521 1895 2576; x_wconf 87' lang='lat' dir='ltr'><strong>maleﬁcos</strong></span> <span class='ocrx_word' id='word_1_331' title='bbox 1930 2528 1986 2576; x_wconf 88' lang='lat' dir='ltr'><strong>et</strong></span> 
     </span>
    </p>
   </div>
   <div class='ocr_carea' id='block_1_42' title="bbox 325 2601 1984 2689">
    <p class='ocr_par' dir='ltr' id='par_1_42' title="bbox 325 2601 1984 2689">
     <span class='ocr_line' id='line_1_42' title="bbox 325 2601 1984 2689; baseline -0.007 -12"><span class='ocrx_word' id='word_1_332' title='bbox 325 2672 330 2677; x_wconf 88' lang='lat'><strong>.</strong></span> <span class='ocrx_word' id='word_1_333' title='bbox 365 2618 370 2621; x_wconf 78' lang='grc'><em>’</em></span> <span class='ocrx_word' id='word_1_334' title='bbox 407 2622 773 2677; x_wconf 84' lang='lat' dir='ltr'><strong>incantatores</strong></span> <span class='ocrx_word' id='word_1_335' title='bbox 799 2629 854 2676; x_wconf 88' lang='lat' dir='ltr'><strong>et</strong></span> <span class='ocrx_word' id='word_1_336' title='bbox 881 2621 1126 2683; x_wconf 87' lang='lat' dir='ltr'><strong>divinos,</strong></span> <span class='ocrx_word' id='word_1_337' title='bbox 1158 2618 1250 2689; x_wconf 87' lang='lat' dir='ltr'><strong>qui</strong></span> <span class='ocrx_word' id='word_1_338' title='bbox 1278 2633 1400 2674; x_wconf 89' lang='lat' dir='ltr'><strong>eum</strong></span> <span class='ocrx_word' id='word_1_339' title='bbox 1432 2615 1688 2689; x_wconf 87' lang='lat' dir='ltr'><strong>[diabolo</strong></span> <span class='ocrx_word' id='word_1_340' title='bbox 1715 2601 1984 2684; x_wconf 85' lang='lat' dir='ltr'><strong>inspiran-</strong></span> 
     </span>
    </p>
   </div>
   <div class='ocr_carea' id='block_1_43' title="bbox 407 2704 1984 2784">
    <p class='ocr_par' dir='ltr' id='par_1_43' title="bbox 407 2704 1984 2784">
     <span class='ocr_line' id='line_1_43' title="bbox 407 2704 1984 2784; baseline -0.006 -18"><span class='ocrx_word' id='word_1_341' title='bbox 407 2710 503 2784; x_wconf 87' lang='lat' dir='ltr'><strong>te]</strong></span> <span class='ocrx_word' id='word_1_342' title='bbox 531 2712 770 2767; x_wconf 87' lang='lat' dir='ltr'><strong>nutrient</strong></span> <span class='ocrx_word' id='word_1_343' title='bbox 799 2721 855 2766; x_wconf 90' lang='lat' dir='ltr'><strong>et</strong></span> <span class='ocrx_word' id='word_1_344' title='bbox 884 2711 1181 2773; x_wconf 88' lang='lat' dir='ltr'><strong>docebunt,</strong></span> <span class='ocrx_word' id='word_1_345' title='bbox 1210 2719 1268 2764; x_wconf 89' lang='lat' dir='ltr'><strong>et</strong></span> <span class='ocrx_word' id='word_1_346' title='bbox 1305 2710 1548 2764; x_wconf 87' lang='lat' dir='ltr'><strong>imbuent</strong></span> <span class='ocrx_word' id='word_1_347' title='bbox 1592 2708 1647 2761; x_wconf 92' lang='lat' dir='ltr'><strong>in</strong></span> <span class='ocrx_word' id='word_1_348' title='bbox 1689 2705 1835 2761; x_wconf 91' lang='lat' dir='ltr'><strong>omni</strong></span> <span class='ocrx_word' id='word_1_349' title='bbox 1879 2704 1984 2759; x_wconf 83' lang='lat' dir='ltr'><strong>ini-</strong></span> 
     </span>
    </p>
   </div>
   <div class='ocr_carea' id='block_1_44' title="bbox 408 2793 1982 2870">
    <p class='ocr_par' dir='ltr' id='par_1_44' title="bbox 408 2793 1982 2870">
     <span class='ocr_line' id='line_1_44' title="bbox 408 2793 1982 2870; baseline -0.006 -14"><span class='ocrx_word' id='word_1_350' title='bbox 408 2802 616 2870; x_wconf 82' lang='lat' dir='ltr'><strong>quitate</strong></span> <span class='ocrx_word' id='word_1_351' title='bbox 645 2809 701 2855; x_wconf 89' lang='lat' dir='ltr'><strong>et</strong></span> <span class='ocrx_word' id='word_1_352' title='bbox 729 2800 960 2856; x_wconf 74' lang='lat' dir='ltr'><strong>falsitate</strong></span> <span class='ocrx_word' id='word_1_353' title='bbox 1001 2808 1057 2855; x_wconf 87' lang='lat' dir='ltr'><strong>et</strong></span> <span class='ocrx_word' id='word_1_354' title='bbox 1094 2800 1301 2855; x_wconf 86' lang='lat' dir='ltr'><strong>nefaria</strong></span> <span class='ocrx_word' id='word_1_355' title='bbox 1339 2807 1496 2853; x_wconf 88' lang='lat' dir='ltr'><strong>arte:</strong></span> <span class='ocrx_word' id='word_1_356' title='bbox 1530 2805 1586 2852; x_wconf 92' lang='lat' dir='ltr'><strong>et</strong></span> <span class='ocrx_word' id='word_1_357' title='bbox 1625 2796 1844 2864; x_wconf 85' lang='lat' dir='ltr'><strong>maligni</strong></span> <span class='ocrx_word' id='word_1_358' title='bbox 1875 2793 1982 2864; x_wconf 81' lang='lat' dir='ltr'><strong>Spi-</strong></span> 
     </span>
    </p>
   </div>
   <div class='ocr_carea' id='block_1_45' title="bbox 407 2883 1983 2959">
    <p class='ocr_par' dir='ltr' id='par_1_45' title="bbox 407 2883 1983 2959">
     <span class='ocr_line' id='line_1_45' title="bbox 407 2883 1983 2959; baseline -0.007 -13"><span class='ocrx_word' id='word_1_359' title='bbox 407 2893 544 2947; x_wconf 88' lang='lat' dir='ltr'><strong>ritus</strong></span> <span class='ocrx_word' id='word_1_360' title='bbox 581 2899 741 2945; x_wconf 89' lang='lat' dir='ltr'><strong>erunt</strong></span> <span class='ocrx_word' id='word_1_361' title='bbox 780 2891 944 2945; x_wconf 90' lang='lat' dir='ltr'><strong>duces</strong></span> <span class='ocrx_word' id='word_1_362' title='bbox 983 2888 1098 2959; x_wconf 80' lang='lat' dir='ltr'><strong>ejus</strong></span> <span class='ocrx_word' id='word_1_363' title='bbox 1140 2896 1193 2943; x_wconf 84' lang='lat' dir='ltr'><strong>et</strong></span> <span class='ocrx_word' id='word_1_364' title='bbox 1234 2888 1364 2942; x_wconf 84' lang='lat' dir='ltr'><strong>socii</strong></span> <span class='ocrx_word' id='word_1_365' title='bbox 1413 2901 1624 2956; x_wconf 77' lang='lat' dir='ltr'><strong>semper</strong></span> <span class='ocrx_word' id='word_1_366' title='bbox 1663 2893 1719 2938; x_wconf 89' lang='lat' dir='ltr'><strong>et</strong></span> <span class='ocrx_word' id='word_1_367' title='bbox 1756 2883 1983 2938; x_wconf 88' lang='lat' dir='ltr'><strong>comites</strong></span> 
     </span>
    </p>
   </div>
   <div class='ocr_carea' id='block_1_46' title="bbox 411 2972 1982 3053">
    <p class='ocr_par' dir='ltr' id='par_1_46' title="bbox 411 2972 1982 3053">
     <span class='ocr_line' id='line_1_46' title="bbox 411 2972 1982 3053; baseline -0.005 -19"><span class='ocrx_word' id='word_1_368' title='bbox 411 2980 584 3053; x_wconf 65' lang='grc' dir='ltr'><strong>[ϐοά.</strong></span> <span class='ocrx_word' id='word_1_369' title='bbox 619 2978 845 3043; x_wconf 65' lang='lat' dir='ltr'><strong>Vat.,-et</strong></span> <span class='ocrx_word' id='word_1_370' title='bbox 867 2977 1300 3046; x_wconf 88' lang='lat' dir='ltr'><strong>commilitones]</strong></span> <span class='ocrx_word' id='word_1_371' title='bbox 1344 2976 1577 3031; x_wconf 87' lang='lat' dir='ltr'><strong>indivisi.</strong></span> <span class='ocrx_word' id='word_1_372' title='bbox 1617 2975 1817 3030; x_wconf 85' lang='lat' dir='ltr'><strong>Deinde</strong></span> <span class='ocrx_word' id='word_1_373' title='bbox 1858 2972 1982 3026; x_wconf 83' lang='lat' dir='ltr'><strong>Ilie-</strong></span> 
     </span>
    </p>
   </div>
   <div class='ocr_carea' id='block_1_47' title="bbox 411 3061 1982 3141">
    <p class='ocr_par' dir='ltr' id='par_1_47' title="bbox 411 3061 1982 3141">
     <span class='ocr_line' id='line_1_47' title="bbox 411 3061 1982 3141; baseline -0.004 -18"><span class='ocrx_word' id='word_1_374' title='bbox 411 3070 734 3141; x_wconf 81' lang='lat' dir='ltr'><strong>rosolymam</strong></span> <span class='ocrx_word' id='word_1_375' title='bbox 766 3070 1022 3133; x_wconf 85' lang='lat' dir='ltr'><strong>veniens,</strong></span> <span class='ocrx_word' id='word_1_376' title='bbox 1048 3083 1239 3122; x_wconf 90' lang='lat' dir='ltr'><strong>omnes</strong></span> <span class='ocrx_word' id='word_1_377' title='bbox 1265 3067 1600 3123; x_wconf 87' lang='lat' dir='ltr'><strong>Christianos</strong></span> <span class='ocrx_word' id='word_1_378' title='bbox 1642 3080 1777 3134; x_wconf 89' lang='lat' dir='ltr'><strong>quos</strong></span> <span class='ocrx_word' id='word_1_379' title='bbox 1815 3063 1882 3117; x_wconf 94' lang='lat' dir='ltr'><strong>ad</strong></span> <span class='ocrx_word' id='word_1_380' title='bbox 1924 3061 1982 3116; x_wconf 85' lang='lat' dir='ltr'><strong>se</strong></span> 
     </span>
    </p>
   </div>
   <div class='ocr_carea' id='block_1_48' title="bbox 410 3128 2058 3228">
    <p class='ocr_par' dir='ltr' id='par_1_48' title="bbox 410 3128 2058 3228">
     <span class='ocr_line' id='line_1_48' title="bbox 410 3128 2058 3228; baseline -0.005 -16"><span class='ocrx_word' id='word_1_381' title='bbox 410 3175 516 3213; x_wconf 90' lang='lat' dir='ltr'><strong>non</strong></span> <span class='ocrx_word' id='word_1_382' title='bbox 545 3159 740 3227; x_wconf 78' lang='lat' dir='ltr'><strong>potet-it</strong></span> <span class='ocrx_word' id='word_1_383' title='bbox 769 3168 1113 3222; x_wconf 80' lang='lat' dir='ltr'><strong>convertere,</strong></span> <span class='ocrx_word' id='word_1_384' title='bbox 1155 3173 1250 3228; x_wconf 90' lang='lat' dir='ltr'><strong>per</strong></span> <span class='ocrx_word' id='word_1_385' title='bbox 1286 3156 1434 3209; x_wconf 88' lang='lat' dir='ltr'><strong>varia</strong></span> <span class='ocrx_word' id='word_1_386' title='bbox 1473 3163 1740 3207; x_wconf 87' lang='lat' dir='ltr'><strong>tormenta</strong></span> <span class='ocrx_word' id='word_1_387' title='bbox 1773 3152 1985 3221; x_wconf 90' lang='lat' dir='ltr'><strong>jugula-</strong></span> <span class='ocrx_word' id='word_1_388' title='bbox 2015 3128 2058 3187; x_wconf 66' lang='grc' dir='ltr'>θ</span> 
     </span>
    </p>
   </div>
   <div class='ocr_carea' id='block_1_49' title="bbox 411 3243 1986 3316">
    <p class='ocr_par' dir='ltr' id='par_1_49' title="bbox 411 3243 1986 3316">
     <span class='ocr_line' id='line_1_49' title="bbox 411 3243 1986 3316; baseline -0.005 -13"><span class='ocrx_word' id='word_1_389' title='bbox 411 3249 519 3310; x_wconf 89' lang='lat' dir='ltr'><strong>bit,</strong></span> <span class='ocrx_word' id='word_1_390' title='bbox 552 3257 606 3302; x_wconf 92' lang='lat' dir='ltr'><strong>et</strong></span> <span class='ocrx_word' id='word_1_391' title='bbox 633 3264 784 3302; x_wconf 89' lang='lat' dir='ltr'><strong>suam</strong></span> <span class='ocrx_word' id='word_1_392' title='bbox 815 3250 996 3302; x_wconf 82' lang='lat' dir='ltr'><strong>sedem</strong></span> <span class='ocrx_word' id='word_1_393' title='bbox 1032 3250 1084 3303; x_wconf 90' lang='lat' dir='ltr'><strong>in</strong></span> <span class='ocrx_word' id='word_1_394' title='bbox 1117 3247 1314 3316; x_wconf 87' lang='lat' dir='ltr'><strong>templo</strong></span> <span class='ocrx_word' id='word_1_395' title='bbox 1348 3256 1538 3300; x_wconf 87' lang='lat' dir='ltr'><strong>sancto</strong></span> <span class='ocrx_word' id='word_1_396' title='bbox 1564 3245 1796 3314; x_wconf 88' lang='lat' dir='ltr'><strong>parabit.</strong></span> <span class='ocrx_word' id='word_1_397' title='bbox 1827 3243 1986 3296; x_wconf 88' lang='lat' dir='ltr'><strong>Tem-</strong></span> 
     </span>
    </p>
   </div>
   <div class='ocr_carea' id='block_1_50' title="bbox 392 3333 1987 3406">
    <p class='ocr_par' dir='ltr' id='par_1_50' title="bbox 392 3333 1987 3406">
     <span class='ocr_line' id='line_1_50' title="bbox 392 3333 1987 3406; baseline -0.001 -20"><span class='ocrx_word' id='word_1_398' title='bbox 392 3338 558 3406; x_wconf 83' lang='lat' dir='ltr'><strong>plum</strong></span> <span class='ocrx_word' id='word_1_399' title='bbox 602 3338 767 3394; x_wconf 78' lang='lat' dir='ltr'><strong>etiam</strong></span> <span class='ocrx_word' id='word_1_400' title='bbox 808 3338 1175 3398; x_wconf 88' lang='lat' dir='ltr'><strong>destructum,</strong></span> <span class='ocrx_word' id='word_1_401' title='bbox 1221 3335 1361 3404; x_wconf 89' lang='lat' dir='ltr'><strong>quod</strong></span> <span class='ocrx_word' id='word_1_402' title='bbox 1407 3333 1657 3387; x_wconf 87' lang='lat' dir='ltr'><strong>Salomon</strong></span> <span class='ocrx_word' id='word_1_403' title='bbox 1691 3335 1800 3386; x_wconf 89' lang='lat' dir='ltr'><strong>Deo</strong></span> <span class='ocrx_word' id='word_1_404' title='bbox 1831 3347 1987 3400; x_wconf 86' lang='lat' dir='ltr'><strong>para-</strong></span> 
     </span>
    </p>
   </div>
   <div class='ocr_carea' id='block_1_51' title="bbox 417 3423 1988 3489">
    <p class='ocr_par' dir='ltr' id='par_1_51' title="bbox 417 3423 1988 3489">
     <span class='ocr_line' id='line_1_51' title="bbox 417 3423 1988 3489; baseline -0.003 -11"><span class='ocrx_word' id='word_1_405' title='bbox 417 3427 522 3488; x_wconf 88' lang='lat' dir='ltr'><strong>vit,</strong></span> <span class='ocrx_word' id='word_1_406' title='bbox 562 3425 847 3479; x_wconf 75' lang='lat' dir='ltr'><strong>:ediﬁcabit</strong></span> <span class='ocrx_word' id='word_1_407' title='bbox 874 3466 888 3489; x_wconf 94' lang='lat'><strong>,</strong></span> <span class='ocrx_word' id='word_1_408' title='bbox 925 3434 980 3479; x_wconf 89' lang='lat' dir='ltr'><strong>et</strong></span> <span class='ocrx_word' id='word_1_409' title='bbox 1014 3427 1067 3478; x_wconf 93' lang='lat' dir='ltr'><strong>in</strong></span> <span class='ocrx_word' id='word_1_410' title='bbox 1108 3433 1304 3479; x_wconf 80' lang='lat' dir='ltr'><strong>statum</strong></span> <span class='ocrx_word' id='word_1_411' title='bbox 1343 3439 1497 3479; x_wconf 89' lang='lat' dir='ltr'><strong>suum</strong></span> <span class='ocrx_word' id='word_1_412' title='bbox 1536 3423 1894 3485; x_wconf 86' lang='lat' dir='ltr'><strong>restaurabit,</strong></span> <span class='ocrx_word' id='word_1_413' title='bbox 1933 3430 1988 3475; x_wconf 93' lang='lat' dir='ltr'><strong>ct</strong></span> 
     </span>
    </p>
   </div>
   <div class='ocr_carea' id='block_1_52' title="bbox 416 3514 1988 3583">
    <p class='ocr_par' dir='ltr' id='par_1_52' title="bbox 416 3514 1988 3583">
     <span class='ocr_line' id='line_1_52' title="bbox 416 3514 1988 3583; baseline -0.005 -8"><span class='ocrx_word' id='word_1_414' title='bbox 416 3520 767 3575; x_wconf 88' lang='lat' dir='ltr'><strong>circumcidet</strong></span> <span class='ocrx_word' id='word_1_415' title='bbox 793 3534 885 3582; x_wconf 92' lang='lat' dir='ltr'><strong>se,</strong></span> <span class='ocrx_word' id='word_1_416' title='bbox 912 3527 967 3571; x_wconf 86' lang='lat' dir='ltr'><strong>et</strong></span> <span class='ocrx_word' id='word_1_417' title='bbox 989 3517 1187 3571; x_wconf 87' lang='lat' dir='ltr'><strong>Filium</strong></span> <span class='ocrx_word' id='word_1_418' title='bbox 1215 3517 1309 3570; x_wconf 90' lang='lat' dir='ltr'><strong>Dei</strong></span> <span class='ocrx_word' id='word_1_419' title='bbox 1345 3514 1730 3583; x_wconf 87' lang='lat' dir='ltr'><strong>omnipotentis</strong></span> <span class='ocrx_word' id='word_1_420' title='bbox 1769 3527 1828 3567; x_wconf 89' lang='lat' dir='ltr'><strong>se</strong></span> <span class='ocrx_word' id='word_1_421' title='bbox 1869 3529 1988 3568; x_wconf 89' lang='lat' dir='ltr'><strong>esse</strong></span> 
     </span>
    </p>
   </div>
   <div class='ocr_carea' id='block_1_53' title="bbox 415 3611 1167 3665">
    <p class='ocr_par' dir='ltr' id='par_1_53' title="bbox 415 3611 1167 3665">
     <span class='ocr_line' id='line_1_53' title="bbox 415 3611 1167 3665; baseline -0.009 -1"><span class='ocrx_word' id='word_1_422' title='bbox 415 3611 724 3664; x_wconf 88' lang='lat' dir='ltr'><strong>mentietur.</strong></span> <span class='ocrx_word' id='word_1_423' title='bbox 952 3653 957 3658; x_wconf 82' lang='lat'><strong>.</strong></span> <span class='ocrx_word' id='word_1_424' title='bbox 1007 3661 1010 3665; x_wconf 28' lang='grc' dir='ltr'>λ</span> <span class='ocrx_word' id='word_1_425' title='bbox 1158 3615 1167 3642; x_wconf 74' lang='grc' dir='ltr'><em>ί</em></span> 
     </span>
    </p>
   </div>
   <div class='ocr_carea' id='block_1_54' title="bbox 488 3697 1989 3769">
    <p class='ocr_par' dir='ltr' id='par_1_54' title="bbox 488 3697 1989 3769">
     <span class='ocr_line' id='line_1_54' title="bbox 488 3697 1989 3769; baseline -0.003 -17"><span class='ocrx_word' id='word_1_426' title='bbox 488 3701 661 3769; x_wconf 79' lang='lat' dir='ltr'><strong>Reges</strong></span> <span class='ocrx_word' id='word_1_427' title='bbox 701 3709 879 3752; x_wconf 88' lang='lat' dir='ltr'><strong>autem</strong></span> <span class='ocrx_word' id='word_1_428' title='bbox 917 3709 970 3751; x_wconf 89' lang='lat' dir='ltr'><strong>et</strong></span> <span class='ocrx_word' id='word_1_429' title='bbox 1005 3699 1274 3767; x_wconf 88' lang='lat' dir='ltr'><strong>principes</strong></span> <span class='ocrx_word' id='word_1_430' title='bbox 1309 3697 1540 3766; x_wconf 87' lang='lat' dir='ltr'><strong>primum</strong></span> <span class='ocrx_word' id='word_1_431' title='bbox 1579 3698 1644 3750; x_wconf 90' lang='lat' dir='ltr'><strong>ad</strong></span> <span class='ocrx_word' id='word_1_432' title='bbox 1673 3711 1731 3751; x_wconf 91' lang='lat' dir='ltr'><strong>se</strong></span> <span class='ocrx_word' id='word_1_433' title='bbox 1759 3711 1989 3749; x_wconf 84' lang='lat' dir='ltr'><strong>conver-</strong></span> 
     </span>
    </p>
   </div>
   <div class='ocr_carea' id='block_1_55' title="bbox 418 3783 1987 3857">
    <p class='ocr_par' dir='ltr' id='par_1_55' title="bbox 418 3783 1987 3857">
     <span class='ocr_line' id='line_1_55' title="bbox 418 3783 1987 3857; baseline -0.004 -13"><span class='ocrx_word' id='word_1_434' title='bbox 418 3799 524 3855; x_wconf 90' lang='lat' dir='ltr'><strong>tet,</strong></span> <span class='ocrx_word' id='word_1_435' title='bbox 557 3799 612 3844; x_wconf 86' lang='lat' dir='ltr'><strong>ct</strong></span> <span class='ocrx_word' id='word_1_436' title='bbox 640 3790 832 3844; x_wconf 88' lang='lat' dir='ltr'><strong>deinde</strong></span> <span class='ocrx_word' id='word_1_437' title='bbox 869 3804 964 3857; x_wconf 82' lang='lat' dir='ltr'><strong>per</strong></span> <span class='ocrx_word' id='word_1_438' title='bbox 993 3788 1110 3841; x_wconf 88' lang='lat' dir='ltr'><strong>illos</strong></span> <span class='ocrx_word' id='word_1_439' title='bbox 1147 3796 1370 3840; x_wconf 61' lang='lat' dir='ltr'><strong>ueteres</strong></span> <span class='ocrx_word' id='word_1_440' title='bbox 1406 3784 1648 3855; x_wconf 88' lang='lat' dir='ltr'><strong>populos.</strong></span> <span class='ocrx_word' id='word_1_441' title='bbox 1690 3783 1830 3838; x_wconf 85' lang='lat' dir='ltr'><strong>Loca</strong></span> <span class='ocrx_word' id='word_1_442' title='bbox 1859 3799 1987 3838; x_wconf 88' lang='lat' dir='ltr'><strong>vero</strong></span> 
     </span>
    </p>
   </div>
   <div class='ocr_carea' id='block_1_56' title="bbox 416 3874 1989 3951">
    <p class='ocr_par' dir='ltr' id='par_1_56' title="bbox 416 3874 1989 3951">
     <span class='ocr_line' id='line_1_56' title="bbox 416 3874 1989 3951; baseline -0.004 -16"><span class='ocrx_word' id='word_1_443' title='bbox 416 3896 659 3951; x_wconf 75' lang='lat' dir='ltr'><strong>perquae</strong></span> <span class='ocrx_word' id='word_1_444' title='bbox 689 3880 945 3934; x_wconf 89' lang='lat' dir='ltr'><strong>Dominus</strong></span> <span class='ocrx_word' id='word_1_445' title='bbox 971 3876 1128 3932; x_wconf 85' lang='lat' dir='ltr'><strong>Jcsus</strong></span> <span class='ocrx_word' id='word_1_446' title='bbox 1155 3877 1402 3931; x_wconf 87' lang='lat' dir='ltr'><strong>Christus</strong></span> <span class='ocrx_word' id='word_1_447' title='bbox 1433 3875 1761 3942; x_wconf 86' lang='lat' dir='ltr'><strong>ambulavit,</strong></span> <span class='ocrx_word' id='word_1_448' title='bbox 1791 3884 1847 3928; x_wconf 91' lang='lat' dir='ltr'><strong>et</strong></span> <span class='ocrx_word' id='word_1_449' title='bbox 1877 3874 1989 3942; x_wconf 87' lang='lat' dir='ltr'><strong>ipse</strong></span> 
     </span>
    </p>
   </div>
   <div class='ocr_carea' id='block_1_57' title="bbox 416 3967 1990 4045">
    <p class='ocr_par' dir='ltr' id='par_1_57' title="bbox 416 3967 1990 4045">
     <span class='ocr_line' id='line_1_57' title="bbox 416 3967 1990 4045; baseline -0.005 -19"><span class='ocrx_word' id='word_1_450' title='bbox 416 3972 843 4042; x_wconf 81' lang='lat' dir='ltr'><strong>perambulavit:</strong></span> <span class='ocrx_word' id='word_1_451' title='bbox 873 3973 966 4045; x_wconf 84' lang='lat' dir='ltr'><strong>sed</strong></span> <span class='ocrx_word' id='word_1_452' title='bbox 995 3971 1144 4040; x_wconf 91' lang='lat' dir='ltr'><strong>prius</strong></span> <span class='ocrx_word' id='word_1_453' title='bbox 1174 3971 1413 4023; x_wconf 87' lang='lat' dir='ltr'><strong>destruet</strong></span> <span class='ocrx_word' id='word_1_454' title='bbox 1439 3984 1557 4036; x_wconf 77' lang='lat' dir='ltr'><strong>quae</strong></span> <span class='ocrx_word' id='word_1_455' title='bbox 1587 3967 1848 4022; x_wconf 91' lang='lat' dir='ltr'><strong>Dominus</strong></span> <span class='ocrx_word' id='word_1_456' title='bbox 1874 3967 1990 4019; x_wconf 86' lang='lat' dir='ltr'><strong>illn-</strong></span> 
     </span>
    </p>
   </div>
   <div class='ocr_carea' id='block_1_58' title="bbox 417 4057 1990 4132">
    <p class='ocr_par' dir='ltr' id='par_1_58' title="bbox 417 4057 1990 4132">
     <span class='ocr_line' id='line_1_58' title="bbox 417 4057 1990 4132; baseline -0.005 -15"><span class='ocrx_word' id='word_1_457' title='bbox 417 4063 625 4118; x_wconf 86' lang='lat' dir='ltr'><strong>stravit.</strong></span> <span class='ocrx_word' id='word_1_458' title='bbox 658 4062 860 4117; x_wconf 91' lang='lat' dir='ltr'><strong>Deinde</strong></span> <span class='ocrx_word' id='word_1_459' title='bbox 879 4059 981 4129; x_wconf 82' lang='lat' dir='ltr'><strong>per</strong></span> <span class='ocrx_word' id='word_1_460' title='bbox 1008 4060 1316 4113; x_wconf 87' lang='lat' dir='ltr'><strong>universum</strong></span> <span class='ocrx_word' id='word_1_461' title='bbox 1340 4059 1597 4132; x_wconf 89' lang='lat' dir='ltr'><strong>mundum</strong></span> <span class='ocrx_word' id='word_1_462' title='bbox 1623 4058 1839 4112; x_wconf 84' lang='lat' dir='ltr'><strong>nuntios</strong></span> <span class='ocrx_word' id='word_1_463' title='bbox 1868 4057 1990 4110; x_wconf 90' lang='lat' dir='ltr'><strong>mit-</strong></span> 
     </span>
    </p>
   </div>
   <div class='ocr_carea' id='block_1_59' title="bbox 420 4140 1991 4222">
    <p class='ocr_par' dir='ltr' id='par_1_59' title="bbox 420 4140 1991 4222">
     <span class='ocr_line' id='line_1_59' title="bbox 420 4140 1991 4222; baseline -0.004 -15"><span class='ocrx_word' id='word_1_464' title='bbox 420 4162 496 4207; x_wconf 85' lang='lat' dir='ltr'><strong>tet</strong></span> <span class='ocrx_word' id='word_1_465' title='bbox 531 4163 586 4208; x_wconf 89' lang='lat' dir='ltr'><strong>et</strong></span> <span class='ocrx_word' id='word_1_466' title='bbox 619 4153 1001 4222; x_wconf 87' lang='lat' dir='ltr'><strong>praedicatores</strong></span> <span class='ocrx_word' id='word_1_467' title='bbox 1036 4165 1180 4204; x_wconf 89' lang='lat' dir='ltr'><strong>suos.</strong></span> <span class='ocrx_word' id='word_1_468' title='bbox 1214 4140 1533 4204; x_wconf 67' lang='lat' dir='ltr'><strong>Prmdicatio</strong></span> <span class='ocrx_word' id='word_1_469' title='bbox 1554 4149 1742 4202; x_wconf 74' lang='lat' dir='ltr'><strong>autem</strong></span> <span class='ocrx_word' id='word_1_470' title='bbox 1781 4145 1901 4213; x_wconf 85' lang='lat' dir='ltr'><strong>ejus</strong></span> <span class='ocrx_word' id='word_1_471' title='bbox 1937 4156 1991 4200; x_wconf 89' lang='lat' dir='ltr'><strong>et</strong></span> 
     </span>
    </p>
   </div>
   <div class='ocr_carea' id='block_1_60' title="bbox 418 4239 1987 4315">
    <p class='ocr_par' dir='ltr' id='par_1_60' title="bbox 418 4239 1987 4315">
     <span class='ocr_line' id='line_1_60' title="bbox 418 4239 1987 4315; baseline -0.004 -17"><span class='ocrx_word' id='word_1_472' title='bbox 418 4253 654 4315; x_wconf 85' lang='lat' dir='ltr'><strong>potestas</strong></span> <span class='ocrx_word' id='word_1_473' title='bbox 675 4241 887 4298; x_wconf 79' lang='lat' dir='ltr'><strong>tenebit</strong></span> <span class='ocrx_word' id='word_1_474' title='bbox 913 4258 943 4294; x_wconf 91' lang='lat' dir='ltr'><strong>a</strong></span> <span class='ocrx_word' id='word_1_475' title='bbox 972 4240 1108 4294; x_wconf 88' lang='lat' dir='ltr'><strong>mari</strong></span> <span class='ocrx_word' id='word_1_476' title='bbox 1139 4254 1308 4309; x_wconf 88' lang='lat' dir='ltr'><strong>usque</strong></span> <span class='ocrx_word' id='word_1_477' title='bbox 1349 4241 1416 4294; x_wconf 85' lang='lat' dir='ltr'><strong>ad</strong></span> <span class='ocrx_word' id='word_1_478' title='bbox 1457 4254 1636 4303; x_wconf 89' lang='lat' dir='ltr'><strong>mare,</strong></span> <span class='ocrx_word' id='word_1_479' title='bbox 1669 4240 1736 4293; x_wconf 87' lang='lat' dir='ltr'><strong>ab</strong></span> <span class='ocrx_word' id='word_1_480' title='bbox 1778 4239 1987 4293; x_wconf 81' lang='lat' dir='ltr'><strong>oriente</strong></span> 
     </span>
    </p>
   </div>
   <div class='ocr_carea' id='block_1_61' title="bbox 419 4329 1987 4405">
    <p class='ocr_par' dir='ltr' id='par_1_61' title="bbox 419 4329 1987 4405">
     <span class='ocr_line' id='line_1_61' title="bbox 419 4329 1987 4405; baseline -0.004 -15"><span class='ocrx_word' id='word_1_481' title='bbox 419 4350 584 4404; x_wconf 88' lang='lat' dir='ltr'><strong>usque</strong></span> <span class='ocrx_word' id='word_1_482' title='bbox 615 4334 681 4405; x_wconf 73' lang='grc' dir='ltr'><strong>[ά</strong></span> <span class='ocrx_word' id='word_1_483' title='bbox 715 4333 779 4386; x_wconf 88' lang='lat' dir='ltr'><strong>ad</strong></span> <span class='ocrx_word' id='word_1_484' title='bbox 818 4332 1152 4386; x_wconf 89' lang='lat' dir='ltr'><strong>occidentem</strong></span> <span class='ocrx_word' id='word_1_485' title='bbox 1195 4339 1249 4385; x_wconf 91' lang='lat' dir='ltr'><strong>ct</strong></span> <span class='ocrx_word' id='word_1_486' title='bbox 1288 4331 1355 4384; x_wconf 90' lang='lat' dir='ltr'><strong>ab</strong></span> <span class='ocrx_word' id='word_1_487' title='bbox 1393 4329 1641 4399; x_wconf 90' lang='lat' dir='ltr'><strong>aquilone</strong></span> <span class='ocrx_word' id='word_1_488' title='bbox 1675 4329 1868 4401; x_wconf 89' lang='lat' dir='ltr'><strong>usque]</strong></span> <span class='ocrx_word' id='word_1_489' title='bbox 1919 4330 1987 4384; x_wconf 88' lang='lat' dir='ltr'><strong>ad</strong></span> 
     </span>
    </p>
   </div>
   <div class='ocr_carea' id='block_1_62' title="bbox 421 4419 2064 4519">
    <p class='ocr_par' dir='ltr' id='par_1_62' title="bbox 421 4419 2064 4519">
     <span class='ocr_line' id='line_1_62' title="bbox 421 4419 2064 4519; baseline -0.004 -40"><span class='ocrx_word' id='word_1_490' title='bbox 421 4425 854 4494; x_wconf 88' lang='lat' dir='ltr'><strong>septentrionem.</strong></span> <span class='ocrx_word' id='word_1_491' title='bbox 891 4421 1074 4474; x_wconf 85' lang='lat' dir='ltr'><strong>Faciet</strong></span> <span class='ocrx_word' id='word_1_492' title='bbox 1103 4434 1314 4489; x_wconf 88' lang='lat' dir='ltr'><strong>quoque</strong></span> <span class='ocrx_word' id='word_1_493' title='bbox 1342 4421 1495 4490; x_wconf 88' lang='lat' dir='ltr'><strong>signa</strong></span> <span class='ocrx_word' id='word_1_494' title='bbox 1534 4419 1699 4474; x_wconf 86' lang='lat' dir='ltr'><strong>multa</strong></span> <span class='ocrx_word' id='word_1_495' title='bbox 1737 4428 1792 4475; x_wconf 91' lang='lat' dir='ltr'><strong>et</strong></span> <span class='ocrx_word' id='word_1_496' title='bbox 1821 4420 1986 4474; x_wconf 85' lang='lat' dir='ltr'><strong>mira-</strong></span> <span class='ocrx_word' id='word_1_497' title='bbox 2016 4460 2064 4519; x_wconf 70' lang='grc' dir='ltr'>ο</span> 
     </span>
    </p>
   </div>
   <div class='ocr_carea' id='block_1_63' title="bbox 418 4509 1988 4583">
    <p class='ocr_par' dir='ltr' id='par_1_63' title="bbox 418 4509 1988 4583">
     <span class='ocr_line' id='line_1_63' title="bbox 418 4509 1988 4583; baseline -0.004 -15"><span class='ocrx_word' id='word_1_498' title='bbox 418 4515 536 4583; x_wconf 85' lang='lat' dir='ltr'><strong>cula</strong></span> <span class='ocrx_word' id='word_1_499' title='bbox 566 4529 751 4582; x_wconf 84' lang='lat' dir='ltr'><strong>magna</strong></span> <span class='ocrx_word' id='word_1_500' title='bbox 779 4519 835 4567; x_wconf 90' lang='lat' dir='ltr'><strong>et</strong></span> <span class='ocrx_word' id='word_1_501' title='bbox 865 4512 1118 4566; x_wconf 88' lang='lat' dir='ltr'><strong>inaudita.</strong></span> <span class='ocrx_word' id='word_1_502' title='bbox 1152 4509 1333 4572; x_wconf 85' lang='lat' dir='ltr'><strong>Faciet</strong></span> <span class='ocrx_word' id='word_1_503' title='bbox 1364 4512 1538 4581; x_wconf 87' lang='lat' dir='ltr'><strong>ignem</strong></span> <span class='ocrx_word' id='word_1_504' title='bbox 1569 4511 1635 4564; x_wconf 91' lang='lat' dir='ltr'><strong>de</strong></span> <span class='ocrx_word' id='word_1_505' title='bbox 1663 4510 1798 4566; x_wconf 67' lang='lat' dir='ltr'><strong>caelo</strong></span> <span class='ocrx_word' id='word_1_506' title='bbox 1827 4510 1988 4564; x_wconf 81' lang='lat' dir='ltr'><strong>terri-</strong></span> 
     </span>
    </p>
   </div>
   <div class='ocr_carea' id='block_1_64' title="bbox 420 4601 1987 4666">
    <p class='ocr_par' dir='ltr' id='par_1_64' title="bbox 420 4601 1987 4666">
     <span class='ocr_line' id='line_1_64' title="bbox 420 4601 1987 4666; baseline -0.003 -9"><span class='ocrx_word' id='word_1_507' title='bbox 420 4605 594 4657; x_wconf 89' lang='lat' dir='ltr'><strong>biliter</strong></span> <span class='ocrx_word' id='word_1_508' title='bbox 622 4604 943 4658; x_wconf 75' lang='lat' dir='ltr'><strong>descendere</strong></span> <span class='ocrx_word' id='word_1_509' title='bbox 961 4641 977 4666; x_wconf 91' lang='lat'><strong>,</strong></span> <span class='ocrx_word' id='word_1_510' title='bbox 1001 4604 1222 4656; x_wconf 88' lang='lat' dir='ltr'><strong>arbores</strong></span> <span class='ocrx_word' id='word_1_511' title='bbox 1248 4602 1424 4656; x_wconf 86' lang='lat' dir='ltr'><strong>subito</strong></span> <span class='ocrx_word' id='word_1_512' title='bbox 1450 4601 1640 4657; x_wconf 80' lang='lat' dir='ltr'><strong>florere</strong></span> <span class='ocrx_word' id='word_1_513' title='bbox 1665 4610 1719 4657; x_wconf 91' lang='lat' dir='ltr'><strong>et</strong></span> <span class='ocrx_word' id='word_1_514' title='bbox 1743 4613 1987 4656; x_wconf 88' lang='lat' dir='ltr'><strong>crescere</strong></span> 
     </span>
    </p>
   </div>
   <div class='ocr_carea' id='block_1_65' title="bbox 428 4689 1992 4763">
    <p class='ocr_par' dir='ltr' id='par_1_65' title="bbox 428 4689 1992 4763">
     <span class='ocr_line' id='line_1_65' title="bbox 428 4689 1992 4763; baseline 0.001 -18"><span class='ocrx_word' id='word_1_515' title='bbox 428 4691 550 4763; x_wconf 76' lang='grc' dir='ltr'><strong>[Μ.</strong></span> <span class='ocrx_word' id='word_1_516' title='bbox 585 4691 733 4756; x_wconf 83' lang='lat' dir='ltr'><strong>cod.,</strong></span> <span class='ocrx_word' id='word_1_517' title='bbox 768 4689 1088 4761; x_wconf 86' lang='lat' dir='ltr'><strong>arescere],</strong></span> <span class='ocrx_word' id='word_1_518' title='bbox 1129 4706 1276 4745; x_wconf 88' lang='lat' dir='ltr'><strong>mare</strong></span> <span class='ocrx_word' id='word_1_519' title='bbox 1305 4693 1508 4746; x_wconf 87' lang='lat' dir='ltr'><strong>turbari</strong></span> <span class='ocrx_word' id='word_1_520' title='bbox 1546 4701 1602 4748; x_wconf 89' lang='lat' dir='ltr'><strong>et</strong></span> <span class='ocrx_word' id='word_1_521' title='bbox 1637 4693 1814 4748; x_wconf 85' lang='lat' dir='ltr'><strong>subito</strong></span> <span class='ocrx_word' id='word_1_522' title='bbox 1839 4700 1992 4747; x_wconf 86' lang='lat' dir='ltr'><strong>tran-</strong></span> 
     </span>
    </p>
   </div>
   <div class='ocr_carea' id='block_1_66' title="bbox 420 4777 1982 4853">
    <p class='ocr_par' dir='ltr' id='par_1_66' title="bbox 420 4777 1982 4853">
     <span class='ocr_line' id='line_1_66' title="bbox 420 4777 1982 4853; baseline -0.001 -16"><span class='ocrx_word' id='word_1_523' title='bbox 420 4782 672 4853; x_wconf 89' lang='lat' dir='ltr'><strong>quillari:</strong></span> <span class='ocrx_word' id='word_1_524' title='bbox 716 4788 934 4834; x_wconf 87' lang='lat' dir='ltr'><strong>naturas</strong></span> <span class='ocrx_word' id='word_1_525' title='bbox 971 4780 1132 4833; x_wconf 82' lang='lat' dir='ltr'><strong>etiam</strong></span> <span class='ocrx_word' id='word_1_526' title='bbox 1174 4780 1226 4833; x_wconf 91' lang='lat' dir='ltr'><strong>in</strong></span> <span class='ocrx_word' id='word_1_527' title='bbox 1264 4777 1494 4837; x_wconf 81' lang='lat' dir='ltr'><strong>diversis</strong></span> <span class='ocrx_word' id='word_1_528' title='bbox 1533 4781 1718 4852; x_wconf 86' lang='lat' dir='ltr'><strong>ﬁguris</strong></span> <span class='ocrx_word' id='word_1_529' title='bbox 1755 4784 1982 4847; x_wconf 91' lang='lat' dir='ltr'><strong>mutari,</strong></span> 
     </span>
    </p>
   </div>
   <div class='ocr_carea' id='block_1_67' title="bbox 430 4871 1989 4945">
    <p class='ocr_par' dir='ltr' id='par_1_67' title="bbox 430 4871 1989 4945">
     <span class='ocr_line' id='line_1_67' title="bbox 430 4871 1989 4945; baseline -0.001 -17"><span class='ocrx_word' id='word_1_530' title='bbox 430 4888 590 4944; x_wconf 80' lang='lat' dir='ltr'><strong>aquas</strong></span> <span class='ocrx_word' id='word_1_531' title='bbox 623 4871 749 4945; x_wconf 77' lang='grc' dir='ltr'><strong>[Μ.</strong></span> <span class='ocrx_word' id='word_1_532' title='bbox 780 4875 896 4926; x_wconf 79' lang='lat' dir='ltr'><strong>cod.</strong></span> <span class='ocrx_word' id='word_1_533' title='bbox 917 4911 932 4936; x_wconf 89' lang='lat'><strong>,</strong></span> <span class='ocrx_word' id='word_1_534' title='bbox 955 4886 1216 4940; x_wconf 88' lang='lat' dir='ltr'><strong>aquarum</strong></span> <span class='ocrx_word' id='word_1_535' title='bbox 1243 4871 1468 4944; x_wconf 92' lang='lat' dir='ltr'><strong>cursus]</strong></span> <span class='ocrx_word' id='word_1_536' title='bbox 1497 4884 1683 4930; x_wconf 85' lang='lat' dir='ltr'><strong>contra</strong></span> <span class='ocrx_word' id='word_1_537' title='bbox 1714 4890 1904 4930; x_wconf 88' lang='lat' dir='ltr'><strong>cursus</strong></span> <span class='ocrx_word' id='word_1_538' title='bbox 1933 4883 1989 4929; x_wconf 89' lang='lat' dir='ltr'><strong>et</strong></span> 
     </span>
    </p>
   </div>
   <div class='ocr_carea' id='block_1_68' title="bbox 422 4964 1989 5035">
    <p class='ocr_par' dir='ltr' id='par_1_68' title="bbox 422 4964 1989 5035">
     <span class='ocr_line' id='line_1_68' title="bbox 422 4964 1989 5035; baseline 0.003 -20"><span class='ocrx_word' id='word_1_539' title='bbox 422 4965 665 5017; x_wconf 75' lang='lat' dir='ltr'><strong>ordinem</strong></span> <span class='ocrx_word' id='word_1_540' title='bbox 715 4964 994 5026; x_wconf 88' lang='lat' dir='ltr'><strong>converti,</strong></span> <span class='ocrx_word' id='word_1_541' title='bbox 1043 4978 1169 5017; x_wconf 87' lang='lat' dir='ltr'><strong>aera</strong></span> <span class='ocrx_word' id='word_1_542' title='bbox 1216 4964 1390 5016; x_wconf 86' lang='lat' dir='ltr'><strong>ventis</strong></span> <span class='ocrx_word' id='word_1_543' title='bbox 1435 4967 1989 5035; x_wconf 84' lang='lat' dir='ltr'><strong>eommotionibusque</strong></span> 
     </span>
    </p>
   </div>
   <div class='ocr_carea' id='block_1_69' title="bbox 424 5050 1986 5126">
    <p class='ocr_par' dir='ltr' id='par_1_69' title="bbox 424 5050 1986 5126">
     <span class='ocr_line' id='line_1_69' title="bbox 424 5050 1986 5126; baseline 0.001 -21"><span class='ocrx_word' id='word_1_544' title='bbox 424 5052 606 5106; x_wconf 90' lang='lat' dir='ltr'><strong>multis</strong></span> <span class='ocrx_word' id='word_1_545' title='bbox 635 5052 860 5121; x_wconf 87' lang='lat' dir='ltr'><strong>agitari,</strong></span> <span class='ocrx_word' id='word_1_546' title='bbox 885 5060 939 5104; x_wconf 91' lang='lat' dir='ltr'><strong>ct</strong></span> <span class='ocrx_word' id='word_1_547' title='bbox 962 5062 1156 5107; x_wconf 68' lang='lat' dir='ltr'><strong>cretera</strong></span> <span class='ocrx_word' id='word_1_548' title='bbox 1181 5069 1391 5124; x_wconf 89' lang='lat' dir='ltr'><strong>quoque</strong></span> <span class='ocrx_word' id='word_1_549' title='bbox 1417 5050 1676 5108; x_wconf 85' lang='lat' dir='ltr'><strong>mirabilia</strong></span> <span class='ocrx_word' id='word_1_550' title='bbox 1710 5054 1817 5126; x_wconf 85' lang='lat' dir='ltr'><strong>[ld.</strong></span> <span class='ocrx_word' id='word_1_551' title='bbox 1847 5058 1986 5118; x_wconf 86' lang='lat' dir='ltr'><strong>cod.,</strong></span> 
     </span>
    </p>
   </div>
   <div class='ocr_carea' id='block_1_70' title="bbox 424 5139 1989 5212">
    <p class='ocr_par' dir='ltr' id='par_1_70' title="bbox 424 5139 1989 5212">
     <span class='ocr_line' id='line_1_70' title="bbox 424 5139 1989 5212; baseline 0.004 -17"><span class='ocrx_word' id='word_1_552' title='bbox 424 5139 862 5212; x_wconf 80' lang='lat' dir='ltr'><strong>innumerabilia]</strong></span> <span class='ocrx_word' id='word_1_553' title='bbox 888 5150 942 5195; x_wconf 91' lang='lat' dir='ltr'><strong>et</strong></span> <span class='ocrx_word' id='word_1_554' title='bbox 965 5145 1245 5212; x_wconf 84' lang='lat' dir='ltr'><strong>stupenda,</strong></span> <span class='ocrx_word' id='word_1_555' title='bbox 1273 5155 1514 5200; x_wconf 88' lang='lat' dir='ltr'><strong>mortuos</strong></span> <span class='ocrx_word' id='word_1_556' title='bbox 1543 5146 1747 5201; x_wconf 89' lang='lat' dir='ltr'><strong>scilicet</strong></span> <span class='ocrx_word' id='word_1_557' title='bbox 1779 5147 1830 5200; x_wconf 82' lang='lat' dir='ltr'><strong>in</strong></span> <span class='ocrx_word' id='word_1_558' title='bbox 1862 5162 1989 5201; x_wconf 88' lang='lat' dir='ltr'><strong>con-</strong></span> 
     </span>
    </p>
   </div>
   <div class='ocr_carea' id='block_1_71' title="bbox 423 5233 1988 5304">
    <p class='ocr_par' dir='ltr' id='par_1_71' title="bbox 423 5233 1988 5304">
     <span class='ocr_line' id='line_1_71' title="bbox 423 5233 1988 5304; baseline 0.001 -15"><span class='ocrx_word' id='word_1_559' title='bbox 423 5244 608 5304; x_wconf 87' lang='lat' dir='ltr'><strong>spectu</strong></span> <span class='ocrx_word' id='word_1_560' title='bbox 637 5233 914 5288; x_wconf 88' lang='lat' dir='ltr'><strong>hominum</strong></span> <span class='ocrx_word' id='word_1_561' title='bbox 971 5236 1320 5299; x_wconf 87' lang='lat' dir='ltr'><strong>resuscitari,</strong></span> <span class='ocrx_word' id='word_1_562' title='bbox 1359 5238 1432 5289; x_wconf 79' lang='lat' dir='ltr'><strong>ita</strong></span> <span class='ocrx_word' id='word_1_563' title='bbox 1473 5247 1528 5289; x_wconf 88' lang='lat' dir='ltr'><strong>ut</strong></span> <span class='ocrx_word' id='word_1_564' title='bbox 1562 5239 1615 5289; x_wconf 84' lang='lat' dir='ltr'><strong>in</strong></span> <span class='ocrx_word' id='word_1_565' title='bbox 1647 5253 1872 5290; x_wconf 81' lang='lat' dir='ltr'><strong>errorem</strong></span> <span class='ocrx_word' id='word_1_566' title='bbox 1901 5239 1988 5291; x_wconf 81' lang='lat' dir='ltr'><strong>in-</strong></span> 
     </span>
    </p>
   </div>
   <div class='ocr_carea' id='block_1_72' title="bbox 493 5414 1986 5489">
    <p class='ocr_par' dir='ltr' id='par_1_72' title="bbox 493 5414 1986 5489">
     <span class='ocr_line' id='line_1_72' title="bbox 493 5414 1986 5489; baseline 0.001 -20"><span class='ocrx_word' id='word_1_567' title='bbox 493 5414 694 5489; x_wconf 45' lang='lat' dir='ltr'><strong>{Cod.</strong></span> <span class='ocrx_word' id='word_1_568' title='bbox 736 5416 856 5489; x_wconf 71' lang='lat' dir='ltr'><strong>Vat.</strong></span> <span class='ocrx_word' id='word_1_569' title='bbox 884 5434 896 5468; x_wconf 89' lang='lat'><strong>:</strong></span> <span class='ocrx_word' id='word_1_570' title='bbox 929 5434 946 5464; x_wconf 71' lang='grc' dir='ltr'><strong><em>ι</em></strong></span> <span class='ocrx_word' id='word_1_571' title='bbox 978 5416 1114 5489; x_wconf 77' lang='lat' dir='ltr'><strong>Ecce</strong></span> <span class='ocrx_word' id='word_1_572' title='bbox 1159 5417 1383 5472; x_wconf 82' lang='lat' dir='ltr'><strong>audistis</strong></span> <span class='ocrx_word' id='word_1_573' title='bbox 1428 5421 1664 5489; x_wconf 87' lang='lat' dir='ltr'><strong>qualiter</strong></span> <span class='ocrx_word' id='word_1_574' title='bbox 1711 5425 1986 5483; x_wconf 85' lang='lat' dir='ltr'><strong>nascetur,</strong></span> 
     </span>
    </p>
   </div>
   <div class='ocr_carea' id='block_1_73' title="bbox 424 5485 1334 5548">
    <p class='ocr_par' dir='ltr' id='par_1_73' title="bbox 424 5485 1334 5548">
     <span class='ocr_line' id='line_1_73' title="bbox 424 5485 1334 5548; baseline 0.007 -14"><span class='ocrx_word' id='word_1_575' title='bbox 424 5485 600 5537; x_wconf 82' lang='lat' dir='ltr'><strong>audite</strong></span> <span class='ocrx_word' id='word_1_576' title='bbox 630 5488 789 5538; x_wconf 88' lang='lat' dir='ltr'><strong>etiam</strong></span> <span class='ocrx_word' id='word_1_577' title='bbox 821 5485 993 5539; x_wconf 90' lang='lat' dir='ltr'><strong>locum</strong></span> <span class='ocrx_word' id='word_1_578' title='bbox 1023 5485 1110 5539; x_wconf 87' lang='lat' dir='ltr'><strong>ubi</strong></span> <span class='ocrx_word' id='word_1_579' title='bbox 1143 5505 1160 5535; x_wconf 66' lang='lat' dir='ltr'><strong>s</strong></span> <span class='ocrx_word' id='word_1_580' title='bbox 1185 5526 1200 5548; x_wconf 86' lang='lat'><strong>,</strong></span> <span class='ocrx_word' id='word_1_581' title='bbox 1233 5496 1334 5541; x_wconf 89' lang='lat' dir='ltr'><strong>etc.</strong></span> 
     </span>
    </p>
   </div>
   <div class='ocr_carea' id='block_1_74' title="bbox 445 5555 1985 5634">
    <p class='ocr_par' dir='ltr' id='par_1_74' title="bbox 445 5555 1985 5634">
     <span class='ocr_line' id='line_1_74' title="bbox 445 5555 1985 5634; baseline 0.004 -30"><span class='ocrx_word' id='word_1_582' title='bbox 445 5623 454 5633; x_wconf 36' lang='lat'><em>.</em></span> <span class='ocrx_word' id='word_1_583' title='bbox 496 5555 691 5634; x_wconf 45' lang='lat' dir='ltr'><strong>btlod.</strong></span> <span class='ocrx_word' id='word_1_584' title='bbox 718 5555 837 5634; x_wconf 46' lang='lat' dir='ltr'><strong>Vat.</strong></span> <span class='ocrx_word' id='word_1_585' title='bbox 863 5574 874 5606; x_wconf 88' lang='lat'>:</span> <span class='ocrx_word' id='word_1_586' title='bbox 905 5573 923 5604; x_wconf 74' lang='grc' dir='ltr'>ι</span> <span class='ocrx_word' id='word_1_587' title='bbox 955 5557 1005 5608; x_wconf 92' lang='lat' dir='ltr'><strong>in</strong></span> <span class='ocrx_word' id='word_1_588' title='bbox 1037 5556 1248 5609; x_wconf 85' lang='lat' dir='ltr'><strong>civitate</strong></span> <span class='ocrx_word' id='word_1_589' title='bbox 1277 5558 1562 5629; x_wconf 65' lang='lat' dir='ltr'><strong>Bahymnia</strong></span> <span class='ocrx_word' id='word_1_590' title='bbox 1589 5576 1601 5623; x_wconf 85' lang='lat'><strong>;</strong></span> <span class='ocrx_word' id='word_1_591' title='bbox 1631 5560 1681 5612; x_wconf 88' lang='lat' dir='ltr'><strong>in</strong></span> <span class='ocrx_word' id='word_1_592' title='bbox 1711 5560 1810 5612; x_wconf 85' lang='lat' dir='ltr'><strong>hac</strong></span> <span class='ocrx_word' id='word_1_593' title='bbox 1840 5557 1985 5611; x_wconf 83' lang='lat' dir='ltr'><strong>vide-</strong></span> 
     </span>
    </p>
   </div>
   <div class='ocr_carea' id='block_1_75' title="bbox 425 5623 852 5677">
    <p class='ocr_par' dir='ltr' id='par_1_75' title="bbox 425 5623 852 5677">
     <span class='ocr_line' id='line_1_75' title="bbox 425 5623 852 5677; baseline 0.007 -5"><span class='ocrx_word' id='word_1_594' title='bbox 425 5623 545 5676; x_wconf 54' lang='lat' dir='ltr'><strong>licet</strong></span> <span class='ocrx_word' id='word_1_595' title='bbox 562 5623 805 5677; x_wconf 49' lang='lat' dir='ltr'><strong>&#39;civitate.</strong></span> <span class='ocrx_word' id='word_1_596' title='bbox 834 5644 852 5675; x_wconf 72' lang='grc' dir='ltr'><strong><em>ρ</em></strong></span> 
     </span>
    </p>
   </div>
   <div class='ocr_carea' id='block_1_76' title="bbox 498 5692 1151 5749">
    <p class='ocr_par' dir='ltr' id='par_1_76' title="bbox 498 5692 1151 5749">
     <span class='ocr_line' id='line_1_76' title="bbox 498 5692 1151 5749; baseline 0 -4"><span class='ocrx_word' id='word_1_597' title='bbox 498 5707 516 5730; x_wconf 74' lang='grc' dir='ltr'><strong><em>υ</em></strong></span> <span class='ocrx_word' id='word_1_598' title='bbox 558 5692 752 5745; x_wconf 79' lang='lat' dir='ltr'><strong>Addita</strong></span> <span class='ocrx_word' id='word_1_599' title='bbox 780 5707 841 5745; x_wconf 75' lang='lat' dir='ltr'><strong>ex</strong></span> <span class='ocrx_word' id='word_1_600' title='bbox 877 5693 993 5745; x_wconf 79' lang='lat' dir='ltr'><strong>cod.</strong></span> <span class='ocrx_word' id='word_1_601' title='bbox 1032 5695 1151 5749; x_wconf 81' lang='lat' dir='ltr'><strong>V&#39;at.</strong></span> 
     </span>
    </p>
   </div>
   <div class='ocr_carea' id='block_1_77' title="bbox 2063 3978 2213 4048">
    <p class='ocr_par' dir='ltr' id='par_1_77' title="bbox 2063 3978 2213 4048">
     <span class='ocr_line' id='line_1_77' title="bbox 2063 3978 2213 4048; baseline -0.04 1"><span class='ocrx_word' id='word_1_602' title='bbox 2063 3978 2213 4048; x_wconf 52' lang='lat'><strong>39);</strong></span> 
     </span>
    </p>
   </div>
   <div class='ocr_carea' id='block_1_78' title="bbox 2082 1887 3648 1967">
    <p class='ocr_par' dir='ltr' id='par_1_78' title="bbox 2082 1887 3648 1967">
     <span class='ocr_line' id='line_1_78' title="bbox 2082 1887 3648 1967; baseline -0.01 -16"><span class='ocrx_word' id='word_1_603' title='bbox 2082 1898 2228 1967; x_wconf 67' lang='lat' dir='ltr'><strong>genti</strong></span> <span class='ocrx_word' id='word_1_604' title='bbox 2279 1895 2462 1964; x_wconf 88' lang='lat' dir='ltr'><strong>copias</strong></span> <span class='ocrx_word' id='word_1_605' title='bbox 2500 1894 2551 1966; x_wconf 70' lang='grc' dir='ltr'><strong>[ε</strong></span> <span class='ocrx_word' id='word_1_606' title='bbox 2593 1903 2835 1962; x_wconf 89' lang='lat' dir='ltr'><strong>tempore</strong></span> <span class='ocrx_word' id='word_1_607' title='bbox 2879 1891 3023 1945; x_wconf 88' lang='lat' dir='ltr'><strong>enim</strong></span> <span class='ocrx_word' id='word_1_608' title='bbox 3048 1888 3164 1956; x_wconf 81' lang='lat' dir='ltr'><strong>ejus</strong></span> <span class='ocrx_word' id='word_1_609' title='bbox 3191 1902 3380 1943; x_wconf 88' lang='lat' dir='ltr'><strong>omnes</strong></span> <span class='ocrx_word' id='word_1_610' title='bbox 3425 1887 3648 1939; x_wconf 83' lang='lat' dir='ltr'><strong>abscon-</strong></span> 
     </span>
    </p>
   </div>
   <div class='ocr_carea' id='block_1_79' title="bbox 2083 1972 3648 2053">
    <p class='ocr_par' dir='ltr' id='par_1_79' title="bbox 2083 1972 3648 2053">
     <span class='ocr_line' id='line_1_79' title="bbox 2083 1972 3648 2053; baseline -0.01 -10"><span class='ocrx_word' id='word_1_611' title='bbox 2083 1972 2181 2043; x_wconf 84' lang='lat' dir='ltr'><strong>diti</strong></span> <span class='ocrx_word' id='word_1_612' title='bbox 2238 1987 2477 2041; x_wconf 85' lang='lat' dir='ltr'><strong>thesauri</strong></span> <span class='ocrx_word' id='word_1_613' title='bbox 2532 1980 2952 2053; x_wconf 84' lang='lat' dir='ltr'><strong>revelabuntur].</strong></span> <span class='ocrx_word' id='word_1_614' title='bbox 3010 1980 3155 2046; x_wconf 85' lang='lat' dir='ltr'><strong>Quos</strong></span> <span class='ocrx_word' id='word_1_615' title='bbox 3190 1987 3369 2033; x_wconf 88' lang='lat' dir='ltr'><strong>autent</strong></span> <span class='ocrx_word' id='word_1_616' title='bbox 3417 1976 3648 2031; x_wconf 89' lang='lat' dir='ltr'><strong>muneri-</strong></span> 
     </span>
    </p>
   </div>
   <div class='ocr_carea' id='block_1_80' title="bbox 2082 2066 3645 2145">
    <p class='ocr_par' dir='ltr' id='par_1_80' title="bbox 2082 2066 3645 2145">
     <span class='ocr_line' id='line_1_80' title="bbox 2082 2066 3645 2145; baseline -0.011 -10"><span class='ocrx_word' id='word_1_617' title='bbox 2082 2081 2182 2135; x_wconf 88' lang='lat' dir='ltr'><strong>bus</strong></span> <span class='ocrx_word' id='word_1_618' title='bbox 2233 2090 2578 2145; x_wconf 87' lang='lat' dir='ltr'><strong>corrumpere</strong></span> <span class='ocrx_word' id='word_1_619' title='bbox 2629 2090 2734 2128; x_wconf 92' lang='lat' dir='ltr'><strong>non</strong></span> <span class='ocrx_word' id='word_1_620' title='bbox 2779 2071 3017 2142; x_wconf 89' lang='lat' dir='ltr'><strong>poterit,</strong></span> <span class='ocrx_word' id='word_1_621' title='bbox 3065 2078 3272 2125; x_wconf 89' lang='lat' dir='ltr'><strong>terrore</strong></span> <span class='ocrx_word' id='word_1_622' title='bbox 3339 2066 3645 2135; x_wconf 87' lang='lat' dir='ltr'><strong>superabit;</strong></span> 
     </span>
    </p>
   </div>
   <div class='ocr_carea' id='block_1_81' title="bbox 2083 2155 3653 2237">
    <p class='ocr_par' dir='ltr' id='par_1_81' title="bbox 2083 2155 3653 2237">
     <span class='ocr_line' id='line_1_81' title="bbox 2083 2155 3653 2237; baseline -0.008 -17"><span class='ocrx_word' id='word_1_623' title='bbox 2083 2182 2218 2237; x_wconf 85' lang='lat' dir='ltr'><strong>quos</strong></span> <span class='ocrx_word' id='word_1_624' title='bbox 2271 2178 2450 2220; x_wconf 82' lang='lat' dir='ltr'><strong>autem</strong></span> <span class='ocrx_word' id='word_1_625' title='bbox 2506 2173 2712 2218; x_wconf 85' lang='lat' dir='ltr'><strong>terrore</strong></span> <span class='ocrx_word' id='word_1_626' title='bbox 2761 2177 2868 2216; x_wconf 90' lang='lat' dir='ltr'><strong>non</strong></span> <span class='ocrx_word' id='word_1_627' title='bbox 2911 2159 3114 2230; x_wconf 88' lang='lat' dir='ltr'><strong>poterit</strong></span> <span class='ocrx_word' id='word_1_628' title='bbox 3142 2155 3424 2229; x_wconf 79' lang='lat' dir='ltr'><strong>[vincere],</strong></span> <span class='ocrx_word' id='word_1_629' title='bbox 3469 2155 3653 2225; x_wconf 82' lang='lat' dir='ltr'><strong>signis</strong></span> 
     </span>
    </p>
   </div>
   <div class='ocr_carea' id='block_1_82' title="bbox 2082 2251 3651 2322">
    <p class='ocr_par' dir='ltr' id='par_1_82' title="bbox 2082 2251 3651 2322">
     <span class='ocr_line' id='line_1_82' title="bbox 2082 2251 3651 2322; baseline -0.008 -7"><span class='ocrx_word' id='word_1_630' title='bbox 2082 2271 2138 2315; x_wconf 90' lang='lat' dir='ltr'><strong>et</strong></span> <span class='ocrx_word' id='word_1_631' title='bbox 2163 2259 2436 2314; x_wconf 87' lang='lat' dir='ltr'><strong>miraculis</strong></span> <span class='ocrx_word' id='word_1_632' title='bbox 2477 2258 2733 2312; x_wconf 87' lang='lat' dir='ltr'><strong>seducere</strong></span> <span class='ocrx_word' id='word_1_633' title='bbox 2767 2255 3024 2318; x_wconf 84' lang='lat' dir='ltr'><strong>tentabit;</strong></span> <span class='ocrx_word' id='word_1_634' title='bbox 3053 2268 3191 2322; x_wconf 93' lang='lat' dir='ltr'><strong>quos</strong></span> <span class='ocrx_word' id='word_1_635' title='bbox 3221 2257 3325 2306; x_wconf 81' lang='lat' dir='ltr'><strong>&#39;ncc</strong></span> <span class='ocrx_word' id='word_1_636' title='bbox 3351 2251 3517 2321; x_wconf 86' lang='lat' dir='ltr'><strong>signis</strong></span> <span class='ocrx_word' id='word_1_637' title='bbox 3556 2265 3651 2318; x_wconf 88' lang='lat' dir='ltr'><strong>po-</strong></span> 
     </span>
    </p>
   </div>
   <div class='ocr_carea' id='block_1_83' title="bbox 2085 2342 3656 2421">
    <p class='ocr_par' dir='ltr' id='par_1_83' title="bbox 2085 2342 3656 2421">
     <span class='ocr_line' id='line_1_83' title="bbox 2085 2342 3656 2421; baseline -0.007 -17"><span class='ocrx_word' id='word_1_638' title='bbox 2085 2350 2210 2404; x_wconf 91' lang='lat' dir='ltr'><strong>terit</strong></span> <span class='ocrx_word' id='word_1_639' title='bbox 2247 2347 2514 2421; x_wconf 85' lang='lat' dir='ltr'><strong>[illudere]</strong></span> <span class='ocrx_word' id='word_1_640' title='bbox 2562 2347 2623 2400; x_wconf 88' lang='lat' dir='ltr'><strong>in</strong></span> <span class='ocrx_word' id='word_1_641' title='bbox 2669 2354 2955 2414; x_wconf 89' lang='lat' dir='ltr'><strong>conspectu</strong></span> <span class='ocrx_word' id='word_1_642' title='bbox 2986 2343 3225 2398; x_wconf 90' lang='lat' dir='ltr'><strong>omnium</strong></span> <span class='ocrx_word' id='word_1_643' title='bbox 3254 2342 3482 2395; x_wconf 83' lang='lat' dir='ltr'><strong>mirabili</strong></span> <span class='ocrx_word' id='word_1_644' title='bbox 3517 2357 3656 2394; x_wconf 84' lang='lat' dir='ltr'><strong>tuor-</strong></span> 
     </span>
    </p>
   </div>
   <div class='ocr_carea' id='block_1_84' title="bbox 2085 2433 3651 2507">
    <p class='ocr_par' dir='ltr' id='par_1_84' title="bbox 2085 2433 3651 2507">
     <span class='ocr_line' id='line_1_84' title="bbox 2085 2433 3651 2507; baseline -0.005 -14"><span class='ocrx_word' id='word_1_645' title='bbox 2085 2450 2137 2494; x_wconf 91' lang='lat' dir='ltr'><strong>te</strong></span> <span class='ocrx_word' id='word_1_646' title='bbox 2171 2440 2441 2494; x_wconf 89' lang='lat' dir='ltr'><strong>cruciatos</strong></span> <span class='ocrx_word' id='word_1_647' title='bbox 2495 2437 2784 2493; x_wconf 90' lang='lat' dir='ltr'><strong>crudeliter</strong></span> <span class='ocrx_word' id='word_1_648' title='bbox 2830 2435 3213 2507; x_wconf 83' lang='lat' dir='ltr'><strong>necabit[Cod.</strong></span> <span class='ocrx_word' id='word_1_649' title='bbox 3255 2433 3398 2498; x_wconf 61' lang='grc' dir='ltr'><strong>γαίη</strong></span> <span class='ocrx_word' id='word_1_650' title='bbox 3435 2434 3651 2488; x_wconf 85' lang='lat' dir='ltr'><strong>misera-</strong></span> 
     </span>
    </p>
   </div>
   <div class='ocr_carea' id='block_1_85' title="bbox 2082 2519 3754 2598">
    <p class='ocr_par' dir='ltr' id='par_1_85' title="bbox 2082 2519 3754 2598">
     <span class='ocr_line' id='line_1_85' title="bbox 2082 2519 3754 2598; baseline -0.006 -15"><span class='ocrx_word' id='word_1_651' title='bbox 2082 2529 2175 2583; x_wconf 88' lang='lat' dir='ltr'><strong>bili</strong></span> <span class='ocrx_word' id='word_1_652' title='bbox 2246 2537 2422 2583; x_wconf 86' lang='lat' dir='ltr'><strong>morte</strong></span> <span class='ocrx_word' id='word_1_653' title='bbox 2461 2527 2744 2595; x_wconf 87' lang='lat' dir='ltr'><strong>temptabit</strong></span> <span class='ocrx_word' id='word_1_654' title='bbox 2789 2525 3027 2598; x_wconf 88' lang='lat' dir='ltr'><strong>nccare].</strong></span> <span class='ocrx_word' id='word_1_655' title='bbox 3065 2525 3214 2579; x_wconf 90' lang='lat' dir='ltr'><strong>Tunc</strong></span> <span class='ocrx_word' id='word_1_656' title='bbox 3246 2525 3351 2578; x_wconf 87' lang='lat' dir='ltr'><strong>erit</strong></span> <span class='ocrx_word' id='word_1_657' title='bbox 3388 2524 3509 2578; x_wconf 88' lang='lat' dir='ltr'><strong>talis</strong></span> <span class='ocrx_word' id='word_1_658' title='bbox 3559 2525 3655 2574; x_wconf 87' lang='lat' dir='ltr'><strong>tri-</strong></span> <span class='ocrx_word' id='word_1_659' title='bbox 3746 2519 3754 2522; x_wconf 67' lang='grc'><em>’</em></span> 
     </span>
    </p>
   </div>
   <div class='ocr_carea' id='block_1_86' title="bbox 2080 2617 3650 2691">
    <p class='ocr_par' dir='ltr' id='par_1_86' title="bbox 2080 2617 3650 2691">
     <span class='ocr_line' id='line_1_86' title="bbox 2080 2617 3650 2691; baseline -0.007 -13"><span class='ocrx_word' id='word_1_660' title='bbox 2080 2623 2301 2688; x_wconf 86' lang='lat' dir='ltr'><strong>bulatio,</strong></span> <span class='ocrx_word' id='word_1_661' title='bbox 2362 2617 2548 2691; x_wconf 75' lang='lat' dir='ltr'><strong>qualis</strong></span> <span class='ocrx_word' id='word_1_662' title='bbox 2564 2636 2669 2675; x_wconf 92' lang='lat' dir='ltr'><strong>non</strong></span> <span class='ocrx_word' id='word_1_663' title='bbox 2704 2620 2804 2673; x_wconf 87' lang='lat' dir='ltr'><strong>fuit</strong></span> <span class='ocrx_word' id='word_1_664' title='bbox 2835 2635 2997 2688; x_wconf 90' lang='lat' dir='ltr'><strong>super</strong></span> <span class='ocrx_word' id='word_1_665' title='bbox 3051 2627 3248 2672; x_wconf 87' lang='lat' dir='ltr'><strong>terram</strong></span> <span class='ocrx_word' id='word_1_666' title='bbox 3287 2634 3351 2672; x_wconf 81' lang='lat' dir='ltr'><strong>ex</strong></span> <span class='ocrx_word' id='word_1_667' title='bbox 3393 2626 3650 2684; x_wconf 79' lang='lat' dir='ltr'><strong>tempore,</strong></span> 
     </span>
    </p>
   </div>
   <div class='ocr_carea' id='block_1_87' title="bbox 2081 2705 3649 2782">
    <p class='ocr_par' dir='ltr' id='par_1_87' title="bbox 2081 2705 3649 2782">
     <span class='ocr_line' id='line_1_87' title="bbox 2081 2705 3649 2782; baseline -0.006 -15"><span class='ocrx_word' id='word_1_668' title='bbox 2081 2727 2188 2782; x_wconf 91' lang='lat' dir='ltr'><strong>quo</strong></span> <span class='ocrx_word' id='word_1_669' title='bbox 2232 2721 2420 2782; x_wconf 84' lang='lat' dir='ltr'><strong>gentes</strong></span> <span class='ocrx_word' id='word_1_670' title='bbox 2463 2725 2584 2765; x_wconf 89' lang='lat' dir='ltr'><strong>esse</strong></span> <span class='ocrx_word' id='word_1_671' title='bbox 2624 2717 2903 2782; x_wconf 73' lang='lat' dir='ltr'><strong>cmpcrunt</strong></span> <span class='ocrx_word' id='word_1_672' title='bbox 2930 2724 3102 2778; x_wconf 87' lang='lat' dir='ltr'><strong>usque</strong></span> <span class='ocrx_word' id='word_1_673' title='bbox 3142 2709 3207 2763; x_wconf 91' lang='lat' dir='ltr'><strong>ad</strong></span> <span class='ocrx_word' id='word_1_674' title='bbox 3237 2705 3364 2762; x_wconf 80' lang='lat' dir='ltr'><strong>illud</strong></span> <span class='ocrx_word' id='word_1_675' title='bbox 3416 2714 3649 2774; x_wconf 81' lang='lat' dir='ltr'><strong>tempus.</strong></span> 
     </span>
    </p>
   </div>
   <div class='ocr_carea' id='block_1_88' title="bbox 2081 2798 3655 2872">
    <p class='ocr_par' dir='ltr' id='par_1_88' title="bbox 2081 2798 3655 2872">
     <span class='ocr_line' id='line_1_88' title="bbox 2081 2798 3655 2872; baseline -0.005 -14"><span class='ocrx_word' id='word_1_676' title='bbox 2081 2802 2232 2858; x_wconf 88' lang='lat' dir='ltr'><strong>Tunc</strong></span> <span class='ocrx_word' id='word_1_677' title='bbox 2282 2801 2372 2872; x_wconf 90' lang='lat' dir='ltr'><strong>qui</strong></span> <span class='ocrx_word' id='word_1_678' title='bbox 2412 2801 2467 2856; x_wconf 92' lang='lat' dir='ltr'><strong>in</strong></span> <span class='ocrx_word' id='word_1_679' title='bbox 2515 2815 2645 2868; x_wconf 79' lang='lat' dir='ltr'><strong>agro</strong></span> <span class='ocrx_word' id='word_1_680' title='bbox 2696 2809 2876 2865; x_wconf 91' lang='lat' dir='ltr'><strong>erunt,</strong></span> <span class='ocrx_word' id='word_1_681' title='bbox 2924 2798 3126 2869; x_wconf 80' lang='lat' dir='ltr'><strong>fugient</strong></span> <span class='ocrx_word' id='word_1_682' title='bbox 3179 2802 3248 2854; x_wconf 85' lang='lat' dir='ltr'><strong>ad</strong></span> <span class='ocrx_word' id='word_1_683' title='bbox 3303 2807 3513 2856; x_wconf 88' lang='lat' dir='ltr'><strong>montes</strong></span> <span class='ocrx_word' id='word_1_684' title='bbox 3569 2799 3655 2851; x_wconf 85' lang='lat' dir='ltr'><strong>di-</strong></span> 
     </span>
    </p>
   </div>
   <div class='ocr_carea' id='block_1_89' title="bbox 2079 2889 3651 2961">
    <p class='ocr_par' dir='ltr' id='par_1_89' title="bbox 2079 2889 3651 2961">
     <span class='ocr_line' id='line_1_89' title="bbox 2079 2889 3651 2961; baseline -0.003 -13"><span class='ocrx_word' id='word_1_685' title='bbox 2079 2902 2308 2948; x_wconf 87' lang='lat' dir='ltr'><strong>centes:</strong></span> <span class='ocrx_word' id='word_1_686' title='bbox 2358 2893 2532 2948; x_wconf 91' lang='lat' dir='ltr'><strong>cadite</strong></span> <span class='ocrx_word' id='word_1_687' title='bbox 2569 2906 2730 2961; x_wconf 89' lang='lat' dir='ltr'><strong>super</strong></span> <span class='ocrx_word' id='word_1_688' title='bbox 2785 2907 2908 2955; x_wconf 86' lang='lat' dir='ltr'><strong>nos;</strong></span> <span class='ocrx_word' id='word_1_689' title='bbox 2961 2900 3016 2945; x_wconf 93' lang='lat' dir='ltr'><strong>ct</strong></span> <span class='ocrx_word' id='word_1_690' title='bbox 3063 2889 3310 2954; x_wconf 68' lang='lat' dir='ltr'><strong>collibus,</strong></span> <span class='ocrx_word' id='word_1_691' title='bbox 3376 2890 3651 2958; x_wconf 80' lang='lat' dir='ltr'><strong>cnnpcrite</strong></span> 
     </span>
    </p>
   </div>
   <div class='ocr_carea' id='block_1_90' title="bbox 2081 2981 3652 3052">
    <p class='ocr_par' dir='ltr' id='par_1_90' title="bbox 2081 2981 3652 3052">
     <span class='ocr_line' id='line_1_90' title="bbox 2081 2981 3652 3052; baseline -0.001 -16"><span class='ocrx_word' id='word_1_692' title='bbox 2081 2999 2198 3046; x_wconf 89' lang='lat' dir='ltr'><strong>nos,</strong></span> <span class='ocrx_word' id='word_1_693' title='bbox 2225 2993 2280 3039; x_wconf 87' lang='lat' dir='ltr'><strong>et</strong></span> <span class='ocrx_word' id='word_1_694' title='bbox 2321 2984 2412 3052; x_wconf 91' lang='lat' dir='ltr'><strong>qui</strong></span> <span class='ocrx_word' id='word_1_695' title='bbox 2444 2997 2604 3051; x_wconf 88' lang='lat' dir='ltr'><strong>supra</strong></span> <span class='ocrx_word' id='word_1_696' title='bbox 2647 2990 2865 3045; x_wconf 86' lang='lat' dir='ltr'><strong>tectum,</strong></span> <span class='ocrx_word' id='word_1_697' title='bbox 2903 2997 3009 3035; x_wconf 90' lang='lat' dir='ltr'><strong>non</strong></span> <span class='ocrx_word' id='word_1_698' title='bbox 3038 2981 3325 3035; x_wconf 87' lang='lat' dir='ltr'><strong>descendet</strong></span> <span class='ocrx_word' id='word_1_699' title='bbox 3350 2981 3401 3034; x_wconf 91' lang='lat' dir='ltr'><strong>in</strong></span> <span class='ocrx_word' id='word_1_700' title='bbox 3437 2982 3652 3034; x_wconf 88' lang='lat' dir='ltr'><strong>donnun</strong></span> 
     </span>
    </p>
   </div>
   <div class='ocr_carea' id='block_1_91' title="bbox 2087 3070 3654 3139">
    <p class='ocr_par' dir='ltr' id='par_1_91' title="bbox 2087 3070 3654 3139">
     <span class='ocr_line' id='line_1_91' title="bbox 2087 3070 3654 3139; baseline -0.001 -13"><span class='ocrx_word' id='word_1_701' title='bbox 2087 3085 2281 3135; x_wconf 88' lang='lat' dir='ltr'><strong>suam,.</strong></span> <span class='ocrx_word' id='word_1_702' title='bbox 2323 3082 2380 3126; x_wconf 89' lang='lat' dir='ltr'><strong>ut</strong></span> <span class='ocrx_word' id='word_1_703' title='bbox 2403 3072 2552 3126; x_wconf 90' lang='lat' dir='ltr'><strong>tollat</strong></span> <span class='ocrx_word' id='word_1_704' title='bbox 2580 3072 2782 3139; x_wconf 88' lang='lat' dir='ltr'><strong>aliquid</strong></span> <span class='ocrx_word' id='word_1_705' title='bbox 2830 3071 2899 3125; x_wconf 88' lang='lat' dir='ltr'><strong>ab</strong></span> <span class='ocrx_word' id='word_1_706' title='bbox 2920 3086 3001 3132; x_wconf 88' lang='lat' dir='ltr'><strong>ca,</strong></span> <span class='ocrx_word' id='word_1_707' title='bbox 3079 3070 3172 3124; x_wconf 88' lang='lat' dir='ltr'><strong>sed</strong></span> <span class='ocrx_word' id='word_1_708' title='bbox 3211 3070 3446 3138; x_wconf 87' lang='lat' dir='ltr'><strong>seipsum</strong></span> <span class='ocrx_word' id='word_1_709' title='bbox 3503 3070 3654 3124; x_wconf 64' lang='lat' dir='ltr'><strong>daiit</strong></span> 
     </span>
    </p>
   </div>
   <div class='ocr_carea' id='block_1_92' title="bbox 2089 3157 3658 3232">
    <p class='ocr_par' dir='ltr' id='par_1_92' title="bbox 2089 3157 3658 3232">
     <span class='ocr_line' id='line_1_92' title="bbox 2089 3157 3658 3232; baseline -0.001 -19"><span class='ocrx_word' id='word_1_710' title='bbox 2089 3161 2416 3232; x_wconf 67' lang='lat' dir='ltr'><strong>prmcipitem</strong></span> <span class='ocrx_word' id='word_1_711' title='bbox 2471 3160 2682 3231; x_wconf 74' lang='lat' dir='ltr'><strong>(Matth.</strong></span> <span class='ocrx_word' id='word_1_712' title='bbox 2743 3175 2888 3223; x_wconf 75' lang='lat' dir='ltr'><strong>xxiv,</strong></span> <span class='ocrx_word' id='word_1_713' title='bbox 2961 3158 3023 3212; x_wconf 84' lang='grc'>16</span> <span class='ocrx_word' id='word_1_714' title='bbox 3074 3159 3235 3227; x_wconf 79' lang='lat' dir='ltr'><strong>seq.).</strong></span> <span class='ocrx_word' id='word_1_715' title='bbox 3283 3157 3432 3211; x_wconf 91' lang='lat' dir='ltr'><strong>Tunc</strong></span> <span class='ocrx_word' id='word_1_716' title='bbox 3480 3160 3658 3212; x_wconf 71' lang='lat' dir='ltr'><strong>omnis</strong></span> 
     </span>
    </p>
   </div>
   <div class='ocr_carea' id='block_1_93' title="bbox 2089 3247 3659 3318">
    <p class='ocr_par' dir='ltr' id='par_1_93' title="bbox 2089 3247 3659 3318">
     <span class='ocr_line' id='line_1_93' title="bbox 2089 3247 3659 3318; baseline -0.003 -14"><span class='ocrx_word' id='word_1_717' title='bbox 2089 3251 2261 3306; x_wconf 88' lang='lat' dir='ltr'><strong>ﬁdelis</strong></span> <span class='ocrx_word' id='word_1_718' title='bbox 2290 3250 2647 3309; x_wconf 89' lang='lat' dir='ltr'><strong>Christianus,</strong></span> <span class='ocrx_word' id='word_1_719' title='bbox 2709 3250 2800 3318; x_wconf 90' lang='lat' dir='ltr'><strong>qui</strong></span> <span class='ocrx_word' id='word_1_720' title='bbox 2825 3251 3072 3302; x_wconf 78' lang='lat' dir='ltr'><strong>inventus</strong></span> <span class='ocrx_word' id='word_1_721' title='bbox 3122 3247 3307 3310; x_wconf 81' lang='lat' dir='ltr'><strong>fuerit,</strong></span> <span class='ocrx_word' id='word_1_722' title='bbox 3372 3255 3465 3301; x_wconf 88' lang='lat' dir='ltr'><strong>aut</strong></span> <span class='ocrx_word' id='word_1_723' title='bbox 3494 3247 3659 3301; x_wconf 81' lang='lat' dir='ltr'><strong>Deum</strong></span> 
     </span>
    </p>
   </div>
   <div class='ocr_carea' id='block_1_94' title="bbox 2087 3337 3658 3410">
    <p class='ocr_par' dir='ltr' id='par_1_94' title="bbox 2087 3337 3658 3410">
     <span class='ocr_line' id='line_1_94' title="bbox 2087 3337 3658 3410; baseline -0.001 -17"><span class='ocrx_word' id='word_1_724' title='bbox 2087 3341 2326 3410; x_wconf 79' lang='lat' dir='ltr'><strong>negabit,</strong></span> <span class='ocrx_word' id='word_1_725' title='bbox 2375 3350 2465 3394; x_wconf 89' lang='lat' dir='ltr'><strong>aut</strong></span> <span class='ocrx_word' id='word_1_726' title='bbox 2499 3341 2613 3394; x_wconf 88' lang='lat' dir='ltr'><strong>sive</strong></span> <span class='ocrx_word' id='word_1_727' title='bbox 2640 3355 2734 3408; x_wconf 90' lang='lat' dir='ltr'><strong>per</strong></span> <span class='ocrx_word' id='word_1_728' title='bbox 2780 3337 3004 3403; x_wconf 89' lang='lat' dir='ltr'><strong>ferrum,</strong></span> <span class='ocrx_word' id='word_1_729' title='bbox 3059 3339 3172 3393; x_wconf 87' lang='lat' dir='ltr'><strong>sive</strong></span> <span class='ocrx_word' id='word_1_730' title='bbox 3199 3355 3296 3408; x_wconf 89' lang='lat' dir='ltr'><strong>per</strong></span> <span class='ocrx_word' id='word_1_731' title='bbox 3327 3343 3502 3410; x_wconf 85' lang='lat' dir='ltr'><strong>ignem</strong></span> <span class='ocrx_word' id='word_1_732' title='bbox 3550 3338 3658 3392; x_wconf 89' lang='lat' dir='ltr'><strong>for-</strong></span> 
     </span>
    </p>
   </div>
   <div class='ocr_carea' id='block_1_95' title="bbox 2089 3429 3661 3502">
    <p class='ocr_par' dir='ltr' id='par_1_95' title="bbox 2089 3429 3661 3502">
     <span class='ocr_line' id='line_1_95' title="bbox 2089 3429 3661 3502; baseline -0.001 -17"><span class='ocrx_word' id='word_1_733' title='bbox 2089 3433 2261 3496; x_wconf 86' lang='lat' dir='ltr'><strong>nacis,</strong></span> <span class='ocrx_word' id='word_1_734' title='bbox 2312 3433 2424 3486; x_wconf 87' lang='lat' dir='ltr'><strong>sive</strong></span> <span class='ocrx_word' id='word_1_735' title='bbox 2459 3447 2554 3502; x_wconf 90' lang='lat' dir='ltr'><strong>per</strong></span> <span class='ocrx_word' id='word_1_736' title='bbox 2618 3440 2919 3500; x_wconf 78' lang='lat' dir='ltr'><strong>serpentes,</strong></span> <span class='ocrx_word' id='word_1_737' title='bbox 2969 3431 3081 3483; x_wconf 87' lang='lat' dir='ltr'><strong>sive</strong></span> <span class='ocrx_word' id='word_1_738' title='bbox 3116 3443 3212 3497; x_wconf 89' lang='lat' dir='ltr'><strong>per</strong></span> <span class='ocrx_word' id='word_1_739' title='bbox 3269 3429 3490 3492; x_wconf 85' lang='lat' dir='ltr'><strong>bestias,</strong></span> <span class='ocrx_word' id='word_1_740' title='bbox 3549 3429 3661 3483; x_wconf 81' lang='lat' dir='ltr'><strong>sive</strong></span> 
     </span>
    </p>
   </div>
   <div class='ocr_carea' id='block_1_96' title="bbox 2089 3523 3659 3598">
    <p class='ocr_par' dir='ltr' id='par_1_96' title="bbox 2089 3523 3659 3598">
     <span class='ocr_line' id='line_1_96' title="bbox 2089 3523 3659 3598; baseline -0.001 -20"><span class='ocrx_word' id='word_1_741' title='bbox 2089 3542 2184 3596; x_wconf 89' lang='lat' dir='ltr'><strong>per</strong></span> <span class='ocrx_word' id='word_1_742' title='bbox 2218 3527 2421 3598; x_wconf 89' lang='lat' dir='ltr'><strong>aliquid</strong></span> <span class='ocrx_word' id='word_1_743' title='bbox 2455 3523 2597 3580; x_wconf 88' lang='lat' dir='ltr'><strong>aliud</strong></span> <span class='ocrx_word' id='word_1_744' title='bbox 2626 3525 2900 3594; x_wconf 87' lang='lat' dir='ltr'><strong>quodlibet</strong></span> <span class='ocrx_word' id='word_1_745' title='bbox 2925 3529 3338 3578; x_wconf 88' lang='lat' dir='ltr'><strong>’tormentorum</strong></span> <span class='ocrx_word' id='word_1_746' title='bbox 3367 3538 3536 3592; x_wconf 87' lang='lat' dir='ltr'><strong>genus</strong></span> <span class='ocrx_word' id='word_1_747' title='bbox 3574 3525 3659 3577; x_wconf 88' lang='lat' dir='ltr'><strong>in-</strong></span> 
     </span>
    </p>
   </div>
   <div class='ocr_carea' id='block_1_97' title="bbox 2090 3614 3515 3682">
    <p class='ocr_par' dir='ltr' id='par_1_97' title="bbox 2090 3614 3515 3682">
     <span class='ocr_line' id='line_1_97' title="bbox 2090 3614 3515 3682; baseline -0.005 -14"><span class='ocrx_word' id='word_1_748' title='bbox 2090 3616 2291 3679; x_wconf 87' lang='lat' dir='ltr'><strong>teribit,</strong></span> <span class='ocrx_word' id='word_1_749' title='bbox 2342 3616 2467 3669; x_wconf 88' lang='lat' dir='ltr'><strong>siin</strong></span> <span class='ocrx_word' id='word_1_750' title='bbox 2519 3615 2622 3669; x_wconf 87' lang='lat' dir='ltr'><strong>ﬁde</strong></span> <span class='ocrx_word' id='word_1_751' title='bbox 2654 3614 3027 3682; x_wconf 85' lang='lat' dir='ltr'><strong>permanserit.</strong></span> <span class='ocrx_word' id='word_1_752' title='bbox 3513 3622 3515 3624; x_wconf 85' lang='grc'>·</span> 
     </span>
    </p>
   </div>
   <div class='ocr_carea' id='block_1_98' title="bbox 2089 3701 3662 3784">
    <p class='ocr_par' dir='ltr' id='par_1_98' title="bbox 2089 3701 3662 3784">
     <span class='ocr_line' id='line_1_98' title="bbox 2089 3701 3662 3784; baseline 0 -27"><span class='ocrx_word' id='word_1_753' title='bbox 2089 3712 2104 3727; x_wconf 86' lang='grc'><strong>“</strong></span> <span class='ocrx_word' id='word_1_754' title='bbox 2159 3705 2284 3758; x_wconf 67' lang='lat' dir='ltr'><strong>Haec</strong></span> <span class='ocrx_word' id='word_1_755' title='bbox 2325 3711 2503 3757; x_wconf 89' lang='lat' dir='ltr'><strong>autem</strong></span> <span class='ocrx_word' id='word_1_756' title='bbox 2543 3712 2652 3756; x_wconf 90' lang='lat' dir='ltr'><strong>tam</strong></span> <span class='ocrx_word' id='word_1_757' title='bbox 2697 3701 2973 3784; x_wconf 76' lang='lat' dir='ltr'><strong>terribilis</strong></span> <span class='ocrx_word' id='word_1_758' title='bbox 3018 3709 3072 3756; x_wconf 90' lang='lat' dir='ltr'><strong>et</strong></span> <span class='ocrx_word' id='word_1_759' title='bbox 3099 3701 3333 3756; x_wconf 90' lang='lat' dir='ltr'><strong>timenda</strong></span> <span class='ocrx_word' id='word_1_760' title='bbox 3389 3702 3662 3757; x_wconf 83' lang='lat' dir='ltr'><strong>tribulatio</strong></span> 
     </span>
    </p>
   </div>
   <div class='ocr_carea' id='block_1_99' title="bbox 2091 3794 3654 3869">
    <p class='ocr_par' dir='ltr' id='par_1_99' title="bbox 2091 3794 3654 3869">
     <span class='ocr_line' id='line_1_99' title="bbox 2091 3794 3654 3869; baseline 0 -19"><span class='ocrx_word' id='word_1_761' title='bbox 2091 3797 2262 3851; x_wconf 87' lang='lat' dir='ltr'><strong>tribus</strong></span> <span class='ocrx_word' id='word_1_762' title='bbox 2305 3797 2461 3849; x_wconf 85' lang='lat' dir='ltr'><strong>annis</strong></span> <span class='ocrx_word' id='word_1_763' title='bbox 2486 3804 2539 3848; x_wconf 90' lang='lat' dir='ltr'><strong>et</strong></span> <span class='ocrx_word' id='word_1_764' title='bbox 2575 3795 2798 3849; x_wconf 90' lang='lat' dir='ltr'><strong>dimidio</strong></span> <span class='ocrx_word' id='word_1_765' title='bbox 2821 3795 3058 3849; x_wconf 87' lang='lat' dir='ltr'><strong>manebit</strong></span> <span class='ocrx_word' id='word_1_766' title='bbox 3090 3794 3140 3866; x_wconf 75' lang='grc' dir='ltr'><strong>[ιι</strong></span> <span class='ocrx_word' id='word_1_767' title='bbox 3175 3797 3227 3848; x_wconf 93' lang='lat' dir='ltr'><strong>in</strong></span> <span class='ocrx_word' id='word_1_768' title='bbox 3265 3804 3375 3849; x_wconf 90' lang='lat' dir='ltr'><strong>toto</strong></span> <span class='ocrx_word' id='word_1_769' title='bbox 3411 3796 3654 3869; x_wconf 83' lang='lat' dir='ltr'><strong>mundo].</strong></span> 
     </span>
    </p>
   </div>
   <div class='ocr_carea' id='block_1_100' title="bbox 2093 3887 3659 3958">
    <p class='ocr_par' dir='ltr' id='par_1_100' title="bbox 2093 3887 3659 3958">
     <span class='ocr_line' id='line_1_100' title="bbox 2093 3887 3659 3958; baseline -0.001 -17"><span class='ocrx_word' id='word_1_770' title='bbox 2093 3887 2235 3941; x_wconf 80' lang='lat' dir='ltr'><strong>Tunc</strong></span> <span class='ocrx_word' id='word_1_771' title='bbox 2257 3887 2691 3940; x_wconf 75' lang='lat' dir='ltr'><strong>abbreviabttntur</strong></span> <span class='ocrx_word' id='word_1_772' title='bbox 2710 3887 2820 3940; x_wconf 84' lang='lat' dir='ltr'><strong>dies</strong></span> <span class='ocrx_word' id='word_1_773' title='bbox 2841 3897 3050 3957; x_wconf 79' lang='lat' dir='ltr'><strong>propter</strong></span> <span class='ocrx_word' id='word_1_774' title='bbox 3069 3887 3256 3941; x_wconf 84' lang='lat' dir='ltr'><strong>electos</strong></span> <span class='ocrx_word' id='word_1_775' title='bbox 3273 3887 3480 3958; x_wconf 77' lang='lat' dir='ltr'><strong>(Matth.</strong></span> <span class='ocrx_word' id='word_1_776' title='bbox 3511 3906 3659 3952; x_wconf 69' lang='lat' dir='ltr'><strong>xxxv,</strong></span> 
     </span>
    </p>
   </div>
   <div class='ocr_carea' id='block_1_101' title="bbox 2288 3978 3656 4044">
    <p class='ocr_par' dir='ltr' id='par_1_101' title="bbox 2288 3978 3656 4044">
     <span class='ocr_line' id='line_1_101' title="bbox 2288 3978 3656 4044; baseline 0.003 -13"><span class='ocrx_word' id='word_1_777' title='bbox 2288 3979 2390 4032; x_wconf 92' lang='lat' dir='ltr'><strong>nisi</strong></span> <span class='ocrx_word' id='word_1_778' title='bbox 2447 3979 2589 4032; x_wconf 86' lang='lat' dir='ltr'><strong>enim</strong></span> <span class='ocrx_word' id='word_1_779' title='bbox 2650 3978 2908 4033; x_wconf 88' lang='lat' dir='ltr'><strong>Dominus</strong></span> <span class='ocrx_word' id='word_1_780' title='bbox 2965 3979 3332 4034; x_wconf 87' lang='lat' dir='ltr'><strong>abbreviasset</strong></span> <span class='ocrx_word' id='word_1_781' title='bbox 3385 3982 3520 4044; x_wconf 83' lang='lat' dir='ltr'><strong>dies,</strong></span> <span class='ocrx_word' id='word_1_782' title='bbox 3571 3985 3656 4035; x_wconf 75' lang='lat' dir='ltr'><strong>viv</strong></span> 
     </span>
    </p>
   </div>
   <div class='ocr_carea' id='block_1_102' title="bbox 2091 4066 3661 4142">
    <p class='ocr_par' dir='ltr' id='par_1_102' title="bbox 2091 4066 3661 4142">
     <span class='ocr_line' id='line_1_102' title="bbox 2091 4066 3661 4142; baseline 0.004 -22"><span class='ocrx_word' id='word_1_783' title='bbox 2091 4067 2236 4120; x_wconf 88' lang='lat' dir='ltr'><strong>salva</strong></span> <span class='ocrx_word' id='word_1_784' title='bbox 2279 4077 2425 4122; x_wconf 85' lang='lat' dir='ltr'><strong>esset</strong></span> <span class='ocrx_word' id='word_1_785' title='bbox 2475 4066 2632 4138; x_wconf 87' lang='lat' dir='ltr'><strong>[Cod.</strong></span> <span class='ocrx_word' id='word_1_786' title='bbox 2696 4066 2831 4132; x_wconf 61' lang='grc' dir='ltr'><strong>ναι,</strong></span> <span class='ocrx_word' id='word_1_787' title='bbox 2871 4085 2977 4123; x_wconf 91' lang='lat' dir='ltr'><strong>non</strong></span> <span class='ocrx_word' id='word_1_788' title='bbox 3035 4069 3223 4124; x_wconf 78' lang='lat' dir='ltr'><strong>fuisset</strong></span> <span class='ocrx_word' id='word_1_789' title='bbox 3262 4072 3430 4142; x_wconf 83' lang='lat' dir='ltr'><strong>salva]</strong></span> <span class='ocrx_word' id='word_1_790' title='bbox 3485 4075 3661 4126; x_wconf 81' lang='lat' dir='ltr'><strong>omnis</strong></span> 
     </span>
    </p>
   </div>
   <div class='ocr_carea' id='block_1_103' title="bbox 2091 4157 3655 4227">
    <p class='ocr_par' dir='ltr' id='par_1_103' title="bbox 2091 4157 3655 4227">
     <span class='ocr_line' id='line_1_103' title="bbox 2091 4157 3655 4227; baseline 0.005 -19"><span class='ocrx_word' id='word_1_791' title='bbox 2091 4173 2235 4210; x_wconf 82' lang='lat' dir='ltr'><strong>caro.</strong></span> <span class='ocrx_word' id='word_1_792' title='bbox 2295 4157 2526 4224; x_wconf 82' lang='lat' dir='ltr'><strong>Tempus</strong></span> <span class='ocrx_word' id='word_1_793' title='bbox 2555 4159 2841 4227; x_wconf 90' lang='lat' dir='ltr'><strong>siquidem,</strong></span> <span class='ocrx_word' id='word_1_794' title='bbox 2891 4161 3108 4227; x_wconf 91' lang='lat' dir='ltr'><strong>quando</strong></span> <span class='ocrx_word' id='word_1_795' title='bbox 3155 4161 3524 4218; x_wconf 77' lang='lat' dir='ltr'><strong>Antichristus</strong></span> <span class='ocrx_word' id='word_1_796' title='bbox 3562 4181 3655 4217; x_wconf 80' lang='lat' dir='ltr'><strong>ve-</strong></span> 
     </span>
    </p>
   </div>
   <div class='ocr_carea' id='block_1_104' title="bbox 2093 4241 3658 4324">
    <p class='ocr_par' dir='ltr' id='par_1_104' title="bbox 2093 4241 3658 4324">
     <span class='ocr_line' id='line_1_104' title="bbox 2093 4241 3658 4324; baseline 0.005 -24"><span class='ocrx_word' id='word_1_797' title='bbox 2093 4248 2251 4311; x_wconf 84' lang='lat' dir='ltr'><strong>nerit,</strong></span> <span class='ocrx_word' id='word_1_798' title='bbox 2276 4247 2359 4301; x_wconf 91' lang='lat' dir='ltr'><strong>vel</strong></span> <span class='ocrx_word' id='word_1_799' title='bbox 2383 4250 2595 4315; x_wconf 88' lang='lat' dir='ltr'><strong>quando</strong></span> <span class='ocrx_word' id='word_1_800' title='bbox 2618 4249 2731 4302; x_wconf 91' lang='lat' dir='ltr'><strong>dics</strong></span> <span class='ocrx_word' id='word_1_801' title='bbox 2755 4247 2942 4315; x_wconf 85' lang='lat' dir='ltr'><strong>judicii</strong></span> <span class='ocrx_word' id='word_1_802' title='bbox 2967 4241 3224 4319; x_wconf 83' lang='lat' dir='ltr'><strong>apparere</strong></span> <span class='ocrx_word' id='word_1_803' title='bbox 3248 4256 3491 4324; x_wconf 69' lang='lat' dir='ltr'><strong>coeperit,</strong></span> <span class='ocrx_word' id='word_1_804' title='bbox 3519 4256 3658 4309; x_wconf 83' lang='lat' dir='ltr'><strong>Pan-</strong></span> 
     </span>
    </p>
   </div>
   <div class='ocr_carea' id='block_1_105' title="bbox 2091 4338 3661 4408">
    <p class='ocr_par' dir='ltr' id='par_1_105' title="bbox 2091 4338 3661 4408">
     <span class='ocr_line' id='line_1_105' title="bbox 2091 4338 3661 4408; baseline 0.007 -18"><span class='ocrx_word' id='word_1_805' title='bbox 2091 4338 2174 4391; x_wconf 90' lang='lat' dir='ltr'><strong>lus</strong></span> <span class='ocrx_word' id='word_1_806' title='bbox 2223 4338 2496 4406; x_wconf 86' lang='lat' dir='ltr'><strong>apostolus</strong></span> <span class='ocrx_word' id='word_1_807' title='bbox 2547 4339 2599 4391; x_wconf 88' lang='lat' dir='ltr'><strong>in</strong></span> <span class='ocrx_word' id='word_1_808' title='bbox 2653 4338 2892 4408; x_wconf 84' lang='lat' dir='ltr'><strong>Epistola</strong></span> <span class='ocrx_word' id='word_1_809' title='bbox 2927 4341 2993 4394; x_wconf 89' lang='lat' dir='ltr'><strong>ad</strong></span> <span class='ocrx_word' id='word_1_810' title='bbox 3042 4339 3547 4400; x_wconf 87' lang='lat' dir='ltr'><strong>Thessalonicenscs</strong></span> <span class='ocrx_word' id='word_1_811' title='bbox 3573 4348 3661 4402; x_wconf 88' lang='lat' dir='ltr'><strong>dc-</strong></span> 
     </span>
    </p>
   </div>
   <div class='ocr_carea' id='block_1_106' title="bbox 2091 4427 3656 4503">
    <p class='ocr_par' dir='ltr' id='par_1_106' title="bbox 2091 4427 3656 4503">
     <span class='ocr_line' id='line_1_106' title="bbox 2091 4427 3656 4503; baseline 0.005 -23"><span class='ocrx_word' id='word_1_812' title='bbox 2091 4435 2358 4481; x_wconf 79' lang='lat' dir='ltr'><strong>monstrat</strong></span> <span class='ocrx_word' id='word_1_813' title='bbox 2383 4427 2601 4482; x_wconf 90' lang='lat' dir='ltr'><strong>dicens:</strong></span> <span class='ocrx_word' id='word_1_814' title='bbox 2632 4427 2751 4481; x_wconf 79' lang='lat' dir='ltr'><strong>Nisi</strong></span> <span class='ocrx_word' id='word_1_815' title='bbox 2781 4429 2975 4483; x_wconf 80' lang='lat' dir='ltr'><strong>venerit</strong></span> <span class='ocrx_word' id='word_1_816' title='bbox 3027 4428 3276 4486; x_wconf 74' lang='lat' dir='ltr'><strong>discessio</strong></span> <span class='ocrx_word' id='word_1_817' title='bbox 3320 4435 3567 4503; x_wconf 83' lang='lat' dir='ltr'><strong>primum,</strong></span> <span class='ocrx_word' id='word_1_818' title='bbox 3606 4446 3656 4490; x_wconf 84' lang='lat' dir='ltr'><strong>et</strong></span> 
     </span>
    </p>
   </div>
   <div class='ocr_carea' id='block_1_107' title="bbox 2092 4515 3654 4598">
    <p class='ocr_par' dir='ltr' id='par_1_107' title="bbox 2092 4515 3654 4598">
     <span class='ocr_line' id='line_1_107' title="bbox 2092 4515 3654 4598; baseline 0.01 -31"><span class='ocrx_word' id='word_1_819' title='bbox 2092 4516 2342 4569; x_wconf 76' lang='lat' dir='ltr'><strong>revelatus</strong></span> <span class='ocrx_word' id='word_1_820' title='bbox 2367 4515 2527 4586; x_wconf 81' lang='lat' dir='ltr'><strong>fuerit</strong></span> <span class='ocrx_word' id='word_1_821' title='bbox 2584 4517 2738 4572; x_wconf 82' lang='lat' dir='ltr'><strong>homo</strong></span> <span class='ocrx_word' id='word_1_822' title='bbox 2761 4520 2976 4588; x_wconf 78' lang='lat' dir='ltr'><strong>peccati,</strong></span> <span class='ocrx_word' id='word_1_823' title='bbox 3013 4520 3157 4588; x_wconf 78' lang='lat' dir='ltr'><strong>filius</strong></span> <span class='ocrx_word' id='word_1_824' title='bbox 3195 4523 3519 4598; x_wconf 61' lang='lat' dir='ltr'><strong>perditionis,</strong></span> <span class='ocrx_word' id='word_1_825' title='bbox 3550 4536 3654 4582; x_wconf 86' lang='lat' dir='ltr'><strong>etc.</strong></span> 
     </span>
    </p>
   </div>
   <div class='ocr_carea' id='block_1_108' title="bbox 2092 4604 3666 4686">
    <p class='ocr_par' dir='ltr' id='par_1_108' title="bbox 2092 4604 3666 4686">
     <span class='ocr_line' id='line_1_108' title="bbox 2092 4604 3666 4686; baseline 0.01 -28"><span class='ocrx_word' id='word_1_826' title='bbox 2092 4605 2178 4676; x_wconf 87' lang='grc'><strong>(11</strong></span> <span class='ocrx_word' id='word_1_827' title='bbox 2216 4604 2393 4660; x_wconf 81' lang='lat' dir='ltr'><strong>Thess.</strong></span> <span class='ocrx_word' id='word_1_828' title='bbox 2441 4624 2503 4672; x_wconf 84' lang='lat' dir='ltr'><strong>tt,</strong></span> <span class='ocrx_word' id='word_1_829' title='bbox 2535 4607 2611 4680; x_wconf 77' lang='lat'><strong>3).</strong></span> <span class='ocrx_word' id='word_1_830' title='bbox 2668 4607 2880 4665; x_wconf 88' lang='lat' dir='ltr'><strong>Scimus</strong></span> <span class='ocrx_word' id='word_1_831' title='bbox 2937 4621 3116 4666; x_wconf 89' lang='lat' dir='ltr'><strong>autem</strong></span> <span class='ocrx_word' id='word_1_832' title='bbox 3150 4617 3404 4683; x_wconf 88' lang='lat' dir='ltr'><strong>quoniam</strong></span> <span class='ocrx_word' id='word_1_833' title='bbox 3437 4629 3557 4686; x_wconf 89' lang='lat' dir='ltr'><strong>post</strong></span> <span class='ocrx_word' id='word_1_834' title='bbox 3583 4638 3666 4674; x_wconf 86' lang='lat' dir='ltr'><strong>rc-</strong></span> 
     </span>
    </p>
   </div>
   <div class='ocr_carea' id='block_1_109' title="bbox 2090 4697 3661 4776">
    <p class='ocr_par' dir='ltr' id='par_1_109' title="bbox 2090 4697 3661 4776">
     <span class='ocr_line' id='line_1_109' title="bbox 2090 4697 3661 4776; baseline 0.01 -26"><span class='ocrx_word' id='word_1_835' title='bbox 2090 4713 2252 4764; x_wconf 77' lang='lat' dir='ltr'><strong>gnum</strong></span> <span class='ocrx_word' id='word_1_836' title='bbox 2309 4697 2639 4762; x_wconf 69' lang='lat' dir='ltr'><strong>Graecorum,</strong></span> <span class='ocrx_word' id='word_1_837' title='bbox 2695 4699 2807 4753; x_wconf 86' lang='lat' dir='ltr'><strong>sive</strong></span> <span class='ocrx_word' id='word_1_838' title='bbox 2840 4700 3003 4756; x_wconf 86' lang='lat' dir='ltr'><strong>etiam</strong></span> <span class='ocrx_word' id='word_1_839' title='bbox 3033 4715 3154 4773; x_wconf 90' lang='lat' dir='ltr'><strong>post</strong></span> <span class='ocrx_word' id='word_1_840' title='bbox 3200 4722 3419 4776; x_wconf 85' lang='lat' dir='ltr'><strong>regnum</strong></span> <span class='ocrx_word' id='word_1_841' title='bbox 3454 4708 3661 4764; x_wconf 67' lang='lat' dir='ltr'><strong>Persa-</strong></span> 
     </span>
    </p>
   </div>
   <div class='ocr_carea' id='block_1_110' title="bbox 2090 4791 3660 4874">
    <p class='ocr_par' dir='ltr' id='par_1_110' title="bbox 2090 4791 3660 4874">
     <span class='ocr_line' id='line_1_110' title="bbox 2090 4791 3660 4874; baseline 0.009 -30"><span class='ocrx_word' id='word_1_842' title='bbox 2090 4808 2224 4852; x_wconf 85' lang='lat' dir='ltr'><strong>rum,</strong></span> <span class='ocrx_word' id='word_1_843' title='bbox 2263 4807 2327 4845; x_wconf 81' lang='lat' dir='ltr'><strong>ex</strong></span> <span class='ocrx_word' id='word_1_844' title='bbox 2361 4791 2554 4861; x_wconf 87' lang='lat' dir='ltr'><strong>quibus</strong></span> <span class='ocrx_word' id='word_1_845' title='bbox 2586 4793 2999 4863; x_wconf 88' lang='lat' dir='ltr'><strong>unumquodque</strong></span> <span class='ocrx_word' id='word_1_846' title='bbox 3042 4811 3139 4851; x_wconf 90' lang='lat' dir='ltr'><strong>suo</strong></span> <span class='ocrx_word' id='word_1_847' title='bbox 3190 4808 3426 4868; x_wconf 85' lang='lat' dir='ltr'><strong>tempore</strong></span> <span class='ocrx_word' id='word_1_848' title='bbox 3468 4819 3660 4874; x_wconf 77' lang='lat' dir='ltr'><strong>magna</strong></span> 
     </span>
    </p>
   </div>
   <div class='ocr_carea' id='block_1_111' title="bbox 2089 4883 3660 4952">
    <p class='ocr_par' dir='ltr' id='par_1_111' title="bbox 2089 4883 3660 4952">
     <span class='ocr_line' id='line_1_111' title="bbox 2089 4883 3660 4952; baseline 0.009 -18"><span class='ocrx_word' id='word_1_849' title='bbox 2089 4883 2256 4951; x_wconf 89' lang='lat' dir='ltr'><strong>gloria</strong></span> <span class='ocrx_word' id='word_1_850' title='bbox 2289 4883 2472 4952; x_wconf 81' lang='lat' dir='ltr'><strong>viguit,</strong></span> <span class='ocrx_word' id='word_1_851' title='bbox 2502 4889 2556 4934; x_wconf 87' lang='lat' dir='ltr'><strong>et</strong></span> <span class='ocrx_word' id='word_1_852' title='bbox 2583 4894 2774 4950; x_wconf 90' lang='lat' dir='ltr'><strong>magna</strong></span> <span class='ocrx_word' id='word_1_853' title='bbox 2814 4887 3054 4952; x_wconf 84' lang='lat' dir='ltr'><strong>potentia</strong></span> <span class='ocrx_word' id='word_1_854' title='bbox 3081 4886 3276 4950; x_wconf 82' lang='lat' dir='ltr'><strong>floruit,</strong></span> <span class='ocrx_word' id='word_1_855' title='bbox 3327 4892 3390 4945; x_wconf 87' lang='lat' dir='ltr'><strong>ad</strong></span> <span class='ocrx_word' id='word_1_856' title='bbox 3415 4893 3660 4948; x_wconf 84' lang='lat' dir='ltr'><strong>ultimum</strong></span> 
     </span>
    </p>
   </div>
   <div class='ocr_carea' id='block_1_112' title="bbox 2091 4977 3656 5050">
    <p class='ocr_par' dir='ltr' id='par_1_112' title="bbox 2091 4977 3656 5050">
     <span class='ocr_line' id='line_1_112' title="bbox 2091 4977 3656 5050; baseline 0.008 -28"><span class='ocrx_word' id='word_1_857' title='bbox 2091 4987 2302 5041; x_wconf 89' lang='lat' dir='ltr'><strong>quoque</strong></span> <span class='ocrx_word' id='word_1_858' title='bbox 2352 4981 2471 5041; x_wconf 83' lang='lat' dir='ltr'><strong>post</strong></span> <span class='ocrx_word' id='word_1_859' title='bbox 2525 4981 2719 5024; x_wconf 60' lang='lat' dir='ltr'><strong>caetera</strong></span> <span class='ocrx_word' id='word_1_860' title='bbox 2766 4987 2948 5041; x_wconf 88' lang='lat' dir='ltr'><strong>regna,</strong></span> <span class='ocrx_word' id='word_1_861' title='bbox 3005 4991 3239 5050; x_wconf 81' lang='lat' dir='ltr'><strong>regnum</strong></span> <span class='ocrx_word' id='word_1_862' title='bbox 3291 4977 3656 5034; x_wconf 82' lang='lat' dir='ltr'><strong>Romanorum</strong></span> 
     </span>
    </p>
   </div>
   <div class='ocr_carea' id='block_1_113' title="bbox 2091 5055 3657 5136">
    <p class='ocr_par' dir='ltr' id='par_1_113' title="bbox 2091 5055 3657 5136">
     <span class='ocr_line' id='line_1_113' title="bbox 2091 5055 3657 5136; baseline 0.005 -22"><span class='ocrx_word' id='word_1_863' title='bbox 2091 5063 2312 5131; x_wconf 73' lang='lat' dir='ltr'><strong>incmpit</strong></span> <span class='ocrx_word' id='word_1_864' title='bbox 2367 5055 2492 5132; x_wconf 72' lang='grc' dir='ltr'><strong>[Με.</strong></span> <span class='ocrx_word' id='word_1_865' title='bbox 2571 5060 2722 5130; x_wconf 78' lang='lat' dir='ltr'><strong>Reg.,</strong></span> <span class='ocrx_word' id='word_1_866' title='bbox 2774 5062 3038 5136; x_wconf 84' lang='lat' dir='ltr'><strong>incipiet].</strong></span> <span class='ocrx_word' id='word_1_867' title='bbox 3103 5068 3246 5136; x_wconf 88' lang='lat' dir='ltr'><strong>quod</strong></span> <span class='ocrx_word' id='word_1_868' title='bbox 3307 5066 3657 5123; x_wconf 82' lang='lat' dir='ltr'><strong>fortissimum</strong></span> 
     </span>
    </p>
   </div>
   <div class='ocr_carea' id='block_1_114' title="bbox 2091 5154 3655 5228">
    <p class='ocr_par' dir='ltr' id='par_1_114' title="bbox 2091 5154 3655 5228">
     <span class='ocr_line' id='line_1_114' title="bbox 2091 5154 3655 5228; baseline 0.004 -21"><span class='ocrx_word' id='word_1_869' title='bbox 2091 5154 2325 5207; x_wconf 89' lang='lat' dir='ltr'><strong>omnium</strong></span> <span class='ocrx_word' id='word_1_870' title='bbox 2371 5166 2655 5220; x_wconf 87' lang='lat' dir='ltr'><strong>regnorum</strong></span> <span class='ocrx_word' id='word_1_871' title='bbox 2689 5154 3024 5222; x_wconf 84' lang='lat' dir='ltr'><strong>superiorum</strong></span> <span class='ocrx_word' id='word_1_872' title='bbox 3066 5155 3162 5210; x_wconf 84' lang='lat' dir='ltr'><strong>fuit</strong></span> <span class='ocrx_word' id='word_1_873' title='bbox 3199 5154 3327 5227; x_wconf 60' lang='grc'><strong>[11³.</strong></span> <span class='ocrx_word' id='word_1_874' title='bbox 3359 5156 3482 5228; x_wconf 75' lang='lat' dir='ltr'><strong>Rrg.</strong></span> <span class='ocrx_word' id='word_1_875' title='bbox 3507 5161 3655 5226; x_wconf 69' lang='lat' dir='ltr'><strong>erit],</strong></span> 
     </span>
    </p>
   </div>
   <div class='ocr_carea' id='block_1_115' title="bbox 2091 5243 3655 5318">
    <p class='ocr_par' dir='ltr' id='par_1_115' title="bbox 2091 5243 3655 5318">
     <span class='ocr_line' id='line_1_115' title="bbox 2091 5243 3655 5318; baseline 0.003 -20"><span class='ocrx_word' id='word_1_876' title='bbox 2091 5254 2144 5298; x_wconf 81' lang='lat' dir='ltr'><strong>et</strong></span> <span class='ocrx_word' id='word_1_877' title='bbox 2184 5243 2362 5296; x_wconf 86' lang='lat' dir='ltr'><strong>omnia</strong></span> <span class='ocrx_word' id='word_1_878' title='bbox 2396 5257 2557 5311; x_wconf 84' lang='lat' dir='ltr'><strong>regna</strong></span> <span class='ocrx_word' id='word_1_879' title='bbox 2617 5244 2716 5297; x_wconf 85' lang='lat' dir='ltr'><strong>sub</strong></span> <span class='ocrx_word' id='word_1_880' title='bbox 2739 5244 3103 5300; x_wconf 88' lang='lat' dir='ltr'><strong>dominatione</strong></span> <span class='ocrx_word' id='word_1_881' title='bbox 3155 5261 3249 5299; x_wconf 83' lang='lat' dir='ltr'><strong>sua</strong></span> <span class='ocrx_word' id='word_1_882' title='bbox 3310 5247 3493 5300; x_wconf 83' lang='lat' dir='ltr'><strong>habuit</strong></span> <span class='ocrx_word' id='word_1_883' title='bbox 3540 5248 3655 5318; x_wconf 74' lang='grc' dir='ltr'><strong>ῘΙιί.</strong></span> 
     </span>
    </p>
   </div>
   <div class='ocr_carea' id='block_1_116' title="bbox 2164 5419 2607 5474">
    <p class='ocr_par' dir='ltr' id='par_1_116' title="bbox 2164 5419 2607 5474">
     <span class='ocr_line' id='line_1_116' title="bbox 2164 5419 2607 5474; baseline -0.005 0"><span class='ocrx_word' id='word_1_884' title='bbox 2164 5419 2188 5458; x_wconf 72' lang='grc' dir='ltr'>ἀ</span> <span class='ocrx_word' id='word_1_885' title='bbox 2226 5421 2302 5474; x_wconf 81' lang='lat' dir='ltr'><strong>Ex</strong></span> <span class='ocrx_word' id='word_1_886' title='bbox 2335 5420 2451 5473; x_wconf 89' lang='lat' dir='ltr'><strong>cod.</strong></span> <span class='ocrx_word' id='word_1_887' title='bbox 2486 5421 2607 5474; x_wconf 79' lang='lat' dir='ltr'><strong>Vat.</strong></span> 
     </span>
    </p>
   </div>
   <div class='ocr_carea' id='block_1_117' title="bbox 2170 5490 3192 5549">
    <p class='ocr_par' dir='ltr' id='par_1_117' title="bbox 2170 5490 3192 5549">
     <span class='ocr_line' id='line_1_117' title="bbox 2170 5490 3192 5549; baseline -0.001 -6"><span class='ocrx_word' id='word_1_888' title='bbox 2170 5501 2192 5526; x_wconf 67' lang='grc'><em>⁸</em></span> <span class='ocrx_word' id='word_1_889' title='bbox 2220 5490 2379 5543; x_wconf 55' lang='lat' dir='ltr'><strong>lineis</strong></span> <span class='ocrx_word' id='word_1_890' title='bbox 2403 5490 2602 5549; x_wconf 76' lang='lat' dir='ltr'><strong>inclusa</strong></span> <span class='ocrx_word' id='word_1_891' title='bbox 2625 5493 2799 5545; x_wconf 89' lang='lat' dir='ltr'><strong>omitt.</strong></span> <span class='ocrx_word' id='word_1_892' title='bbox 2836 5491 2886 5544; x_wconf 81' lang='lat' dir='ltr'><strong>ia</strong></span> <span class='ocrx_word' id='word_1_893' title='bbox 2921 5507 2982 5544; x_wconf 86' lang='lat' dir='ltr'><strong>co</strong></span> <span class='ocrx_word' id='word_1_894' title='bbox 3006 5493 3033 5544; x_wconf 75' lang='grc' dir='ltr'><strong>ξ.</strong></span> <span class='ocrx_word' id='word_1_895' title='bbox 3073 5491 3192 5546; x_wconf 71' lang='lat' dir='ltr'><strong>Vat.</strong></span> 
     </span>
    </p>
   </div>
   <div class='ocr_carea' id='block_1_118' title="bbox 2175 5559 2614 5614">
    <p class='ocr_par' dir='ltr' id='par_1_118' title="bbox 2175 5559 2614 5614">
     <span class='ocr_line' id='line_1_118' title="bbox 2175 5559 2614 5614; baseline -0.002 -2"><span class='ocrx_word' id='word_1_896' title='bbox 2175 5559 2191 5596; x_wconf 70' lang='grc' dir='ltr'><strong><em>ί</em></strong></span> <span class='ocrx_word' id='word_1_897' title='bbox 2227 5560 2299 5612; x_wconf 79' lang='lat' dir='ltr'><strong>Ex</strong></span> <span class='ocrx_word' id='word_1_898' title='bbox 2335 5562 2451 5614; x_wconf 83' lang='lat' dir='ltr'><strong>eod.</strong></span> <span class='ocrx_word' id='word_1_899' title='bbox 2495 5560 2614 5613; x_wconf 80' lang='lat' dir='ltr'><strong>Vat.</strong></span> 
     </span>
    </p>
   </div>
   <div class='ocr_carea' id='block_1_119' title="bbox 2169 5629 2795 5682">
    <p class='ocr_par' dir='ltr' id='par_1_119' title="bbox 2169 5629 2795 5682">
     <span class='ocr_line' id='line_1_119' title="bbox 2169 5629 2795 5682; baseline -0.002 0"><span class='ocrx_word' id='word_1_900' title='bbox 2169 5629 2193 5666; x_wconf 77' lang='grc'>⁸</span> <span class='ocrx_word' id='word_1_901' title='bbox 2215 5629 2410 5682; x_wconf 89' lang='lat' dir='ltr'><strong>Omiss.</strong></span> <span class='ocrx_word' id='word_1_902' title='bbox 2447 5630 2496 5682; x_wconf 91' lang='lat' dir='ltr'><strong>in</strong></span> <span class='ocrx_word' id='word_1_903' title='bbox 2522 5631 2638 5681; x_wconf 82' lang='lat' dir='ltr'><strong>cod.</strong></span> <span class='ocrx_word' id='word_1_904' title='bbox 2676 5630 2795 5682; x_wconf 72' lang='lat' dir='ltr'><strong>Vat.</strong></span> 
     </span>
    </p>
   </div>
   <div class='ocr_carea' id='block_1_120' title="bbox 2165 5697 2581 5771">
    <p class='ocr_par' dir='ltr' id='par_1_120' title="bbox 2165 5697 2581 5771">
     <span class='ocr_line' id='line_1_120' title="bbox 2165 5697 2581 5771; baseline 0 -19"><span class='ocrx_word' id='word_1_905' title='bbox 2165 5697 2188 5740; x_wconf 65' lang='grc'><strong><em>³</em></strong></span> <span class='ocrx_word' id='word_1_906' title='bbox 2218 5697 2290 5752; x_wconf 79' lang='lat' dir='ltr'><strong>Ex</strong></span> <span class='ocrx_word' id='word_1_907' title='bbox 2318 5698 2434 5771; x_wconf 79' lang='lat' dir='ltr'><strong>cod.</strong></span> <span class='ocrx_word' id='word_1_908' title='bbox 2465 5699 2581 5752; x_wconf 76' lang='lat' dir='ltr'><strong>Vat.</strong></span> 
     </span>
    </p>
   </div>
  </div>
