4232 6216
623 388 752 449 l§95

1426 382 1482 434 Β.
1527 382 1583 435 1⁷.
1628 379 1845 434 ΑωιΝι
1885 380 2012 435 SEU
2053 378 2323 434 LLCUlNl
2361 378 2640 434 OPERUM
2683 379 2860 434 PARS
2901 379 2988 432 iX.

3701 384 3721 436 ί
3733 385 3845 437 296

616 511 753 569 ερά..
789 502 1025 574 habebit]
1053 522 1064 556 :
1095 467 1280 554 omnes
1335 512 1541 566 quoque
1569 498 1878 567 populorum
1919 495 2162 550 nationes
2194 502 2237 556 Α
2265 493 2490 563 bylonite
2533 504 2708 562 natus,
2767 494 3098 549 Hierusalem
3152 495 3369 550 veniens
3400 495 3750 552 circumcide:
3781 515 3841 554 se

611 598 796 652 Roma:
838 594 1208 662 subjacabant,
1236 599 1291 644 et
1317 589 1617 645 serviebant
1653 588 1831 659 ei[ld.
1878 586 2018 650 cod.,
2061 585 2163 639 Ro—

612 688 785 740 manis
833 684 1183 752 subjacebunt
1207 688 1270 735 et
1287 680 1521 754 servient
1544 677 1645 750 eis]
1673 677 1771 731 sub
1796 677 2012 740 tributo.
2038 675 2165 728 Inde

610 795 738 848 ergo
788 778 918 831 dicit
969 773 1267 844 Apostolus,
1299 771 1690 826 Antichristum
1737 784 1842 822 non
1898 776 2056 820 antea
2109 766 2162 816 in

611 870 865 922 mundum
895 881 1015 920 esse
1057 873 1356 926 venturum,
1398 861 1496 914 nisi
1539 859 1730 912 venerit
1779 856 2021 910 discessio
2057 855 2166 923 pri-

611 977 772 1020 mum,
813 957 863 1011 id
894 965 995 1019 est.
1051 955 1151 1007 nisi
1172 953 1348 1006 omnia
1376 965 1533 1020 regna
1559 948 1738 1001 mundi
1771 945 2160 1001 discesserinta

613 1051 849 1102 Romano
881 1047 1124 1116 imperio.
1149 1043 1232 1097 cui
1263 1043 1410 1111 prius
1445 1040 1656 1094 subdita
1717 1046 1889 1091 erant.
1927 1035 2041 1090 Hoc
2069 1049 2163 1087 au-

611 1146 715 1191 tem
763 1147 968 1204 tempus
1023 1130 1253 1187 nondum
1324 1129 1490 1190 venit,
1541 1129 1663 1196 quia
1719 1126 1842 1181 licet
1889 1126 2161 1179 videamus

612 1230 968 1284 itomanorum
997 1238 1214 1292 regnum
1251 1221 1304 1273 in
1349 1219 1580 1273 maxima
1615 1226 1766 1287 parte
1801 1216 1912 1284 jam
1955 1216 2162 1269 destru-

608 1329 773 1377 ctum.
820 1328 991 1370 tamen
1032 1299 1263 1383 quandiu
1292 1326 1442 1380 reges
1465 1309 1795 1365 Francorum
1829 1307 2157 1369 duraverint.

608 1409 695 1475 qui
739 1385 1041 1460 Romanum~
1087 1401 1366 1470 imperium
1413 1410 1598 1452 tenere
1645 1399 1862 1460 debent,
1925 1398 2162 1465 dignitas

609 1499 830 1554 Romani
860 1492 1063 1563 imperii
1105 1507 1170 1546 ex
1224 1500 1336 1544 toto
1360 1505 1462 1543 nou
1511 1487 1726 1558 peribit,
1771 1487 1894 1555 quia
1923 1486 2082 1538 stabit
2107 1487 2159 1538 in

609 1587 819 1659 regibus
877 1586 1005 1639 suis.
1057 1581 1291 1636 Tradunt
1345 1593 1573 1647 namque
1619 1579 1865 1632 doctores
1932 1576 2100 1628 nostri
2131 1585 2156 1613 ι

608 1681 747 1748 quod
791 1693 928 1732 unus
971 1689 1036 1730 ex
1074 1673 1285 1743 regibus
1336 1671 1662 1724 Francorum
1714 1669 2007 1720 Romanum
2062 1666 2159 1718 int-

608 1771 809 1837 periuin
838 1783 902 1822 ex
931 1767 1138 1835 integro
1173 1762 1394 1824 tenebit,
1432 1761 1519 1828 qui
1565 1759 1618 1812 in
1672 1757 1964 1814 novissimo
2017 1764 2154 1809 tem-

2269 584 2448 639 dicens
2471 584 2668 640 Iudaeis
2697 605 2710 638 :
2741 585 2850 656 Ego
2877 601 2994 640 sum
3043 585 3291 640 Christus
3346 587 3496 640 vobis
3541 591 3836 658 repromis-

2264 691 2377 732 sus.
2420 677 2511 744 qui
2546 676 2610 729 ad
2645 677 2875 730 salutem
2905 689 3140 732 vestram
3184 675 3329 741 veni,
3358 685 3416 730 ut
3461 691 3576 741 vos,
3623 681 3712 747 qui
3754 681 3835 735 di-

2264 765 2432 830 spersi
2472 765 2623 828 estis,
2651 779 2967 835 congregem
2996 774 3050 840 et
3076 764 3376 818 defendam.
3425 766 3574 822 Tunc
3610 769 3675 821 ad
3701 784 3832 823 eum

2263 863 2576 907 concurrent
2610 852 2658 923 [ὃ
2706 868 2893 907 omnes
2931 852 3147 924 Judaei],
3193 862 3249 908 et
3275 855 3641 912 existimantes
3669 873 3829 913 sere-

2262 941 2438 1008 cipere
2477 941 2770 1006 Christum,
2817 943 3073 1013 recipient
3122 943 3389 998 diabolum
3436 956 3482 1004 ο,
3536 948 3829 1003 secundum

2264 1034 2404 1101 quod
2465 1034 2722 1089 Dominus
2750 1036 2802 1089 in
2838 1035 3125 1105 Evangelio
3168 1037 3242 1089 ait
3291 1035 3490 1091 Judteis
3527 1055 3539 1090 :
3572 1037 3688 1108 Ego
3713 1043 3831 1094 veni

2262 1126 2316 1177 in
2343 1127 2550 1178 nomine
2601 1124 2777 1179 Patris
2810 1126 2926 1188 mei,
2963 1137 3008 1178 et
3038 1142 3138 1178 non
3163 1127 3425 1196 recepistis
3453 1144 3564 1191 sne;
3615 1131 3659 1181 si
3687 1141 3826 1183 atrus

2262 1216 2454 1266 venerit
2505 1215 2557 1270 in
2601 1217 2803 1269 nomine
2853 1231 2967 1278 suo,
3025 1216 3161 1269 hunc
3215 1218 3472 1285 recipietis
3535 1220 3716 1287 (Joan.
3772 1237 3825 1283 v.

2265 1301 2376 1370 ts).

2334 1393 2484 1448 Sicut
2528 1394 2578 1447 in
2627 1395 2885 1465 sibyllinis
2937 1395 3183 1451 versibus
3232 1398 3512 1460 habemus,
3579 1409 3827 1471 tempore

2261 1483 2499 1550 prtedicti
2547 1486 2706 1554 regis,
2768 1484 2920 1553 cujus
2975 1501 3169 1540 nomen
3214 1487 3318 1540 erit
3345 1487 3406 1541 C.
3436 1504 3525 1542 rex
3553 1489 3824 1543 Romano-

2263 1593 2378 1631 rum
2421 1578 2583 1632 totius
2622 1580 2851 1648 imperii,
2899 1588 3104 1634 statura
3143 1562 3380 1650 grandis,
3415 1591 3630 1650 aspectu
3668 1585 3826 1638 deco—

2263 1683 2373 1731 rus,
2420 1667 2578 1738 530
2616 1670 2762 1722 vultu
2795 1669 3125 1739 splendidus,
3170 1679 3223 1725 et
3266 1686 3361 1741 per
3407 1673 3609 1741 singula
3658 1688 3824 1727 mem-

2260 1757 2474 1812 brorum
2507 1759 2825 1815 lineamenta
2861 1761 3187 1828 compositus
3226 1762 3500 1825 decenter,
3536 1773 3694 1816 erunt
3737 1763 3821 1816 di—

606 1874 734 1929 pore
779 1858 920 1918 erit;
963 1865 1016 1908 et
1062 1854 1173 1923 ipse
1225 1854 1326 1907 erit
1373 1852 1637 1905 maximus
1682 1847 1919 1902 omnium
1972 1861 2155 1916 regum
2194 1837 2233 1893 Β
2261 1849 2401 1902 vitia:
2440 1865 2663 1918 magnae,
2721 1859 2772 1905 et
2805 1859 2947 1904 terra
2978 1852 3122 1904 dabit
3162 1850 3394 1906 fructum
3423 1867 3598 1916 suum,
3657 1853 3729 1907 ita
3760 1863 3822 1906 ut

606 1959 658 1999 et
719 1947 954 2008 ultimus,
1001 1944 1091 2014 qui
1139 1952 1418 2012 postquam
1461 1954 1681 2008 regnum
1734 1953 1885 1990 suum
1928 1934 2157 1990 fideliter

607 2037 756 2107 [Cod.
793 2035 924 2095 Vat.,
951 2030 1198 2102 feliciter]
1226 2030 1616 2100 gubernaverit,
1665 2027 1731 2081 ad
1754 2027 1998 2080 ultimum
2029 2025 2154 2079 Hie-

608 2125 922 2195 rosolymam
972 2121 1165 2183 veniet,
1219 2127 1272 2171 et
1321 2118 1374 2170 in
1425 2125 1608 2170 monte
1649 2115 1838 2170 Oliveti
1888 2123 2155 2183 sceptrum

605 2225 656 2267 et
700 2229 950 2268 coronam
1008 2225 1157 2265 suam
1210 2210 1455 2277 deponet.
1493 2206 1588 2261 Hic
1638 2207 1741 2260 erit
1781 2204 1900 2259 iinis
1938 2213 1993 2258 et
2023 2220 2156 2259 eon-

605 2302 888 2356 summatio
944 2300 1306 2353 Romanorum
1347 2303 1401 2349 et
1449 2295 1873 2349 Christianorum
1921 2294 2151 2360 imperii,

603 2393 891 2450 secundum
924 2389 1225 2458 przediclam
1279 2385 1514 2454 Apostoli
1539 2386 1851 2439 sententiam
1880 2384 2154 2437 Antichri—

605 2494 742 2537 stum
793 2485 974 2537 dicunt
1024 2496 1143 2534 mox
1191 2478 1518 2539 adiuturum,
1569 2486 1623 2529 et
1669 2484 1794 2530 tunc
1849 2474 2154 2528 revelabitur

604 2577 690 2628 ille
752 2576 902 2626 homo
930 2572 1145 2641 peccati,
1199 2569 1557 2623 Antichristus
1604 2569 1871 2629 videlicet,
1917 2567 2006 2635 qui
2031 2567 2155 2619 licet

604 2666 762 2722 homo
786 2663 881 2728 sit,
933 2661 1051 2716 fons
1100 2670 1277 2713 tamen
1309 2660 1416 2713 erit
1473 2644 1711 2711 omnium
1764 2665 2149 2726 peccatorum:

602 2764 655 2807 et
681 2754 820 2822 [ilius
873 2753 1191 2820 perditionis,
1247 2752 1346 2804 hoc
1404 2761 1506 2812 est,
1563 2749 1702 2802 filius
1744 2749 1938 2802 diaboli
1966 2747 2018 2821 [ιι
2050 2763 2152 2802 non

601 2862 695 2914 per
729 2830 991 2905 naturam,
1033 2844 1124 2897 sed
1164 2858 1258 2911 per
1285 2839 1677 2912 imitationem].
1705 2840 1831 2911 quia
1853 2854 1952 2907 per
1975 2840 2157 2893 omnia

600 2936 910 3005 :sdimplebit
943 2935 1134 2989 diaboli
1173 2934 1527 2995 voluntatem;
1588 2932 1711 3000 quia
1743 2930 2019 2998 plenitudo
2045 2930 2156 2983 dia-

603 3025 787 3078 bolicae
834 3023 1112 3092 potcSIatis
1168 3032 1224 3075 et
1266 3023 1427 3074 totius
1478 3019 1730 3073 malitiosi
1774 3019 1969 3085 ingenii
2008 3019 2058 3075 in
2091 3034 2159 3073 eo

607 3117 868 3170 habitabit
921 3112 1025 3185 [ΑΙ.
1088 3113 1209 3166 add.
1268 3109 1684 3182 corporaliter]:
1724 3111 1775 3163 in
1839 3124 1945 3176 quo
1995 3117 2152 3162 erunt

605 3220 788 3260 omnes
839 3204 1075 3259 thesauri
1120 3203 1333 3256 malitiae
1374 3209 1426 3256 et
1474 3201 1766 3269 iniquitatis
1825 3198 2143 3254 absconditi.

603 3299 708 3362 Qui
760 3297 1080 3357 adversatur,
1126 3295 1177 3348 id
1207 3301 1308 3357 est,
1361 3292 1661 3347 contrarius
1685 3302 1769 3346 est
1794 3291 2010 3346 Christo
2042 3292 2152 3345 Deo

602 3398 655 3441 et
688 3387 932 3440 omnibus
966 3384 1218 3438 membris
1251 3381 1381 3450 ejus.
1410 3380 1478 3434 Et
1516 3382 1798 3445 extollitur,
1820 3380 1873 3435 id
1910 3389 2015 3443 est,
2041 3383 2149 3434 eri-

599 3478 743 3546 gitur
764 3475 815 3528 in
858 3475 1177 3543 superbiam,
1205 3489 1362 3541 supra
1388 3488 1536 3526 omne
1571 3471 1708 3541 quod
1756 3472 1947 3523 dicitur
1993 3470 2148 3532 Deus,

603 3566 761 3618 idest
788 3563 834 3636 [ο
889 3577 1047 3632 supra
1084 3577 1269 3617 omnes
1303 3573 1537 3625 sanctos,
1564 3562 1653 3630 qui
1687 3561 1978 3614 secundum
2001 3559 2151 3613 Psal-

607 3657 817 3708 mistam
855 3655 923 3707 dii
977 3654 1274 3706 dicuntur:
1326 3652 1436 3721 Ego
1466 3653 1601 3713 dixi,
1655 3652 1730 3704 dii
1782 3653 1902 3705 estis
1976 3650 2160 3720 (Psal..

605 3761 785 3808 I.X\Xl,
809 3745 882 3815 6).
933 3743 1044 3814 Vel]
1077 3759 1234 3812 supra
1275 3759 1460 3798 omnes
1488 3744 1617 3798 deos
1660 3745 1914 3812 gentium,
1952 3743 2151 3799 Hercu-

605 3835 707 3887 lem
749 3835 1010 3894 videlicet.
1062 3834 1378 3904 Apollinem,
1411 3834 1617 3898 Jovem,
1649 3835 1991 3899 Mercurium,
2018 3851 2150 3903 quos

606 3925 794 3993 pagani
842 3925 968 3977 deos
1018 3939 1136 3977 esse
1180 3924 1504 3976 existimant.
1558 3923 1730 3992 Super
1781 3938 1968 3977 omnes
2022 3925 2154 3977 istos

607 4015 737 4064 deos
753 4010 1036 4064 extolletur
1063 4009 1442 4071 Antichristus,
1473 4010 1595 4076 quia
1629 4010 1882 4078 majorem
1896 4009 2154 4065 etfortio—

608 4119 718 4155 rem
737 4115 794 4155 se
814 4101 1058 4154 omnibus
1083 4100 1242 4154 faciet
1269 4118 1281 4152 :
1311 4109 1364 4153 et
1397 4114 1497 4153 non
1535 4099 1704 4152 solum
1733 4114 1892 4168 super
1914 4101 2033 4164 hos,
2059 4103 2151 4156 sed

608 4193 767 4243 etiam
789 4207 945 4257 supra
972 4205 1118 4242 omne
1145 4188 1282 4258 quod
1299 4188 1503 4250 colitur,
1524 4188 1572 4242 id
1598 4196 1699 4250 est,
1731 4205 1888 4258 supra
1910 4199 2150 4245 sanctam

615 4282 946 4342 Trinitatem,
993 4295 1110 4347 qute
1155 4277 1264 4331 sola
1317 4279 1531 4332 colenda
1566 4287 1620 4330 et
1649 4279 1915 4332 adoranda
1948 4289 2052 4345 est,
2094 4291 2152 4335 ut

617 4372 831 4424 llreator
870 4372 937 4422 ab
976 4371 1119 4422 omni
1181 4379 1428 4422 creatura
1481 4385 1594 4423 sua.
1634 4371 1706 4423 Ita
1744 4385 1801 4424 se
1828 4372 2069 4446 extollet,
2096 4383 2150 4424 ut

2257 1942 2420 1996 tritici
2458 1943 2666 1996 RIOlliUS
2690 1944 2905 1995 denario
2936 1958 3040 1996 uno
3083 1941 3434 2006 venundctur,
3485 1944 3594 1996 vini
3631 1955 3684 1998 et
3711 1944 3815 1998 olei

2254 2032 2516 2086 similiter.
2569 2032 2717 2087 Tunc
2747 2041 3035 2102 exsurgent
3065 2033 3134 2086 ab
3177 2031 3437 2102 Aquilone
3463 2034 3820 2102 spurcissimae

2253 2129 2456 2190 gentes,
2507 2137 2641 2190 quas
2667 2121 2966 2176 Alexander
2994 2137 3084 2176 rex
3112 2122 3328 2176 inclusit
3353 2124 3406 2177 in
3434 2122 3582 2177 Goch
3607 2131 3662 2178 et
3705 2123 3819 2177 Ma-

2253 2212 2405 2280 goch.
2458 2210 2581 2266 Haec
2605 2219 2728 2265 sunt
2758 2212 2941 2281 viginti
2999 2213 3101 2266 duo
3143 2212 3270 2284 [Mm
3313 2213 3466 2282 Reg.,
3512 2213 3819 2285 duodecim]

2254 2314 2437 2367 regna,
2483 2313 2710 2367 quorum
2759 2314 3011 2353 numerus
3069 2309 3151 2354 est
3213 2301 3352 2354 sicut
3402 2317 3567 2355 arena
3627 2306 3816 2358 maris.

2253 2387 2402 2452 Quod
2418 2403 2541 2442 cum
2563 2388 2793 2442 audierit
2818 2389 3180 2443 Romanorum
3212 2405 3326 2452 rex.
3351 2401 3646 2445 convocate
3663 2409 3819 2448 exer-

2253 2485 2360 2531 crtu
2429 2477 2716 2532 debellabit
2781 2495 2897 2542 eos,
2946 2489 2998 2534 et
3051 2483 3356 2551 prosternet
3399 2499 3492 2537 eos
3536 2497 3705 2554 usque
3753 2486 3824 2540 ad

2254 2568 2694 2623 internecionem.
2730 2569 2831 2625 Hie
2849 2585 3062 2638 semper
3093 2573 3314 2626 habebit
3338 2588 3446 2641 pra:
3474 2576 3645 2629 omnis
3671 2574 3822 2630 Scri-

2252 2669 2461 2724 pturam
2509 2659 2578 2712 ita
2620 2662 2882 2715 dicentem
2915 2678 2931 2712 :
2963 2661 3074 2715 Rex
3121 2661 3480 2718 Romanorum
3513 2681 3674 2721 omne
3716 2668 3825 2734 sibi

2253 2748 2489 2802 vindicet
2525 2764 2745 2818 regnum
2778 2757 3064 2804 terrarum.
3111 2753 3309 2806 Omnes
3360 2768 3490 2824 ergo
3539 2755 3743 2810 insulas
3767 2764 3824 2812 et

2255 2838 2499 2894 civitates
2545 2840 2858 2906 devastabit,
2910 2851 2964 2896 et
2999 2844 3245 2898 universa
3300 2844 3559 2900 idolorum
3613 2849 3812 2917 templa

2255 2930 2508 2992 destruet,
2553 2941 2606 2985 et
2629 2926 2815 2987 omnes
2839 2948 3076 3004 paganos
3103 2936 3170 2988 ad
3199 2935 3521 3003 baptismum
3546 2953 3812 2996 convoca-

2254 3023 2354 3085 bit,
2405 3031 2459 3075 et
2479 3037 2579 3091 per
2631 3024 2809 3077 omnia
2865 3017 3067 3093 templa
3107 3041 3239 3079 crux
3284 3025 3482 3080 Christi
3532 3029 3812 3100 erigetur:

2254 3111 2418 3166 Judaei
2471 3115 2632 3166 etiam
2677 3123 2801 3168 tunc
2835 3123 3215 3170 convertentur
3265 3117 3331 3171 ad
3378 3117 3682 3174 Dominum.
3744 3120 3814 3176 In

2254 3202 2431 3255 diebus
2468 3201 2570 3256 illis
2601 3203 2884 3257 salvnbitur
2925 3203 3091 3269 Iuda,
3123 3216 3173 3259 et
3212 3207 3378 3261 Israel
3408 3211 3658 3265 habitabit
3680 3229 3806 3266 con-

2251 3290 2472 3356 ﬁdenter
2527 3289 2738 3360 (Jerem.
2801 3309 2959 3356 xxnt,
3003 3293 3111 3364 16).
3170 3295 3404 3364 lmpletis
3459 3305 3636 3352 autem
3686 3315 3813 3354 cen-

2254 3393 2365 3435 tum
2419 3382 2696 3436 duodecim
2745 3381 2868 3454 [Ms.
2913 3383 3060 3454 Reg.,
3099 3386 3399 3449 duodecim,
3435 3405 3539 3440 om.
3568 3388 3838 3462 centum].

2252 3469 2398 3537 regni
2429 3470 2545 3538 ejus
2566 3471 2720 3526 annis
2744 3473 2918 3526 veniet
2949 3473 3279 3528 Hierusalem
3321 3485 3376 3530 et
3397 3476 3491 3540 ibi,
3518 3483 3579 3531 ut
3608 3478 3811 3533 dictum

2252 3568 2352 3619 est,
2384 3559 2624 3627 deposito
2655 3561 2950 3616 diademate
2974 3561 3240 3631 relinquet
3267 3564 3376 3618 Deo
3415 3564 3559 3620 Patri
3577 3576 3632 3621 et
3675 3565 3815 3622 Filio

2252 3647 2366 3715 ejus
2394 3646 2609 3701 Christo
2662 3648 2786 3703 Jesu
2841 3665 3059 3720 regnum
3110 3652 3556 3719 Christianorum,
3591 3664 3647 3711 et
3699 3656 3801 3712 erit

2252 3737 2549 3806 sepulcrum
2573 3738 2637 3808 ejt
2665 3757 2685 3792 s
2713 3739 3021 3808 gloriosum.

2322 3848 2469 3902 Tunc
2497 3849 2775 3904 mittentur
2808 3851 2861 3904 in
2885 3853 3141 3907 mundum
3164 3853 3267 3908 duo
3295 3855 3470 3924 magni
3511 3857 3810 3926 propheta,

2253 3938 2395 3992 Elias
2419 3947 2473 3992 et
2505 3938 2706 4003 Enoch,
2742 3940 2829 4008 qui
2853 3949 3035 3995 contra
3061 3943 3318 4012 impetum
3340 3944 3651 4001 Antichristi
3681 3946 3810 4003 iide-

2252 4026 2328 4080 les
2358 4026 2548 4081 divinis
2583 4030 2745 4082 armis
2774 4032 3149 4098 prtemunient,
3195 4043 3248 4089 et
3303 4035 3705 4104 instruenteos.
3753 4049 3811 4095 et

2254 4114 2645 4180 confortabunt,
2674 4126 2725 4171 et
2756 4120 3126 4188 pra-parabunt
3152 4120 3202 4194 [ί
3240 4122 3460 4198 electos]
3485 4124 3549 4178 ad
3585 4125 3802 4183 bellum.

2258 4209 2283 4246 ε
2311 4207 2459 4260 Tunc
2511 4207 2814 4287 implebitur
2852 4208 3129 4279 Scriptura
3161 4209 3300 4285 qua:
3335 4214 3468 4270 dicit
3496 4237 3511 4270 ι
3537 4214 3600 4270 Si
3645 4217 3810 4288 fuerit

2255 4311 2494 4350 numerus
2524 4295 2754 4364 ﬁliorum
2782 4297 2950 4352 Israel
2981 4301 3119 4354 sicut
3152 4315 3311 4355 arena
3357 4305 3541 4370 maris,
3577 4305 3809 4376 reliquia

2253 4385 2411 4438 salute
2429 4384 2554 4452 ﬁent
2593 4383 2766 4454 (Rom.
2800 4401 2874 4450 Ix,
2933 4387 3046 4457 27).

565 4493 570 4496 -
611 4466 661 4513 in
715 4460 897 4529 templo
945 4459 1036 4511 Dei
1094 4459 1302 4520 sedeat;
1333 4459 1602 4512 ostendens
1646 4476 1722 4520 se,
1776 4470 2023 4529 tanquam
2083 4462 2148 4513 sit

2322 4474 2605 4542 Postquam
2631 4489 2760 4528 vero
2788 4476 3122 4546 impleverint
3159 4481 3588 4551 pradicationem
3630 4499 3808 4549 suam,

553 4574 571 4583 -
617 4551 767 4604 Deus.
827 4549 954 4601 Nam
990 4548 1127 4604 sicut
1177 4562 1334 4616 supra
1366 4547 1615 4611 diximus,
1679 4549 1731 4601 in
1784 4549 2000 4602 civitate
2055 4549 2154 4602 Ba-

686 4695 710 4719 ι
751 4680 900 4732 lianc
949 4680 1279 4750 prophetiam
1323 4679 1578 4735 famosam
1637 4683 1848 4750 quidem
1897 4694 1952 4737 at
2001 4687 2155 4740 simul

617 4750 892 4815 insipidam
932 4759 1083 4799 vocat
1110 4748 1168 4798 1).
1219 4749 1390 4801 iiivet.
1421 4750 1555 4802 Hist.
1605 4748 1683 4803 iit.
1733 4752 1990 4816 Francite,
2024 4765 2151 4810 tom.

623 4819 698 4878 γι,
748 4833 863 4889 pag.
916 4818 1128 4889 ιδεμ).
1180 4817 1227 4870 le
1277 4816 1428 4889 Beuf,
1487 4816 1691 4889 πρε-αεὶ(
1735 4821 1800 4872 de
1825 4824 1927 4874 div.
1979 4828 2151 4889 (ξενίη,

625 4833 698 4878 \t,
748 4833 863 4937 pag.
916 4833 1037 4880 4w,
1070 4833 1128 4869 υ.
1180 4833 1227 4870 te
1279 4833 1428 4879 neut,
1487 4833 1690 4870 necum
1735 4833 1800 4872 de
1825 4833 1927 4874 diu.
1979 4833 2150 4889 c’crits,

617 4897 744 4938 tum.
798 4886 816 4960 |_
842 4925 858 4945 ,
888 4902 1023 4960 pag.
1049 4887 1140 4960 il,
1173 4896 1305 4947 not.,
1334 4886 1613 4960 observay
1641 4888 1784 4960 illam
1809 4892 2063 4960 _non_legi
2099 4897 2150 4947 iu

613 4955 902 5077 Exemplari
951 4957 1091 5022 quod
1136 4967 1382 5010 servatur
1428 4955 1480 5011 in
1531 4957 1744 5011 abbatia
1803 4956 1858 5012 S.
1920 4955 2149 5016 Vicioris

660 5039 849 5077 ausus.

660 5039 849 5077 'JI'ISIIS.

691 5099 714 5131 ι’
765 5094 948 5146 Oiuitt.
980 5094 1031 5145 in
1053 5099 1186 5160 Aug.

686 5173 706 5199 '
749 5164 913 5216 Omitt
941 5165 992 5215 in
1020 5162 1138 5215 cod.
1172 5161 1285 5215 Vat.

686 5231 710 5267 ιι
749 5231 823 5301 ξι
853 5233 970 5286 cod.
1004 5231 1132 5301 Reg.
1165 5239 1219 5301 et
1234 5232 1366 5301 Aug.

691 5313 712 5336 τ
757 5297 1342 5373 Recipient‘di'abolunt.‘
1369 5300 1424 5354 in
1448 5302 1716 5373 rod.AVat.
1744 5313 1798 5356 et
1816 5306 1952 5373 apud
1981 5305 2156 5360 Raba-

619 5370 862 5441 iiumita
886 5369 1155 5441 pergitur:
1195 5388 1214 5441 ᾳ
1243 5369 1366 5423 Sive
1390 5371 1549 5441 etiam
1575 5371 1627 5422 in
1661 5369 1867 5441 templo
1887 5374 1975 5428 Dei
2001 5375 2149 5429 sede-
2181 5403 2202 5412 νυ

621 5439 696 5489 bit
743 5438 1124 5500 Antichristus,
1155 5440 1209 5492 id
1268 5447 1366 5498 est.
1416 5439 1468 5492 in
1510 5448 1692 5493 sancta
1731 5438 1985 5506 Ecclesia,
2038 5446 2153 5496 om-

621 5520 714 5577 nes
749 5507 1319 5577 Christianoscupiens
1351 5508 1527 5562 facere
1555 5520 1844 5577 martyres;
1881 5523 1932 5565 et
1977 5512 2152 5567 eleva-

624 5575 764 5648 hitur
809 5585 865 5629 et
893 5574 1359 5648 ‘magniiicabitur,
1403 5587 1455 5630 et
1480 5578 1534 5631 in
1565 5579 1679 5646 ipso
1696 5574 1808 5631 erit
1834 5589 1991 5648 caput
2042 5598 2165 5642 oms

622 5645 765 5715 nium
803 5644 1058 5715 malorum
1093 5645 1348 5708 diabolus,
1381 5647 1468 5714 qui
1511 5644 1596 5701 est
1627 5662 1718 5700 rex
1757 5644 1918 5715 super
1967 5663 2151 5703 omnes

625 5711 759 5766 tilias
811 5711 1070 5781 superbia:
1109 5733 1121 5766 :
1157 5715 1247 5767 sed
1285 5730 1350 5768 ne
1378 5711 1552 5769 subito
1590 5727 1650 5787 et.
1675 5711 1956 5783 improsise
2004 5720 2149 5772 Anti-

2256 4565 2488 4630 insurget
2522 4562 2880 4619 Antichristus
2909 4567 2962 4619 in
2996 4581 3108 4631 eos,
3156 4575 3213 4622 et
3255 4569 3542 4625 interficiet
3569 4571 3620 4638 ιι,
3669 4573 3810 4631 sicut

2257 4695 2488 4749 christns
2534 4695 2737 4773 veniat,
2770 4694 2825 4773 et
2883 4704 3048 4749 totum
3089 4699 3246 4773 simul
3298 4699 3591 4773 humanum
3633 4718 3807 4773 genus

2257 4779 2351 4838 suo
2405 4780 2587 4838 errore
2628 4764 2852 4838 decipiat
2893 4774 2948 4838 et
2983 4768 3189 4833 perdat,
3219 4777 3342 4822 ante
3389 4769 3506 4837 ejus
3542 4764 3804 4838 exortum

2256 4832 2553 4904 dno_r_nagni
2588 4833 2856 4904 prophettc
2881 4832 3156 4904 mittentur
3176 4832 3237 4889 in
3260 4832 3544 4904 mundum,
3566 4860 3585 4891 ι
3619 4832 3803 4896 Enoch

2253 4912 2307 4952 et
2349 4901 2531 4981 E]ias,_
2557 4901 2721 4981 etc";
2742 4911 2801 4954 ut
2845 4902 3005 4966 infra,
3047 4907 3261 4960 omissis
3280 4908 3404 4974 quae
3432 4919 3499 4962 ex
3521 4901 3804 4981 'sibyliinis

2250 4969 2491 5022 versibus
2519 4971 2604 5026 hic
2645 4971 2960 5024 aiieruntur.

2325 5038 2342 5073 ί
2377 5038 2459 5108 ᾉΕι
2486 5038 2642 5108 (Ξοδ.Δ
2671 5037 2784 5092 Vat.
3080 5105 3082 5108 _
3577 5037 3581 5039 Ἴ
3615 5067 3621 5073 -

2322 5108 2346 5143 ⁸
2377 5106 2431 5159 in
2483 5110 2597 5161 cod.
2625 5106 2744 5161 Vat.
2768 5115 2822 5160 et
2848 5108 2980 5172 Aug.
3035 5105 3148 5166 ha‘c
3171 5113 3474 5170 inseruntur
3503 5132 3516 5169 :
3548 5135 3566 5166 ι
3599 5105 3806 5172 ῡοοεηὲ

2251 5184 2330 5227 tes
2376 5185 2430 5229 et
2455 5178 2805 5245 prtedi‘cantes
2858 5178 3030 5232 tribus
3082 5183 3235 5235 annis
3276 5194 3330 5236 et
3364 5184 3622 5245 dimidio:
3665 5183 3804 5241 ﬁlios

2251 5252 2424 5322 autem
2451 5246 2635 5308 lsrael,
2660 5247 2975 5322 quicunque
2991 5249 3054 5302 .in
3082 5259 3316 5322 tempore
3339 5251 3538 5322 fuerint
3576 5255 3806 5319 inventi,
3841 5254 3845 5258 ’

2254 5313 2306 5394 lli
2345 5314 2450 5367 duo
2499 5315 2672 5382 "1381“
2728 5313 2997 5394 propheta:
3039 5327 3094 5374 et
3135 5313 3382 5375 doctores
3411 5323 3482 5394 ad
3510 5321 3636 5394 fidei,
3664 5313 3794 5394 ﬁgi-3;

2253 5381 2380 5434 tiam
2431 5381 2761 5454 comet-teut,
2807 5381 2862 5437 et
2906 5402 2934 5438 a
2996 5402 3245 5454 pressura
3293 5391 3424 5444 tanti
3479 5381 3710 5450 turbini;
3744 5393 3802 5448 in

2250 5459 2400 5571 parte
2423 5452 2712 5533 electorum
2739 5452 3117 5522 insuperabiies
3147 5458 3386 5513 reddent.
3435 5459 3584 5517 Tunc
3610 5462 3800 5532 imple-

2291 5528 2395 5571 itur
2423 5520 2695 5571 Scnntura
2741 5542 2786 5571 ι.
2837 5537 2940 5571 etc.
3388 5542 3392 5544 ἡ

2291 5520 2695 5590 ἰιυιχδεῆρῑυη
2741 5542 2756 5572 ι
2773 5562 2786 5584 ,
2814 5520 2940 5590 etc.
3388 5542 3392 5544 ‘

2290 5587 2513 5668 δρῶ.
2543 5587 2724 5668 ’γαίη-ε
2755 5608 2774 5640 ο
2807 5589 3088 5668 Postquam
3132 5609 3260 5664 ergo
3302 5610 3398 5665 per
3427 5607 3534 5654 tres
3561 5615 3728 5655 annos
3747 5612 3804 5655 et

2252 5655 2521 5734 dimidium
2552 5655 2977 5734 praedicationem
3003 5679 3153 5734 suam
3184 5655 3548 5734 compleverit,
3575 5685 3694 5723 mox
3722 5671 3802 5723 in-

2250 5727 2407 5795 cipiet
2436 5730 2820 5782 excandescere
2863 5731 3172 5784 Antichristi
3217 5727 3542 5804 persecutio,
3589 5749 3642 5795 et
3671 5753 3804 5792 con--
