4232 6272
489 258 616 314 1301

1516 230 1676 311 ore}
1705 253 2100 313 SUPPOSITA.
2146 291 2212 299 .-
2253 260 2553 317 ιιοιιιιῌί
2597 265 2680 316 tr.

2549 40 2801 48 —————__

2400 149 2410 174 ἱ

3595 274 3724 329 liii)?

484 385 592 426 tam
618 373 882 442 praecelsa:
920 381 1133 439 tamque
1166 370 1411 440 gloriosae
1448 371 1680 438 virginis
1722 373 2056 426 nativitatem
2087 378 2135 431 Λ
2163 372 2302 426 lanio
2350 373 2678 428 :Exsultarir
2726 387 2776 428 ut
2825 380 2970 446 gigas
3023 395 3086 431 rm
3142 382 3448 433 currendum
3498 362 3650 444 rium,
3693 401 3723 435 α

483 465 833 523 celebrantes,
865 461 978 530 ejus
1000 462 1356 532 patrocinium
1386 462 1572 516 sedulo
1610 458 2054 531 corde-implore-

484 572 633 618 mus;
661 555 812 625 cujus
843 555 1102 608 Dominus
1129 552 1419 621 respiciens
1445 568 1566 606 cum
1598 568 1719 606 vera
1743 551 2054 622 virginitate

481 639 842 700 vcra‘metiam
866 642 1326 702 humilitatem,ab
1364 641 1553 711 angelo
1586 641 1866 694 nuntiante
1903 641 2076 694 salu-4

480 747 595 790 tare
616 734 710 808 [Ρ.
740 775 754 798 ,
777 733 1039 803 salutatzel
1061 733 1280 802 detegit,
1312 739 1372 785 ιιι
1401 733 1706 799 conciperet
1731 731 1843 799 ipsa
1867 744 2050 784 aucto-

477 838 594 880 rem
619 826 908 887 castitatis,
935 833 1230 878 amatorem
1270 823 1618 891 virginitatis,
1667 822 1898 876 amicum
1948 822 2048 876 hu-

477 916 742 978 militatis,
781 915 1116 970 Salvatorem
1159 915 1366 979 mnmli,
1417 915 1506 983 qui
1551 923 1684 969 ante
1728 914 2048 984 principium

476 1005 817 1062 ineifahiliter
841 1008 907 1061 ab
928 1010 1043 1076 ipso
1065 1007 1175 1062 Deo
1215 1007 1372 1061 Patre
1405 1005 1750 1075 genituscst.
1796 1003 1938 1068 lbec,
1971 1006 2049 1058 in-

476 1114 660 1168 quam,
684 1099 945 1166 speciosa,
969 1113 998 1151 a
1022 1097 1247 1152 Domino
1272 1098 1460 1161 electa,
1486 1097 1532 1151 si
1559 1096 1652 1165 pio.
1668 1094 1831 1152 corde
1851 1097 2024 1151 sancti

475 1193 603 1245 tatis
637 1188 979 1258 conspexerit
1029 1202 1126 1242 nos
1155 1203 1308 1242 suum
1341 1196 1587 1242 exortum
1631 1186 1944 1244 celebrare:
1974 1187 2046 1240 ita

472 1279 734 1352 profecto,
753 1287 811 1332 ut
826 1277 1064 1348 parvitas
1107 1276 1386 1349 [pravitas]
1423 1277 1808 1332 conscientiam
1829 1277 2048 1332 delicto-

473 1384 594 1424 rum
617 1385 723 1424 non
749 1378 982 1434 accuset,
1008 1369 1332 1424 credendum
1354 1375 1408 1423 et
1429 1367 1776 1436 sperandum,
1796 1368 1922 1436 quia
1939 1385 2043 1422 non

475 1463 692 1526 abnuet,
720 1462 847 1532 quin
873 1477 970 1529 pro
995 1460 1150 1515 nobis
1173 1458 1237 1514 ad
1277 1459 1558 1512 Dominum
1595 1458 1764 1512 Deum
1799 1467 2043 1512 nostrum

475 1553 810 1607 intercedere
846 1552 1131 1621 dignetur:
1156 1547 1416 1618 cujusque
1449 1549 1785 1603 nativitatem
1818 1547 2040 1602 solemni

472 1643 812 1697 celebramus
836 1633 1114 1710 obsequio,
1154 1638 1388 1706 ejusdem
1413 1646 1680 1708 perpetua:
1705 1638 1927 1707 virginis
1949 1651 2040 1690 ve-

2157 477 2358 516 summo
2380 463 2502 517 calo
2525 467 2746 533 egressio
2771 466 2883 531 ejus
2911 465 3078 533 (l’sal.
3113 485 3242 523 xvii.
3273 468 3345 533 6).
3391 469 3511 522 ﬂare
3537 471 3723 524 innna-~

2153 551 2325 605 culata
2352 554 2515 616 coitu,
2540 555 2761 607 fecunda
2794 566 2968 623 partu,
2990 551 3136 625 virgo
3165 561 3570 614 castitate:hasc
3599 577 3723 614 cuu-

2152 645 2294 712 cepit
2322 645 2471 714 virgo
2500 660 2604 699 nou
2631 661 2696 698 ex
2728 645 2864 708 viro,
2897 648 2986 701 sed
3032 662 3098 701 ex
3138 648 3339 717 Spiritu
3377 655 3724 708 sanctozinee

2152 734 2356 801 peperit
2384 750 2490 788 non
2519 736 2571 787 in
2608 736 2811 799 dolore,
2851 737 2946 791 sed
2986 738 3040 790 in
3081 739 3271 809 gaudio
3318 733 3473 798 :hzcc
3503 745 3724 798 nutrivit

2151 821 2460 904 angelorum
2488 831 2541 876 ct
2582 825 2859 878 hominum
2897 827 3094 880 cibum.
3135 827 3284 882 Felix
3323 840 3468 884 certe
3507 841 3559 884 et
3579 833 3720 885 omni

2151 912 2304 967 laude
2327 914 2790 985 diguissima,qn~.e
2820 918 2934 970 sine
2960 918 3193 972 humano
3222 921 3424 974 semine
3449 922 3721 977 caelestem

2149 1005 2343 1057 sreculo
2363 1006 2585 1073 protulit
2609 1022 2819 1075 panem,
2850 1018 2906 1062 et
2932 1011 3130 1063 mundo
3158 1011 3342 1077 genuit
3365 1011 3718 1067 Salvatorem.

2148 1093 2192 1146 Ο
2218 1111 2377 1162 quam
2409 1097 2560 1151 beata
2604 1108 2774 1153 mater
2803 1099 2922 1163 ista,
2954 1116 3074 1169 qua:
3116 1101 3234 1176 sine
3273 1105 3721 1170 contaminatione

2149 1186 2251 1238 ulla
2281 1190 2527 1256 concepit
2552 1191 2887 1256 munditiam,
2914 1201 2967 1245 et
2995 1193 3110 1246 sine
3141 1193 3322 1248 dolore
3350 1196 3554 1264 peperit
3595 1213 3708 1250 ιιιθ-

2147 1278 2398 1332 dicinam.
2424 1279 2594 1341 Felix,
2627 1281 2865 1349 inquam,
2895 1292 3081 1342 mater.
3117 1299 3204 1352 per
3233 1299 3393 1352 quam
3424 1286 3592 1341 nostri
3622 1303 3710 1354 αρε

2148 1369 2292 1422 ueris
2324 1378 2567 1438 reparata
2609 1381 2690 1424 est
2718 1372 2993 1438 vitazquzu
3044 1375 3108 1427 de
3156 1375 3292 1430 cmlo
3342 1376 3435 1428 Dei
3489 1377 3721 1444 suscepit

2145 1460 2366 1527 prolem,
2398 1469 2452 1515 et
2483 1462 2678 1514 mundo
2706 1463 2886 1532 genuit
2911 1464 3274 1527 liberatorem,
3309 1465 3716 1535 Redemptorem

2145 1558 2195 1603 et
2225 1565 2252 1602 a
2283 1552 2519 1618 peccatis
2548 1559 2602 1604 et
2629 1561 2802 1606 morte
2834 1553 3144 1608 salvantem.
3169 1554 3292 1609 lliec
3313 1556 3454 1609 enim
3480 1557 3712 1610 mirabili

2144 1650 2302 1710 atque
2330 1639 2579 1696 ineﬂ‘abili
2627 1645 2804 1704 modo,
2842 1653 2907 1698 et-
2942 1646 3178 1700 omnium
3237 1662 3412 1701 rerum
3445 1657 3498 1700 et
3562 1663 3716 1701 suum

472 1732 615 1786 niam
639 1731 1010 1801 peccaminum
1029 1728 1291 1784 obtinebit
1310 1727 1641 1782 intercessio.
1665 1726 1709 1780 Ο
1732 1741 1890 1795 quam
1913 1728 2046 1781 bea-
2075 1745 2118 1802 Β
2145 1733 2352 1802 peperit
2379 1731 2704 1787 Creatorem.
2732 1734 2905 1789 Electa
2944 1737 3139 1806 quippe
3171 1745 3276 1800 est,
3299 1738 3448 1807 virgo
3488 1739 3716 1808 integra.

473 1836 526 1880 ta
558 1825 650 1880 Dei
686 1819 1306 1894 genitrix.virgo!cujus
1350 1820 1602 1874 nativitas
1648 1820 1900 1891 gaudium
1947 1835 2042 1873 an—

471 1915 732 1968 nuutiavit
780 1913 833 1967 in
887 1911 1135 1966 universo
1185 1911 1406 1973 mundo,
1437 1925 1505 1964 ex
1555 1925 1661 1980 qua
1702 1909 1781 1963 sol
1821 1909 2045 1978 justitite

469 2004 714 2058 Christus
742 2003 998 2056 Dominus
1022 2002 1162 2056 Deus
1186 2009 1369 2057 noster
1389 2008 1608 2054 exortus
1627 1999 1732 2061 est,
1748 1998 1840 2068 qui
1863 1998 2044 2053 exsol-

471 2109 601 2148 vens
624 2095 792 2163 culpae
819 2093 1014 2147 veteris
1043 2091 1475 2147 maledictionem
1510 2090 1655 2144 dedit
1695 2090 1848 2144 nobis
1885 2090 2044 2144 bene-

469 2183 778 2243 dictionem,
808 2189 862 2236 et
887 2180 1222 2236 confundens
1250 2189 1474 2234 mortem
1514 2180 1732 2234 donavit.
1764 2179 1920 2234 nobis
1966 2182 2044 2232 vi-

469 2284 580 2330 tam
610 2275 1009 2344 sempiternam.
1037 2271 1204 2336 Felix,
1225 2272 1469 2342 inquam,
1497 2273 1658 2342 virgo
1713 2273 1894 2336 Maria,
1925 2288 2042 2340 quae

467 2373 523 2420 et
557 2365 833 2434 genitricis
860 2363 1093 2436 optinuit
1135 2362 1470 2432 dignitatem,
1495 2369 1548 2415 et
1589 2361 1897 2430 pudicitiam
1935 2377 2038 2415 non

467 2456 650 2511 amisit
695 2455 1028 2524 virginalem.
1058 2453 1102 2511 Ο
1129 2469 1294 2524 quam
1339 2454 1571 2524 gloriosa
1619 2456 1771 2524 virgo
1832 2448 2036 2508 Maria!

461 2563 498 2603 o
517 2547 865 2618 dignissimus
887 2547 1053 2616 ipsius
1074 2546 1407 2600 intemerato
1427 2547 1677 2600 exortus!
1714 2561 1746 2600 ο
1773 2544 1897 2600 felix
1926 2546 2042 2614 ejus

463 2637 713 2692 inchoata
733 2637 1024 2707 virginitas,
1044 2636 1316 2700 nativitas,
1342 2650 1461 2704 qua:
1483 2635 1640 2689 hodie
1661 2635 1806 2689 clara
1825 2651 1889 2689 ex
1913 2651 2030 2704 pro-

378 2793 393 2806 _
461 2729 620 2801 genie
651 2728 817 2784 David
848 2729 990 2798 regis
1019 2737 1166 2792 nata,
1199 2742 1294 2796 per
1319 2742 1378 2780 se
1411 2727 1578 2794 ipsam
1609 2727 1832 2780 salutem
1858 2729 2038 2780 mundi

461 2824 673 2878 eunetis
694 2819 1038 2876 credentibus
1063 2833 1322 2889 apparere
1343 2817 1488 2872 fecit.
1506 2817 1550 2872 Ο
1574 2825 1734 2886 quam
1756 2817 2038 2871 benedicta

463 2923 521 2970 et
545 2914 870 2969 venerabilis
899 2915 1048 2983 virgo
1075 2926 1289 2980 semper
1313 2909 1478 2964 Maria
1503 2909 1598 2964 Dei
1623 2908 1871 2978 genitrix,
1889 2907 2064 2975 cujus‘

459 3005 620 3068 hodie
631 3015 848 3061 exortus
869 3007 920 3059 in
943 3004 1177 3059 tenebris
1201 3002 1594 3058 tabescentibus
1621 3001 1706 3054 lux
1739 3015 1865 3054 vera
1880 2998 2038 3053 reful-

2146 1825 2228 1878 cui
2262 1825 2556 1882 fecunditas
2588 1828 2772 1881 matris
2795 1828 3043 1890 daretur;
3091 1837 3144 1884 et
3185 1829 3320 1883 facta
3361 1840 3442 1884 est
3485 1831 3718 1894 festinis

2144 1923 2336 1975 mater,
2369 1917 2421 1968 in
2448 1931 2550 1984 qua
2581 1918 2803 1987 virginis
2837 1918 3115 1987 integritas
3142 1913 3465 1974 servaretur.
3497 1919 3552 1974 Si
3570 1922 3714 1978 enim

2141 1993 2440 2074 cogitemus
2470 2007 2768 2076 virginem.
2790 2023 2908 2075 qua:
2939 2009 3054 2062 sine
3084 2009 3511 2080 concupiscentia
3535 2009 3713 2064 carnis

2144 2096 2386 2164 concepit
2412 2111 2651 2176 carnem,
2683 2107 2737 2151 et
2763 2098 3018 2152 sineviro
3047 2100 3254 2168 peperit
3295 2101 3499 2165 virum;
3533 2112 3584 2155 et
3623 2119 3712 2156 τοι

2145 2186 2401 2240 luerimus
2432 2186 2553 2241 facti
2584 2187 2741 2256 lmjus
2770 2182 3326 2258 qumrererationem,
3359 2191 3410 2244 in
3449 2191 3562 2260 ipsa
3617 2207 3713 2246 no-

2143 2284 2252 2329 stra
2284 2276 2628 2346 inquisitione
2667 2280 3087 2337 succumbimus.
3133 2296 3252 2334 cum
3303 2282 3556 2352 scriptum
3600 2285 3710 2338 sit:

2143 2358 2538 2420 Generati‘o'nem
2567 2369 2681 2436 ejus
2711 2371 2825 2438 quis
2855 2371 3121 2425 cnarmbit
3151 2370 3282 2439 (lsa.
3307 2389 3424 2436 Llll,
3448 2374 3538 2437 8)?
3564 2373 3714 2439 Quod
3745 2417 3749 2422 .

2142 2458 2378 2525 quidem,
2403 2457 2540 2511 sicut
2560 2458 2623 2512 de
2643 2459 2818 2512 divina
2840 2460 3038 2515 Christi
3061 2462 3336 2516 nativitate
3360 2463 3708 2531 intelligimus

2143 2556 2312 2611 recte,
2333 2549 2411 2602 sic
2429 2550 2587 2604 etiam
2615 2551 2679 2603 de
2709 2550 2986 2616 temporali
3028 2565 3091 2603 ex
3138 2550 3352 2620 Virgine
3391 2560 3530 2603 ortu.
3555 2550 3712 2606 Joatr

2143 2657 2236 2695 nes
2259 2642 2401 2695 enim
2433 2657 2733 2710 prmeursor
2755 2651 2808 2695 et
2835 2641 3135 2710 baptizatur
3162 2639 3392 2702 Domini,
3422 2642 3508 2709 qui
3554 2650 3710 2694 tante.

2143 2731 2414 2802 dignitatis
2443 2739 2496 2786 et
2523 2731 2825 2785 sanctitatis
2863 2731 3104 2800 tantique
3147 2731 3343 2792 meriti,
3371 2740 3430 2784 ut
3455 2729 3710 2800 Spiritum

2139 2831 2383 2874 sanctum
2413 2822 2463 2873 in
2502 2819 2679 2889 specie
2717 2819 2973 2874 columba:
3011 2835 3168 2889 super
3206 2817 3476 2876 Christum
3508 2819 3714 2889 requiei

2143 2913 2282 2964 visse
2331 2910 2545 2974 viderit,
2585 2926 2922 2980 nequaquam
2975 2926 3136 2965 ausus
3196 2920 3276 2965 est
3314 2911 3710 2980 generationem

2142 3003 2308 3068 ipsam
2342 3017 2405 3055 ex
2439 3009 2676 3069 tempore
2705 3001 2922 3066 Christi,
2963 3003 3257 3057 nonsolum
3291 3004 3490 3065 dicere,
3528 3019 3710 3058 verum

459 3097 548 3153 sit.
580 3097 806 3167 Dignum
835 3096 1016 3164 itaque
1040 3093 1584 3158 valdu,dilectissimi,
1607 3107 1727 3147 cum
1755 3092 2033 3146 devotione
2057 3079 2104 3140 C
2138 3104 2233 3144 nec
2263 3090 2516 3160 cogitare.
2563 3090 2900 3145 Protcstatur
2924 3093 3065 3145 enim
3099 3092 3237 3146 idem
3258 3110 3270 3145 :
3289 3091 3468 3154 Illmn,
3520 3093 3708 3160 inquit,

459 3203 667 3245 sutnma
694 3189 740 3242 ei
768 3187 930 3240 etiam
959 3185 1225 3247 l‘a’mulari,
1254 3199 1350 3253 per
1371 3198 1531 3251 quam
1561 3181 1714 3235 nobis
1754 3180 2033 3250 virginita-

460 3281 530 3335 tis
557 3279 781 3350 insignia
811 3276 1157 3346 pullularunt.
1185 3274 1292 3327 Nec
1319 3289 1417 3328 nos
1447 3273 1609 3326 lateat
1645 3270 1788 3340 quod
1819 3271 1885 3325 de
1922 3269 2038 3341 ejus

461 3379 647 3424 sancta
674 3368 953 3427 nativitate
975 3365 1111 3420 liber
1134 3376 1159 3404 α
1194 3365 1400 3435 legatur
1424 3378 1452 3416 a
1475 3361 1817 3431 quibusdam,
1835 3360 1924 3415 ubi
1946 3360 2038 3414 de-

462 3459 718 3512 scribitur
748 3457 998 3511 meritum
1020 3456 1279 3526 genitoris
1305 3463 1464 3523 atque
1489 3452 1769 3524 genitricis
1796 3451 2036 3522 ejusdem

460 3547 703 3617 virginis,
731 3557 786 3600 et
815 3547 1129 3602 vocabulum
1158 3546 1436 3614 utriusque
1459 3543 1573 3598 Heli
1607 3543 1856 3598 videlicet
1876 3552 2040 3613 atque

462 3638 634 3693 Anna.
662 3637 813 3703 Quod
845 3637 1159 3706 opusculum
1189 3637 1574 3705 apocryphum,
1613 3635 1751 3690 sicut
1783 3636 1943 3689 etiam
1973 3637 2038 3689 de

458 3729 684 3783 transitu
712 3726 942 3797 ejusdem
981 3725 1206 3797 Virginis
1240 3726 1268 3766 ιι
1295 3725 1522 3780 alterum
1554 3726 1809 3789 habetur;
1846 3740 1913 3779 ne
1956 3741 2038 3779 re-

459 3819 689 3889 cipiatur
715 3817 781 3871 ab
808 3816 1046 3871 Ecclesia
1069 3825 1275 3871 certum
1301 3831 1398 3886 pro
1424 3817 1648 3880 incerto,
1676 3816 1896 3870 dubimn
1940 3830 2038 3886 pro

461 3923 608 3962 vero.
639 3907 816 3960 Placet
844 3905 1114 3976 paulisper
1141 3905 1364 3974 gradum
1394 3905 1658 3959 sermonis
1679 3909 1847 3960 nostri
1873 3904 1960 3974 figi
1984 3906 2034 3959 in

461 3997 620 4051 laude
654 3995 925 4050 hodiernte
972 3995 1270 4048 nativitatis
1319 3994 1503 4063 ipsius.
1544 3993 1658 4048 Hoc
1697 3993 1938 4063 profecto
1971 3995 2039 4048 ab

457 4088 606 4144 omni
633 4085 868 4140 Ecclesia
898 4084 1160 4140 catholica
1187 4083 1492 4138 ﬁrmissime
1521 4091 1750 4149 tenetur,
1799 4085 1924 4154 quia
1954 4101 2038 4140 rc-

457 4177 564 4250 gali
586 4192 650 4231 ex
675 4177 949 4246 progenie,
973 4163 1222 4230 videlicet
1256 4175 1397 4245 regis
1427 4174 1603 4244 magni
1645 4158 1848 4237 David:
1877 4173 2037 4226 hodie

457 4275 541 4323 est
561 4275 768 4323 exorta.
793 4266 1001 4321 Revera
1028 4280 1217 4335 magna
1245 4263 1484 4334 dignatio
1513 4269 1617 4327 est,
1649 4261 1780 4316 utin
1813 4271 2036 4316 exortus

458 4361 544 4414 die
573 4367 734 4413 tanta:
760 4357 1050 4428 genitricis,
1078 4355 1262 4410 laudes
1288 4352 1498 4408 Domini
1529 4368 1635 4408 non
1667 4351 1824 4407 sileat
1849 4351 2030 4422 lingua

461 4451 659 4502 carnis.

528 4538 817 4592 Videamus
841 4537 1040 4604 itaque,
1073 4533 1288 4598 fratres,
1315 4550 1434 4604 qum
1477 4534 1548 4589 sit
1587 4535 1881 4602 bmc'vlrgo
1922 4541 2030 4586 tam

463 4637 644 4682 sancta
675 4627 741 4681 ad
768 4641 926 4695 quam
952 4625 1428 4703 Spiritus'sauctus
1451 4627 1632 4680 venire
1657 4627 1906 4696 dignatus
1928 4635 2026 4679 est.

457 4715 586 4783 Quae
617 4728 726 4771 tam
747 4716 1180 4786 speciosa,'quam
1207 4714 1361 4782 Deus
1401 4714 1560 4782 elegit
1601 4705 1884 4786 sponsam!
1913 4729 2028 4785 qua

460 4817 568 4860 tam
599 4816 765 4870 casta,
791 4815 848 4860 ut
873 4807 1022 4876 virgo
1048 4787 1215 4876 possit
1244 4817 1361 4858 esse
1389 4813 1508 4873 post
1538 4792 1772 4872 partum.
1799 4805 1921 4858 lituo
1949 4814 2032 4859 est

461 4897 551 4949 Dei
581 4896 855 4963 templum,
888 4895 1006 4951 fons
1033 4898 1120 4952 ille
1148 4897 1406 4966 signatus,
1455 4902 1509 4946 et
1556 4902 1711 4963 porta
1766 4895 1817 4947 in
1869 4897 2032 4949 domo

459 4985 667 5040 Doriiini
697 4985 900 5040 clausa.
945 4986 1024 5041 Ad
1048 4989 1185 5041 hanc
1235 4988 1417 5056 itaque
1468 4983 1748 5038 descendit
1795 4983 2030 5053 Spiritus

458 5087 694 5134 sanctus.
731 5074 853 5129 huic
881 5075 1049 5128 virtus
1079 5072 1333 5130 Altissimi
1357 5074 1725 5135 obumbravit;
1760 5089 1821 5127 ex
1843 5090 1903 5128 ea
1932 5092 2032 5144 po-

459 5177 576 5222 tens
606 5168 863 5220 virtutum
893 5164 1137 5220 Christus
1165 5168 1458 5235 egreditur,
1490 5175 1545 5221 ut
1567 5181 1794 5236 sponsus
1819 5166 1881 5218 de
1907 5167 2030 5220 tha-

526 5291 549 5318 ι
581 5277 1040 5349 Protevangelium
1055 5347 1065 5349 _
1163 5275 1344 5349 Jacobi
1362 5289 1416 5333 et
1433 5280 1771 5349 Evangeliutn
1790 5279 2027 5348 Apogra-

452 5346 615 5416 pilum
645 5348 709 5402 de
741 5346 1023 5402 Nati‘vitate
1052 5346 1246 5408 Mariae,
1265 5350 1404 5414 quod
1426 5346 1718 5412 a‘Seleucu,
1736 5364 1857 5403 suae.
1881 5346 1923 5400 n
1942 5349 1995 5403 lit
2016 5379 2029 5389 -

454 5419 585 5474 teris
607 5416 770 5471 fuisse
795 5418 1168 5471 demandatum
1197 5417 1376 5484 opinio
1395 5427 1494 5472 est.
1526 5420 1643 5473 Vid.
1677 5419 1732 5472 S.
1775 5418 1990 5472 Hieron.
2015 5459 2028 5481 ,

454 5496 584 5542 tom.
619 5487 658 5539 V
685 5487 936 5557 Operum.
965 5503 1082 5555 pag.
1114 5485 1207 5540 Ml
1232 5485 1391 5557 rvide
1414 5489 1484 5540 du
1517 5488 1609 5542 Pin
1639 5489 1857 5544 Dissert.
1897 5504 2034 5556 pra:-

452 5560 618 5620 limin.
638 5597 651 5621 ,
671 5555 772 5613 etc.
803 5597 816 5619 ,
832 5565 938 5611 tum
964 5558 1156 5625 ll.pag.
1176 5558 1263 5617 90,
1286 5555 1311 5626 §
1337 5573 1386 5609 tv
1404 5568 1456 5611 et
1479 5575 1528 5619 v;
1547 5559 1795 5619 Calmet.,
1815 5555 2028 5610 Dissert.

376 5631 380 5633 “
451 5647 542 5681 mr
563 5629 635 5682 [cs
664 5627 935 5697 lt'vnngiles
967 5628 1304 5697 apocryphes,
1343 5637 1468 5681 tum.
1501 5628 1543 5692 l,
1580 5629 1864 5682 Comment.
1895 5628 2033 5681 (Μό-

451 5699 551 5751 ι·ε.;Ι.
570 5696 957 5767 ιιινΓινῗιγιιιῃίΙε
979 5696 1037 5751 dc
1054 5699 1185 5751 suint
1209 5696 1478 5750 Mitt/tim.
1501 5714 1619 5769 pag.
1641 5715 1768 5753 cvtu
1790 5715 1954 5760 ,num.
1975 5700 2026 5754 b'.

2138 3189 2330 3248 oportet
2360 3195 2604 3242 crescere,
2633 3197 2712 3232 me
2738 3190 2906 3233 autem
2931 3180 3116 3244 minui,
3142 3181 3292 3250 cujus
3334 3197 3436 3234 non
3479 3197 3591 3234 sum
3634 3182 3686 3233 di
3697 3213 3714 3220 -

2136 3286 2265 3337 gnus
2302 3261 2357 3321 ut
2381 3268 2577 3323 solvam
2606 3269 2720 3339 ejus
2744 3272 3022 3341 corrigiam
3063 3271 3395 3334 calceamenti
3420 3269 3598 3340 (Joan.
3629 3288 3709 3330 tu.
3783 3327 3786 3331 ,

2135 3361 2225 3418 50.
2253 3372 2300 3414 ct
2333 3376 2372 3418 ι.
2395 3361 2516 3432 27).
2543 3361 2680 3428 Quid
2700 3363 2941 3417 estenim
2972 3363 3199 3433 corrigia
3228 3362 3712 3425 calceamentimisi

2136 3449 2368 3519 ligatura
2392 3451 2632 3522 mysterii
2659 3451 3042 3505 incarnationis
3063 3450 3261 3505 Christi
3282 3465 3348 3504 ex
3369 3450 3584 3520 Virgine
3610 3452 3718 3520 im:

2137 3540 2435 3594 maculata?
2470 3540 2702 3594 Joannes
2730 3541 2908 3610 itaque
2943 3527 3157 3594 ’solvere
3196 3539 3482 3609 corrigiam
3509 3540 3711 3594 calcea-

2135 3629 2298 3682 meuti
2338 3645 2445 3682 non
2487 3630 2650 3692 valet,
2675 3629 2798 3699 quia
2845 3628 3234 3684 incarnationis
3274 3629 3469 3684 Christi
3505 3619 3706 3700 myste-

2137 3719 2296 3783 rium,
2325 3735 2420 3774 nec
2444 3720 2556 3788 ipse
2579 3720 2898 3789 investigare
2919 3720 3131 3784 sullicit,
3157 3719 3310 3793 54],
3341 3722 3430 3792 qui
3455 3722 3590 3777 hanc
3608 3739 3710 3792 per

2136 3813 2431 3882 prophetiae
2457 3813 2703 3882 spiritum
2726 3813 2956 3883 agnovit.
2981 3810 3118 3880 Quid
3140 3807 3267 3884 ergo
3288 3829 3383 3867 nos
3419 3813 3584 3867 multo
3603 3830 3710 3868 me-

2138 3900 2224 3953 riti
2263 3899 2543 3955 inferiores
2587 3891 2902 3956 audebimus
2953 3901 3246 3969 inquirere,
3293 3902 3435 3970 quod
3470 3917 3569 3956 nec
3611 3902 3710 3970 ipsi
3791 3953 3798 3960 .

2135 3990 2426 4054 d:emones,
2449 3991 2619 4061 angeli
2647 3991 2812 4045 etiam
2840 3991 3030 4056 sancti,
3059 4005 3162 4044 non
3203 3990 3373 4044 dicam
3403 4001 3705 4058 penetrare,
3739 3998 3750 4004 ‘

2138 4081 2228 4134 sed
2244 4081 2407 4134 etiam
2423 4080 2570 4134 nullo
2587 4082 2744 4135 modo
2757 4080 2936 4136 valent
2948 4080 3194 4150 pulsare?
3218 4080 3388 4134 solum
3406 4081 3504 4133 hoc
3519 4062 3707 4134 creda-

2138 4185 2277 4232 mus,
2295 4170 2418 4239 quia
2437 4174 2585 4239 virgo
2603 4179 2726 4224 ante
2741 4160 2971 4241 partum,
2989 4170 3140 4240 virgo
3154 4166 3204 4224 in
3229 4177 3406 4239 partu,
3423 4170 3570 4240 virgo
3589 4183 3709 4240 post

2137 4267 2348 4328 partum
2360 4269 2634 4330 perpetua,
2649 4261 2765 4344 sine
2777 4262 3120 4330 corruptione
3131 4262 3327 4323 carnis,
3343 4261 3462 4317 sine
3474 4261 3613 4317 virili
3631 4263 3710 4317 lc-

2135 4370 2221 4422 ge,
2245 4355 2360 4410 siue
2386 4355 2616 4412 humana
2642 4357 3254 4423 consuetudine,virtute
3281 4357 3510 4428 Spiritus
3538 4359 3711 4414 sancti

2064 4431 2107 4488 Ι)
2139 4442 2302 4499 lilium
2328 4448 2664 4516 concepit,ct
2689 4449 2897 4519 peperit
2924 4449 3106 4504 clauso
3132 4449 3272 4502 uteri
3311 4447 3546 4504 claustro
3574 4465 3586 4502 :
3616 4451 3704 4516 qui

2136 4552 2295 4592 verus
2328 4536 2489 4590 homo
2525 4547 2579 4591 et
2601 4553 2761 4592 verus
2784 4539 2921 4591 Deus
2941 4546 2994 4591 et
3017 4551 3115 4607 pro
3142 4539 3297 4594 nobis
3329 4545 3625 4592 moreretur
3648 4546 3704 4592 ut

2134 4626 2312 4688 homo,
2345 4635 2398 4679 et
2422 4640 2518 4679 nos
2548 4625 2834 4679 redimeret
2858 4639 2922 4678 ac
2943 4625 3196 4680 liberaret
3223 4634 3281 4679 ut
3301 4625 3460 4680 Deus.

2200 4715 2268 4768 Et
2293 4715 2417 4785 quid
2467 4716 2660 4769 mirum
2689 4722 2791 4778 est,
2838 4714 3070 4769 fratres!
3123 4716 3167 4771 si
3198 4715 3265 4768 de
3307 4715 3516 4784 virgine
3545 4725 3704 4770 natus

2131 4815 2215 4861 est
2244 4807 2428 4863 Deus?
2457 4806 2588 4874 Quis
2625 4805 2756 4860 tanti
2804 4802 2930 4861 facti
2960 4805 3253 4875 potentiam
3283 4807 3528 4862 dubitat?
3551 4809 3703 4861 dubi-

2133 4907 2250 4952 tare
2275 4915 2380 4954 non
2428 4903 2618 4966 potest.
2652 4905 2858 4951 tantum
2906 4896 3071 4951 Deum
3097 4905 3217 4953 esse
3262 4898 3698 4966 omnipotentem.

2134 4989 2199 5042 Et
2237 5001 2421 5041 verum
2467 4995 2548 5040 est
2592 4982 2805 5051 fratres,
2849 4987 2974 5056 quia
3027 4986 3167 5041 Deus
3214 4988 3548 5056 omnipotens
3596 4994 3697 5046 cst,

2133 5087 2349 5147 propter
2377 5076 2531 5146 quod.
2565 5076 2744 5132 Omnia
2796 5086 2988 5147 potest.
3035 5079 3309 5146 Quomodo
3353 5093 3479 5147 ergo
3529 5080 3672 5131 omni

2131 5176 2322 5238 potens
2355 5168 2477 5228 erit.
2516 5167 2558 5222 si
2600 5183 2758 5224 omne
2806 5184 2910 5223 non
2940 5170 3218 5238 potuerit?
3253 5171 3346 5223 sed
3399 5169 3576 5223 omnia
3607 5185 3700 5240 po—

2207 5280 2594 5352 bEvangelium
2623 5282 2965 5352 deTransitu
3013 5282 3242 5350 Virginis
3287 5283 3424 5336 inter
3462 5282 3696 5352 Apogra-

2167 5351 2232 5404 ha
2278 5349 2556 5420 relatuma
2595 5349 2822 5420 Celasio
2864 5367 3018 5420 papa,
3061 5349 3326 5419 reperitur
3356 5352 3406 5404 iu
3434 5349 3704 5406 nonnullis

2159 5419 2476 5473 tibliothccis
2498 5419 2630 5472 Cod.
2667 5421 2834 5474 Lahb.
2862 5419 2990 5472 ιειῖιε
3045 5421 3290 5473 Lambec.
3338 5422 3424 5473 lib.
3464 5436 3514 5472 tv
3559 5421 3691 5477 Bibl.

2135 5488 2912 5560 Viuduh.,‘232,2-M,ctlib.u
2951 5489 3173 5560 ρτιιρτάὶιἶ
3207 5491 3406 5544 ΑΙίειιΙιί
3447 5491 3701 5545 tribuitur

2135 5561 2172 5609 S
2207 5558 2404 5613 Jacoho
2438 5559 2589 5630 lratri
2628 5561 2864 5622 Domini,
2903 5558 3036 5613 alibi
3151 5559 3302 5613 Joan.
3334 5562 3692 5630 evaiigelistae.

2131 5630 2287 5684 Latet
2334 5630 2506 5700 adhuc
2545 5629 2824 5691 iueditum,
2863 5644 2959 5682 nec
3005 5631 3196 5695 publiri
3234 5632 3455 5684 interest
3486 5641 3541 5684 ut
3572 5645 3693 5700 pro-

2135 5703 2273 5758 δέῃ’
2305 5699 2555 5768 Cum“:
2579 5699 2613 5752 ίι
2633 5701 2750 5765 ι’ίῖυ
2773 5712 2890 5768 ὶνῖε·
2913 5715 3069 5768 (AM,
3091 5717 3229 5753 num.
3252 5702 3338 5754 :23.
3367 5766 3374 5768 vv
