  <div class='ocr_page' id='page_1' title='image "/cluster/home/n/w/nwhite01/storage/ocr_20150623/101/uva.x000834944/657.png"; bbox 0 0 4232 6234; ppageno 0'>
   <div class='ocr_carea' id='block_1_1' title="bbox 652 173 784 224">
    <p class='ocr_par' dir='ltr' id='par_1_1' title="bbox 652 173 784 224">
     <span class='ocr_line' id='line_1_1' title="bbox 652 173 784 224; baseline 0.015 -2"><span class='ocrx_word' id='word_1_1' title='bbox 652 173 784 224; x_wconf 60' lang='lat' dir='ltr'><strong>nos</strong></span> 
     </span>
    </p>
   </div>
   <div class='ocr_carea' id='block_1_2' title="bbox 1457 168 3011 240">
    <p class='ocr_par' dir='ltr' id='par_1_2' title="bbox 1457 168 3011 240">
     <span class='ocr_line' id='line_1_2' title="bbox 1457 168 3011 240; baseline 0.006 -20"><span class='ocrx_word' id='word_1_2' title='bbox 1457 169 1511 220; x_wconf 80' lang='grc' dir='ltr'><strong>Β.</strong></span> <span class='ocrx_word' id='word_1_3' title='bbox 1551 169 1608 222; x_wconf 77' lang='lat' dir='ltr'><strong>F.</strong></span> <span class='ocrx_word' id='word_1_4' title='bbox 1646 168 1866 240; x_wconf 41' lang='lat' dir='ltr'><strong>aLBlﬁl</strong></span> <span class='ocrx_word' id='word_1_5' title='bbox 1909 169 2037 226; x_wconf 75' lang='lat' dir='ltr'><strong>SEU</strong></span> <span class='ocrx_word' id='word_1_6' title='bbox 2079 172 2354 228; x_wconf 54' lang='lat' dir='ltr'><strong>ALCL’IXI</strong></span> <span class='ocrx_word' id='word_1_7' title='bbox 2391 172 2672 230; x_wconf 71' lang='lat' dir='ltr'><strong>OPERCM</strong></span> <span class='ocrx_word' id='word_1_8' title='bbox 2709 176 2884 231; x_wconf 77' lang='lat' dir='ltr'><strong>PARS</strong></span> <span class='ocrx_word' id='word_1_9' title='bbox 2924 175 3011 231; x_wconf 71' lang='lat' dir='ltr'><strong>lX.</strong></span> 
     </span>
    </p>
   </div>
   <div class='ocr_carea' id='block_1_3' title="bbox 3747 182 3902 237">
    <p class='ocr_par' dir='ltr' id='par_1_3' title="bbox 3747 182 3902 237">
     <span class='ocr_line' id='line_1_3' title="bbox 3747 182 3902 237; baseline 0 -1"><span class='ocrx_word' id='word_1_10' title='bbox 3747 182 3902 237; x_wconf 71' lang='grc' dir='ltr'><strong>’15οι</strong></span> 
     </span>
    </p>
   </div>
   <div class='ocr_carea' id='block_1_4' title="bbox 647 274 3898 366">
    <p class='ocr_par' dir='ltr' id='par_1_4' title="bbox 647 274 3898 366">
     <span class='ocr_line' id='line_1_4' title="bbox 647 274 3898 366; baseline 0.006 -35"><span class='ocrx_word' id='word_1_11' title='bbox 647 295 746 338; x_wconf 67' lang='lat' dir='ltr'><strong>Lz-st</strong></span> <span class='ocrx_word' id='word_1_12' title='bbox 779 300 790 336; x_wconf 86' lang='lat'><strong>:</strong></span> <span class='ocrx_word' id='word_1_13' title='bbox 819 294 872 337; x_wconf 88' lang='lat' dir='ltr'><strong>ct</strong></span> <span class='ocrx_word' id='word_1_14' title='bbox 901 299 1006 353; x_wconf 84' lang='lat' dir='ltr'><strong>qua</strong></span> <span class='ocrx_word' id='word_1_15' title='bbox 1037 281 1241 336; x_wconf 85' lang='lat' dir='ltr'><strong>ratione</strong></span> <span class='ocrx_word' id='word_1_16' title='bbox 1267 283 1442 336; x_wconf 81' lang='lat' dir='ltr'><strong>omnia</strong></span> <span class='ocrx_word' id='word_1_17' title='bbox 1467 283 1686 351; x_wconf 87' lang='lat' dir='ltr'><strong>poterit,</strong></span> <span class='ocrx_word' id='word_1_18' title='bbox 1717 283 1763 336; x_wconf 88' lang='lat' dir='ltr'><strong>si</strong></span> <span class='ocrx_word' id='word_1_19' title='bbox 1788 284 1855 337; x_wconf 86' lang='lat' dir='ltr'><strong>de</strong></span> <span class='ocrx_word' id='word_1_20' title='bbox 1879 284 2080 354; x_wconf 80' lang='lat' dir='ltr'><strong>virgine</strong></span> <span class='ocrx_word' id='word_1_21' title='bbox 2105 299 2209 338; x_wconf 87' lang='lat' dir='ltr'><strong>non</strong></span> <span class='ocrx_word' id='word_1_22' title='bbox 2241 290 2287 347; x_wconf 80' lang='grc' dir='ltr'><strong>Α</strong></span> <span class='ocrx_word' id='word_1_23' title='bbox 2317 290 2527 356; x_wconf 77' lang='lat' dir='ltr'><strong>generis</strong></span> <span class='ocrx_word' id='word_1_24' title='bbox 2576 291 2684 358; x_wconf 83' lang='lat' dir='ltr'><strong>pati</strong></span> <span class='ocrx_word' id='word_1_25' title='bbox 2737 292 3038 360; x_wconf 76' lang='lat' dir='ltr'><strong>permiserit</strong></span> <span class='ocrx_word' id='word_1_26' title='bbox 3067 333 3080 355; x_wconf 88' lang='lat'><strong>,</strong></span> <span class='ocrx_word' id='word_1_27' title='bbox 3118 274 3268 350; x_wconf 46' lang='lat' dir='ltr'><strong>&#39;sicnt</strong></span> <span class='ocrx_word' id='word_1_28' title='bbox 3317 295 3502 348; x_wconf 76' lang='lat' dir='ltr'><strong>scribit</strong></span> <span class='ocrx_word' id='word_1_29' title='bbox 3552 297 3846 366; x_wconf 72' lang='lat' dir='ltr'><strong>Apostolus</strong></span> <span class='ocrx_word' id='word_1_30' title='bbox 3885 319 3898 351; x_wconf 88' lang='lat'>:</span> 
     </span>
    </p>
   </div>
   <div class='ocr_carea' id='block_1_5' title="bbox 642 371 2216 443">
    <p class='ocr_par' dir='ltr' id='par_1_5' title="bbox 642 371 2216 443">
     <span class='ocr_line' id='line_1_5' title="bbox 642 371 2216 443; baseline 0.002 -17"><span class='ocrx_word' id='word_1_31' title='bbox 642 378 815 443; x_wconf 77' lang='lat' dir='ltr'><strong>potuit</strong></span> <span class='ocrx_word' id='word_1_32' title='bbox 860 375 1050 429; x_wconf 74' lang='lat' dir='ltr'><strong>nasci?</strong></span> <span class='ocrx_word' id='word_1_33' title='bbox 1106 374 1276 437; x_wconf 82' lang='lat' dir='ltr'><strong>Absit,</strong></span> <span class='ocrx_word' id='word_1_34' title='bbox 1313 371 1544 427; x_wconf 86' lang='lat' dir='ltr'><strong>fratres!</strong></span> <span class='ocrx_word' id='word_1_35' title='bbox 1595 383 1654 426; x_wconf 87' lang='lat' dir='ltr'><strong>ut</strong></span> <span class='ocrx_word' id='word_1_36' title='bbox 1696 374 2056 429; x_wconf 87' lang='lat' dir='ltr'><strong>concedamus</strong></span> <span class='ocrx_word' id='word_1_37' title='bbox 2094 375 2216 429; x_wconf 87' lang='lat' dir='ltr'><strong>infl-</strong></span> 
     </span>
    </p>
   </div>
   <div class='ocr_carea' id='block_1_6' title="bbox 641 464 2217 534">
    <p class='ocr_par' dir='ltr' id='par_1_6' title="bbox 641 464 2217 534">
     <span class='ocr_line' id='line_1_6' title="bbox 641 464 2217 534; baseline 0.001 -16"><span class='ocrx_word' id='word_1_38' title='bbox 641 467 842 519; x_wconf 89' lang='lat' dir='ltr'><strong>delitati</strong></span> <span class='ocrx_word' id='word_1_39' title='bbox 873 465 1200 527; x_wconf 66' lang='lat' dir='ltr'><strong>Judzeorum,</strong></span> <span class='ocrx_word' id='word_1_40' title='bbox 1239 464 1328 534; x_wconf 85' lang='lat' dir='ltr'><strong>qui</strong></span> <span class='ocrx_word' id='word_1_41' title='bbox 1360 465 1638 534; x_wconf 76' lang='lat' dir='ltr'><strong>prophetis</strong></span> <span class='ocrx_word' id='word_1_42' title='bbox 1683 480 1789 519; x_wconf 89' lang='lat' dir='ltr'><strong>non</strong></span> <span class='ocrx_word' id='word_1_43' title='bbox 1827 465 2053 520; x_wconf 89' lang='lat' dir='ltr'><strong>credunt</strong></span> <span class='ocrx_word' id='word_1_44' title='bbox 2081 467 2217 520; x_wconf 88' lang='lat' dir='ltr'><strong>vati-</strong></span> 
     </span>
    </p>
   </div>
   <div class='ocr_carea' id='block_1_7' title="bbox 640 554 2218 624">
    <p class='ocr_par' dir='ltr' id='par_1_7' title="bbox 640 554 2218 624">
     <span class='ocr_line' id='line_1_7' title="bbox 640 554 2218 624; baseline -0.001 -14"><span class='ocrx_word' id='word_1_45' title='bbox 640 557 944 610; x_wconf 78' lang='lat' dir='ltr'><strong>cinantibus</strong></span> <span class='ocrx_word' id='word_1_46' title='bbox 993 557 1414 610; x_wconf 75' lang='lat' dir='ltr'><strong>incarnationem</strong></span> <span class='ocrx_word' id='word_1_47' title='bbox 1464 554 1665 608; x_wconf 82' lang='lat' dir='ltr'><strong>Christi</strong></span> <span class='ocrx_word' id='word_1_48' title='bbox 1705 569 1803 623; x_wconf 86' lang='lat' dir='ltr'><strong>per</strong></span> <span class='ocrx_word' id='word_1_49' title='bbox 1828 555 2088 624; x_wconf 81' lang='lat' dir='ltr'><strong>virginem</strong></span> <span class='ocrx_word' id='word_1_50' title='bbox 2117 574 2129 608; x_wconf 91' lang='lat'><strong>:</strong></span> <span class='ocrx_word' id='word_1_51' title='bbox 2159 564 2218 609; x_wconf 90' lang='lat' dir='ltr'><strong>ut</strong></span> 
     </span>
    </p>
   </div>
   <div class='ocr_carea' id='block_1_8' title="bbox 639 643 2212 716">
    <p class='ocr_par' dir='ltr' id='par_1_8' title="bbox 639 643 2212 716">
     <span class='ocr_line' id='line_1_8' title="bbox 639 643 2212 716; baseline -0.002 -16"><span class='ocrx_word' id='word_1_52' title='bbox 639 662 1056 700; x_wconf 84' lang='lat' dir='ltr'><strong>anmnncrcmur</strong></span> <span class='ocrx_word' id='word_1_53' title='bbox 1099 647 1386 706; x_wconf 85' lang='lat' dir='ltr'><strong>h:creticis.</strong></span> <span class='ocrx_word' id='word_1_54' title='bbox 1413 647 1503 714; x_wconf 90' lang='lat' dir='ltr'><strong>qui</strong></span> <span class='ocrx_word' id='word_1_55' title='bbox 1534 645 1637 699; x_wconf 92' lang='lat' dir='ltr'><strong>hoc</strong></span> <span class='ocrx_word' id='word_1_56' title='bbox 1661 645 1823 698; x_wconf 87' lang='lat' dir='ltr'><strong>etiam</strong></span> <span class='ocrx_word' id='word_1_57' title='bbox 1850 646 2072 698; x_wconf 81' lang='lat' dir='ltr'><strong>credunt</strong></span> <span class='ocrx_word' id='word_1_58' title='bbox 2098 643 2212 716; x_wconf 63' lang='grc' dir='ltr'><strong>[Ρη</strong></span> 
     </span>
    </p>
   </div>
   <div class='ocr_carea' id='block_1_9' title="bbox 607 735 2216 807">
    <p class='ocr_par' dir='ltr' id='par_1_9' title="bbox 607 735 2216 807">
     <span class='ocr_line' id='line_1_9' title="bbox 607 735 2216 807; baseline -0.001 -18"><span class='ocrx_word' id='word_1_59' title='bbox 607 738 906 807; x_wconf 70' lang='lat' dir='ltr'><strong>credere],</strong></span> <span class='ocrx_word' id='word_1_60' title='bbox 961 747 1175 804; x_wconf 82' lang='lat' dir='ltr'><strong>negant,</strong></span> <span class='ocrx_word' id='word_1_61' title='bbox 1235 738 1530 806; x_wconf 85' lang='lat' dir='ltr'><strong>cogitantes</strong></span> <span class='ocrx_word' id='word_1_62' title='bbox 1586 750 1645 789; x_wconf 85' lang='lat' dir='ltr'><strong>se</strong></span> <span class='ocrx_word' id='word_1_63' title='bbox 1691 749 1813 789; x_wconf 83' lang='lat' dir='ltr'><strong>esse</strong></span> <span class='ocrx_word' id='word_1_64' title='bbox 1861 735 2216 804; x_wconf 80' lang='lat' dir='ltr'><strong>sapientiores</strong></span> 
     </span>
    </p>
   </div>
   <div class='ocr_carea' id='block_1_10' title="bbox 639 823 2213 896">
    <p class='ocr_par' dir='ltr' id='par_1_10' title="bbox 639 823 2213 896">
     <span class='ocr_line' id='line_1_10' title="bbox 639 823 2213 896; baseline -0.004 -14"><span class='ocrx_word' id='word_1_65' title='bbox 639 830 768 883; x_wconf 82' lang='lat' dir='ltr'><strong>Deo.</strong></span> <span class='ocrx_word' id='word_1_66' title='bbox 799 829 924 881; x_wconf 89' lang='lat' dir='ltr'><strong>dum</strong></span> <span class='ocrx_word' id='word_1_67' title='bbox 955 828 1330 896; x_wconf 87' lang='lat' dir='ltr'><strong>blasphcmant</strong></span> <span class='ocrx_word' id='word_1_68' title='bbox 1380 827 1487 879; x_wconf 88' lang='lat' dir='ltr'><strong>Deo</strong></span> <span class='ocrx_word' id='word_1_69' title='bbox 1520 825 1684 879; x_wconf 83' lang='lat' dir='ltr'><strong>fuisse</strong></span> <span class='ocrx_word' id='word_1_70' title='bbox 1728 823 2006 894; x_wconf 88' lang='lat' dir='ltr'><strong>indignum</strong></span> <span class='ocrx_word' id='word_1_71' title='bbox 2045 829 2103 877; x_wconf 86' lang='lat' dir='ltr'><strong>ut</strong></span> <span class='ocrx_word' id='word_1_72' title='bbox 2147 823 2213 876; x_wconf 84' lang='lat' dir='ltr'><strong>de</strong></span> 
     </span>
    </p>
   </div>
   <div class='ocr_carea' id='block_1_11' title="bbox 639 913 2212 988">
    <p class='ocr_par' dir='ltr' id='par_1_11' title="bbox 639 913 2212 988">
     <span class='ocr_line' id='line_1_11' title="bbox 639 913 2212 988; baseline -0.003 -19"><span class='ocrx_word' id='word_1_73' title='bbox 639 919 844 988; x_wconf 71' lang='lat' dir='ltr'><strong>virgine</strong></span> <span class='ocrx_word' id='word_1_74' title='bbox 873 928 1202 972; x_wconf 78' lang='lat' dir='ltr'><strong>nasceretur.</strong></span> <span class='ocrx_word' id='word_1_75' title='bbox 1231 917 1494 983; x_wconf 81' lang='lat' dir='ltr'><strong>Quoniam</strong></span> <span class='ocrx_word' id='word_1_76' title='bbox 1526 917 1640 969; x_wconf 72' lang='lat' dir='ltr'><strong>lucc</strong></span> <span class='ocrx_word' id='word_1_77' title='bbox 1670 922 1855 968; x_wconf 87' lang='lat' dir='ltr'><strong>sancta</strong></span> <span class='ocrx_word' id='word_1_78' title='bbox 1900 913 1997 967; x_wconf 81' lang='lat' dir='ltr'><strong>Dei</strong></span> <span class='ocrx_word' id='word_1_79' title='bbox 2027 913 2212 982; x_wconf 75' lang='lat' dir='ltr'><strong>Virgo,</strong></span> 
     </span>
    </p>
   </div>
   <div class='ocr_carea' id='block_1_12' title="bbox 636 1001 2213 1080">
    <p class='ocr_par' dir='ltr' id='par_1_12' title="bbox 636 1001 2213 1080">
     <span class='ocr_line' id='line_1_12' title="bbox 636 1001 2213 1080; baseline -0.006 -16"><span class='ocrx_word' id='word_1_80' title='bbox 636 1011 788 1080; x_wconf 81' lang='lat' dir='ltr'><strong>cujus</strong></span> <span class='ocrx_word' id='word_1_81' title='bbox 818 1009 1150 1063; x_wconf 86' lang='lat' dir='ltr'><strong>nativitatem</strong></span> <span class='ocrx_word' id='word_1_82' title='bbox 1199 1006 1425 1060; x_wconf 84' lang='lat' dir='ltr'><strong>solemni</strong></span> <span class='ocrx_word' id='word_1_83' title='bbox 1473 1005 1808 1058; x_wconf 74' lang='lat' dir='ltr'><strong>celebramus</strong></span> <span class='ocrx_word' id='word_1_84' title='bbox 1853 1001 2051 1065; x_wconf 79' lang='lat' dir='ltr'><strong>cilicio,</strong></span> <span class='ocrx_word' id='word_1_85' title='bbox 2083 1017 2213 1056; x_wconf 91' lang='lat' dir='ltr'><strong>cun-</strong></span> 
     </span>
    </p>
   </div>
   <div class='ocr_carea' id='block_1_13' title="bbox 634 1079 2214 1161">
    <p class='ocr_par' dir='ltr' id='par_1_13' title="bbox 634 1079 2214 1161">
     <span class='ocr_line' id='line_1_13' title="bbox 634 1079 2214 1161; baseline -0.006 -8"><span class='ocrx_word' id='word_1_86' title='bbox 634 1113 752 1156; x_wconf 86' lang='lat' dir='ltr'><strong>ctas</strong></span> <span class='ocrx_word' id='word_1_87' title='bbox 782 1103 1012 1154; x_wconf 66' lang='lat' dir='ltr'><strong>limi-eses</strong></span> <span class='ocrx_word' id='word_1_88' title='bbox 1057 1098 1169 1151; x_wconf 85' lang='lat' dir='ltr'><strong>sola</strong></span> <span class='ocrx_word' id='word_1_89' title='bbox 1212 1095 1502 1157; x_wconf 88' lang='lat' dir='ltr'><strong>interemit,</strong></span> <span class='ocrx_word' id='word_1_90' title='bbox 1534 1079 1659 1161; x_wconf 72' lang='lat' dir='ltr'><strong>qua:</strong></span> <span class='ocrx_word' id='word_1_91' title='bbox 1695 1091 1961 1148; x_wconf 84' lang='lat' dir='ltr'><strong>Galn-ielis</strong></span> <span class='ocrx_word' id='word_1_92' title='bbox 1985 1092 2214 1145; x_wconf 81' lang='lat' dir='ltr'><strong>archan-‘</strong></span> 
     </span>
    </p>
   </div>
   <div class='ocr_carea' id='block_1_14' title="bbox 635 1181 2212 1258">
    <p class='ocr_par' dir='ltr' id='par_1_14' title="bbox 635 1181 2212 1258">
     <span class='ocr_line' id='line_1_14' title="bbox 635 1181 2212 1258; baseline -0.005 -16"><span class='ocrx_word' id='word_1_93' title='bbox 635 1193 736 1258; x_wconf 83' lang='lat' dir='ltr'><strong>geli</strong></span> <span class='ocrx_word' id='word_1_94' title='bbox 766 1190 922 1244; x_wconf 88' lang='lat' dir='ltr'><strong>dictis</strong></span> <span class='ocrx_word' id='word_1_95' title='bbox 951 1188 1178 1242; x_wconf 74' lang='lat' dir='ltr'><strong>credidit</strong></span> <span class='ocrx_word' id='word_1_96' title='bbox 1203 1203 1218 1250; x_wconf 82' lang='lat'><strong>;</strong></span> <span class='ocrx_word' id='word_1_97' title='bbox 1269 1186 1388 1239; x_wconf 79' lang='lat' dir='ltr'><strong>ideo</strong></span> <span class='ocrx_word' id='word_1_98' title='bbox 1415 1182 1649 1252; x_wconf 84' lang='lat' dir='ltr'><strong>perfecta</strong></span> <span class='ocrx_word' id='word_1_99' title='bbox 1677 1191 1803 1236; x_wconf 90' lang='lat' dir='ltr'><strong>sunt</strong></span> <span class='ocrx_word' id='word_1_100' title='bbox 1842 1181 2021 1234; x_wconf 89' lang='lat' dir='ltr'><strong>omnia</strong></span> <span class='ocrx_word' id='word_1_101' title='bbox 2052 1197 2082 1234; x_wconf 89' lang='lat' dir='ltr'><strong>a</strong></span> <span class='ocrx_word' id='word_1_102' title='bbox 2111 1181 2212 1234; x_wconf 90' lang='lat' dir='ltr'><strong>Do-</strong></span> 
     </span>
    </p>
   </div>
   <div class='ocr_carea' id='block_1_15' title="bbox 633 1272 2208 1350">
    <p class='ocr_par' dir='ltr' id='par_1_15' title="bbox 633 1272 2208 1350">
     <span class='ocr_line' id='line_1_15' title="bbox 633 1272 2208 1350; baseline -0.006 -15"><span class='ocrx_word' id='word_1_103' title='bbox 633 1283 778 1336; x_wconf 89' lang='lat' dir='ltr'><strong>mino</strong></span> <span class='ocrx_word' id='word_1_104' title='bbox 807 1297 925 1350; x_wconf 71' lang='lat' dir='ltr'><strong>qnzc</strong></span> <span class='ocrx_word' id='word_1_105' title='bbox 956 1280 1096 1334; x_wconf 85' lang='lat' dir='ltr'><strong>dicta</strong></span> <span class='ocrx_word' id='word_1_106' title='bbox 1124 1285 1251 1332; x_wconf 85' lang='lat' dir='ltr'><strong>sunt</strong></span> <span class='ocrx_word' id='word_1_107' title='bbox 1278 1277 1347 1332; x_wconf 91' lang='lat' dir='ltr'><strong>ci.</strong></span> <span class='ocrx_word' id='word_1_108' title='bbox 1381 1275 1520 1344; x_wconf 88' lang='lat' dir='ltr'><strong>Ipsa,</strong></span> <span class='ocrx_word' id='word_1_109' title='bbox 1567 1275 1804 1342; x_wconf 88' lang='lat' dir='ltr'><strong>inquam,</strong></span> <span class='ocrx_word' id='word_1_110' title='bbox 1850 1272 2013 1327; x_wconf 80' lang='lat' dir='ltr'><strong>Maria</strong></span> <span class='ocrx_word' id='word_1_111' title='bbox 2044 1274 2208 1326; x_wconf 81' lang='lat' dir='ltr'><strong>coele-</strong></span> 
     </span>
    </p>
   </div>
   <div class='ocr_carea' id='block_1_16' title="bbox 629 1363 2207 1440">
    <p class='ocr_par' dir='ltr' id='par_1_16' title="bbox 629 1363 2207 1440">
     <span class='ocr_line' id='line_1_16' title="bbox 629 1363 2207 1440; baseline -0.007 -14"><span class='ocrx_word' id='word_1_112' title='bbox 629 1374 728 1426; x_wconf 76' lang='lat' dir='ltr'><strong>stis</strong></span> <span class='ocrx_word' id='word_1_113' title='bbox 755 1380 932 1440; x_wconf 86' lang='lat' dir='ltr'><strong>porta,</strong></span> <span class='ocrx_word' id='word_1_114' title='bbox 963 1368 1113 1436; x_wconf 86' lang='lat' dir='ltr'><strong>cujus</strong></span> <span class='ocrx_word' id='word_1_115' title='bbox 1139 1369 1433 1438; x_wconf 82' lang='lat' dir='ltr'><strong>gaudemus</strong></span> <span class='ocrx_word' id='word_1_116' title='bbox 1463 1365 1650 1426; x_wconf 82' lang='lat' dir='ltr'><strong>natali,</strong></span> <span class='ocrx_word' id='word_1_117' title='bbox 1699 1363 1833 1417; x_wconf 84' lang='lat' dir='ltr'><strong>nihil</strong></span> <span class='ocrx_word' id='word_1_118' title='bbox 1875 1363 2017 1416; x_wconf 85' lang='lat' dir='ltr'><strong>aliud</strong></span> <span class='ocrx_word' id='word_1_119' title='bbox 2047 1379 2207 1430; x_wconf 89' lang='lat' dir='ltr'><strong>quam</strong></span> 
     </span>
    </p>
   </div>
   <div class='ocr_carea' id='block_1_17' title="bbox 628 1441 2208 1529">
    <p class='ocr_par' dir='ltr' id='par_1_17' title="bbox 628 1441 2208 1529">
     <span class='ocr_line' id='line_1_17' title="bbox 628 1441 2208 1529; baseline -0.006 -12"><span class='ocrx_word' id='word_1_120' title='bbox 628 1453 896 1517; x_wconf 82' lang='lat' dir='ltr'><strong>credendo</strong></span> <span class='ocrx_word' id='word_1_121' title='bbox 920 1441 1181 1529; x_wconf 68' lang='grc' dir='ltr'><strong>(ῒιιιηιυρίί.</strong></span> <span class='ocrx_word' id='word_1_122' title='bbox 1215 1459 1259 1513; x_wconf 87' lang='grc' dir='ltr'><strong>Ο</strong></span> <span class='ocrx_word' id='word_1_123' title='bbox 1301 1459 1422 1512; x_wconf 72' lang='lat' dir='ltr'><strong>felix</strong></span> <span class='ocrx_word' id='word_1_124' title='bbox 1468 1458 1630 1512; x_wconf 78' lang='lat' dir='ltr'><strong>Maria</strong></span> <span class='ocrx_word' id='word_1_125' title='bbox 1661 1466 1714 1511; x_wconf 85' lang='lat' dir='ltr'><strong>et</strong></span> <span class='ocrx_word' id='word_1_126' title='bbox 1752 1458 1896 1512; x_wconf 85' lang='lat' dir='ltr'><strong>oumi</strong></span> <span class='ocrx_word' id='word_1_127' title='bbox 1937 1456 2089 1510; x_wconf 77' lang='lat' dir='ltr'><strong>laude</strong></span> <span class='ocrx_word' id='word_1_128' title='bbox 2129 1457 2208 1508; x_wconf 87' lang='lat' dir='ltr'><strong>di-</strong></span> 
     </span>
    </p>
   </div>
   <div class='ocr_carea' id='block_1_18' title="bbox 627 1541 2206 1624">
    <p class='ocr_par' dir='ltr' id='par_1_18' title="bbox 627 1541 2206 1624">
     <span class='ocr_line' id='line_1_18' title="bbox 627 1541 2206 1624; baseline -0.004 -15"><span class='ocrx_word' id='word_1_129' title='bbox 627 1558 903 1624; x_wconf 73' lang='lat' dir='ltr'><strong>gnissima.</strong></span> <span class='ocrx_word' id='word_1_130' title='bbox 940 1572 1058 1623; x_wconf 62' lang='lat' dir='ltr'><strong>qua!</strong></span> <span class='ocrx_word' id='word_1_131' title='bbox 1091 1555 1249 1606; x_wconf 81' lang='lat' dir='ltr'><strong>talem</strong></span> <span class='ocrx_word' id='word_1_132' title='bbox 1282 1567 1344 1605; x_wconf 87' lang='lat' dir='ltr'><strong>ac</strong></span> <span class='ocrx_word' id='word_1_133' title='bbox 1377 1541 2024 1619; x_wconf 67' lang='lat' dir='ltr'><strong>tantunfRedetuploretn</strong></span> <span class='ocrx_word' id='word_1_134' title='bbox 2053 1549 2206 1602; x_wconf 87' lang='lat' dir='ltr'><strong>nobis</strong></span> 
     </span>
    </p>
   </div>
   <div class='ocr_carea' id='block_1_19' title="bbox 2321 378 3904 456">
    <p class='ocr_par' dir='ltr' id='par_1_19' title="bbox 2321 378 3904 456">
     <span class='ocr_line' id='line_1_19' title="bbox 2321 378 3904 456; baseline 0.006 -25"><span class='ocrx_word' id='word_1_135' title='bbox 2321 378 2498 432; x_wconf 64' lang='lat' dir='ltr'><strong>litium</strong></span> <span class='ocrx_word' id='word_1_136' title='bbox 2526 383 2734 449; x_wconf 87' lang='lat' dir='ltr'><strong>proprio</strong></span> <span class='ocrx_word' id='word_1_137' title='bbox 2777 380 2916 435; x_wconf 71' lang='lat' dir='ltr'><strong>Filio</strong></span> <span class='ocrx_word' id='word_1_138' title='bbox 2942 399 3036 435; x_wconf 87' lang='lat' dir='ltr'><strong>suo</strong></span> <span class='ocrx_word' id='word_1_139' title='bbox 3075 401 3173 437; x_wconf 85' lang='lat' dir='ltr'><strong>non</strong></span> <span class='ocrx_word' id='word_1_140' title='bbox 3215 387 3436 455; x_wconf 88' lang='lat' dir='ltr'><strong>pepercit</strong></span> <span class='ocrx_word' id='word_1_141' title='bbox 3467 387 3626 451; x_wconf 81' lang='lat' dir='ltr'><strong>Deus,</strong></span> <span class='ocrx_word' id='word_1_142' title='bbox 3673 391 3764 442; x_wconf 83' lang='lat' dir='ltr'><strong>sed</strong></span> <span class='ocrx_word' id='word_1_143' title='bbox 3807 408 3904 456; x_wconf 86' lang='lat' dir='ltr'><strong>pm</strong></span> 
     </span>
    </p>
   </div>
   <div class='ocr_carea' id='block_1_20' title="bbox 2319 468 3903 548">
    <p class='ocr_par' dir='ltr' id='par_1_20' title="bbox 2319 468 3903 548">
     <span class='ocr_line' id='line_1_20' title="bbox 2319 468 3903 548; baseline 0.009 -29"><span class='ocrx_word' id='word_1_144' title='bbox 2319 468 2464 522; x_wconf 75' lang='lat' dir='ltr'><strong>nobis</strong></span> <span class='ocrx_word' id='word_1_145' title='bbox 2506 469 2742 523; x_wconf 87' lang='lat' dir='ltr'><strong>omnibus</strong></span> <span class='ocrx_word' id='word_1_146' title='bbox 2787 471 3004 524; x_wconf 83' lang='lat' dir='ltr'><strong>tradidit</strong></span> <span class='ocrx_word' id='word_1_147' title='bbox 3056 473 3204 526; x_wconf 85' lang='lat' dir='ltr'><strong>illum</strong></span> <span class='ocrx_word' id='word_1_148' title='bbox 3253 474 3424 542; x_wconf 78' lang='lat' dir='ltr'><strong>(Rom.</strong></span> <span class='ocrx_word' id='word_1_149' title='bbox 3455 493 3572 540; x_wconf 80' lang='lat' dir='ltr'><strong>vm,</strong></span> <span class='ocrx_word' id='word_1_150' title='bbox 3600 479 3712 548; x_wconf 74' lang='lat'><strong>52).</strong></span> <span class='ocrx_word' id='word_1_151' title='bbox 3767 479 3903 546; x_wconf 81' lang='lat' dir='ltr'><strong>Quis</strong></span> 
     </span>
    </p>
   </div>
   <div class='ocr_carea' id='block_1_21' title="bbox 2318 558 3902 635">
    <p class='ocr_par' dir='ltr' id='par_1_21' title="bbox 2318 558 3902 635">
     <span class='ocr_line' id='line_1_21' title="bbox 2318 558 3902 635; baseline 0.011 -27"><span class='ocrx_word' id='word_1_152' title='bbox 2318 565 2480 612; x_wconf 78' lang='lat' dir='ltr'><strong>tantze</strong></span> <span class='ocrx_word' id='word_1_153' title='bbox 2527 558 2744 626; x_wconf 81' lang='lat' dir='ltr'><strong>pietatis</strong></span> <span class='ocrx_word' id='word_1_154' title='bbox 2792 561 3006 615; x_wconf 78' lang='lat' dir='ltr'><strong>divitias</strong></span> <span class='ocrx_word' id='word_1_155' title='bbox 3058 579 3164 617; x_wconf 89' lang='lat' dir='ltr'><strong>non</strong></span> <span class='ocrx_word' id='word_1_156' title='bbox 3215 560 3598 635; x_wconf 82' lang='lat' dir='ltr'><strong>Obstupescat?</strong></span> <span class='ocrx_word' id='word_1_157' title='bbox 3645 571 3777 635; x_wconf 85' lang='lat' dir='ltr'><strong>Quis</strong></span> <span class='ocrx_word' id='word_1_158' title='bbox 3830 572 3902 624; x_wconf 89' lang='lat' dir='ltr'><strong>ad</strong></span> 
     </span>
    </p>
   </div>
   <div class='ocr_carea' id='block_1_22' title="bbox 2281 647 3894 715">
    <p class='ocr_par' dir='ltr' id='par_1_22' title="bbox 2281 647 3894 715">
     <span class='ocr_line' id='line_1_22' title="bbox 2281 647 3894 715; baseline 0.011 -18"><span class='ocrx_word' id='word_1_159' title='bbox 2281 654 2520 701; x_wconf 88' lang='lat' dir='ltr'><strong>&#39;tantam</strong></span> <span class='ocrx_word' id='word_1_160' title='bbox 2575 647 2902 704; x_wconf 81' lang='lat' dir='ltr'><strong>ineffabilem</strong></span> <span class='ocrx_word' id='word_1_161' title='bbox 2941 652 3261 707; x_wconf 87' lang='lat' dir='ltr'><strong>charitatem</strong></span> <span class='ocrx_word' id='word_1_162' title='bbox 3308 669 3414 709; x_wconf 91' lang='lat' dir='ltr'><strong>non</strong></span> <span class='ocrx_word' id='word_1_163' title='bbox 3466 660 3894 715; x_wconf 74' lang='lat' dir='ltr'><strong>contremiscat!</strong></span> 
     </span>
    </p>
   </div>
   <div class='ocr_carea' id='block_1_23' title="bbox 2315 738 3881 816">
    <p class='ocr_par' dir='ltr' id='par_1_23' title="bbox 2315 738 3881 816">
     <span class='ocr_line' id='line_1_23' title="bbox 2315 738 3881 816; baseline 0.01 -28"><span class='ocrx_word' id='word_1_164' title='bbox 2315 738 2445 802; x_wconf 78' lang='lat' dir='ltr'><strong>Quis</strong></span> <span class='ocrx_word' id='word_1_165' title='bbox 2485 755 2718 808; x_wconf 89' lang='lat' dir='ltr'><strong>unquam</strong></span> <span class='ocrx_word' id='word_1_166' title='bbox 2752 751 2931 809; x_wconf 87' lang='lat' dir='ltr'><strong>posset</strong></span> <span class='ocrx_word' id='word_1_167' title='bbox 2955 743 3240 801; x_wconf 71' lang='lat' dir='ltr'><strong>aestimare.</strong></span> <span class='ocrx_word' id='word_1_168' title='bbox 3288 753 3346 798; x_wconf 85' lang='lat' dir='ltr'><strong>ut</strong></span> <span class='ocrx_word' id='word_1_169' title='bbox 3384 756 3692 816; x_wconf 82' lang='lat' dir='ltr'><strong>portaretur</strong></span> <span class='ocrx_word' id='word_1_170' title='bbox 3724 751 3881 803; x_wconf 88' lang='lat' dir='ltr'><strong>mani-</strong></span> 
     </span>
    </p>
   </div>
   <div class='ocr_carea' id='block_1_24' title="bbox 2315 828 3894 909">
    <p class='ocr_par' dir='ltr' id='par_1_24' title="bbox 2315 828 3894 909">
     <span class='ocr_line' id='line_1_24' title="bbox 2315 828 3894 909; baseline 0.009 -29"><span class='ocrx_word' id='word_1_171' title='bbox 2315 828 2413 882; x_wconf 85' lang='lat' dir='ltr'><strong>bus</strong></span> <span class='ocrx_word' id='word_1_172' title='bbox 2441 828 2650 884; x_wconf 71' lang='lat' dir='ltr'><strong>feminze</strong></span> <span class='ocrx_word' id='word_1_173' title='bbox 2680 831 2724 884; x_wconf 89' lang='lat' dir='ltr'><strong>is</strong></span> <span class='ocrx_word' id='word_1_174' title='bbox 2748 841 2990 900; x_wconf 82' lang='lat' dir='ltr'><strong>portatur</strong></span> <span class='ocrx_word' id='word_1_175' title='bbox 3013 834 3201 888; x_wconf 80' lang='lat' dir='ltr'><strong>orbis?</strong></span> <span class='ocrx_word' id='word_1_176' title='bbox 3237 839 3391 904; x_wconf 90' lang='lat' dir='ltr'><strong>panis</strong></span> <span class='ocrx_word' id='word_1_177' title='bbox 3429 839 3739 909; x_wconf 81' lang='lat' dir='ltr'><strong>angelorum</strong></span> <span class='ocrx_word' id='word_1_178' title='bbox 3783 841 3894 894; x_wconf 67' lang='lat' dir='ltr'><strong>aleo</strong></span> 
     </span>
    </p>
   </div>
   <div class='ocr_carea' id='block_1_25' title="bbox 2315 919 3897 996">
    <p class='ocr_par' dir='ltr' id='par_1_25' title="bbox 2315 919 3897 996">
     <span class='ocr_line' id='line_1_25' title="bbox 2315 919 3897 996; baseline 0.009 -27"><span class='ocrx_word' id='word_1_179' title='bbox 2315 926 2480 980; x_wconf 85' lang='lat' dir='ltr'><strong>retur,</strong></span> <span class='ocrx_word' id='word_1_180' title='bbox 2515 919 2686 973; x_wconf 84' lang='lat' dir='ltr'><strong>virtus</strong></span> <span class='ocrx_word' id='word_1_181' title='bbox 2728 921 2988 975; x_wconf 76' lang='lat' dir='ltr'><strong>cmlorum</strong></span> <span class='ocrx_word' id='word_1_182' title='bbox 3035 923 3423 990; x_wconf 85' lang='lat' dir='ltr'><strong>infirmaretur,</strong></span> <span class='ocrx_word' id='word_1_183' title='bbox 3452 935 3691 996; x_wconf 76' lang='lat' dir='ltr'><strong>potestas</strong></span> <span class='ocrx_word' id='word_1_184' title='bbox 3726 931 3897 982; x_wconf 66' lang='grc' dir='ltr'>(ζωιοο</span> 
     </span>
    </p>
   </div>
   <div class='ocr_carea' id='block_1_26' title="bbox 2313 1008 3897 1086">
    <p class='ocr_par' dir='ltr' id='par_1_26' title="bbox 2313 1008 3897 1086">
     <span class='ocr_line' id='line_1_26' title="bbox 2313 1008 3897 1086; baseline 0.007 -27"><span class='ocrx_word' id='word_1_185' title='bbox 2313 1021 2432 1060; x_wconf 89' lang='lat' dir='ltr'><strong>rum</strong></span> <span class='ocrx_word' id='word_1_186' title='bbox 2486 1008 2877 1075; x_wconf 89' lang='lat' dir='ltr'><strong>humiliaretur,</strong></span> <span class='ocrx_word' id='word_1_187' title='bbox 2933 1021 3147 1066; x_wconf 85' lang='lat' dir='ltr'><strong>creator</strong></span> <span class='ocrx_word' id='word_1_188' title='bbox 3195 1015 3504 1083; x_wconf 82' lang='lat' dir='ltr'><strong>angelorum</strong></span> <span class='ocrx_word' id='word_1_189' title='bbox 3554 1017 3608 1070; x_wconf 88' lang='lat' dir='ltr'><strong>in</strong></span> <span class='ocrx_word' id='word_1_190' title='bbox 3653 1033 3897 1086; x_wconf 64' lang='lat' dir='ltr'><strong>prwscpe</strong></span> 
     </span>
    </p>
   </div>
   <div class='ocr_carea' id='block_1_27' title="bbox 2312 1098 3894 1165">
    <p class='ocr_par' dir='ltr' id='par_1_27' title="bbox 2312 1098 3894 1165">
     <span class='ocr_line' id='line_1_27' title="bbox 2312 1098 3894 1165; baseline 0.006 -14"><span class='ocrx_word' id='word_1_191' title='bbox 2312 1106 2603 1165; x_wconf 83' lang='lat' dir='ltr'><strong>poneretur</strong></span> <span class='ocrx_word' id='word_1_192' title='bbox 2626 1108 2682 1152; x_wconf 89' lang='lat' dir='ltr'><strong>et</strong></span> <span class='ocrx_word' id='word_1_193' title='bbox 2726 1101 2833 1154; x_wconf 86' lang='lat' dir='ltr'><strong>vita</strong></span> <span class='ocrx_word' id='word_1_194' title='bbox 2865 1098 3104 1156; x_wconf 69' lang='lat' dir='ltr'><strong>‘omnium</strong></span> <span class='ocrx_word' id='word_1_195' title='bbox 3153 1106 3492 1159; x_wconf 85' lang='lat' dir='ltr'><strong>moreretur?</strong></span> <span class='ocrx_word' id='word_1_196' title='bbox 3547 1105 3787 1160; x_wconf 74' lang='lat' dir='ltr'><strong>Mortuus</strong></span> <span class='ocrx_word' id='word_1_197' title='bbox 3815 1118 3894 1161; x_wconf 75' lang='lat' dir='ltr'><strong>est</strong></span> 
     </span>
    </p>
   </div>
   <div class='ocr_carea' id='block_1_28' title="bbox 2311 1185 3894 1265">
    <p class='ocr_par' dir='ltr' id='par_1_28' title="bbox 2311 1185 3894 1265">
     <span class='ocr_line' id='line_1_28' title="bbox 2311 1185 3894 1265; baseline 0.007 -28"><span class='ocrx_word' id='word_1_198' title='bbox 2311 1187 2447 1238; x_wconf 83' lang='lat' dir='ltr'><strong>enim</strong></span> <span class='ocrx_word' id='word_1_199' title='bbox 2476 1185 2711 1240; x_wconf 85' lang='lat' dir='ltr'><strong>Christus</strong></span> <span class='ocrx_word' id='word_1_200' title='bbox 2740 1199 2948 1257; x_wconf 79' lang='lat' dir='ltr'><strong>propter</strong></span> <span class='ocrx_word' id='word_1_201' title='bbox 2974 1189 3162 1243; x_wconf 84' lang='lat' dir='ltr'><strong>delicta</strong></span> <span class='ocrx_word' id='word_1_202' title='bbox 3189 1201 3389 1256; x_wconf 85' lang='lat' dir='ltr'><strong>nostra,</strong></span> <span class='ocrx_word' id='word_1_203' title='bbox 3419 1203 3466 1245; x_wconf 85' lang='lat' dir='ltr'><strong>et</strong></span> <span class='ocrx_word' id='word_1_204' title='bbox 3509 1197 3735 1259; x_wconf 74' lang='lat' dir='ltr'><strong>surrexit</strong></span> <span class='ocrx_word' id='word_1_205' title='bbox 3769 1212 3894 1265; x_wconf 81' lang='lat' dir='ltr'><strong>pro-</strong></span> 
     </span>
    </p>
   </div>
   <div class='ocr_carea' id='block_1_29' title="bbox 2309 1277 3889 1355">
    <p class='ocr_par' dir='ltr' id='par_1_29' title="bbox 2309 1277 3889 1355">
     <span class='ocr_line' id='line_1_29' title="bbox 2309 1277 3889 1355; baseline 0.007 -27"><span class='ocrx_word' id='word_1_206' title='bbox 2309 1285 2422 1343; x_wconf 85' lang='lat' dir='ltr'><strong>pter</strong></span> <span class='ocrx_word' id='word_1_207' title='bbox 2466 1277 2888 1355; x_wconf 72' lang='lat' dir='ltr'><strong>instiﬁcatipnem</strong></span> <span class='ocrx_word' id='word_1_208' title='bbox 2931 1289 3162 1333; x_wconf 87' lang='lat' dir='ltr'><strong>nostram</strong></span> <span class='ocrx_word' id='word_1_209' title='bbox 3203 1280 3380 1351; x_wconf 83' lang='lat' dir='ltr'><strong>(Rom.</strong></span> <span class='ocrx_word' id='word_1_210' title='bbox 3410 1299 3484 1346; x_wconf 75' lang='lat' dir='ltr'><strong>tv,</strong></span> <span class='ocrx_word' id='word_1_211' title='bbox 3513 1283 3624 1352; x_wconf 69' lang='lat'><strong>25).</strong></span> <span class='ocrx_word' id='word_1_212' title='bbox 3667 1284 3712 1339; x_wconf 91' lang='grc'>0</span> <span class='ocrx_word' id='word_1_213' title='bbox 3761 1301 3889 1339; x_wconf 82' lang='lat' dir='ltr'><strong>vera</strong></span> 
     </span>
    </p>
   </div>
   <div class='ocr_carea' id='block_1_30' title="bbox 2275 1362 3888 1431">
    <p class='ocr_par' dir='ltr' id='par_1_30' title="bbox 2275 1362 3888 1431">
     <span class='ocr_line' id='line_1_30' title="bbox 2275 1362 3888 1431; baseline 0.007 -13"><span class='ocrx_word' id='word_1_214' title='bbox 2275 1362 2281 1366; x_wconf 69' lang='grc'><em>”</em></span> <span class='ocrx_word' id='word_1_215' title='bbox 2310 1365 2570 1431; x_wconf 88' lang='lat' dir='ltr'><strong>eharitas,</strong></span> <span class='ocrx_word' id='word_1_216' title='bbox 2613 1376 2669 1421; x_wconf 87' lang='lat' dir='ltr'><strong>et</strong></span> <span class='ocrx_word' id='word_1_217' title='bbox 2711 1367 2873 1421; x_wconf 89' lang='lat' dir='ltr'><strong>chara</strong></span> <span class='ocrx_word' id='word_1_218' title='bbox 2921 1370 3232 1424; x_wconf 69' lang='lat' dir='ltr'><strong>aeternitas!</strong></span> <span class='ocrx_word' id='word_1_219' title='bbox 3264 1386 3297 1425; x_wconf 87' lang='grc' dir='ltr'>ο</span> <span class='ocrx_word' id='word_1_220' title='bbox 3323 1388 3532 1427; x_wconf 88' lang='lat' dir='ltr'><strong>summa</strong></span> <span class='ocrx_word' id='word_1_221' title='bbox 3582 1374 3799 1430; x_wconf 85' lang='lat' dir='ltr'><strong>dilectio</strong></span> <span class='ocrx_word' id='word_1_222' title='bbox 3829 1385 3888 1430; x_wconf 74' lang='lat' dir='ltr'><strong>et</strong></span> 
     </span>
    </p>
   </div>
   <div class='ocr_carea' id='block_1_31' title="bbox 2311 1457 3892 1535">
    <p class='ocr_par' dir='ltr' id='par_1_31' title="bbox 2311 1457 3892 1535">
     <span class='ocr_line' id='line_1_31' title="bbox 2311 1457 3892 1535; baseline 0.008 -27"><span class='ocrx_word' id='word_1_223' title='bbox 2311 1469 2551 1508; x_wconf 83' lang='lat' dir='ltr'><strong>summus</strong></span> <span class='ocrx_word' id='word_1_224' title='bbox 2590 1457 2782 1510; x_wconf 87' lang='lat' dir='ltr'><strong>amor!</strong></span> <span class='ocrx_word' id='word_1_225' title='bbox 2816 1466 2875 1509; x_wconf 94' lang='lat' dir='ltr'><strong>ut</strong></span> <span class='ocrx_word' id='word_1_226' title='bbox 2917 1471 3106 1513; x_wconf 84' lang='lat' dir='ltr'><strong>servus</strong></span> <span class='ocrx_word' id='word_1_227' title='bbox 3145 1461 3460 1526; x_wconf 87' lang='lat' dir='ltr'><strong>redimatur,</strong></span> <span class='ocrx_word' id='word_1_228' title='bbox 3493 1462 3602 1518; x_wconf 87' lang='lat' dir='ltr'><strong>filio</strong></span> <span class='ocrx_word' id='word_1_229' title='bbox 3629 1481 3734 1518; x_wconf 89' lang='lat' dir='ltr'><strong>non</strong></span> <span class='ocrx_word' id='word_1_230' title='bbox 3762 1481 3892 1535; x_wconf 84' lang='lat' dir='ltr'><strong>par-</strong></span> 
     </span>
    </p>
   </div>
   <div class='ocr_carea' id='block_1_32' title="bbox 2309 1543 3889 1619">
    <p class='ocr_par' dir='ltr' id='par_1_32' title="bbox 2309 1543 3889 1619">
     <span class='ocr_line' id='line_1_32' title="bbox 2309 1543 3889 1619; baseline 0.008 -23"><span class='ocrx_word' id='word_1_231' title='bbox 2309 1543 2468 1596; x_wconf 88' lang='lat' dir='ltr'><strong>citur.</strong></span> <span class='ocrx_word' id='word_1_232' title='bbox 2510 1544 2787 1600; x_wconf 86' lang='lat' dir='ltr'><strong>Audenter</strong></span> <span class='ocrx_word' id='word_1_233' title='bbox 2811 1546 3008 1612; x_wconf 81' lang='lat' dir='ltr'><strong>dicam&#39;,</strong></span> <span class='ocrx_word' id='word_1_234' title='bbox 3045 1546 3270 1603; x_wconf 83' lang='lat' dir='ltr'><strong>fratres!</strong></span> <span class='ocrx_word' id='word_1_235' title='bbox 3301 1551 3426 1619; x_wconf 84' lang='lat' dir='ltr'><strong>quia</strong></span> <span class='ocrx_word' id='word_1_236' title='bbox 3456 1551 3580 1606; x_wconf 76' lang='lat' dir='ltr'><strong>felix</strong></span> <span class='ocrx_word' id='word_1_237' title='bbox 3622 1563 3676 1606; x_wconf 90' lang='lat' dir='ltr'><strong>et</strong></span> <span class='ocrx_word' id='word_1_238' title='bbox 3705 1570 3889 1609; x_wconf 83' lang='lat' dir='ltr'><strong>neces-</strong></span> 
     </span>
    </p>
   </div>
   <div class='ocr_carea' id='block_1_33' title="bbox 624 1633 3889 1720">
    <p class='ocr_par' dir='ltr' id='par_1_33' title="bbox 624 1633 3889 1720">
     <span class='ocr_line' id='line_1_33' title="bbox 624 1633 3889 1720; baseline -0.001 -19"><span class='ocrx_word' id='word_1_239' title='bbox 624 1650 839 1720; x_wconf 78' lang='lat' dir='ltr'><strong>protnlit</strong></span> <span class='ocrx_word' id='word_1_240' title='bbox 870 1652 880 1700; x_wconf 83' lang='lat'>!</span> <span class='ocrx_word' id='word_1_241' title='bbox 911 1648 954 1700; x_wconf 81' lang='lat'>0</span> <span class='ocrx_word' id='word_1_242' title='bbox 985 1647 1210 1717; x_wconf 69' lang='lat' dir='ltr'><strong>geniti-ix</strong></span> <span class='ocrx_word' id='word_1_243' title='bbox 1237 1646 1465 1716; x_wconf 69' lang='lat' dir='ltr'><strong>gloriosa</strong></span> <span class='ocrx_word' id='word_1_244' title='bbox 1494 1647 1506 1697; x_wconf 87' lang='lat' dir='ltr'><strong>l</strong></span> <span class='ocrx_word' id='word_1_245' title='bbox 1541 1660 1574 1696; x_wconf 87' lang='grc' dir='ltr'>ο</span> <span class='ocrx_word' id='word_1_246' title='bbox 1609 1643 1780 1698; x_wconf 89' lang='lat' dir='ltr'><strong>felicia</strong></span> <span class='ocrx_word' id='word_1_247' title='bbox 1803 1642 1986 1697; x_wconf 84' lang='lat' dir='ltr'><strong>oscula</strong></span> <span class='ocrx_word' id='word_1_248' title='bbox 2008 1643 2210 1696; x_wconf 83' lang='lat' dir='ltr'><strong>lactan—</strong></span> <span class='ocrx_word' id='word_1_249' title='bbox 2247 1639 2285 1696; x_wconf 73' lang='grc' dir='ltr'>Β</span> <span class='ocrx_word' id='word_1_250' title='bbox 2307 1635 2456 1693; x_wconf 65' lang='lat' dir='ltr'><strong>saria</strong></span> <span class='ocrx_word' id='word_1_251' title='bbox 2491 1633 2593 1690; x_wconf 89' lang='lat' dir='ltr'><strong>fuit</strong></span> <span class='ocrx_word' id='word_1_252' title='bbox 2635 1637 2793 1707; x_wconf 91' lang='lat' dir='ltr'><strong>culpa</strong></span> <span class='ocrx_word' id='word_1_253' title='bbox 2836 1640 2997 1708; x_wconf 89' lang='lat' dir='ltr'><strong>primi</strong></span> <span class='ocrx_word' id='word_1_254' title='bbox 3033 1641 3286 1706; x_wconf 85' lang='lat' dir='ltr'><strong>hominis,</strong></span> <span class='ocrx_word' id='word_1_255' title='bbox 3321 1659 3441 1712; x_wconf 67' lang='lat' dir='ltr'><strong>qute</strong></span> <span class='ocrx_word' id='word_1_256' title='bbox 3491 1644 3664 1714; x_wconf 89' lang='lat' dir='ltr'><strong>ipsmn</strong></span> <span class='ocrx_word' id='word_1_257' title='bbox 3709 1644 3889 1699; x_wconf 81' lang='lat' dir='ltr'><strong>Domi-</strong></span> 
     </span>
    </p>
   </div>
   <div class='ocr_carea' id='block_1_34' title="bbox 624 1735 2207 1810">
    <p class='ocr_par' dir='ltr' id='par_1_34' title="bbox 624 1735 2207 1810">
     <span class='ocr_line' id='line_1_34' title="bbox 624 1735 2207 1810; baseline -0.004 -16"><span class='ocrx_word' id='word_1_258' title='bbox 624 1744 695 1797; x_wconf 85' lang='lat' dir='ltr'><strong>Iis</strong></span> <span class='ocrx_word' id='word_1_259' title='bbox 727 1743 892 1795; x_wconf 70' lang='lat' dir='ltr'><strong>labris</strong></span> <span class='ocrx_word' id='word_1_260' title='bbox 923 1741 1179 1810; x_wconf 83' lang='lat' dir='ltr'><strong>impressa</strong></span> <span class='ocrx_word' id='word_1_261' title='bbox 1206 1741 1216 1789; x_wconf 72' lang='grc' dir='ltr'><strong><em>τ</em></strong></span> <span class='ocrx_word' id='word_1_262' title='bbox 1250 1753 1371 1792; x_wconf 89' lang='lat' dir='ltr'><strong>cum</strong></span> <span class='ocrx_word' id='word_1_263' title='bbox 1399 1739 1538 1790; x_wconf 87' lang='lat' dir='ltr'><strong>inter</strong></span> <span class='ocrx_word' id='word_1_264' title='bbox 1559 1737 1747 1789; x_wconf 74' lang='lat' dir='ltr'><strong>crebra</strong></span> <span class='ocrx_word' id='word_1_265' title='bbox 1774 1735 1968 1791; x_wconf 87' lang='lat' dir='ltr'><strong>indicia</strong></span> <span class='ocrx_word' id='word_1_266' title='bbox 1990 1736 2207 1801; x_wconf 77' lang='lat' dir='ltr'><strong>vagien-</strong></span> 
     </span>
    </p>
   </div>
   <div class='ocr_carea' id='block_1_35' title="bbox 623 1826 2204 1898">
    <p class='ocr_par' dir='ltr' id='par_1_35' title="bbox 623 1826 2204 1898">
     <span class='ocr_line' id='line_1_35' title="bbox 623 1826 2204 1898; baseline -0.003 -14"><span class='ocrx_word' id='word_1_267' title='bbox 623 1835 692 1886; x_wconf 87' lang='lat' dir='ltr'><strong>tis</strong></span> <span class='ocrx_word' id='word_1_268' title='bbox 733 1832 969 1885; x_wconf 72' lang='lat' dir='ltr'><strong>int‘antim</strong></span> <span class='ocrx_word' id='word_1_269' title='bbox 999 1830 1384 1898; x_wconf 87' lang='lat' dir='ltr'><strong>reptantisque,</strong></span> <span class='ocrx_word' id='word_1_270' title='bbox 1427 1835 1486 1881; x_wconf 90' lang='lat' dir='ltr'><strong>ut</strong></span> <span class='ocrx_word' id='word_1_271' title='bbox 1528 1835 1652 1896; x_wconf 88' lang='lat' dir='ltr'><strong>pote</strong></span> <span class='ocrx_word' id='word_1_272' title='bbox 1679 1842 1842 1882; x_wconf 89' lang='lat' dir='ltr'><strong>verus</strong></span> <span class='ocrx_word' id='word_1_273' title='bbox 1882 1841 1946 1881; x_wconf 79' lang='lat' dir='ltr'><strong>ex</strong></span> <span class='ocrx_word' id='word_1_274' title='bbox 1978 1837 2030 1882; x_wconf 90' lang='lat' dir='ltr'><strong>te</strong></span> <span class='ocrx_word' id='word_1_275' title='bbox 2062 1826 2204 1880; x_wconf 74' lang='lat' dir='ltr'><strong>filius</strong></span> 
     </span>
    </p>
   </div>
   <div class='ocr_carea' id='block_1_36' title="bbox 623 1919 2200 1984">
    <p class='ocr_par' dir='ltr' id='par_1_36' title="bbox 623 1919 2200 1984">
     <span class='ocr_line' id='line_1_36' title="bbox 623 1919 2200 1984; baseline -0.001 -9"><span class='ocrx_word' id='word_1_276' title='bbox 623 1925 719 1977; x_wconf 87' lang='lat' dir='ltr'><strong>tibi</strong></span> <span class='ocrx_word' id='word_1_277' title='bbox 751 1923 907 1976; x_wconf 89' lang='lat' dir='ltr'><strong>matri</strong></span> <span class='ocrx_word' id='word_1_278' title='bbox 938 1923 1215 1984; x_wconf 87' lang='lat' dir='ltr'><strong>alluderct,</strong></span> <span class='ocrx_word' id='word_1_279' title='bbox 1261 1936 1384 1975; x_wconf 89' lang='lat' dir='ltr'><strong>cum</strong></span> <span class='ocrx_word' id='word_1_280' title='bbox 1436 1936 1598 1976; x_wconf 89' lang='lat' dir='ltr'><strong>verus</strong></span> <span class='ocrx_word' id='word_1_281' title='bbox 1636 1936 1700 1975; x_wconf 75' lang='lat' dir='ltr'><strong>ex</strong></span> <span class='ocrx_word' id='word_1_282' title='bbox 1732 1921 1890 1975; x_wconf 87' lang='lat' dir='ltr'><strong>Patre</strong></span> <span class='ocrx_word' id='word_1_283' title='bbox 1941 1919 2200 1975; x_wconf 85' lang='lat' dir='ltr'><strong>Dominus</strong></span> 
     </span>
    </p>
   </div>
   <div class='ocr_carea' id='block_1_37' title="bbox 622 2010 2200 2084">
    <p class='ocr_par' dir='ltr' id='par_1_37' title="bbox 622 2010 2200 2084">
     <span class='ocr_line' id='line_1_37' title="bbox 622 2010 2200 2084; baseline -0.003 -15"><span class='ocrx_word' id='word_1_284' title='bbox 622 2016 930 2084; x_wconf 87' lang='lat' dir='ltr'><strong>imperaret.</strong></span> <span class='ocrx_word' id='word_1_285' title='bbox 986 2013 1151 2068; x_wconf 74' lang='lat' dir='ltr'><strong>Natus</strong></span> <span class='ocrx_word' id='word_1_286' title='bbox 1179 2029 1244 2067; x_wconf 80' lang='lat' dir='ltr'><strong>ex</strong></span> <span class='ocrx_word' id='word_1_287' title='bbox 1275 2021 1350 2076; x_wconf 88' lang='lat' dir='ltr'><strong>te,</strong></span> <span class='ocrx_word' id='word_1_288' title='bbox 1399 2013 1492 2080; x_wconf 86' lang='lat' dir='ltr'><strong>qui</strong></span> <span class='ocrx_word' id='word_1_289' title='bbox 1541 2011 1671 2066; x_wconf 89' lang='lat' dir='ltr'><strong>fecit</strong></span> <span class='ocrx_word' id='word_1_290' title='bbox 1701 2020 1772 2066; x_wconf 88' lang='lat' dir='ltr'><strong>te.</strong></span> <span class='ocrx_word' id='word_1_291' title='bbox 1824 2010 1994 2067; x_wconf 70' lang='lat' dir='ltr'><strong>Natus</strong></span> <span class='ocrx_word' id='word_1_292' title='bbox 2031 2024 2098 2066; x_wconf 74' lang='lat' dir='ltr'><strong>ex</strong></span> <span class='ocrx_word' id='word_1_293' title='bbox 2126 2019 2200 2075; x_wconf 86' lang='lat' dir='ltr'><strong>te.</strong></span> 
     </span>
    </p>
   </div>
   <div class='ocr_carea' id='block_1_38' title="bbox 620 2100 2204 2175">
    <p class='ocr_par' dir='ltr' id='par_1_38' title="bbox 620 2100 2204 2175">
     <span class='ocr_line' id='line_1_38' title="bbox 620 2100 2204 2175; baseline -0.001 -18"><span class='ocrx_word' id='word_1_294' title='bbox 620 2108 711 2175; x_wconf 84' lang='lat' dir='ltr'><strong>qni</strong></span> <span class='ocrx_word' id='word_1_295' title='bbox 743 2122 806 2160; x_wconf 70' lang='lat' dir='ltr'><strong>ex</strong></span> <span class='ocrx_word' id='word_1_296' title='bbox 839 2113 987 2174; x_wconf 81' lang='lat' dir='ltr'><strong>petra</strong></span> <span class='ocrx_word' id='word_1_297' title='bbox 1019 2103 1212 2172; x_wconf 87' lang='lat' dir='ltr'><strong>populo</strong></span> <span class='ocrx_word' id='word_1_298' title='bbox 1236 2101 1435 2158; x_wconf 76' lang='lat' dir='ltr'><strong>sitie‘nti</strong></span> <span class='ocrx_word' id='word_1_299' title='bbox 1473 2117 1665 2171; x_wconf 86' lang='lat' dir='ltr'><strong>aquam</strong></span> <span class='ocrx_word' id='word_1_300' title='bbox 1714 2101 1985 2171; x_wconf 77' lang='lat' dir='ltr'><strong>produxit.</strong></span> <span class='ocrx_word' id='word_1_301' title='bbox 2036 2100 2204 2156; x_wconf 88' lang='lat' dir='ltr'><strong>Natus</strong></span> 
     </span>
    </p>
   </div>
   <div class='ocr_carea' id='block_1_39' title="bbox 618 2194 2200 2264">
    <p class='ocr_par' dir='ltr' id='par_1_39' title="bbox 618 2194 2200 2264">
     <span class='ocr_line' id='line_1_39' title="bbox 618 2194 2200 2264; baseline -0.003 -14"><span class='ocrx_word' id='word_1_302' title='bbox 618 2205 790 2250; x_wconf 77' lang='lat' dir='ltr'><strong>estex</strong></span> <span class='ocrx_word' id='word_1_303' title='bbox 821 2204 894 2258; x_wconf 88' lang='lat' dir='ltr'><strong>te,</strong></span> <span class='ocrx_word' id='word_1_304' title='bbox 918 2195 1007 2263; x_wconf 89' lang='lat' dir='ltr'><strong>qui</strong></span> <span class='ocrx_word' id='word_1_305' title='bbox 1055 2195 1220 2264; x_wconf 72' lang='lat' dir='ltr'><strong>Moysi</strong></span> <span class='ocrx_word' id='word_1_306' title='bbox 1244 2195 1304 2261; x_wconf 49' lang='lat' dir='ltr'><strong>,iu</strong></span> <span class='ocrx_word' id='word_1_307' title='bbox 1350 2195 1472 2263; x_wconf 89' lang='lat' dir='ltr'><strong>igne</strong></span> <span class='ocrx_word' id='word_1_308' title='bbox 1521 2194 1748 2248; x_wconf 79' lang='lat' dir='ltr'><strong>flamma:</strong></span> <span class='ocrx_word' id='word_1_309' title='bbox 1780 2194 1897 2246; x_wconf 72' lang='lat' dir='ltr'><strong>rulai</strong></span> <span class='ocrx_word' id='word_1_310' title='bbox 1935 2194 2200 2264; x_wconf 85' lang='lat' dir='ltr'><strong>apparuit.</strong></span> 
     </span>
    </p>
   </div>
   <div class='ocr_carea' id='block_1_40' title="bbox 559 2285 2200 2356">
    <p class='ocr_par' dir='ltr' id='par_1_40' title="bbox 559 2285 2200 2356">
     <span class='ocr_line' id='line_1_40' title="bbox 559 2285 2200 2356; baseline -0.001 -15"><span class='ocrx_word' id='word_1_311' title='bbox 559 2348 562 2352; x_wconf 44' lang='grc'>,</span> <span class='ocrx_word' id='word_1_312' title='bbox 616 2299 670 2341; x_wconf 90' lang='lat' dir='ltr'><strong>ct</strong></span> <span class='ocrx_word' id='word_1_313' title='bbox 701 2291 750 2340; x_wconf 87' lang='lat' dir='ltr'><strong>ei</strong></span> <span class='ocrx_word' id='word_1_314' title='bbox 782 2285 952 2356; x_wconf 87' lang='lat' dir='ltr'><strong>legem</strong></span> <span class='ocrx_word' id='word_1_315' title='bbox 1005 2286 1056 2340; x_wconf 91' lang='lat' dir='ltr'><strong>in</strong></span> <span class='ocrx_word' id='word_1_316' title='bbox 1096 2285 1232 2342; x_wconf 54' lang='lat' dir='ltr'><strong>Sina.</strong></span> <span class='ocrx_word' id='word_1_317' title='bbox 1273 2287 1436 2340; x_wconf 79' lang='lat' dir='ltr'><strong>dedit.</strong></span> <span class='ocrx_word' id='word_1_318' title='bbox 1491 2285 1656 2339; x_wconf 74' lang='lat' dir='ltr'><strong>Natus</strong></span> <span class='ocrx_word' id='word_1_319' title='bbox 1703 2295 1809 2349; x_wconf 90' lang='lat' dir='ltr'><strong>cst,-</strong></span> <span class='ocrx_word' id='word_1_320' title='bbox 1863 2285 1953 2355; x_wconf 90' lang='lat' dir='ltr'><strong>qui</strong></span> <span class='ocrx_word' id='word_1_321' title='bbox 1997 2287 2200 2356; x_wconf 74' lang='lat' dir='ltr'><strong>virgam</strong></span> 
     </span>
    </p>
   </div>
   <div class='ocr_carea' id='block_1_41' title="bbox 614 2376 2233 2448">
    <p class='ocr_par' dir='ltr' id='par_1_41' title="bbox 614 2376 2233 2448">
     <span class='ocr_line' id='line_1_41' title="bbox 614 2376 2233 2448; baseline 0.001 -16"><span class='ocrx_word' id='word_1_322' title='bbox 614 2380 792 2432; x_wconf 80' lang='lat' dir='ltr'><strong>Aaron</strong></span> <span class='ocrx_word' id='word_1_323' title='bbox 825 2379 939 2432; x_wconf 86' lang='lat' dir='ltr'><strong>sine</strong></span> <span class='ocrx_word' id='word_1_324' title='bbox 987 2394 1123 2448; x_wconf 84' lang='lat' dir='ltr'><strong>aqua</strong></span> <span class='ocrx_word' id='word_1_325' title='bbox 1157 2379 1461 2447; x_wconf 71' lang='lat' dir='ltr'><strong>germina-re</strong></span> <span class='ocrx_word' id='word_1_326' title='bbox 1507 2376 1652 2441; x_wconf 83' lang='lat' dir='ltr'><strong>fecit,</strong></span> <span class='ocrx_word' id='word_1_327' title='bbox 1685 2388 1736 2431; x_wconf 88' lang='lat' dir='ltr'><strong>et</strong></span> <span class='ocrx_word' id='word_1_328' title='bbox 1775 2393 1840 2432; x_wconf 76' lang='lat' dir='ltr'><strong>ex</strong></span> <span class='ocrx_word' id='word_1_329' title='bbox 1880 2393 1942 2432; x_wconf 88' lang='lat' dir='ltr'><strong>ea</strong></span> <span class='ocrx_word' id='word_1_330' title='bbox 1993 2376 2233 2433; x_wconf 80' lang='lat' dir='ltr'><strong>fructus‘</strong></span> 
     </span>
    </p>
   </div>
   <div class='ocr_carea' id='block_1_42' title="bbox 617 2469 2198 2540">
    <p class='ocr_par' dir='ltr' id='par_1_42' title="bbox 617 2469 2198 2540">
     <span class='ocr_line' id='line_1_42' title="bbox 617 2469 2198 2540; baseline 0.003 -22"><span class='ocrx_word' id='word_1_331' title='bbox 617 2470 884 2538; x_wconf 76' lang='lat' dir='ltr'><strong>produxit.</strong></span> <span class='ocrx_word' id='word_1_332' title='bbox 922 2469 998 2523; x_wconf 75' lang='lat' dir='ltr'><strong>Ex</strong></span> <span class='ocrx_word' id='word_1_333' title='bbox 1031 2479 1082 2524; x_wconf 89' lang='lat' dir='ltr'><strong>te</strong></span> <span class='ocrx_word' id='word_1_334' title='bbox 1125 2480 1282 2523; x_wconf 79' lang='lat' dir='ltr'><strong>natus</strong></span> <span class='ocrx_word' id='word_1_335' title='bbox 1311 2478 1412 2531; x_wconf 81' lang='lat' dir='ltr'><strong>est,</strong></span> <span class='ocrx_word' id='word_1_336' title='bbox 1456 2470 1547 2538; x_wconf 86' lang='lat' dir='ltr'><strong>qui</strong></span> <span class='ocrx_word' id='word_1_337' title='bbox 1589 2470 1814 2538; x_wconf 80' lang='lat' dir='ltr'><strong>pedibus</strong></span> <span class='ocrx_word' id='word_1_338' title='bbox 1862 2485 2024 2540; x_wconf 75' lang='lat' dir='ltr'><strong>super</strong></span> <span class='ocrx_word' id='word_1_339' title='bbox 2051 2486 2198 2524; x_wconf 87' lang='lat' dir='ltr'><strong>mare</strong></span> 
     </span>
    </p>
   </div>
   <div class='ocr_carea' id='block_1_43' title="bbox 615 2562 2200 2630">
    <p class='ocr_par' dir='ltr' id='par_1_43' title="bbox 615 2562 2200 2630">
     <span class='ocr_line' id='line_1_43' title="bbox 615 2562 2200 2630; baseline 0.001 -15"><span class='ocrx_word' id='word_1_340' title='bbox 615 2563 933 2624; x_wconf 87' lang='lat' dir='ltr'><strong>amlndavit,</strong></span> <span class='ocrx_word' id='word_1_341' title='bbox 961 2573 1014 2616; x_wconf 90' lang='lat' dir='ltr'><strong>ct</strong></span> <span class='ocrx_word' id='word_1_342' title='bbox 1045 2578 1108 2616; x_wconf 81' lang='lat' dir='ltr'><strong>ex</strong></span> <span class='ocrx_word' id='word_1_343' title='bbox 1149 2563 1395 2630; x_wconf 78' lang='lat' dir='ltr'><strong>sepulcro</strong></span> <span class='ocrx_word' id='word_1_344' title='bbox 1421 2570 1477 2614; x_wconf 90' lang='lat' dir='ltr'><strong>ut</strong></span> <span class='ocrx_word' id='word_1_345' title='bbox 1523 2563 1603 2617; x_wconf 92' lang='lat' dir='ltr'><strong>lco</strong></span> <span class='ocrx_word' id='word_1_346' title='bbox 1634 2562 1889 2622; x_wconf 79' lang='lat' dir='ltr'><strong>surrexit,</strong></span> <span class='ocrx_word' id='word_1_347' title='bbox 1923 2571 1977 2616; x_wconf 88' lang='lat' dir='ltr'><strong>et</strong></span> <span class='ocrx_word' id='word_1_348' title='bbox 2004 2563 2055 2614; x_wconf 89' lang='lat' dir='ltr'><strong>in</strong></span> <span class='ocrx_word' id='word_1_349' title='bbox 2091 2578 2200 2616; x_wconf 86' lang='lat' dir='ltr'><strong>coe-</strong></span> 
     </span>
    </p>
   </div>
   <div class='ocr_carea' id='block_1_44' title="bbox 614 2652 2196 2722">
    <p class='ocr_par' dir='ltr' id='par_1_44' title="bbox 614 2652 2196 2722">
     <span class='ocr_line' id='line_1_44' title="bbox 614 2652 2196 2722; baseline 0.001 -19"><span class='ocrx_word' id='word_1_350' title='bbox 614 2653 695 2705; x_wconf 85' lang='lat' dir='ltr'><strong>los</strong></span> <span class='ocrx_word' id='word_1_351' title='bbox 725 2653 894 2721; x_wconf 77' lang='lat' dir='ltr'><strong>vietor</strong></span> <span class='ocrx_word' id='word_1_352' title='bbox 923 2653 1183 2706; x_wconf 72' lang='lat' dir='ltr'><strong>ascendit.</strong></span> <span class='ocrx_word' id='word_1_353' title='bbox 1223 2652 1389 2705; x_wconf 74' lang='lat' dir='ltr'><strong>Natus</strong></span> <span class='ocrx_word' id='word_1_354' title='bbox 1417 2662 1492 2706; x_wconf 82' lang='lat' dir='ltr'><strong>est</strong></span> <span class='ocrx_word' id='word_1_355' title='bbox 1530 2666 1594 2705; x_wconf 68' lang='lat' dir='ltr'><strong>ex</strong></span> <span class='ocrx_word' id='word_1_356' title='bbox 1625 2661 1696 2715; x_wconf 90' lang='lat' dir='ltr'><strong>te,</strong></span> <span class='ocrx_word' id='word_1_357' title='bbox 1727 2653 1780 2704; x_wconf 91' lang='lat' dir='ltr'><strong>in</strong></span> <span class='ocrx_word' id='word_1_358' title='bbox 1811 2653 1964 2722; x_wconf 86' lang='lat' dir='ltr'><strong>cujus</strong></span> <span class='ocrx_word' id='word_1_359' title='bbox 1992 2652 2196 2704; x_wconf 89' lang='lat' dir='ltr'><strong>vultum</strong></span> 
     </span>
    </p>
   </div>
   <div class='ocr_carea' id='block_1_45' title="bbox 614 2742 2197 2811">
    <p class='ocr_par' dir='ltr' id='par_1_45' title="bbox 614 2742 2197 2811">
     <span class='ocr_line' id='line_1_45' title="bbox 614 2742 2197 2811; baseline 0 -17"><span class='ocrx_word' id='word_1_360' title='bbox 614 2743 923 2798; x_wconf 85' lang='lat' dir='ltr'><strong>desiderant</strong></span> <span class='ocrx_word' id='word_1_361' title='bbox 946 2743 1116 2811; x_wconf 66' lang='lat' dir='ltr'><strong>angeli</strong></span> <span class='ocrx_word' id='word_1_362' title='bbox 1148 2744 1473 2811; x_wconf 69' lang='lat' dir='ltr'><strong>prosl‘iicere.</strong></span> <span class='ocrx_word' id='word_1_363' title='bbox 1513 2742 1587 2796; x_wconf 73' lang='lat' dir='ltr'><strong>Ex</strong></span> <span class='ocrx_word' id='word_1_364' title='bbox 1617 2750 1667 2794; x_wconf 87' lang='lat' dir='ltr'><strong>te.</strong></span> <span class='ocrx_word' id='word_1_365' title='bbox 1717 2751 1872 2796; x_wconf 86' lang='lat' dir='ltr'><strong>natus</strong></span> <span class='ocrx_word' id='word_1_366' title='bbox 1892 2751 1994 2806; x_wconf 81' lang='lat' dir='ltr'><strong>est,</strong></span> <span class='ocrx_word' id='word_1_367' title='bbox 2022 2743 2110 2811; x_wconf 81' lang='lat' dir='ltr'><strong>qui</strong></span> <span class='ocrx_word' id='word_1_368' title='bbox 2144 2743 2197 2794; x_wconf 91' lang='lat' dir='ltr'><strong>in</strong></span> 
     </span>
    </p>
   </div>
   <div class='ocr_carea' id='block_1_46' title="bbox 611 2831 2194 2900">
    <p class='ocr_par' dir='ltr' id='par_1_46' title="bbox 611 2831 2194 2900">
     <span class='ocr_line' id='line_1_46' title="bbox 611 2831 2194 2900; baseline -0.001 -13"><span class='ocrx_word' id='word_1_369' title='bbox 611 2850 670 2889; x_wconf 87' lang='lat' dir='ltr'><strong>se</strong></span> <span class='ocrx_word' id='word_1_370' title='bbox 713 2833 1054 2887; x_wconf 80' lang='lat' dir='ltr'><strong>credentibus</strong></span> <span class='ocrx_word' id='word_1_371' title='bbox 1102 2833 1264 2886; x_wconf 86' lang='lat' dir='ltr'><strong>vitam</strong></span> <span class='ocrx_word' id='word_1_372' title='bbox 1316 2833 1502 2886; x_wconf 84' lang='lat' dir='ltr'><strong>tribuit</strong></span> <span class='ocrx_word' id='word_1_373' title='bbox 1551 2832 1951 2900; x_wconf 78' lang='lat' dir='ltr'><strong>sempiternam.</strong></span> <span class='ocrx_word' id='word_1_374' title='bbox 2000 2831 2043 2886; x_wconf 95' lang='grc' dir='ltr'><strong>Ο</strong></span> <span class='ocrx_word' id='word_1_375' title='bbox 2072 2831 2194 2886; x_wconf 79' lang='lat' dir='ltr'><strong>felix</strong></span> 
     </span>
    </p>
   </div>
   <div class='ocr_carea' id='block_1_47' title="bbox 610 2907 2196 2992">
    <p class='ocr_par' dir='ltr' id='par_1_47' title="bbox 610 2907 2196 2992">
     <span class='ocr_line' id='line_1_47' title="bbox 610 2907 2196 2992; baseline -0.001 -16"><span class='ocrx_word' id='word_1_376' title='bbox 610 2925 851 2978; x_wconf 85' lang='lat' dir='ltr'><strong>femina!</strong></span> <span class='ocrx_word' id='word_1_377' title='bbox 903 2923 1151 2978; x_wconf 66' lang='lat' dir='ltr'><strong>lzetalzilis</strong></span> <span class='ocrx_word' id='word_1_378' title='bbox 1195 2924 1415 2992; x_wconf 82' lang='lat' dir='ltr'><strong>angelis,</strong></span> <span class='ocrx_word' id='word_1_379' title='bbox 1457 2922 1708 2990; x_wconf 84' lang='lat' dir='ltr'><strong>optabilis</strong></span> <span class='ocrx_word' id='word_1_380' title='bbox 1751 2923 1974 2985; x_wconf 84' lang='lat' dir='ltr'><strong>sanctis,</strong></span> <span class='ocrx_word' id='word_1_381' title='bbox 2021 2907 2196 2976; x_wconf 42' lang='lat' dir='ltr'><strong>min-or</strong></span> 
     </span>
    </p>
   </div>
   <div class='ocr_carea' id='block_1_48' title="bbox 2306 1727 3889 1803">
    <p class='ocr_par' dir='ltr' id='par_1_48' title="bbox 2306 1727 3889 1803">
     <span class='ocr_line' id='line_1_48' title="bbox 2306 1727 3889 1803; baseline 0.005 -25"><span class='ocrx_word' id='word_1_382' title='bbox 2306 1741 2434 1778; x_wconf 88' lang='lat' dir='ltr'><strong>num</strong></span> <span class='ocrx_word' id='word_1_383' title='bbox 2459 1741 2613 1780; x_wconf 82' lang='lat' dir='ltr'><strong>suout</strong></span> <span class='ocrx_word' id='word_1_384' title='bbox 2643 1727 2844 1795; x_wconf 76' lang='lat' dir='ltr'><strong>habere</strong></span> <span class='ocrx_word' id='word_1_385' title='bbox 2881 1729 3078 1783; x_wconf 89' lang='lat' dir='ltr'><strong>meruit</strong></span> <span class='ocrx_word' id='word_1_386' title='bbox 3106 1730 3537 1800; x_wconf 73' lang='lat' dir='ltr'><strong>lledemptorem.</strong></span> <span class='ocrx_word' id='word_1_387' title='bbox 3575 1735 3776 1803; x_wconf 77' lang='lat' dir='ltr'><strong>Anguis</strong></span> <span class='ocrx_word' id='word_1_388' title='bbox 3806 1735 3889 1788; x_wconf 86' lang='lat' dir='ltr'><strong>in-</strong></span> 
     </span>
    </p>
   </div>
   <div class='ocr_carea' id='block_1_49' title="bbox 2307 1817 3886 1899">
    <p class='ocr_par' dir='ltr' id='par_1_49' title="bbox 2307 1817 3886 1899">
     <span class='ocr_line' id='line_1_49' title="bbox 2307 1817 3886 1899; baseline 0.007 -28"><span class='ocrx_word' id='word_1_389' title='bbox 2307 1817 2462 1872; x_wconf 76' lang='lat' dir='ltr'><strong>vidus</strong></span> <span class='ocrx_word' id='word_1_390' title='bbox 2503 1819 2557 1871; x_wconf 89' lang='lat' dir='ltr'><strong>in</strong></span> <span class='ocrx_word' id='word_1_391' title='bbox 2604 1820 2854 1887; x_wconf 85' lang='lat' dir='ltr'><strong>paradiso</strong></span> <span class='ocrx_word' id='word_1_392' title='bbox 2901 1822 3050 1876; x_wconf 87' lang='lat' dir='ltr'><strong>virus</strong></span> <span class='ocrx_word' id='word_1_393' title='bbox 3100 1821 3285 1879; x_wconf 82' lang='lat' dir='ltr'><strong>etl‘udit</strong></span> <span class='ocrx_word' id='word_1_394' title='bbox 3331 1825 3561 1890; x_wconf 88' lang='lat' dir='ltr'><strong>letbalc;</strong></span> <span class='ocrx_word' id='word_1_395' title='bbox 3601 1827 3679 1882; x_wconf 86' lang='lat' dir='ltr'><strong>sic</strong></span> <span class='ocrx_word' id='word_1_396' title='bbox 3717 1843 3886 1899; x_wconf 87' lang='lat' dir='ltr'><strong>agnus</strong></span> 
     </span>
    </p>
   </div>
   <div class='ocr_carea' id='block_1_50' title="bbox 2307 1907 3879 1984">
    <p class='ocr_par' dir='ltr' id='par_1_50' title="bbox 2307 1907 3879 1984">
     <span class='ocr_line' id='line_1_50' title="bbox 2307 1907 3879 1984; baseline 0.01 -24"><span class='ocrx_word' id='word_1_397' title='bbox 2307 1907 2547 1977; x_wconf 84' lang='lat' dir='ltr'><strong>placidus</strong></span> <span class='ocrx_word' id='word_1_398' title='bbox 2573 1910 2638 1964; x_wconf 89' lang='lat' dir='ltr'><strong>de</strong></span> <span class='ocrx_word' id='word_1_399' title='bbox 2668 1926 2872 1966; x_wconf 88' lang='lat' dir='ltr'><strong>veneno</strong></span> <span class='ocrx_word' id='word_1_400' title='bbox 2896 1912 3024 1969; x_wconf 85' lang='lat' dir='ltr'><strong>fecit</strong></span> <span class='ocrx_word' id='word_1_401' title='bbox 3045 1915 3383 1981; x_wconf 87' lang='lat' dir='ltr'><strong>medicinam,</strong></span> <span class='ocrx_word' id='word_1_402' title='bbox 3409 1917 3475 1972; x_wconf 88' lang='lat' dir='ltr'><strong>de</strong></span> <span class='ocrx_word' id='word_1_403' title='bbox 3497 1925 3635 1974; x_wconf 80' lang='lat' dir='ltr'><strong>terra</strong></span> <span class='ocrx_word' id='word_1_404' title='bbox 3661 1920 3879 1984; x_wconf 67' lang='lat' dir='ltr'><strong>coelum,</strong></span> 
     </span>
    </p>
   </div>
   <div class='ocr_carea' id='block_1_51' title="bbox 2306 2000 3884 2072">
    <p class='ocr_par' dir='ltr' id='par_1_51' title="bbox 2306 2000 3884 2072">
     <span class='ocr_line' id='line_1_51' title="bbox 2306 2000 3884 2072; baseline 0.01 -21"><span class='ocrx_word' id='word_1_405' title='bbox 2306 2000 2373 2051; x_wconf 86' lang='lat' dir='ltr'><strong>de</strong></span> <span class='ocrx_word' id='word_1_406' title='bbox 2402 2000 2594 2054; x_wconf 89' lang='lat' dir='ltr'><strong>arbore</strong></span> <span class='ocrx_word' id='word_1_407' title='bbox 2621 2017 2862 2066; x_wconf 81' lang='lat' dir='ltr'><strong>erucem,</strong></span> <span class='ocrx_word' id='word_1_408' title='bbox 2905 2003 2972 2058; x_wconf 89' lang='lat' dir='ltr'><strong>de</strong></span> <span class='ocrx_word' id='word_1_409' title='bbox 3003 2003 3178 2060; x_wconf 86' lang='lat' dir='ltr'><strong>fructu</strong></span> <span class='ocrx_word' id='word_1_410' title='bbox 3219 2009 3404 2072; x_wconf 86' lang='lat' dir='ltr'><strong>vitam,</strong></span> <span class='ocrx_word' id='word_1_411' title='bbox 3433 2009 3500 2064; x_wconf 92' lang='lat' dir='ltr'><strong>de</strong></span> <span class='ocrx_word' id='word_1_412' title='bbox 3535 2017 3748 2066; x_wconf 88' lang='lat' dir='ltr'><strong>terreno</strong></span> <span class='ocrx_word' id='word_1_413' title='bbox 3773 2026 3884 2065; x_wconf 76' lang='lat' dir='ltr'><strong>cm—</strong></span> 
     </span>
    </p>
   </div>
   <div class='ocr_carea' id='block_1_52' title="bbox 2304 2087 3880 2166">
    <p class='ocr_par' dir='ltr' id='par_1_52' title="bbox 2304 2087 3880 2166">
     <span class='ocr_line' id='line_1_52' title="bbox 2304 2087 3880 2166; baseline 0.009 -25"><span class='ocrx_word' id='word_1_414' title='bbox 2304 2087 2512 2144; x_wconf 83' lang='lat' dir='ltr'><strong>lestem.</strong></span> <span class='ocrx_word' id='word_1_415' title='bbox 2545 2088 2699 2144; x_wconf 88' lang='lat' dir='ltr'><strong>Sicut</strong></span> <span class='ocrx_word' id='word_1_416' title='bbox 2745 2091 2962 2146; x_wconf 85' lang='lat' dir='ltr'><strong>vendito</strong></span> <span class='ocrx_word' id='word_1_417' title='bbox 2991 2091 3188 2166; x_wconf 68' lang='lat' dir='ltr'><strong>Ioseph</strong></span> <span class='ocrx_word' id='word_1_418' title='bbox 3218 2112 3248 2151; x_wconf 85' lang='lat' dir='ltr'><strong>a</strong></span> <span class='ocrx_word' id='word_1_419' title='bbox 3291 2098 3549 2154; x_wconf 90' lang='lat' dir='ltr'><strong>fratribus</strong></span> <span class='ocrx_word' id='word_1_420' title='bbox 3573 2100 3638 2154; x_wconf 89' lang='lat' dir='ltr'><strong>de</strong></span> <span class='ocrx_word' id='word_1_421' title='bbox 3683 2101 3880 2155; x_wconf 82' lang='lat' dir='ltr'><strong>invidia</strong></span> 
     </span>
    </p>
   </div>
   <div class='ocr_carea' id='block_1_53' title="bbox 2304 2177 3885 2258">
    <p class='ocr_par' dir='ltr' id='par_1_53' title="bbox 2304 2177 3885 2258">
     <span class='ocr_line' id='line_1_53' title="bbox 2304 2177 3885 2258; baseline 0.009 -27"><span class='ocrx_word' id='word_1_422' title='bbox 2304 2177 2430 2232; x_wconf 83' lang='lat' dir='ltr'><strong>fecit</strong></span> <span class='ocrx_word' id='word_1_423' title='bbox 2454 2178 2704 2249; x_wconf 73' lang='lat' dir='ltr'><strong>gloriam,</strong></span> <span class='ocrx_word' id='word_1_424' title='bbox 2735 2181 2800 2234; x_wconf 85' lang='lat' dir='ltr'><strong>de</strong></span> <span class='ocrx_word' id='word_1_425' title='bbox 2835 2181 3047 2252; x_wconf 84' lang='lat' dir='ltr'><strong>captivo</strong></span> <span class='ocrx_word' id='word_1_426' title='bbox 3094 2187 3309 2242; x_wconf 86' lang='lat' dir='ltr'><strong>vendito</strong></span> <span class='ocrx_word' id='word_1_427' title='bbox 3354 2189 3653 2258; x_wconf 89' lang='lat' dir='ltr'><strong>principem</strong></span> <span class='ocrx_word' id='word_1_428' title='bbox 3698 2193 3885 2246; x_wconf 80' lang='lat' dir='ltr'><strong>vendi-</strong></span> 
     </span>
    </p>
   </div>
   <div class='ocr_carea' id='block_1_54' title="bbox 2305 2276 3884 2350">
    <p class='ocr_par' dir='ltr' id='par_1_54' title="bbox 2305 2276 3884 2350">
     <span class='ocr_line' id='line_1_54' title="bbox 2305 2276 3884 2350; baseline 0.012 -29"><span class='ocrx_word' id='word_1_429' title='bbox 2305 2278 2474 2325; x_wconf 85' lang='lat' dir='ltr'><strong>torem</strong></span> <span class='ocrx_word' id='word_1_430' title='bbox 2504 2281 2849 2328; x_wconf 79' lang='lat' dir='ltr'><strong>externorum</strong></span> <span class='ocrx_word' id='word_1_431' title='bbox 2875 2291 2889 2339; x_wconf 89' lang='lat'><strong>;</strong></span> <span class='ocrx_word' id='word_1_432' title='bbox 2922 2276 3002 2332; x_wconf 90' lang='lat' dir='ltr'><strong>sic</strong></span> <span class='ocrx_word' id='word_1_433' title='bbox 3031 2277 3096 2332; x_wconf 90' lang='lat' dir='ltr'><strong>de</strong></span> <span class='ocrx_word' id='word_1_434' title='bbox 3126 2277 3320 2333; x_wconf 82' lang='lat' dir='ltr'><strong>femina</strong></span> <span class='ocrx_word' id='word_1_435' title='bbox 3361 2282 3640 2350; x_wconf 85' lang='lat' dir='ltr'><strong>palatium,</strong></span> <span class='ocrx_word' id='word_1_436' title='bbox 3670 2285 3734 2338; x_wconf 86' lang='lat' dir='ltr'><strong>de</strong></span> <span class='ocrx_word' id='word_1_437' title='bbox 3766 2302 3884 2339; x_wconf 81' lang='lat' dir='ltr'><strong>nut-</strong></span> 
     </span>
    </p>
   </div>
   <div class='ocr_carea' id='block_1_55' title="bbox 2302 2358 3878 2429">
    <p class='ocr_par' dir='ltr' id='par_1_55' title="bbox 2302 2358 3878 2429">
     <span class='ocr_line' id='line_1_55' title="bbox 2302 2358 3878 2429; baseline 0.011 -18"><span class='ocrx_word' id='word_1_438' title='bbox 2302 2358 2432 2412; x_wconf 87' lang='lat' dir='ltr'><strong>liere</strong></span> <span class='ocrx_word' id='word_1_439' title='bbox 2479 2360 2734 2429; x_wconf 84' lang='lat' dir='ltr'><strong>templum</strong></span> <span class='ocrx_word' id='word_1_440' title='bbox 2787 2377 2962 2426; x_wconf 89' lang='lat' dir='ltr'><strong>suum,</strong></span> <span class='ocrx_word' id='word_1_441' title='bbox 3016 2366 3080 2421; x_wconf 86' lang='lat' dir='ltr'><strong>de</strong></span> <span class='ocrx_word' id='word_1_442' title='bbox 3129 2367 3296 2423; x_wconf 80' lang='lat' dir='ltr'><strong>Maria</strong></span> <span class='ocrx_word' id='word_1_443' title='bbox 3333 2370 3605 2426; x_wconf 69' lang='lat' dir='ltr'><strong>cmlestem</strong></span> <span class='ocrx_word' id='word_1_444' title='bbox 3655 2361 3878 2429; x_wconf 81' lang='lat' dir='ltr'><strong>aditum.</strong></span> 
     </span>
    </p>
   </div>
   <div class='ocr_carea' id='block_1_56' title="bbox 2302 2446 3871 2526">
    <p class='ocr_par' dir='ltr' id='par_1_56' title="bbox 2302 2446 3871 2526">
     <span class='ocr_line' id='line_1_56' title="bbox 2302 2446 3871 2526; baseline 0.012 -24"><span class='ocrx_word' id='word_1_445' title='bbox 2302 2446 2600 2503; x_wconf 84' lang='lat' dir='ltr'><strong>Concinant</strong></span> <span class='ocrx_word' id='word_1_446' title='bbox 2621 2467 2762 2505; x_wconf 82' lang='lat' dir='ltr'><strong>nunc.</strong></span> <span class='ocrx_word' id='word_1_447' title='bbox 2783 2451 3026 2510; x_wconf 73' lang='lat' dir='ltr'><strong>laetantes</strong></span> <span class='ocrx_word' id='word_1_448' title='bbox 3044 2447 3257 2526; x_wconf 75' lang='lat' dir='ltr'><strong>angeli,</strong></span> <span class='ocrx_word' id='word_1_449' title='bbox 3289 2461 3619 2518; x_wconf 72' lang='lat' dir='ltr'><strong>exsultantes</strong></span> <span class='ocrx_word' id='word_1_450' title='bbox 3643 2465 3871 2520; x_wconf 79' lang='lat' dir='ltr'><strong>archan-</strong></span> 
     </span>
    </p>
   </div>
   <div class='ocr_carea' id='block_1_57' title="bbox 2301 2540 3881 2623">
    <p class='ocr_par' dir='ltr' id='par_1_57' title="bbox 2301 2540 3881 2623">
     <span class='ocr_line' id='line_1_57' title="bbox 2301 2540 3881 2623; baseline 0.012 -31"><span class='ocrx_word' id='word_1_451' title='bbox 2301 2540 2425 2608; x_wconf 84' lang='lat' dir='ltr'><strong>geli,</strong></span> <span class='ocrx_word' id='word_1_452' title='bbox 2455 2541 2714 2596; x_wconf 82' lang='lat' dir='ltr'><strong>cherubin</strong></span> <span class='ocrx_word' id='word_1_453' title='bbox 2749 2553 2906 2615; x_wconf 85' lang='lat' dir='ltr'><strong>atque</strong></span> <span class='ocrx_word' id='word_1_454' title='bbox 2936 2549 3210 2616; x_wconf 88' lang='lat' dir='ltr'><strong>seraphin,</strong></span> <span class='ocrx_word' id='word_1_455' title='bbox 3241 2551 3420 2608; x_wconf 88' lang='lat' dir='ltr'><strong>throni</strong></span> <span class='ocrx_word' id='word_1_456' title='bbox 3449 2563 3610 2623; x_wconf 87' lang='lat' dir='ltr'><strong>atque</strong></span> <span class='ocrx_word' id='word_1_457' title='bbox 3637 2556 3881 2610; x_wconf 86' lang='lat' dir='ltr'><strong>domina-</strong></span> 
     </span>
    </p>
   </div>
   <div class='ocr_carea' id='block_1_58' title="bbox 2304 2629 3874 2706">
    <p class='ocr_par' dir='ltr' id='par_1_58' title="bbox 2304 2629 3874 2706">
     <span class='ocr_line' id='line_1_58' title="bbox 2304 2629 3874 2706; baseline 0.014 -26"><span class='ocrx_word' id='word_1_458' title='bbox 2304 2629 2494 2690; x_wconf 87' lang='lat' dir='ltr'><strong>tiones,</strong></span> <span class='ocrx_word' id='word_1_459' title='bbox 2542 2633 2871 2701; x_wconf 88' lang='lat' dir='ltr'><strong>principatus</strong></span> <span class='ocrx_word' id='word_1_460' title='bbox 2914 2645 2970 2690; x_wconf 90' lang='lat' dir='ltr'><strong>et</strong></span> <span class='ocrx_word' id='word_1_461' title='bbox 3013 2647 3323 2706; x_wconf 89' lang='lat' dir='ltr'><strong>potestates,</strong></span> <span class='ocrx_word' id='word_1_462' title='bbox 3359 2643 3588 2698; x_wconf 77' lang='lat' dir='ltr'><strong>virtutes</strong></span> <span class='ocrx_word' id='word_1_463' title='bbox 3612 2644 3874 2702; x_wconf 64' lang='lat' dir='ltr'><strong>calorum</strong></span> 
     </span>
    </p>
   </div>
   <div class='ocr_carea' id='block_1_59' title="bbox 2301 2721 3879 2799">
    <p class='ocr_par' dir='ltr' id='par_1_59' title="bbox 2301 2721 3879 2799">
     <span class='ocr_line' id='line_1_59' title="bbox 2301 2721 3879 2799; baseline 0.015 -28"><span class='ocrx_word' id='word_1_464' title='bbox 2301 2733 2422 2772; x_wconf 90' lang='lat' dir='ltr'><strong>cum</strong></span> <span class='ocrx_word' id='word_1_465' title='bbox 2451 2721 2616 2790; x_wconf 89' lang='lat' dir='ltr'><strong>gloria</strong></span> <span class='ocrx_word' id='word_1_466' title='bbox 2649 2723 2873 2778; x_wconf 89' lang='lat' dir='ltr'><strong>adorent</strong></span> <span class='ocrx_word' id='word_1_467' title='bbox 2895 2734 2949 2780; x_wconf 93' lang='lat' dir='ltr'><strong>et</strong></span> <span class='ocrx_word' id='word_1_468' title='bbox 2976 2728 3156 2782; x_wconf 86' lang='lat' dir='ltr'><strong>dicant</strong></span> <span class='ocrx_word' id='word_1_469' title='bbox 3183 2748 3194 2782; x_wconf 90' lang='lat'>:</span> <span class='ocrx_word' id='word_1_470' title='bbox 3226 2729 3470 2797; x_wconf 78' lang='lat' dir='ltr'><strong>Sanctus,</strong></span> <span class='ocrx_word' id='word_1_471' title='bbox 3493 2745 3728 2799; x_wconf 80' lang='lat' dir='ltr'><strong>sanctus,</strong></span> <span class='ocrx_word' id='word_1_472' title='bbox 3749 2755 3879 2793; x_wconf 76' lang='lat' dir='ltr'><strong>san-</strong></span> 
     </span>
    </p>
   </div>
   <div class='ocr_carea' id='block_1_60' title="bbox 2302 2810 3919 2888">
    <p class='ocr_par' dir='ltr' id='par_1_60' title="bbox 2302 2810 3919 2888">
     <span class='ocr_line' id='line_1_60' title="bbox 2302 2810 3919 2888; baseline 0.012 -25"><span class='ocrx_word' id='word_1_473' title='bbox 2302 2820 2413 2863; x_wconf 75' lang='lat' dir='ltr'><strong>etus</strong></span> <span class='ocrx_word' id='word_1_474' title='bbox 2441 2810 2692 2882; x_wconf 75' lang='lat' dir='ltr'><strong>Dominus</strong></span> <span class='ocrx_word' id='word_1_475' title='bbox 2732 2814 2870 2868; x_wconf 85' lang='lat' dir='ltr'><strong>Deus</strong></span> <span class='ocrx_word' id='word_1_476' title='bbox 2916 2815 3172 2881; x_wconf 82' lang='lat' dir='ltr'><strong>Sabaoth,</strong></span> <span class='ocrx_word' id='word_1_477' title='bbox 3202 2818 3340 2888; x_wconf 83' lang='lat' dir='ltr'><strong>pleni</strong></span> <span class='ocrx_word' id='word_1_478' title='bbox 3365 2831 3487 2876; x_wconf 81' lang='lat' dir='ltr'><strong>sunt</strong></span> <span class='ocrx_word' id='word_1_479' title='bbox 3527 2824 3640 2878; x_wconf 66' lang='grc' dir='ltr'><strong>εοειὶ</strong></span> <span class='ocrx_word' id='word_1_480' title='bbox 3665 2836 3711 2880; x_wconf 85' lang='lat' dir='ltr'><strong>et</strong></span> <span class='ocrx_word' id='word_1_481' title='bbox 3737 2836 3878 2882; x_wconf 82' lang='lat' dir='ltr'><strong>terra</strong></span> <span class='ocrx_word' id='word_1_482' title='bbox 3906 2825 3919 2837; x_wconf 85' lang='grc'><strong>’</strong></span> 
     </span>
    </p>
   </div>
   <div class='ocr_carea' id='block_1_61' title="bbox 2301 2897 3877 2984">
    <p class='ocr_par' dir='ltr' id='par_1_61' title="bbox 2301 2897 3877 2984">
     <span class='ocr_line' id='line_1_61' title="bbox 2301 2897 3877 2984; baseline 0.013 -34"><span class='ocrx_word' id='word_1_483' title='bbox 2301 2897 2488 2967; x_wconf 78' lang='lat' dir='ltr'><strong>gloria.</strong></span> <span class='ocrx_word' id='word_1_484' title='bbox 2514 2897 2728 2955; x_wconf 85' lang='lat' dir='ltr'><strong>Osanna</strong></span> <span class='ocrx_word' id='word_1_485' title='bbox 2754 2903 2808 2956; x_wconf 88' lang='lat' dir='ltr'><strong>in</strong></span> <span class='ocrx_word' id='word_1_486' title='bbox 2833 2905 3066 2960; x_wconf 72' lang='lat' dir='ltr'><strong>excelsis.</strong></span> <span class='ocrx_word' id='word_1_487' title='bbox 3102 2906 3302 2973; x_wconf 82' lang='lat' dir='ltr'><strong>Nostis,</strong></span> <span class='ocrx_word' id='word_1_488' title='bbox 3332 2909 3567 2968; x_wconf 82' lang='lat' dir='ltr'><strong>fratres!</strong></span> <span class='ocrx_word' id='word_1_489' title='bbox 3615 2916 3740 2984; x_wconf 87' lang='lat' dir='ltr'><strong>quia</strong></span> <span class='ocrx_word' id='word_1_490' title='bbox 3772 2915 3877 2970; x_wconf 78' lang='lat' dir='ltr'><strong>Su—</strong></span> 
     </span>
    </p>
   </div>
   <div class='ocr_carea' id='block_1_62' title="bbox 609 2979 2211 3086">
    <p class='ocr_par' dir='ltr' id='par_1_62' title="bbox 609 3013 2193 3086">
     <span class='ocr_line' id='line_1_62' title="bbox 609 3013 2193 3086; baseline 0 -20"><span class='ocrx_word' id='word_1_491' title='bbox 609 3025 693 3069; x_wconf 78' lang='lat' dir='ltr'><strong>est</strong></span> <span class='ocrx_word' id='word_1_492' title='bbox 722 3015 838 3070; x_wconf 90' lang='lat' dir='ltr'><strong>laus</strong></span> <span class='ocrx_word' id='word_1_493' title='bbox 870 3028 982 3079; x_wconf 89' lang='lat' dir='ltr'><strong>tua,</strong></span> <span class='ocrx_word' id='word_1_494' title='bbox 1012 3031 1174 3086; x_wconf 83' lang='lat' dir='ltr'><strong>quam</strong></span> <span class='ocrx_word' id='word_1_495' title='bbox 1216 3014 1450 3082; x_wconf 84' lang='lat' dir='ltr'><strong>dignitas</strong></span> <span class='ocrx_word' id='word_1_496' title='bbox 1492 3022 1580 3067; x_wconf 91' lang='lat' dir='ltr'><strong>tua</strong></span> <span class='ocrx_word' id='word_1_497' title='bbox 1623 3021 1896 3075; x_wconf 88' lang='lat' dir='ltr'><strong>meretur;</strong></span> <span class='ocrx_word' id='word_1_498' title='bbox 1950 3013 2193 3066; x_wconf 81' lang='lat' dir='ltr'><strong>intendat</strong></span> 
     </span>
    </p>
   </div>
   <div class='ocr_carea' id='block_1_63' title="bbox 2283 2979 3873 3086">
    <p class='ocr_par' dir='ltr' id='par_1_63' title="bbox 2299 2979 3873 3069">
     <span class='ocr_line' id='line_1_63' title="bbox 2299 2979 3873 3069; baseline 0.011 -28"><span class='ocrx_word' id='word_1_499' title='bbox 2299 2989 2449 3042; x_wconf 85' lang='lat' dir='ltr'><strong>baoth</strong></span> <span class='ocrx_word' id='word_1_500' title='bbox 2476 2991 2673 3046; x_wconf 88' lang='lat' dir='ltr'><strong>dicitur</strong></span> <span class='ocrx_word' id='word_1_501' title='bbox 2703 2995 3034 3051; x_wconf 80' lang='lat' dir='ltr'><strong>exercituum</strong></span> <span class='ocrx_word' id='word_1_502' title='bbox 3062 3013 3075 3062; x_wconf 91' lang='lat'><strong>;</strong></span> <span class='ocrx_word' id='word_1_503' title='bbox 3111 2996 3325 3054; x_wconf 85' lang='lat' dir='ltr'><strong>Osanna</strong></span> <span class='ocrx_word' id='word_1_504' title='bbox 3355 2979 3727 3069; x_wconf 21' lang='lat' dir='ltr'><strong>salvitieaivel</strong></span> <span class='ocrx_word' id='word_1_505' title='bbox 3767 3007 3873 3061; x_wconf 87' lang='lat' dir='ltr'><strong>sal-</strong></span> 
     </span>
    </p>
   </div>
   <div class='ocr_carea' id='block_1_64' title="bbox 617 3093 2192 3169">
    <p class='ocr_par' dir='ltr' id='par_1_64' title="bbox 617 3093 2192 3169">
     <span class='ocr_line' id='line_1_64' title="bbox 617 3093 2192 3169; baseline -0.003 -10"><span class='ocrx_word' id='word_1_506' title='bbox 617 3108 855 3162; x_wconf 83' lang='lat' dir='ltr'><strong>eharitas</strong></span> <span class='ocrx_word' id='word_1_507' title='bbox 881 3116 1089 3169; x_wconf 81' lang='lat' dir='ltr'><strong>vestra,</strong></span> <span class='ocrx_word' id='word_1_508' title='bbox 1130 3106 1488 3168; x_wconf 84' lang='lat' dir='ltr'><strong>dilectissimi,</strong></span> <span class='ocrx_word' id='word_1_509' title='bbox 1521 3105 1632 3158; x_wconf 80' lang='lat' dir='ltr'><strong>haec</strong></span> <span class='ocrx_word' id='word_1_510' title='bbox 1672 3093 1846 3157; x_wconf 78' lang='lat' dir='ltr'><strong>mater</strong></span> <span class='ocrx_word' id='word_1_511' title='bbox 1880 3102 2085 3156; x_wconf 87' lang='lat' dir='ltr'><strong>Christi</strong></span> <span class='ocrx_word' id='word_1_512' title='bbox 2115 3102 2192 3156; x_wconf 84' lang='lat' dir='ltr'><strong>al—</strong></span> 
     </span>
    </p>
   </div>
   <div class='ocr_carea' id='block_1_65' title="bbox 610 3180 2192 3276">
    <p class='ocr_par' dir='ltr' id='par_1_65' title="bbox 610 3180 2192 3276">
     <span class='ocr_line' id='line_1_65' title="bbox 610 3180 2192 3276; baseline -0.003 -25"><span class='ocrx_word' id='word_1_513' title='bbox 610 3202 718 3254; x_wconf 91' lang='lat' dir='ltr'><strong>tior</strong></span> <span class='ocrx_word' id='word_1_514' title='bbox 741 3208 821 3254; x_wconf 90' lang='lat' dir='ltr'><strong>cst</strong></span> <span class='ocrx_word' id='word_1_515' title='bbox 861 3199 1041 3276; x_wconf 43' lang='lat' dir='ltr'><strong>cmlo&#39;:</strong></span> <span class='ocrx_word' id='word_1_516' title='bbox 1085 3180 1282 3267; x_wconf 75' lang='lat' dir='ltr'><strong>abysso</strong></span> <span class='ocrx_word' id='word_1_517' title='bbox 1328 3204 1409 3249; x_wconf 88' lang='lat' dir='ltr'><strong>est</strong></span> <span class='ocrx_word' id='word_1_518' title='bbox 1445 3193 1780 3263; x_wconf 90' lang='lat' dir='ltr'><strong>profundior.</strong></span> <span class='ocrx_word' id='word_1_519' title='bbox 1810 3192 2022 3247; x_wconf 78' lang='lat' dir='ltr'><strong>Merito</strong></span> <span class='ocrx_word' id='word_1_520' title='bbox 2062 3207 2192 3263; x_wconf 76' lang='lat' dir='ltr'><strong>ergo</strong></span> 
     </span>
    </p>
   </div>
   <div class='ocr_carea' id='block_1_66' title="bbox 608 3282 2224 3360">
    <p class='ocr_par' dir='ltr' id='par_1_66' title="bbox 608 3282 2224 3360">
     <span class='ocr_line' id='line_1_66' title="bbox 608 3282 2224 3360; baseline -0.001 -21"><span class='ocrx_word' id='word_1_521' title='bbox 608 3299 797 3345; x_wconf 86' lang='lat' dir='ltr'><strong>vocata</strong></span> <span class='ocrx_word' id='word_1_522' title='bbox 829 3297 914 3344; x_wconf 81' lang='lat' dir='ltr'><strong>est</strong></span> <span class='ocrx_word' id='word_1_523' title='bbox 937 3287 1154 3342; x_wconf 86' lang='lat' dir='ltr'><strong>domina</strong></span> <span class='ocrx_word' id='word_1_524' title='bbox 1183 3282 1520 3358; x_wconf 78' lang='lat' dir='ltr'><strong>angelorum,</strong></span> <span class='ocrx_word' id='word_1_525' title='bbox 1567 3293 1770 3338; x_wconf 89' lang='lat' dir='ltr'><strong>tremor</strong></span> <span class='ocrx_word' id='word_1_526' title='bbox 1795 3283 2111 3346; x_wconf 82' lang='lat' dir='ltr'><strong>inferorum,</strong></span> <span class='ocrx_word' id='word_1_527' title='bbox 2137 3291 2194 3341; x_wconf 83' lang='lat' dir='ltr'><strong>et</strong></span> <span class='ocrx_word' id='word_1_528' title='bbox 2219 3355 2224 3360; x_wconf 21' lang='lat'><em>‘</em></span> 
     </span>
    </p>
   </div>
   <div class='ocr_carea' id='block_1_67' title="bbox 555 3376 2185 3455">
    <p class='ocr_par' dir='ltr' id='par_1_67' title="bbox 555 3376 2185 3455">
     <span class='ocr_line' id='line_1_67' title="bbox 555 3376 2185 3455; baseline -0.006 -17"><span class='ocrx_word' id='word_1_529' title='bbox 555 3443 566 3451; x_wconf 87' lang='lat'>_</span> <span class='ocrx_word' id='word_1_530' title='bbox 607 3393 778 3438; x_wconf 89' lang='lat' dir='ltr'><strong>mater</strong></span> <span class='ocrx_word' id='word_1_531' title='bbox 801 3383 1058 3455; x_wconf 87' lang='lat' dir='ltr'><strong>gentium.</strong></span> <span class='ocrx_word' id='word_1_532' title='bbox 1093 3382 1168 3436; x_wconf 84' lang='lat' dir='ltr'><strong>De</strong></span> <span class='ocrx_word' id='word_1_533' title='bbox 1191 3382 1300 3452; x_wconf 89' lang='lat' dir='ltr'><strong>ipsa</strong></span> <span class='ocrx_word' id='word_1_534' title='bbox 1330 3381 1474 3436; x_wconf 90' lang='lat' dir='ltr'><strong>enim</strong></span> <span class='ocrx_word' id='word_1_535' title='bbox 1505 3378 1956 3449; x_wconf 80' lang='lat' dir='ltr'><strong>Psalmographus</strong></span> <span class='ocrx_word' id='word_1_536' title='bbox 1979 3376 2185 3444; x_wconf 87' lang='lat' dir='ltr'><strong>inquit:</strong></span> 
     </span>
    </p>
   </div>
   <div class='ocr_carea' id='block_1_68' title="bbox 607 3471 2189 3548">
    <p class='ocr_par' dir='ltr' id='par_1_68' title="bbox 607 3471 2189 3548">
     <span class='ocr_line' id='line_1_68' title="bbox 607 3471 2189 3548; baseline -0.006 -18"><span class='ocrx_word' id='word_1_537' title='bbox 607 3478 788 3548; x_wconf 75' lang='lat' dir='ltr'><strong>Specie</strong></span> <span class='ocrx_word' id='word_1_538' title='bbox 814 3489 903 3530; x_wconf 89' lang='lat' dir='ltr'><strong>tua</strong></span> <span class='ocrx_word' id='word_1_539' title='bbox 927 3486 975 3530; x_wconf 88' lang='lat' dir='ltr'><strong>et</strong></span> <span class='ocrx_word' id='word_1_540' title='bbox 999 3475 1388 3547; x_wconf 74' lang='lat' dir='ltr'><strong>pulchritudine</strong></span> <span class='ocrx_word' id='word_1_541' title='bbox 1414 3484 1524 3538; x_wconf 83' lang='lat' dir='ltr'><strong>tua,</strong></span> <span class='ocrx_word' id='word_1_542' title='bbox 1550 3471 1757 3526; x_wconf 82' lang='lat' dir='ltr'><strong>intende</strong></span> <span class='ocrx_word' id='word_1_543' title='bbox 1777 3485 2038 3544; x_wconf 73' lang='lat' dir='ltr'><strong>prospere,</strong></span> <span class='ocrx_word' id='word_1_544' title='bbox 2067 3484 2189 3540; x_wconf 85' lang='lat' dir='ltr'><strong>pro-</strong></span> 
     </span>
    </p>
   </div>
   <div class='ocr_carea' id='block_1_69' title="bbox 607 3549 2189 3638">
    <p class='ocr_par' dir='ltr' id='par_1_69' title="bbox 607 3549 2189 3638">
     <span class='ocr_line' id='line_1_69' title="bbox 607 3549 2189 3638; baseline -0.005 -18"><span class='ocrx_word' id='word_1_545' title='bbox 607 3549 727 3622; x_wconf 76' lang='lat' dir='ltr'><strong>cede</strong></span> <span class='ocrx_word' id='word_1_546' title='bbox 749 3581 796 3623; x_wconf 86' lang='lat' dir='ltr'><strong>cl</strong></span> <span class='ocrx_word' id='word_1_547' title='bbox 825 3587 981 3638; x_wconf 80' lang='lat' dir='ltr'><strong>regna</strong></span> <span class='ocrx_word' id='word_1_548' title='bbox 1011 3566 1184 3638; x_wconf 75' lang='lat' dir='ltr'><strong>(I’sul.</strong></span> <span class='ocrx_word' id='word_1_549' title='bbox 1228 3582 1377 3630; x_wconf 72' lang='grc' dir='ltr'><strong>κων,</strong></span> <span class='ocrx_word' id='word_1_550' title='bbox 1409 3565 1485 3636; x_wconf 78' lang='grc'><strong>5).</strong></span> <span class='ocrx_word' id='word_1_551' title='bbox 1519 3565 1585 3618; x_wconf 86' lang='lat' dir='ltr'><strong>Et</strong></span> <span class='ocrx_word' id='word_1_552' title='bbox 1616 3565 1844 3618; x_wconf 89' lang='lat' dir='ltr'><strong>iterum:</strong></span> <span class='ocrx_word' id='word_1_553' title='bbox 1869 3562 2046 3616; x_wconf 82' lang='lat' dir='ltr'><strong>Astitit</strong></span> <span class='ocrx_word' id='word_1_554' title='bbox 2089 3559 2189 3613; x_wconf 82' lang='lat' dir='ltr'><strong>Re-</strong></span> 
     </span>
    </p>
   </div>
   <div class='ocr_carea' id='block_1_70' title="bbox 607 3651 2182 3727">
    <p class='ocr_par' dir='ltr' id='par_1_70' title="bbox 607 3651 2182 3727">
     <span class='ocr_line' id='line_1_70' title="bbox 607 3651 2182 3727; baseline -0.004 -17"><span class='ocrx_word' id='word_1_555' title='bbox 607 3660 729 3727; x_wconf 78' lang='lat' dir='ltr'><strong>gina</strong></span> <span class='ocrx_word' id='word_1_556' title='bbox 761 3677 790 3710; x_wconf 82' lang='lat' dir='ltr'><strong>n</strong></span> <span class='ocrx_word' id='word_1_557' title='bbox 833 3659 1029 3712; x_wconf 71' lang='lat' dir='ltr'><strong>dextris</strong></span> <span class='ocrx_word' id='word_1_558' title='bbox 1083 3659 1174 3711; x_wconf 89' lang='lat' dir='ltr'><strong>Dei</strong></span> <span class='ocrx_word' id='word_1_559' title='bbox 1207 3659 1258 3711; x_wconf 88' lang='lat' dir='ltr'><strong>in</strong></span> <span class='ocrx_word' id='word_1_560' title='bbox 1315 3659 1500 3711; x_wconf 79' lang='lat' dir='ltr'><strong>restitu</strong></span> <span class='ocrx_word' id='word_1_561' title='bbox 1554 3656 1807 3708; x_wconf 85' lang='lat' dir='ltr'><strong>deaurato</strong></span> <span class='ocrx_word' id='word_1_562' title='bbox 1848 3653 2032 3724; x_wconf 82' lang='lat' dir='ltr'><strong>(lvid.,</strong></span> <span class='ocrx_word' id='word_1_563' title='bbox 2072 3651 2182 3721; x_wconf 77' lang='grc'><strong>10).</strong></span> 
     </span>
    </p>
   </div>
   <div class='ocr_carea' id='block_1_71' title="bbox 604 3743 2185 3818">
    <p class='ocr_par' dir='ltr' id='par_1_71' title="bbox 604 3743 2185 3818">
     <span class='ocr_line' id='line_1_71' title="bbox 604 3743 2185 3818; baseline -0.006 -14"><span class='ocrx_word' id='word_1_564' title='bbox 604 3752 736 3805; x_wconf 84' lang='lat' dir='ltr'><strong>Item</strong></span> <span class='ocrx_word' id='word_1_565' title='bbox 762 3769 774 3804; x_wconf 88' lang='lat'><strong>:</strong></span> <span class='ocrx_word' id='word_1_566' title='bbox 804 3749 1113 3818; x_wconf 72' lang='lat' dir='ltr'><strong>.ludi,[ilin,</strong></span> <span class='ocrx_word' id='word_1_567' title='bbox 1137 3759 1185 3803; x_wconf 83' lang='lat' dir='ltr'><strong>et</strong></span> <span class='ocrx_word' id='word_1_568' title='bbox 1211 3748 1345 3814; x_wconf 80' lang='lat' dir='ltr'><strong>ride,</strong></span> <span class='ocrx_word' id='word_1_569' title='bbox 1371 3758 1417 3800; x_wconf 88' lang='lat' dir='ltr'><strong>et</strong></span> <span class='ocrx_word' id='word_1_570' title='bbox 1446 3746 1640 3801; x_wconf 84' lang='lat' dir='ltr'><strong>inclina</strong></span> <span class='ocrx_word' id='word_1_571' title='bbox 1665 3761 1843 3798; x_wconf 74' lang='lat' dir='ltr'><strong>aurem</strong></span> <span class='ocrx_word' id='word_1_572' title='bbox 1870 3750 2037 3806; x_wconf 81' lang='lat' dir='ltr'><strong>tuam,</strong></span> <span class='ocrx_word' id='word_1_573' title='bbox 2061 3743 2185 3812; x_wconf 83' lang='lat' dir='ltr'><strong>quia</strong></span> 
     </span>
    </p>
   </div>
   <div class='ocr_carea' id='block_1_72' title="bbox 602 3824 2181 3913">
    <p class='ocr_par' dir='ltr' id='par_1_72' title="bbox 602 3824 2181 3913">
     <span class='ocr_line' id='line_1_72' title="bbox 602 3824 2181 3913; baseline -0.003 -17"><span class='ocrx_word' id='word_1_574' title='bbox 602 3843 893 3913; x_wconf 73' lang='lat' dir='ltr'><strong>concupivit</strong></span> <span class='ocrx_word' id='word_1_575' title='bbox 926 3858 1015 3895; x_wconf 73' lang='lat' dir='ltr'><strong>rex</strong></span> <span class='ocrx_word' id='word_1_576' title='bbox 1043 3841 1228 3912; x_wconf 55' lang='lat' dir='ltr'><strong>gloria,</strong></span> <span class='ocrx_word' id='word_1_577' title='bbox 1265 3841 1485 3911; x_wconf 81' lang='lat' dir='ltr'><strong>speciem</strong></span> <span class='ocrx_word' id='word_1_578' title='bbox 1527 3849 1672 3892; x_wconf 82' lang='lat' dir='ltr'><strong>tuam</strong></span> <span class='ocrx_word' id='word_1_579' title='bbox 1715 3824 1900 3902; x_wconf 64' lang='lat' dir='ltr'><strong>(Ibid,</strong></span> <span class='ocrx_word' id='word_1_580' title='bbox 1944 3837 2032 3901; x_wconf 83' lang='grc' dir='ltr'><strong>Η,</strong></span> <span class='ocrx_word' id='word_1_581' title='bbox 2075 3835 2181 3905; x_wconf 75' lang='lat'><strong>1‘2).</strong></span> 
     </span>
    </p>
   </div>
   <div class='ocr_carea' id='block_1_73' title="bbox 603 3928 2182 4005">
    <p class='ocr_par' dir='ltr' id='par_1_73' title="bbox 603 3928 2182 4005">
     <span class='ocr_line' id='line_1_73' title="bbox 603 3928 2182 4005; baseline -0.006 -15"><span class='ocrx_word' id='word_1_582' title='bbox 603 3939 676 3990; x_wconf 87' lang='lat' dir='ltr'><strong>Ita</strong></span> <span class='ocrx_word' id='word_1_583' title='bbox 710 3935 1010 4005; x_wconf 76' lang='lat' dir='ltr'><strong>concupivit</strong></span> <span class='ocrx_word' id='word_1_584' title='bbox 1040 3948 1136 3987; x_wconf 74' lang='lat' dir='ltr'><strong>rex</strong></span> <span class='ocrx_word' id='word_1_585' title='bbox 1169 3933 1353 4002; x_wconf 78' lang='lat' dir='ltr'><strong>gloria:</strong></span> <span class='ocrx_word' id='word_1_586' title='bbox 1398 3930 1632 4000; x_wconf 83' lang='lat' dir='ltr'><strong>speciem</strong></span> <span class='ocrx_word' id='word_1_587' title='bbox 1675 3938 1875 3984; x_wconf 62' lang='lat' dir='ltr'><strong>sanctae</strong></span> <span class='ocrx_word' id='word_1_588' title='bbox 1923 3928 2182 3996; x_wconf 71' lang='lat' dir='ltr'><strong>Virginis,</strong></span> 
     </span>
    </p>
   </div>
   <div class='ocr_carea' id='block_1_74' title="bbox 604 4019 2182 4086">
    <p class='ocr_par' dir='ltr' id='par_1_74' title="bbox 604 4019 2182 4086">
     <span class='ocr_line' id='line_1_74' title="bbox 604 4019 2182 4086; baseline -0.003 -7"><span class='ocrx_word' id='word_1_589' title='bbox 604 4039 661 4080; x_wconf 90' lang='lat' dir='ltr'><strong>ut</strong></span> <span class='ocrx_word' id='word_1_590' title='bbox 684 4030 732 4081; x_wconf 90' lang='lat' dir='ltr'><strong>in</strong></span> <span class='ocrx_word' id='word_1_591' title='bbox 768 4045 864 4081; x_wconf 87' lang='lat' dir='ltr'><strong>suo</strong></span> <span class='ocrx_word' id='word_1_592' title='bbox 901 4041 958 4080; x_wconf 89' lang='lat' dir='ltr'><strong>se</strong></span> <span class='ocrx_word' id='word_1_593' title='bbox 985 4020 1258 4080; x_wconf 83' lang='lat' dir='ltr'><strong>clauderet</strong></span> <span class='ocrx_word' id='word_1_594' title='bbox 1288 4023 1628 4077; x_wconf 83' lang='lat' dir='ltr'><strong>inefl&#39;abilitcr</strong></span> <span class='ocrx_word' id='word_1_595' title='bbox 1663 4029 1836 4086; x_wconf 87' lang='lat' dir='ltr'><strong>utero,</strong></span> <span class='ocrx_word' id='word_1_596' title='bbox 1887 4019 2060 4075; x_wconf 89' lang='lat' dir='ltr'><strong>factus</strong></span> <span class='ocrx_word' id='word_1_597' title='bbox 2087 4021 2182 4075; x_wconf 82' lang='lat' dir='ltr'><strong>ho-</strong></span> 
     </span>
    </p>
   </div>
   <div class='ocr_carea' id='block_1_75' title="bbox 603 4114 2179 4184">
    <p class='ocr_par' dir='ltr' id='par_1_75' title="bbox 603 4114 2179 4184">
     <span class='ocr_line' id='line_1_75' title="bbox 603 4114 2179 4184; baseline -0.005 -12"><span class='ocrx_word' id='word_1_598' title='bbox 603 4136 708 4172; x_wconf 85' lang='lat' dir='ltr'><strong>mo.</strong></span> <span class='ocrx_word' id='word_1_599' title='bbox 745 4119 819 4171; x_wconf 86' lang='lat' dir='ltr'><strong>ita</strong></span> <span class='ocrx_word' id='word_1_600' title='bbox 847 4115 1152 4184; x_wconf 82' lang='lat' dir='ltr'><strong>concupivit</strong></span> <span class='ocrx_word' id='word_1_601' title='bbox 1186 4131 1274 4168; x_wconf 70' lang='lat' dir='ltr'><strong>rex</strong></span> <span class='ocrx_word' id='word_1_602' title='bbox 1322 4116 1554 4184; x_wconf 79' lang='lat' dir='ltr'><strong>speciem</strong></span> <span class='ocrx_word' id='word_1_603' title='bbox 1601 4114 1736 4184; x_wconf 80' lang='lat' dir='ltr'><strong>ejus,</strong></span> <span class='ocrx_word' id='word_1_604' title='bbox 1769 4122 1830 4167; x_wconf 92' lang='lat' dir='ltr'><strong>ut</strong></span> <span class='ocrx_word' id='word_1_605' title='bbox 1857 4129 1918 4167; x_wconf 71' lang='lat' dir='ltr'><strong>ex</strong></span> <span class='ocrx_word' id='word_1_606' title='bbox 1970 4127 2030 4166; x_wconf 88' lang='lat' dir='ltr'><strong>ea</strong></span> <span class='ocrx_word' id='word_1_607' title='bbox 2060 4127 2179 4165; x_wconf 86' lang='lat' dir='ltr'><strong>car-</strong></span> 
     </span>
    </p>
   </div>
   <div class='ocr_carea' id='block_1_76' title="bbox 602 4188 2174 4272">
    <p class='ocr_par' dir='ltr' id='par_1_76' title="bbox 602 4188 2174 4272">
     <span class='ocr_line' id='line_1_76' title="bbox 602 4188 2174 4272; baseline -0.004 -12"><span class='ocrx_word' id='word_1_608' title='bbox 602 4223 724 4260; x_wconf 86' lang='lat' dir='ltr'><strong>nem</strong></span> <span class='ocrx_word' id='word_1_609' title='bbox 768 4211 1088 4267; x_wconf 83' lang='lat' dir='ltr'><strong>assumeret,</strong></span> <span class='ocrx_word' id='word_1_610' title='bbox 1131 4205 1221 4272; x_wconf 91' lang='lat' dir='ltr'><strong>qui</strong></span> <span class='ocrx_word' id='word_1_611' title='bbox 1247 4203 1417 4256; x_wconf 82' lang='lat' dir='ltr'><strong>Adam</strong></span> <span class='ocrx_word' id='word_1_612' title='bbox 1452 4188 1750 4256; x_wconf 74' lang='lat' dir='ltr'><strong>creaverat.</strong></span> <span class='ocrx_word' id='word_1_613' title='bbox 1797 4202 1863 4255; x_wconf 82' lang='lat' dir='ltr'><strong>Et</strong></span> <span class='ocrx_word' id='word_1_614' title='bbox 1891 4203 2017 4254; x_wconf 89' lang='lat' dir='ltr'><strong>item</strong></span> <span class='ocrx_word' id='word_1_615' title='bbox 2047 4201 2174 4270; x_wconf 91' lang='lat' dir='ltr'><strong>quid</strong></span> 
     </span>
    </p>
   </div>
   <div class='ocr_carea' id='block_1_77' title="bbox 2296 3082 2556 3136">
    <p class='ocr_par' dir='ltr' id='par_1_77' title="bbox 2296 3082 2556 3136">
     <span class='ocr_line' id='line_1_77' title="bbox 2296 3082 2556 3136; baseline 0.008 -4"><span class='ocrx_word' id='word_1_616' title='bbox 2296 3095 2421 3134; x_wconf 85' lang='lat' dir='ltr'><strong>vum</strong></span> <span class='ocrx_word' id='word_1_617' title='bbox 2453 3082 2556 3136; x_wconf 86' lang='lat' dir='ltr'><strong>fac.</strong></span> 
     </span>
    </p>
   </div>
   <div class='ocr_carea' id='block_1_78' title="bbox 2362 3195 3872 3276">
    <p class='ocr_par' dir='ltr' id='par_1_78' title="bbox 2362 3195 3872 3276">
     <span class='ocr_line' id='line_1_78' title="bbox 2362 3195 3872 3276; baseline 0.009 -29"><span class='ocrx_word' id='word_1_618' title='bbox 2362 3195 2621 3266; x_wconf 85' lang='lat' dir='ltr'><strong>Denique,</strong></span> <span class='ocrx_word' id='word_1_619' title='bbox 2652 3214 2773 3253; x_wconf 89' lang='lat' dir='ltr'><strong>cum</strong></span> <span class='ocrx_word' id='word_1_620' title='bbox 2814 3199 3124 3256; x_wconf 87' lang='lat' dir='ltr'><strong>beatissima</strong></span> <span class='ocrx_word' id='word_1_621' title='bbox 3157 3202 3303 3273; x_wconf 87' lang='lat' dir='ltr'><strong>virgo</strong></span> <span class='ocrx_word' id='word_1_622' title='bbox 3331 3205 3496 3259; x_wconf 79' lang='lat' dir='ltr'><strong>Maria</strong></span> <span class='ocrx_word' id='word_1_623' title='bbox 3524 3205 3728 3274; x_wconf 86' lang='lat' dir='ltr'><strong>repleta</strong></span> <span class='ocrx_word' id='word_1_624' title='bbox 3753 3205 3872 3276; x_wconf 89' lang='lat' dir='ltr'><strong>Spi-</strong></span> 
     </span>
    </p>
   </div>
   <div class='ocr_carea' id='block_1_79' title="bbox 2293 3284 3872 3359">
    <p class='ocr_par' dir='ltr' id='par_1_79' title="bbox 2293 3284 3872 3359">
     <span class='ocr_line' id='line_1_79' title="bbox 2293 3284 3872 3359; baseline 0.009 -23"><span class='ocrx_word' id='word_1_625' title='bbox 2293 3284 2399 3338; x_wconf 91' lang='lat' dir='ltr'><strong>ritu</strong></span> <span class='ocrx_word' id='word_1_626' title='bbox 2429 3297 2618 3341; x_wconf 89' lang='lat' dir='ltr'><strong>sancto</strong></span> <span class='ocrx_word' id='word_1_627' title='bbox 2643 3289 2853 3342; x_wconf 83' lang='lat' dir='ltr'><strong>veniret.</strong></span> <span class='ocrx_word' id='word_1_628' title='bbox 2894 3291 2944 3343; x_wconf 93' lang='lat' dir='ltr'><strong>in</strong></span> <span class='ocrx_word' id='word_1_629' title='bbox 2987 3291 3204 3345; x_wconf 89' lang='lat' dir='ltr'><strong>domum</strong></span> <span class='ocrx_word' id='word_1_630' title='bbox 3234 3293 3527 3359; x_wconf 81' lang='lat' dir='ltr'><strong>Elisabeth,</strong></span> <span class='ocrx_word' id='word_1_631' title='bbox 3575 3295 3872 3351; x_wconf 66' lang='lat' dir='ltr'><strong>Easultaeit</strong></span> 
     </span>
    </p>
   </div>
   <div class='ocr_carea' id='block_1_80' title="bbox 2292 3375 3868 3457">
    <p class='ocr_par' dir='ltr' id='par_1_80' title="bbox 2292 3375 3868 3457">
     <span class='ocr_line' id='line_1_80' title="bbox 2292 3375 3868 3457; baseline 0.011 -30"><span class='ocrx_word' id='word_1_632' title='bbox 2292 3375 2345 3427; x_wconf 87' lang='lat' dir='ltr'><strong>in</strong></span> <span class='ocrx_word' id='word_1_633' title='bbox 2374 3385 2518 3429; x_wconf 85' lang='lat' dir='ltr'><strong>utero</strong></span> <span class='ocrx_word' id='word_1_634' title='bbox 2544 3377 2657 3447; x_wconf 80' lang='lat' dir='ltr'><strong>ejus</strong></span> <span class='ocrx_word' id='word_1_635' title='bbox 2685 3376 2834 3448; x_wconf 89' lang='lat' dir='ltr'><strong>(Luc.</strong></span> <span class='ocrx_word' id='word_1_636' title='bbox 2857 3394 2896 3443; x_wconf 85' lang='grc' dir='ltr'><strong>ι,</strong></span> <span class='ocrx_word' id='word_1_637' title='bbox 2925 3380 3037 3451; x_wconf 72' lang='grc'><strong>41).</strong></span> <span class='ocrx_word' id='word_1_638' title='bbox 3083 3382 3342 3440; x_wconf 88' lang='lat' dir='ltr'><strong>Dominus</strong></span> <span class='ocrx_word' id='word_1_639' title='bbox 3365 3399 3498 3457; x_wconf 89' lang='lat' dir='ltr'><strong>ergo</strong></span> <span class='ocrx_word' id='word_1_640' title='bbox 3529 3389 3868 3445; x_wconf 77' lang='lat' dir='ltr'><strong>exercituum</strong></span> 
     </span>
    </p>
   </div>
   <div class='ocr_carea' id='block_1_81' title="bbox 2280 3465 3902 3550">
    <p class='ocr_par' dir='ltr' id='par_1_81' title="bbox 2280 3465 3902 3550">
     <span class='ocr_line' id='line_1_81' title="bbox 2280 3465 3902 3550; baseline 0.009 -29"><span class='ocrx_word' id='word_1_641' title='bbox 2280 3465 2395 3537; x_wconf 83' lang='lat' dir='ltr'><strong>jam</strong></span> <span class='ocrx_word' id='word_1_642' title='bbox 2421 3469 2823 3524; x_wconf 81' lang='lat' dir='ltr'><strong>demonstrabat</strong></span> <span class='ocrx_word' id='word_1_643' title='bbox 2859 3474 3055 3543; x_wconf 80' lang='lat' dir='ltr'><strong>gaudio</strong></span> <span class='ocrx_word' id='word_1_644' title='bbox 3082 3492 3179 3531; x_wconf 86' lang='lat' dir='ltr'><strong>suo</strong></span> <span class='ocrx_word' id='word_1_645' title='bbox 3210 3479 3400 3542; x_wconf 87' lang='lat' dir='ltr'><strong>aciem,</strong></span> <span class='ocrx_word' id='word_1_646' title='bbox 3452 3480 3750 3550; x_wconf 87' lang='lat' dir='ltr'><strong>propellere</strong></span> <span class='ocrx_word' id='word_1_647' title='bbox 3777 3483 3872 3535; x_wconf 87' lang='lat' dir='ltr'><strong>tri-</strong></span> <span class='ocrx_word' id='word_1_648' title='bbox 3899 3543 3902 3547; x_wconf 94' lang='lat'><strong>_</strong></span> 
     </span>
    </p>
   </div>
   <div class='ocr_carea' id='block_1_82' title="bbox 2289 3559 3862 3638">
    <p class='ocr_par' dir='ltr' id='par_1_82' title="bbox 2289 3559 3862 3638">
     <span class='ocr_line' id='line_1_82' title="bbox 2289 3559 3862 3638; baseline 0.009 -26"><span class='ocrx_word' id='word_1_649' title='bbox 2289 3559 2490 3613; x_wconf 87' lang='lat' dir='ltr'><strong>stitiam</strong></span> <span class='ocrx_word' id='word_1_650' title='bbox 2520 3568 2577 3615; x_wconf 85' lang='lat' dir='ltr'><strong>et</strong></span> <span class='ocrx_word' id='word_1_651' title='bbox 2621 3563 2879 3616; x_wconf 90' lang='lat' dir='ltr'><strong>mundum</strong></span> <span class='ocrx_word' id='word_1_652' title='bbox 2928 3564 2982 3618; x_wconf 88' lang='lat' dir='ltr'><strong>in</strong></span> <span class='ocrx_word' id='word_1_653' title='bbox 3020 3575 3164 3622; x_wconf 86' lang='lat' dir='ltr'><strong>terra</strong></span> <span class='ocrx_word' id='word_1_654' title='bbox 3218 3570 3487 3638; x_wconf 85' lang='lat' dir='ltr'><strong>perditum</strong></span> <span class='ocrx_word' id='word_1_655' title='bbox 3538 3573 3592 3625; x_wconf 91' lang='lat' dir='ltr'><strong>in</strong></span> <span class='ocrx_word' id='word_1_656' title='bbox 3629 3573 3862 3627; x_wconf 75' lang='lat' dir='ltr'><strong>excelsis</strong></span> 
     </span>
    </p>
   </div>
   <div class='ocr_carea' id='block_1_83' title="bbox 2288 3647 3866 3727">
    <p class='ocr_par' dir='ltr' id='par_1_83' title="bbox 2288 3647 3866 3727">
     <span class='ocr_line' id='line_1_83' title="bbox 2288 3647 3866 3727; baseline 0.011 -28"><span class='ocrx_word' id='word_1_657' title='bbox 2288 3647 2714 3703; x_wconf 86' lang='lat' dir='ltr'><strong>salvificandum.</strong></span> <span class='ocrx_word' id='word_1_658' title='bbox 2749 3650 2995 3720; x_wconf 82' lang='lat' dir='ltr'><strong>Magnum</strong></span> <span class='ocrx_word' id='word_1_659' title='bbox 3033 3666 3213 3710; x_wconf 88' lang='lat' dir='ltr'><strong>autem</strong></span> <span class='ocrx_word' id='word_1_660' title='bbox 3248 3674 3426 3727; x_wconf 87' lang='lat' dir='ltr'><strong>regem</strong></span> <span class='ocrx_word' id='word_1_661' title='bbox 3461 3661 3866 3717; x_wconf 85' lang='lat' dir='ltr'><strong>salvificandum</strong></span> 
     </span>
    </p>
   </div>
   <div class='ocr_carea' id='block_1_84' title="bbox 2289 3735 3862 3820">
    <p class='ocr_par' dir='ltr' id='par_1_84' title="bbox 2289 3735 3862 3820">
     <span class='ocr_line' id='line_1_84' title="bbox 2289 3735 3862 3820; baseline 0.012 -32"><span class='ocrx_word' id='word_1_662' title='bbox 2289 3735 2404 3806; x_wconf 81' lang='lat' dir='ltr'><strong>[F.,</strong></span> <span class='ocrx_word' id='word_1_663' title='bbox 2439 3737 2828 3794; x_wconf 79' lang='lat' dir='ltr'><strong>salviflcantetn</strong></span> <span class='ocrx_word' id='word_1_664' title='bbox 2869 3743 3081 3816; x_wconf 88' lang='lat' dir='ltr'><strong>parere]</strong></span> <span class='ocrx_word' id='word_1_665' title='bbox 3110 3747 3292 3801; x_wconf 91' lang='lat' dir='ltr'><strong>debuit</strong></span> <span class='ocrx_word' id='word_1_666' title='bbox 3333 3749 3518 3816; x_wconf 79' lang='lat' dir='ltr'><strong>Maria,</strong></span> <span class='ocrx_word' id='word_1_667' title='bbox 3564 3753 3689 3820; x_wconf 86' lang='lat' dir='ltr'><strong>quia</strong></span> <span class='ocrx_word' id='word_1_668' title='bbox 3718 3753 3771 3806; x_wconf 89' lang='lat' dir='ltr'><strong>in</strong></span> <span class='ocrx_word' id='word_1_669' title='bbox 3801 3771 3862 3808; x_wconf 86' lang='lat' dir='ltr'><strong>ea</strong></span> 
     </span>
    </p>
   </div>
   <div class='ocr_carea' id='block_1_85' title="bbox 2279 3822 3866 3912">
    <p class='ocr_par' dir='ltr' id='par_1_85' title="bbox 2279 3822 3866 3912">
     <span class='ocr_line' id='line_1_85' title="bbox 2279 3822 3866 3912; baseline 0.015 -36"><span class='ocrx_word' id='word_1_670' title='bbox 2279 3822 2539 3890; x_wconf 69' lang='lat' dir='ltr'><strong>jam&#39;erat</strong></span> <span class='ocrx_word' id='word_1_671' title='bbox 2562 3827 2868 3884; x_wconf 89' lang='lat' dir='ltr'><strong>castificans</strong></span> <span class='ocrx_word' id='word_1_672' title='bbox 2897 3846 2962 3887; x_wconf 88' lang='lat' dir='ltr'><strong>ac</strong></span> <span class='ocrx_word' id='word_1_673' title='bbox 3006 3835 3351 3892; x_wconf 88' lang='lat' dir='ltr'><strong>sanetificans</strong></span> <span class='ocrx_word' id='word_1_674' title='bbox 3379 3854 3498 3894; x_wconf 76' lang='lat' dir='ltr'><strong>eam</strong></span> <span class='ocrx_word' id='word_1_675' title='bbox 3526 3855 3542 3905; x_wconf 93' lang='lat'><strong>;</strong></span> <span class='ocrx_word' id='word_1_676' title='bbox 3589 3857 3712 3899; x_wconf 88' lang='lat' dir='ltr'><strong>nam</strong></span> <span class='ocrx_word' id='word_1_677' title='bbox 3744 3855 3866 3912; x_wconf 90' lang='lat' dir='ltr'><strong>post</strong></span> 
     </span>
    </p>
   </div>
   <div class='ocr_carea' id='block_1_86' title="bbox 3965 52 4061 86">
    <p class='ocr_par' dir='ltr' id='par_1_86' title="bbox 3965 52 4061 86">
     <span class='ocr_line' id='line_1_86' title="bbox 3965 52 4061 86; baseline 0 -4"><span class='ocrx_word' id='word_1_678' title='bbox 3965 54 4022 86; x_wconf 70' lang='grc' dir='ltr'><strong>,ῖιτ</strong></span> <span class='ocrx_word' id='word_1_679' title='bbox 4045 52 4061 58; x_wconf 81' lang='grc'><strong><em>“</em></strong></span> 
     </span>
    </p>
   </div>
   <div class='ocr_carea' id='block_1_87' title="bbox 2285 3920 3960 4007">
    <p class='ocr_par' dir='ltr' id='par_1_87' title="bbox 2285 3920 3960 4007">
     <span class='ocr_line' id='line_1_87' title="bbox 2285 3920 3960 4007; baseline 0.011 -34"><span class='ocrx_word' id='word_1_680' title='bbox 2285 3920 2698 3977; x_wconf 88' lang='lat' dir='ltr'><strong>admirationem</strong></span> <span class='ocrx_word' id='word_1_681' title='bbox 2725 3924 2993 3981; x_wconf 87' lang='lat' dir='ltr'><strong>Elisabeth</strong></span> <span class='ocrx_word' id='word_1_682' title='bbox 3026 3927 3233 4001; x_wconf 84' lang='lat' dir='ltr'><strong>[SuppL</strong></span> <span class='ocrx_word' id='word_1_683' title='bbox 3277 3933 3501 4006; x_wconf 88' lang='lat' dir='ltr'><strong>repleta]</strong></span> <span class='ocrx_word' id='word_1_684' title='bbox 3527 3945 3715 3992; x_wconf 91' lang='lat' dir='ltr'><strong>sancto</strong></span> <span class='ocrx_word' id='word_1_685' title='bbox 3742 3935 3866 4007; x_wconf 83' lang='lat' dir='ltr'><strong>Spi-</strong></span> <span class='ocrx_word' id='word_1_686' title='bbox 3946 3990 3960 4003; x_wconf 83' lang='lat'><strong>,</strong></span> 
     </span>
    </p>
   </div>
   <div class='ocr_carea' id='block_1_88' title="bbox 2285 4012 3866 4083">
    <p class='ocr_par' dir='ltr' id='par_1_88' title="bbox 2285 4012 3866 4083">
     <span class='ocr_line' id='line_1_88' title="bbox 2285 4012 3866 4083; baseline 0.012 -19"><span class='ocrx_word' id='word_1_687' title='bbox 2285 4012 2388 4066; x_wconf 90' lang='lat' dir='ltr'><strong>ritu</strong></span> <span class='ocrx_word' id='word_1_688' title='bbox 2414 4013 2547 4067; x_wconf 80' lang='lat' dir='ltr'><strong>dixit</strong></span> <span class='ocrx_word' id='word_1_689' title='bbox 2571 4016 2638 4069; x_wconf 88' lang='lat' dir='ltr'><strong>ad</strong></span> <span class='ocrx_word' id='word_1_690' title='bbox 2671 4014 2891 4071; x_wconf 83' lang='lat' dir='ltr'><strong>Mariam</strong></span> <span class='ocrx_word' id='word_1_691' title='bbox 2917 4036 2929 4072; x_wconf 89' lang='lat'><strong>:</strong></span> <span class='ocrx_word' id='word_1_692' title='bbox 2962 4016 3112 4074; x_wconf 86' lang='lat' dir='ltr'><strong>Unde</strong></span> <span class='ocrx_word' id='word_1_693' title='bbox 3139 4022 3235 4076; x_wconf 87' lang='lat' dir='ltr'><strong>hoc</strong></span> <span class='ocrx_word' id='word_1_694' title='bbox 3259 4025 3386 4077; x_wconf 85' lang='lat' dir='ltr'><strong>mihi</strong></span> <span class='ocrx_word' id='word_1_695' title='bbox 3414 4035 3470 4078; x_wconf 85' lang='lat' dir='ltr'><strong>ut</strong></span> <span class='ocrx_word' id='word_1_696' title='bbox 3493 4029 3660 4080; x_wconf 76' lang='lat' dir='ltr'><strong>veniat</strong></span> <span class='ocrx_word' id='word_1_697' title='bbox 3698 4039 3866 4083; x_wconf 80' lang='lat' dir='ltr'><strong>mater</strong></span> 
     </span>
    </p>
   </div>
   <div class='ocr_carea' id='block_1_89' title="bbox 2279 4102 3857 4180">
    <p class='ocr_par' dir='ltr' id='par_1_89' title="bbox 2279 4102 3857 4180">
     <span class='ocr_line' id='line_1_89' title="bbox 2279 4102 3857 4180; baseline 0.011 -25"><span class='ocrx_word' id='word_1_698' title='bbox 2279 4102 2491 4158; x_wconf 84' lang='lat' dir='ltr'><strong>Domini</strong></span> <span class='ocrx_word' id='word_1_699' title='bbox 2518 4107 2620 4159; x_wconf 84' lang='lat' dir='ltr'><strong>mei</strong></span> <span class='ocrx_word' id='word_1_700' title='bbox 2644 4107 2714 4159; x_wconf 88' lang='lat' dir='ltr'><strong>ad</strong></span> <span class='ocrx_word' id='word_1_701' title='bbox 2742 4125 2824 4162; x_wconf 88' lang='lat' dir='ltr'><strong>me</strong></span> <span class='ocrx_word' id='word_1_702' title='bbox 2865 4108 3014 4180; x_wconf 87' lang='lat' dir='ltr'><strong>(Luc.</strong></span> <span class='ocrx_word' id='word_1_703' title='bbox 3040 4104 3082 4173; x_wconf 83' lang='lat' dir='ltr'><strong>i,</strong></span> <span class='ocrx_word' id='word_1_704' title='bbox 3112 4111 3223 4176; x_wconf 69' lang='grc'><strong>45).</strong></span> <span class='ocrx_word' id='word_1_705' title='bbox 3261 4113 3411 4167; x_wconf 89' lang='lat' dir='ltr'><strong>Tunc</strong></span> <span class='ocrx_word' id='word_1_706' title='bbox 3438 4125 3611 4171; x_wconf 87' lang='lat' dir='ltr'><strong>mater</strong></span> <span class='ocrx_word' id='word_1_707' title='bbox 3655 4117 3857 4174; x_wconf 88' lang='lat' dir='ltr'><strong>Christi</strong></span> 
     </span>
    </p>
   </div>
   <div class='ocr_carea' id='block_1_90' title="bbox 2281 4195 3852 4272">
    <p class='ocr_par' dir='ltr' id='par_1_90' title="bbox 2281 4195 3852 4272">
     <span class='ocr_line' id='line_1_90' title="bbox 2281 4195 3852 4272; baseline 0.01 -25"><span class='ocrx_word' id='word_1_708' title='bbox 2281 4196 2484 4264; x_wconf 87' lang='lat' dir='ltr'><strong>repleta</strong></span> <span class='ocrx_word' id='word_1_709' title='bbox 2517 4195 2719 4266; x_wconf 88' lang='lat' dir='ltr'><strong>Spiritu</strong></span> <span class='ocrx_word' id='word_1_710' title='bbox 2751 4210 2938 4254; x_wconf 90' lang='lat' dir='ltr'><strong>sancto</strong></span> <span class='ocrx_word' id='word_1_711' title='bbox 2966 4202 3103 4255; x_wconf 70' lang='lat' dir='ltr'><strong>dixit</strong></span> <span class='ocrx_word' id='word_1_712' title='bbox 3148 4201 3476 4272; x_wconf 76' lang='lat' dir='ltr'><strong>:Magniﬁcat</strong></span> <span class='ocrx_word' id='word_1_713' title='bbox 3519 4209 3696 4262; x_wconf 82' lang='lat' dir='ltr'><strong>anima</strong></span> <span class='ocrx_word' id='word_1_714' title='bbox 3736 4227 3852 4263; x_wconf 81' lang='lat' dir='ltr'><strong>mea</strong></span> 
     </span>
    </p>
   </div>
   <div class='ocr_carea' id='block_1_91' title="bbox 602 4283 3858 4385">
    <p class='ocr_par' dir='ltr' id='par_1_91' title="bbox 602 4283 3858 4385">
     <span class='ocr_line' id='line_1_91' title="bbox 602 4283 3858 4385; baseline 0.001 -36"><span class='ocrx_word' id='word_1_715' title='bbox 602 4297 758 4364; x_wconf 86' lang='lat' dir='ltr'><strong>digne.</strong></span> <span class='ocrx_word' id='word_1_716' title='bbox 781 4296 1039 4353; x_wconf 85' lang='lat' dir='ltr'><strong>dicamus,</strong></span> <span class='ocrx_word' id='word_1_717' title='bbox 1089 4301 1180 4344; x_wconf 89' lang='lat' dir='ltr'><strong>aut</strong></span> <span class='ocrx_word' id='word_1_718' title='bbox 1209 4292 1334 4362; x_wconf 86' lang='lat' dir='ltr'><strong>quid</strong></span> <span class='ocrx_word' id='word_1_719' title='bbox 1375 4291 1670 4345; x_wconf 88' lang='lat' dir='ltr'><strong>referemus</strong></span> <span class='ocrx_word' id='word_1_720' title='bbox 1712 4291 1763 4343; x_wconf 91' lang='lat' dir='ltr'><strong>in</strong></span> <span class='ocrx_word' id='word_1_721' title='bbox 1810 4283 2019 4360; x_wconf 84' lang='lat' dir='ltr'><strong>laudem</strong></span> <span class='ocrx_word' id='word_1_722' title='bbox 2067 4300 2173 4343; x_wconf 89' lang='lat' dir='ltr'><strong>tam</strong></span> <span class='ocrx_word' id='word_1_723' title='bbox 2210 4327 2256 4385; x_wconf 71' lang='grc' dir='ltr'>υ</span> <span class='ocrx_word' id='word_1_724' title='bbox 2282 4284 2581 4350; x_wconf 68' lang='grc' dir='ltr'><strong>Ποηοὶηιηην</strong></span> <span class='ocrx_word' id='word_1_725' title='bbox 2610 4297 2657 4340; x_wconf 72' lang='grc' dir='ltr'><strong>εἰ</strong></span> <span class='ocrx_word' id='word_1_726' title='bbox 2684 4290 2958 4343; x_wconf 62' lang='lat' dir='ltr'><strong>Msa/lavit</strong></span> <span class='ocrx_word' id='word_1_727' title='bbox 2987 4291 3199 4358; x_wconf 67' lang='lat' dir='ltr'><strong>spiritus</strong></span> <span class='ocrx_word' id='word_1_728' title='bbox 3239 4309 3385 4348; x_wconf 76' lang='lat' dir='ltr'><strong>meus</strong></span> <span class='ocrx_word' id='word_1_729' title='bbox 3407 4295 3463 4349; x_wconf 85' lang='lat' dir='ltr'><strong>in</strong></span> <span class='ocrx_word' id='word_1_730' title='bbox 3501 4296 3612 4350; x_wconf 86' lang='lat' dir='ltr'><strong>Deo</strong></span> <span class='ocrx_word' id='word_1_731' title='bbox 3633 4297 3858 4352; x_wconf 81' lang='lat' dir='ltr'><strong>salutari</strong></span> 
     </span>
    </p>
   </div>
   <div class='ocr_carea' id='block_1_92' title="bbox 600 4379 2170 4456">
    <p class='ocr_par' dir='ltr' id='par_1_92' title="bbox 600 4379 2170 4456">
     <span class='ocr_line' id='line_1_92' title="bbox 600 4379 2170 4456; baseline -0.004 -17"><span class='ocrx_word' id='word_1_732' title='bbox 600 4387 845 4456; x_wconf 66' lang='lat' dir='ltr'><strong>gloriosae</strong></span> <span class='ocrx_word' id='word_1_733' title='bbox 882 4383 1157 4454; x_wconf 84' lang='lat' dir='ltr'><strong>genitricis</strong></span> <span class='ocrx_word' id='word_1_734' title='bbox 1191 4381 1326 4436; x_wconf 82' lang='lat' dir='ltr'><strong>Dei?</strong></span> <span class='ocrx_word' id='word_1_735' title='bbox 1376 4380 1547 4435; x_wconf 88' lang='lat' dir='ltr'><strong>Sileat</strong></span> <span class='ocrx_word' id='word_1_736' title='bbox 1577 4396 1719 4434; x_wconf 90' lang='lat' dir='ltr'><strong>nunc</strong></span> <span class='ocrx_word' id='word_1_737' title='bbox 1752 4380 1928 4450; x_wconf 86' lang='lat' dir='ltr'><strong>lingua</strong></span> <span class='ocrx_word' id='word_1_738' title='bbox 1972 4379 2170 4443; x_wconf 83' lang='lat' dir='ltr'><strong>carnis,</strong></span> 
     </span>
    </p>
   </div>
   <div class='ocr_carea' id='block_1_93' title="bbox 600 4473 2168 4544">
    <p class='ocr_par' dir='ltr' id='par_1_93' title="bbox 600 4473 2168 4544">
     <span class='ocr_line' id='line_1_93' title="bbox 600 4473 2168 4544; baseline -0.002 -13"><span class='ocrx_word' id='word_1_739' title='bbox 600 4489 652 4531; x_wconf 86' lang='lat' dir='ltr'><strong>ut</strong></span> <span class='ocrx_word' id='word_1_740' title='bbox 679 4479 860 4531; x_wconf 76' lang='lat' dir='ltr'><strong>calent</strong></span> <span class='ocrx_word' id='word_1_741' title='bbox 889 4485 1074 4530; x_wconf 87' lang='lat' dir='ltr'><strong>sancta</strong></span> <span class='ocrx_word' id='word_1_742' title='bbox 1127 4474 1216 4528; x_wconf 84' lang='lat' dir='ltr'><strong>Dei</strong></span> <span class='ocrx_word' id='word_1_743' title='bbox 1263 4474 1493 4544; x_wconf 76' lang='lat' dir='ltr'><strong>genitrix</strong></span> <span class='ocrx_word' id='word_1_744' title='bbox 1524 4473 1891 4527; x_wconf 80' lang='lat' dir='ltr'><strong>demulceatur</strong></span> <span class='ocrx_word' id='word_1_745' title='bbox 1934 4474 2168 4542; x_wconf 76' lang='lat' dir='ltr'><strong>organis,</strong></span> 
     </span>
    </p>
   </div>
   <div class='ocr_carea' id='block_1_94' title="bbox 596 4566 2174 4639">
    <p class='ocr_par' dir='ltr' id='par_1_94' title="bbox 596 4566 2174 4639">
     <span class='ocr_line' id='line_1_94' title="bbox 596 4566 2174 4639; baseline -0.001 -18"><span class='ocrx_word' id='word_1_746' title='bbox 596 4570 849 4639; x_wconf 76' lang='lat' dir='ltr'><strong>plaudunt</strong></span> <span class='ocrx_word' id='word_1_747' title='bbox 898 4584 1038 4621; x_wconf 86' lang='lat' dir='ltr'><strong>nunc</strong></span> <span class='ocrx_word' id='word_1_748' title='bbox 1092 4577 1363 4636; x_wconf 62' lang='lat' dir='ltr'><strong>tympana,</strong></span> <span class='ocrx_word' id='word_1_749' title='bbox 1427 4574 1617 4618; x_wconf 85' lang='lat' dir='ltr'><strong>sonent</strong></span> <span class='ocrx_word' id='word_1_750' title='bbox 1671 4581 1893 4634; x_wconf 74' lang='lat' dir='ltr'><strong>organa,</strong></span> <span class='ocrx_word' id='word_1_751' title='bbox 1945 4566 2174 4620; x_wconf 77' lang='lat' dir='ltr'><strong>tittuiaut</strong></span> 
     </span>
    </p>
   </div>
   <div class='ocr_carea' id='block_1_95' title="bbox 597 4656 2164 4725">
    <p class='ocr_par' dir='ltr' id='par_1_95' title="bbox 597 4656 2164 4725">
     <span class='ocr_line' id='line_1_95' title="bbox 597 4656 2164 4725; baseline 0 -15"><span class='ocrx_word' id='word_1_752' title='bbox 597 4675 754 4711; x_wconf 85' lang='lat' dir='ltr'><strong>aures</strong></span> <span class='ocrx_word' id='word_1_753' title='bbox 796 4658 1110 4710; x_wconf 86' lang='lat' dir='ltr'><strong>amantium.</strong></span> <span class='ocrx_word' id='word_1_754' title='bbox 1156 4656 1416 4721; x_wconf 70' lang='lat' dir='ltr'><strong>Plaudite,</strong></span> <span class='ocrx_word' id='word_1_755' title='bbox 1468 4673 1644 4708; x_wconf 82' lang='lat' dir='ltr'><strong>omnes</strong></span> <span class='ocrx_word' id='word_1_756' title='bbox 1670 4667 1864 4725; x_wconf 82' lang='lat' dir='ltr'><strong>gentes,</strong></span> <span class='ocrx_word' id='word_1_757' title='bbox 1907 4657 2164 4718; x_wconf 82' lang='lat' dir='ltr'><strong>manibus,</strong></span> 
     </span>
    </p>
   </div>
   <div class='ocr_carea' id='block_1_96' title="bbox 593 4745 2168 4816">
    <p class='ocr_par' dir='ltr' id='par_1_96' title="bbox 593 4745 2168 4816">
     <span class='ocr_line' id='line_1_96' title="bbox 593 4745 2168 4816; baseline -0.001 -16"><span class='ocrx_word' id='word_1_758' title='bbox 593 4747 812 4816; x_wconf 65' lang='lat' dir='ltr'><strong>[ubi/nte</strong></span> <span class='ocrx_word' id='word_1_759' title='bbox 835 4746 939 4798; x_wconf 88' lang='lat' dir='ltr'><strong>Deo</strong></span> <span class='ocrx_word' id='word_1_760' title='bbox 965 4747 1015 4798; x_wconf 85' lang='lat' dir='ltr'><strong>in</strong></span> <span class='ocrx_word' id='word_1_761' title='bbox 1057 4763 1174 4798; x_wconf 78' lang='lat' dir='ltr'><strong>voce</strong></span> <span class='ocrx_word' id='word_1_762' title='bbox 1205 4745 1588 4807; x_wconf 67' lang='lat' dir='ltr'><strong>exsultationis,</strong></span> <span class='ocrx_word' id='word_1_763' title='bbox 1620 4747 1867 4814; x_wconf 82' lang='lat' dir='ltr'><strong>quoniam</strong></span> <span class='ocrx_word' id='word_1_764' title='bbox 1912 4745 2168 4799; x_wconf 82' lang='lat' dir='ltr'><strong>Dominus</strong></span> 
     </span>
    </p>
   </div>
   <div class='ocr_carea' id='block_1_97' title="bbox 597 4833 2167 4902">
    <p class='ocr_par' dir='ltr' id='par_1_97' title="bbox 597 4833 2167 4902">
     <span class='ocr_line' id='line_1_97' title="bbox 597 4833 2167 4902; baseline -0.002 -12"><span class='ocrx_word' id='word_1_765' title='bbox 597 4837 826 4890; x_wconf 57' lang='lat' dir='ltr'><strong>excelsus</strong></span> <span class='ocrx_word' id='word_1_766' title='bbox 873 4833 1117 4888; x_wconf 82' lang='lat' dir='ltr'><strong>terribilis</strong></span> <span class='ocrx_word' id='word_1_767' title='bbox 1147 4845 1192 4886; x_wconf 85' lang='lat' dir='ltr'><strong>et</strong></span> <span class='ocrx_word' id='word_1_768' title='bbox 1236 4850 1325 4886; x_wconf 70' lang='lat' dir='ltr'><strong>rex</strong></span> <span class='ocrx_word' id='word_1_769' title='bbox 1355 4849 1572 4902; x_wconf 84' lang='lat' dir='ltr'><strong>magnus</strong></span> <span class='ocrx_word' id='word_1_770' title='bbox 1607 4849 1762 4902; x_wconf 80' lang='lat' dir='ltr'><strong>super</strong></span> <span class='ocrx_word' id='word_1_771' title='bbox 1790 4850 1966 4886; x_wconf 77' lang='lat' dir='ltr'><strong>omnes</strong></span> <span class='ocrx_word' id='word_1_772' title='bbox 2017 4833 2167 4887; x_wconf 72' lang='lat' dir='ltr'><strong>ca&#39;los</strong></span> 
     </span>
    </p>
   </div>
   <div class='ocr_carea' id='block_1_98' title="bbox 597 4921 2172 4998">
    <p class='ocr_par' dir='ltr' id='par_1_98' title="bbox 597 4921 2172 4998">
     <span class='ocr_line' id='line_1_98' title="bbox 597 4921 2172 4998; baseline -0.001 -18"><span class='ocrx_word' id='word_1_773' title='bbox 597 4927 764 4998; x_wconf 72' lang='lat' dir='ltr'><strong>(I’sal.</strong></span> <span class='ocrx_word' id='word_1_774' title='bbox 792 4943 937 4991; x_wconf 76' lang='lat' dir='ltr'><strong>xui,</strong></span> <span class='ocrx_word' id='word_1_775' title='bbox 967 4927 1022 4988; x_wconf 76' lang='lat'><strong>‘3,</strong></span> <span class='ocrx_word' id='word_1_776' title='bbox 1052 4925 1128 4992; x_wconf 78' lang='grc'><strong>5),</strong></span> <span class='ocrx_word' id='word_1_777' title='bbox 1155 4933 1207 4979; x_wconf 87' lang='lat' dir='ltr'><strong>ct</strong></span> <span class='ocrx_word' id='word_1_778' title='bbox 1251 4939 1414 4991; x_wconf 78' lang='lat' dir='ltr'><strong>super</strong></span> <span class='ocrx_word' id='word_1_779' title='bbox 1459 4938 1672 4977; x_wconf 81' lang='lat' dir='ltr'><strong>mnncm</strong></span> <span class='ocrx_word' id='word_1_780' title='bbox 1706 4931 1923 4976; x_wconf 86' lang='lat' dir='ltr'><strong>terram.</strong></span> <span class='ocrx_word' id='word_1_781' title='bbox 1956 4921 2032 4977; x_wconf 70' lang='lat' dir='ltr'><strong>Ex</strong></span> <span class='ocrx_word' id='word_1_782' title='bbox 2063 4926 2172 4978; x_wconf 87' lang='lat' dir='ltr'><strong>vir-</strong></span> 
     </span>
    </p>
   </div>
   <div class='ocr_carea' id='block_1_99' title="bbox 597 5012 2166 5089">
    <p class='ocr_par' dir='ltr' id='par_1_99' title="bbox 597 5012 2166 5089">
     <span class='ocr_line' id='line_1_99' title="bbox 597 5012 2166 5089; baseline -0.003 -17"><span class='ocrx_word' id='word_1_783' title='bbox 597 5021 712 5089; x_wconf 62' lang='lat' dir='ltr'><strong>gine</strong></span> <span class='ocrx_word' id='word_1_784' title='bbox 736 5021 897 5073; x_wconf 73' lang='lat' dir='ltr'><strong>Maria</strong></span> <span class='ocrx_word' id='word_1_785' title='bbox 927 5017 1072 5072; x_wconf 86' lang='lat' dir='ltr'><strong>nasci</strong></span> <span class='ocrx_word' id='word_1_786' title='bbox 1096 5017 1344 5086; x_wconf 88' lang='lat' dir='ltr'><strong>dignatus</strong></span> <span class='ocrx_word' id='word_1_787' title='bbox 1365 5023 1467 5076; x_wconf 89' lang='lat' dir='ltr'><strong>est,</strong></span> <span class='ocrx_word' id='word_1_788' title='bbox 1495 5022 1548 5066; x_wconf 86' lang='lat' dir='ltr'><strong>et</strong></span> <span class='ocrx_word' id='word_1_789' title='bbox 1572 5012 1795 5067; x_wconf 80' lang='lat' dir='ltr'><strong>Creator</strong></span> <span class='ocrx_word' id='word_1_790' title='bbox 1821 5029 1887 5068; x_wconf 83' lang='lat' dir='ltr'><strong>ex</strong></span> <span class='ocrx_word' id='word_1_791' title='bbox 1918 5023 2166 5068; x_wconf 89' lang='lat' dir='ltr'><strong>creatura</strong></span> 
     </span>
    </p>
   </div>
   <div class='ocr_carea' id='block_1_100' title="bbox 596 5105 2170 5176">
    <p class='ocr_par' dir='ltr' id='par_1_100' title="bbox 596 5105 2170 5176">
     <span class='ocr_line' id='line_1_100' title="bbox 596 5105 2170 5176; baseline -0.002 -12"><span class='ocrx_word' id='word_1_792' title='bbox 596 5111 754 5176; x_wconf 76' lang='lat' dir='ltr'><strong>regali</strong></span> <span class='ocrx_word' id='word_1_793' title='bbox 787 5111 966 5165; x_wconf 86' lang='lat' dir='ltr'><strong>trabea</strong></span> <span class='ocrx_word' id='word_1_794' title='bbox 999 5124 1161 5164; x_wconf 89' lang='lat' dir='ltr'><strong>carne</strong></span> <span class='ocrx_word' id='word_1_795' title='bbox 1195 5108 1412 5161; x_wconf 88' lang='lat' dir='ltr'><strong>indutus</strong></span> <span class='ocrx_word' id='word_1_796' title='bbox 1436 5121 1504 5159; x_wconf 77' lang='lat' dir='ltr'><strong>ex</strong></span> <span class='ocrx_word' id='word_1_797' title='bbox 1535 5105 1757 5174; x_wconf 86' lang='lat' dir='ltr'><strong>virginis</strong></span> <span class='ocrx_word' id='word_1_798' title='bbox 1797 5106 1996 5174; x_wconf 90' lang='lat' dir='ltr'><strong>palatio</strong></span> <span class='ocrx_word' id='word_1_799' title='bbox 2042 5105 2170 5160; x_wconf 80' lang='lat' dir='ltr'><strong>visi-</strong></span> 
     </span>
    </p>
   </div>
   <div class='ocr_carea' id='block_1_101' title="bbox 594 5199 1383 5271">
    <p class='ocr_par' dir='ltr' id='par_1_101' title="bbox 594 5199 1383 5271">
     <span class='ocr_line' id='line_1_101' title="bbox 594 5199 1383 5271; baseline -0.001 -21"><span class='ocrx_word' id='word_1_800' title='bbox 594 5209 704 5252; x_wconf 84' lang='lat' dir='ltr'><strong>tare</strong></span> <span class='ocrx_word' id='word_1_801' title='bbox 729 5202 974 5271; x_wconf 82' lang='lat' dir='ltr'><strong>dignatus</strong></span> <span class='ocrx_word' id='word_1_802' title='bbox 999 5207 1081 5255; x_wconf 88' lang='lat' dir='ltr'><strong>est</strong></span> <span class='ocrx_word' id='word_1_803' title='bbox 1106 5199 1383 5253; x_wconf 85' lang='lat' dir='ltr'><strong>mundum.</strong></span> 
     </span>
    </p>
   </div>
   <div class='ocr_carea' id='block_1_102' title="bbox 661 5286 2164 5358">
    <p class='ocr_par' dir='ltr' id='par_1_102' title="bbox 661 5286 2164 5358">
     <span class='ocr_line' id='line_1_102' title="bbox 661 5286 2164 5358; baseline 0.001 -16"><span class='ocrx_word' id='word_1_804' title='bbox 661 5289 703 5342; x_wconf 88' lang='grc' dir='ltr'>Ο</span> <span class='ocrx_word' id='word_1_805' title='bbox 732 5290 863 5342; x_wconf 90' lang='lat' dir='ltr'><strong>mira</strong></span> <span class='ocrx_word' id='word_1_806' title='bbox 886 5290 1029 5343; x_wconf 89' lang='lat' dir='ltr'><strong>circa</strong></span> <span class='ocrx_word' id='word_1_807' title='bbox 1064 5305 1160 5342; x_wconf 88' lang='lat' dir='ltr'><strong>nos</strong></span> <span class='ocrx_word' id='word_1_808' title='bbox 1187 5286 1570 5358; x_wconf 87' lang='lat' dir='ltr'><strong>omnipotentis</strong></span> <span class='ocrx_word' id='word_1_809' title='bbox 1596 5286 1771 5342; x_wconf 80' lang='lat' dir='ltr'><strong>Patris</strong></span> <span class='ocrx_word' id='word_1_810' title='bbox 1798 5297 1852 5343; x_wconf 91' lang='lat' dir='ltr'><strong>ct</strong></span> <span class='ocrx_word' id='word_1_811' title='bbox 1880 5288 2164 5344; x_wconf 69' lang='lat' dir='ltr'><strong>illCiT‘JiiliiS</strong></span> 
     </span>
    </p>
   </div>
   <div class='ocr_carea' id='block_1_103' title="bbox 587 5379 2168 5449">
    <p class='ocr_par' dir='ltr' id='par_1_103' title="bbox 587 5379 2168 5449">
     <span class='ocr_line' id='line_1_103' title="bbox 587 5379 2168 5449; baseline 0.005 -21"><span class='ocrx_word' id='word_1_812' title='bbox 587 5379 802 5447; x_wconf 82' lang='lat' dir='ltr'><strong>pietatis</strong></span> <span class='ocrx_word' id='word_1_813' title='bbox 847 5381 1100 5435; x_wconf 81' lang='lat' dir='ltr'><strong>dilectio!</strong></span> <span class='ocrx_word' id='word_1_814' title='bbox 1154 5379 1283 5445; x_wconf 84' lang='lat' dir='ltr'><strong>Quis</strong></span> <span class='ocrx_word' id='word_1_815' title='bbox 1337 5394 1573 5448; x_wconf 82' lang='lat' dir='ltr'><strong>unquam</strong></span> <span class='ocrx_word' id='word_1_816' title='bbox 1621 5388 1803 5449; x_wconf 63' lang='lat' dir='ltr'><strong>possm</strong></span> <span class='ocrx_word' id='word_1_817' title='bbox 1852 5397 2066 5449; x_wconf 73' lang='lat' dir='ltr'><strong>sperare</strong></span> <span class='ocrx_word' id='word_1_818' title='bbox 2109 5389 2168 5436; x_wconf 79' lang='lat' dir='ltr'><strong>ut</strong></span> 
     </span>
    </p>
   </div>
   <div class='ocr_carea' id='block_1_104' title="bbox 591 5466 2164 5526">
    <p class='ocr_par' dir='ltr' id='par_1_104' title="bbox 591 5466 2164 5526">
     <span class='ocr_line' id='line_1_104' title="bbox 591 5466 2164 5526; baseline 0.004 -8"><span class='ocrx_word' id='word_1_819' title='bbox 591 5466 727 5518; x_wconf 81' lang='lat' dir='ltr'><strong>ltens</strong></span> <span class='ocrx_word' id='word_1_820' title='bbox 759 5482 822 5517; x_wconf 78' lang='lat' dir='ltr'><strong>ex</strong></span> <span class='ocrx_word' id='word_1_821' title='bbox 853 5467 1047 5522; x_wconf 83' lang='lat' dir='ltr'><strong>femina</strong></span> <span class='ocrx_word' id='word_1_822' title='bbox 1079 5470 1431 5524; x_wconf 78' lang='lat' dir='ltr'><strong>nasceretur?</strong></span> <span class='ocrx_word' id='word_1_823' title='bbox 1463 5466 1506 5524; x_wconf 91' lang='grc' dir='ltr'><strong>Ο</strong></span> <span class='ocrx_word' id='word_1_824' title='bbox 1535 5469 1921 5525; x_wconf 77' lang='lat' dir='ltr'><strong>iuzcslimabilis</strong></span> <span class='ocrx_word' id='word_1_825' title='bbox 1951 5472 2164 5526; x_wconf 85' lang='lat' dir='ltr'><strong>dilectio</strong></span> 
     </span>
    </p>
   </div>
   <div class='ocr_carea' id='block_1_105' title="bbox 589 5560 2160 5634">
    <p class='ocr_par' dir='ltr' id='par_1_105' title="bbox 589 5560 2160 5634">
     <span class='ocr_line' id='line_1_105' title="bbox 589 5560 2160 5634; baseline 0.004 -20"><span class='ocrx_word' id='word_1_826' title='bbox 589 5560 904 5614; x_wconf 72' lang='lat' dir='ltr'><strong>einritatis?</strong></span> <span class='ocrx_word' id='word_1_827' title='bbox 941 5573 989 5613; x_wconf 90' lang='lat' dir='ltr'><strong>ut</strong></span> <span class='ocrx_word' id='word_1_828' title='bbox 1026 5562 1161 5616; x_wconf 75' lang='lat' dir='ltr'><strong>Deus</strong></span> <span class='ocrx_word' id='word_1_829' title='bbox 1189 5563 1381 5618; x_wconf 81' lang='lat' dir='ltr'><strong>Filium</strong></span> <span class='ocrx_word' id='word_1_830' title='bbox 1429 5579 1580 5619; x_wconf 82' lang='lat' dir='ltr'><strong>suum</strong></span> <span class='ocrx_word' id='word_1_831' title='bbox 1607 5578 1703 5634; x_wconf 88' lang='lat' dir='ltr'><strong>pro</strong></span> <span class='ocrx_word' id='word_1_832' title='bbox 1745 5563 1915 5619; x_wconf 71' lang='lat' dir='ltr'><strong>salute.</strong></span> <span class='ocrx_word' id='word_1_833' title='bbox 1947 5567 2160 5621; x_wconf 57' lang='lat' dir='ltr'><strong>humeri</strong></span> 
     </span>
    </p>
   </div>
   <div class='ocr_carea' id='block_1_106' title="bbox 2281 4375 3851 4452">
    <p class='ocr_par' dir='ltr' id='par_1_106' title="bbox 2281 4375 3851 4452">
     <span class='ocr_line' id='line_1_106' title="bbox 2281 4375 3851 4452; baseline 0.011 -26"><span class='ocrx_word' id='word_1_834' title='bbox 2281 4391 2393 4426; x_wconf 82' lang='lat' dir='ltr'><strong>meo</strong></span> <span class='ocrx_word' id='word_1_835' title='bbox 2451 4375 2637 4446; x_wconf 84' lang='lat' dir='ltr'><strong>(lbid.,</strong></span> <span class='ocrx_word' id='word_1_836' title='bbox 2691 4377 2804 4448; x_wconf 68' lang='grc'><strong>47).</strong></span> <span class='ocrx_word' id='word_1_837' title='bbox 2865 4379 3220 4445; x_wconf 68' lang='grc' dir='ltr'><strong>ριιςιειιθηιιυηι</strong></span> <span class='ocrx_word' id='word_1_838' title='bbox 3263 4385 3418 4440; x_wconf 87' lang='lat' dir='ltr'><strong>nobis</strong></span> <span class='ocrx_word' id='word_1_839' title='bbox 3460 4396 3565 4452; x_wconf 85' lang='lat' dir='ltr'><strong>est,</strong></span> <span class='ocrx_word' id='word_1_840' title='bbox 3621 4387 3851 4443; x_wconf 83' lang='lat' dir='ltr'><strong>fratres!</strong></span> 
     </span>
    </p>
   </div>
   <div class='ocr_carea' id='block_1_107' title="bbox 2279 4467 3854 4548">
    <p class='ocr_par' dir='ltr' id='par_1_107' title="bbox 2279 4467 3854 4548">
     <span class='ocr_line' id='line_1_107' title="bbox 2279 4467 3854 4548; baseline 0.01 -30"><span class='ocrx_word' id='word_1_841' title='bbox 2279 4467 2407 4536; x_wconf 87' lang='lat' dir='ltr'><strong>quid</strong></span> <span class='ocrx_word' id='word_1_842' title='bbox 2436 4468 2505 4519; x_wconf 88' lang='lat' dir='ltr'><strong>sit</strong></span> <span class='ocrx_word' id='word_1_843' title='bbox 2531 4468 2817 4522; x_wconf 90' lang='lat' dir='ltr'><strong>Dominum</strong></span> <span class='ocrx_word' id='word_1_844' title='bbox 2853 4471 3196 4541; x_wconf 84' lang='lat' dir='ltr'><strong>magnificare</strong></span> <span class='ocrx_word' id='word_1_845' title='bbox 3225 4491 3239 4541; x_wconf 88' lang='lat'><strong>;</strong></span> <span class='ocrx_word' id='word_1_846' title='bbox 3270 4491 3444 4548; x_wconf 81' lang='lat' dir='ltr'><strong>neque</strong></span> <span class='ocrx_word' id='word_1_847' title='bbox 3465 4480 3607 4531; x_wconf 90' lang='lat' dir='ltr'><strong>cnim</strong></span> <span class='ocrx_word' id='word_1_848' title='bbox 3633 4478 3854 4533; x_wconf 84' lang='lat' dir='ltr'><strong>Creator</strong></span> 
     </span>
    </p>
   </div>
   <div class='ocr_carea' id='block_1_108' title="bbox 2280 4559 3852 4634">
    <p class='ocr_par' dir='ltr' id='par_1_108' title="bbox 2280 4559 3852 4634">
     <span class='ocr_line' id='line_1_108' title="bbox 2280 4559 3852 4634; baseline 0.007 -22"><span class='ocrx_word' id='word_1_849' title='bbox 2280 4559 2392 4612; x_wconf 87' lang='lat' dir='ltr'><strong>fieri</strong></span> <span class='ocrx_word' id='word_1_850' title='bbox 2438 4567 2613 4628; x_wconf 89' lang='lat' dir='ltr'><strong>potest</strong></span> <span class='ocrx_word' id='word_1_851' title='bbox 2654 4575 2881 4630; x_wconf 87' lang='lat' dir='ltr'><strong>magnus</strong></span> <span class='ocrx_word' id='word_1_852' title='bbox 2906 4577 2934 4615; x_wconf 89' lang='lat' dir='ltr'><strong>a</strong></span> <span class='ocrx_word' id='word_1_853' title='bbox 2963 4574 3229 4619; x_wconf 87' lang='lat' dir='ltr'><strong>creatura.</strong></span> <span class='ocrx_word' id='word_1_854' title='bbox 3279 4566 3412 4622; x_wconf 87' lang='lat' dir='ltr'><strong>Cum</strong></span> <span class='ocrx_word' id='word_1_855' title='bbox 3451 4568 3704 4623; x_wconf 88' lang='lat' dir='ltr'><strong>dicatur:</strong></span> <span class='ocrx_word' id='word_1_856' title='bbox 3749 4567 3852 4634; x_wconf 81' lang='lat' dir='ltr'><strong>Qui</strong></span> 
     </span>
    </p>
   </div>
   <div class='ocr_carea' id='block_1_109' title="bbox 2275 4653 3850 4731">
    <p class='ocr_par' dir='ltr' id='par_1_109' title="bbox 2275 4653 3850 4731">
     <span class='ocr_line' id='line_1_109' title="bbox 2275 4653 3850 4731; baseline 0.008 -28"><span class='ocrx_word' id='word_1_857' title='bbox 2275 4653 2395 4705; x_wconf 78' lang='lat' dir='ltr'><strong>vicit</strong></span> <span class='ocrx_word' id='word_1_858' title='bbox 2424 4653 2477 4704; x_wconf 86' lang='lat' dir='ltr'><strong>in</strong></span> <span class='ocrx_word' id='word_1_859' title='bbox 2501 4663 2770 4718; x_wconf 76' lang='lat' dir='ltr'><strong>(rternum,</strong></span> <span class='ocrx_word' id='word_1_860' title='bbox 2801 4658 2992 4722; x_wconf 73' lang='lat' dir='ltr'><strong>ereavit</strong></span> <span class='ocrx_word' id='word_1_861' title='bbox 3022 4676 3171 4713; x_wconf 80' lang='lat' dir='ltr'><strong>omne</strong></span> <span class='ocrx_word' id='word_1_862' title='bbox 3193 4658 3350 4714; x_wconf 84' lang='lat' dir='ltr'><strong>simul</strong></span> <span class='ocrx_word' id='word_1_863' title='bbox 3393 4658 3560 4730; x_wconf 82' lang='lat' dir='ltr'><strong>(Eccl.</strong></span> <span class='ocrx_word' id='word_1_864' title='bbox 3592 4676 3744 4724; x_wconf 82' lang='lat' dir='ltr'><strong>xvm,</strong></span> <span class='ocrx_word' id='word_1_865' title='bbox 3771 4662 3850 4731; x_wconf 78' lang='grc'><strong>1),</strong></span> 
     </span>
    </p>
   </div>
   <div class='ocr_carea' id='block_1_110' title="bbox 2277 4739 3850 4822">
    <p class='ocr_par' dir='ltr' id='par_1_110' title="bbox 2277 4739 3850 4822">
     <span class='ocr_line' id='line_1_110' title="bbox 2277 4739 3850 4822; baseline 0.009 -29"><span class='ocrx_word' id='word_1_866' title='bbox 2277 4739 2343 4793; x_wconf 83' lang='lat' dir='ltr'><strong>Et</strong></span> <span class='ocrx_word' id='word_1_867' title='bbox 2382 4740 2664 4797; x_wconf 74' lang='lat' dir='ltr'><strong>PSahnista</strong></span> <span class='ocrx_word' id='word_1_868' title='bbox 2703 4763 2714 4796; x_wconf 92' lang='lat'><strong>:</strong></span> <span class='ocrx_word' id='word_1_869' title='bbox 2763 4744 2921 4816; x_wconf 55' lang='lat'><strong>5&amp;2</strong></span> <span class='ocrx_word' id='word_1_870' title='bbox 2965 4743 3242 4799; x_wconf 82' lang='lat' dir='ltr'><strong>Fundalor</strong></span> <span class='ocrx_word' id='word_1_871' title='bbox 3278 4746 3640 4803; x_wconf 78' lang='lat' dir='ltr'><strong>exsultationis</strong></span> <span class='ocrx_word' id='word_1_872' title='bbox 3677 4748 3850 4822; x_wconf 63' lang='grc' dir='ltr'><strong>[Ιιρε.9</strong></span> 
     </span>
    </p>
   </div>
   <div class='ocr_carea' id='block_1_111' title="bbox 2268 4832 3848 4910">
    <p class='ocr_par' dir='ltr' id='par_1_111' title="bbox 2268 4832 3848 4910">
     <span class='ocr_line' id='line_1_111' title="bbox 2268 4832 3848 4910; baseline 0.008 -27"><span class='ocrx_word' id='word_1_873' title='bbox 2268 4832 2524 4900; x_wconf 84' lang='lat' dir='ltr'><strong>fundatur</strong></span> <span class='ocrx_word' id='word_1_874' title='bbox 2541 4834 2909 4905; x_wconf 64' lang='lat' dir='ltr'><strong>exsultatione]</strong></span> <span class='ocrx_word' id='word_1_875' title='bbox 2929 4836 3181 4887; x_wconf 76' lang='lat' dir='ltr'><strong>universa:</strong></span> <span class='ocrx_word' id='word_1_876' title='bbox 3203 4844 3354 4890; x_wconf 80' lang='lat' dir='ltr'><strong>teme</strong></span> <span class='ocrx_word' id='word_1_877' title='bbox 3378 4834 3547 4907; x_wconf 85' lang='lat' dir='ltr'><strong>(Psnl.</strong></span> <span class='ocrx_word' id='word_1_878' title='bbox 3571 4854 3738 4903; x_wconf 68' lang='lat' dir='ltr'><strong>XLVII,</strong></span> <span class='ocrx_word' id='word_1_879' title='bbox 3759 4841 3848 4910; x_wconf 86' lang='lat'><strong>5);</strong></span> 
     </span>
    </p>
   </div>
   <div class='ocr_carea' id='block_1_112' title="bbox 2267 4925 3849 5002">
    <p class='ocr_par' dir='ltr' id='par_1_112' title="bbox 2267 4925 3849 5002">
     <span class='ocr_line' id='line_1_112' title="bbox 2267 4925 3849 5002; baseline 0.003 -23"><span class='ocrx_word' id='word_1_880' title='bbox 2267 4925 2512 4980; x_wconf 88' lang='lat' dir='ltr'><strong>etalibi:</strong></span> <span class='ocrx_word' id='word_1_881' title='bbox 2562 4926 2784 4996; x_wconf 77' lang='lat' dir='ltr'><strong>Magnus</strong></span> <span class='ocrx_word' id='word_1_882' title='bbox 2839 4925 3093 4979; x_wconf 84' lang='lat' dir='ltr'><strong>Dominus</strong></span> <span class='ocrx_word' id='word_1_883' title='bbox 3137 4937 3330 4994; x_wconf 84' lang='lat' dir='ltr'><strong>noster,</strong></span> <span class='ocrx_word' id='word_1_884' title='bbox 3380 4939 3429 4983; x_wconf 84' lang='lat' dir='ltr'><strong>et</strong></span> <span class='ocrx_word' id='word_1_885' title='bbox 3459 4947 3651 5002; x_wconf 79' lang='lat' dir='ltr'><strong>magna</strong></span> <span class='ocrx_word' id='word_1_886' title='bbox 3685 4932 3849 4987; x_wconf 69' lang='lat' dir='ltr'><strong>virius</strong></span> 
     </span>
    </p>
   </div>
   <div class='ocr_carea' id='block_1_113' title="bbox 2268 5002 3846 5095">
    <p class='ocr_par' dir='ltr' id='par_1_113' title="bbox 2268 5002 3846 5095">
     <span class='ocr_line' id='line_1_113' title="bbox 2268 5002 3846 5095; baseline 0.005 -26"><span class='ocrx_word' id='word_1_887' title='bbox 2268 5018 2400 5087; x_wconf 82' lang='lat' dir='ltr'><strong>ejus,</strong></span> <span class='ocrx_word' id='word_1_888' title='bbox 2427 5030 2473 5072; x_wconf 87' lang='lat' dir='ltr'><strong>et</strong></span> <span class='ocrx_word' id='word_1_889' title='bbox 2511 5021 2779 5088; x_wconf 75' lang='lat' dir='ltr'><strong>sapientiw</strong></span> <span class='ocrx_word' id='word_1_890' title='bbox 2805 5017 2920 5086; x_wconf 86' lang='lat' dir='ltr'><strong>ejus</strong></span> <span class='ocrx_word' id='word_1_891' title='bbox 2960 5034 3061 5071; x_wconf 85' lang='lat' dir='ltr'><strong>non</strong></span> <span class='ocrx_word' id='word_1_892' title='bbox 3090 5029 3164 5072; x_wconf 81' lang='lat' dir='ltr'><strong>est</strong></span> <span class='ocrx_word' id='word_1_893' title='bbox 3201 5037 3445 5076; x_wconf 82' lang='lat' dir='ltr'><strong>numerus</strong></span> <span class='ocrx_word' id='word_1_894' title='bbox 3476 5023 3646 5095; x_wconf 73' lang='lat' dir='ltr'><strong>(Ps‘nl.</strong></span> <span class='ocrx_word' id='word_1_895' title='bbox 3668 5002 3846 5084; x_wconf 51' lang='lat' dir='ltr'><strong>exivi,</strong></span> 
     </span>
    </p>
   </div>
   <div class='ocr_carea' id='block_1_114' title="bbox 2266 5108 3843 5184">
    <p class='ocr_par' dir='ltr' id='par_1_114' title="bbox 2266 5108 3843 5184">
     <span class='ocr_line' id='line_1_114' title="bbox 2266 5108 3843 5184; baseline 0.004 -22"><span class='ocrx_word' id='word_1_896' title='bbox 2266 5109 2341 5179; x_wconf 81' lang='grc'><strong>5).</strong></span> <span class='ocrx_word' id='word_1_897' title='bbox 2373 5110 2478 5164; x_wconf 89' lang='lat' dir='ltr'><strong>Sed</strong></span> <span class='ocrx_word' id='word_1_898' title='bbox 2511 5111 2715 5165; x_wconf 84' lang='lat' dir='ltr'><strong>duobus</strong></span> <span class='ocrx_word' id='word_1_899' title='bbox 2752 5108 2962 5177; x_wconf 82' lang='lat' dir='ltr'><strong>dicitur</strong></span> <span class='ocrx_word' id='word_1_900' title='bbox 2979 5111 3152 5166; x_wconf 80' lang='lat' dir='ltr'><strong>modis</strong></span> <span class='ocrx_word' id='word_1_901' title='bbox 3193 5113 3334 5168; x_wconf 90' lang='lat' dir='ltr'><strong>Deus</strong></span> <span class='ocrx_word' id='word_1_902' title='bbox 3372 5115 3727 5184; x_wconf 75' lang='lat' dir='ltr'><strong>magnilicari,</strong></span> <span class='ocrx_word' id='word_1_903' title='bbox 3758 5114 3843 5168; x_wconf 88' lang='lat' dir='ltr'><strong>vel</strong></span> 
     </span>
    </p>
   </div>
   <div class='ocr_carea' id='block_1_115' title="bbox 2272 5204 3848 5278">
    <p class='ocr_par' dir='ltr' id='par_1_115' title="bbox 2272 5204 3848 5278">
     <span class='ocr_line' id='line_1_115' title="bbox 2272 5204 3848 5278; baseline 0.001 -20"><span class='ocrx_word' id='word_1_904' title='bbox 2272 5204 2509 5267; x_wconf 86' lang='lat' dir='ltr'><strong>adorari,</strong></span> <span class='ocrx_word' id='word_1_905' title='bbox 2551 5212 2608 5257; x_wconf 93' lang='lat' dir='ltr'><strong>ut</strong></span> <span class='ocrx_word' id='word_1_906' title='bbox 2641 5204 2780 5257; x_wconf 90' lang='lat' dir='ltr'><strong>Deus</strong></span> <span class='ocrx_word' id='word_1_907' title='bbox 2805 5219 2818 5267; x_wconf 93' lang='lat'><strong>;</strong></span> <span class='ocrx_word' id='word_1_908' title='bbox 2847 5211 2940 5256; x_wconf 89' lang='lat' dir='ltr'><strong>aut</strong></span> <span class='ocrx_word' id='word_1_909' title='bbox 2967 5206 3244 5273; x_wconf 88' lang='lat' dir='ltr'><strong>admirari,</strong></span> <span class='ocrx_word' id='word_1_910' title='bbox 3278 5215 3333 5262; x_wconf 92' lang='lat' dir='ltr'><strong>ut</strong></span> <span class='ocrx_word' id='word_1_911' title='bbox 3366 5224 3609 5278; x_wconf 77' lang='lat' dir='ltr'><strong>magnus.</strong></span> <span class='ocrx_word' id='word_1_912' title='bbox 3647 5206 3848 5276; x_wconf 64' lang='lat' dir='ltr'><strong>Magni-</strong></span> 
     </span>
    </p>
   </div>
   <div class='ocr_carea' id='block_1_116' title="bbox 2272 5291 3847 5368">
    <p class='ocr_par' dir='ltr' id='par_1_116' title="bbox 2272 5291 3847 5368">
     <span class='ocr_line' id='line_1_116' title="bbox 2272 5291 3847 5368; baseline 0.001 -22"><span class='ocrx_word' id='word_1_913' title='bbox 2272 5291 2464 5347; x_wconf 85' lang='lat' dir='ltr'><strong>ficatur</strong></span> <span class='ocrx_word' id='word_1_914' title='bbox 2488 5291 2633 5346; x_wconf 90' lang='lat' dir='ltr'><strong>enim</strong></span> <span class='ocrx_word' id='word_1_915' title='bbox 2675 5291 2815 5344; x_wconf 89' lang='lat' dir='ltr'><strong>Deus</strong></span> <span class='ocrx_word' id='word_1_916' title='bbox 2843 5307 2872 5345; x_wconf 87' lang='lat' dir='ltr'><strong>a</strong></span> <span class='ocrx_word' id='word_1_917' title='bbox 2904 5294 3075 5359; x_wconf 78' lang='lat' dir='ltr'><strong>nobis,</strong></span> <span class='ocrx_word' id='word_1_918' title='bbox 3116 5311 3237 5351; x_wconf 90' lang='lat' dir='ltr'><strong>cum</strong></span> <span class='ocrx_word' id='word_1_919' title='bbox 3266 5299 3638 5368; x_wconf 79' lang='lat' dir='ltr'><strong>magnilicatur</strong></span> <span class='ocrx_word' id='word_1_920' title='bbox 3665 5297 3715 5351; x_wconf 83' lang='lat' dir='ltr'><strong>in</strong></span> <span class='ocrx_word' id='word_1_921' title='bbox 3750 5311 3847 5348; x_wconf 62' lang='lat' dir='ltr'><strong>no-</strong></span> 
     </span>
    </p>
   </div>
   <div class='ocr_carea' id='block_1_117' title="bbox 2271 5382 3848 5453">
    <p class='ocr_par' dir='ltr' id='par_1_117' title="bbox 2271 5382 3848 5453">
     <span class='ocr_line' id='line_1_117' title="bbox 2271 5382 3848 5453; baseline -0.001 -14"><span class='ocrx_word' id='word_1_922' title='bbox 2271 5384 2373 5440; x_wconf 87' lang='lat' dir='ltr'><strong>bis.</strong></span> <span class='ocrx_word' id='word_1_923' title='bbox 2404 5383 2508 5438; x_wconf 88' lang='lat' dir='ltr'><strong>Sed</strong></span> <span class='ocrx_word' id='word_1_924' title='bbox 2537 5398 2643 5436; x_wconf 90' lang='lat' dir='ltr'><strong>non</strong></span> <span class='ocrx_word' id='word_1_925' title='bbox 2671 5382 2750 5436; x_wconf 88' lang='lat' dir='ltr'><strong>sic</strong></span> <span class='ocrx_word' id='word_1_926' title='bbox 2777 5384 3151 5451; x_wconf 78' lang='lat' dir='ltr'><strong>magttillcattrr</strong></span> <span class='ocrx_word' id='word_1_927' title='bbox 3182 5389 3232 5440; x_wconf 89' lang='lat' dir='ltr'><strong>in</strong></span> <span class='ocrx_word' id='word_1_928' title='bbox 3259 5389 3437 5450; x_wconf 85' lang='lat' dir='ltr'><strong>nobis,</strong></span> <span class='ocrx_word' id='word_1_929' title='bbox 3482 5389 3620 5442; x_wconf 91' lang='lat' dir='ltr'><strong>sicut</strong></span> <span class='ocrx_word' id='word_1_930' title='bbox 3645 5386 3848 5453; x_wconf 79' lang='lat' dir='ltr'><strong>magni-</strong></span> 
     </span>
    </p>
   </div>
   <div class='ocr_carea' id='block_1_118' title="bbox 2273 5474 3841 5550">
    <p class='ocr_par' dir='ltr' id='par_1_118' title="bbox 2273 5474 3841 5550">
     <span class='ocr_line' id='line_1_118' title="bbox 2273 5474 3841 5550; baseline -0.001 -20"><span class='ocrx_word' id='word_1_931' title='bbox 2273 5475 2463 5531; x_wconf 81' lang='lat' dir='ltr'><strong>ficatur</strong></span> <span class='ocrx_word' id='word_1_932' title='bbox 2512 5476 2564 5529; x_wconf 90' lang='lat' dir='ltr'><strong>iu</strong></span> <span class='ocrx_word' id='word_1_933' title='bbox 2617 5474 2801 5537; x_wconf 80' lang='lat' dir='ltr'><strong>Maria,</strong></span> <span class='ocrx_word' id='word_1_934' title='bbox 2854 5477 2994 5531; x_wconf 89' lang='lat' dir='ltr'><strong>unde</strong></span> <span class='ocrx_word' id='word_1_935' title='bbox 3043 5494 3259 5534; x_wconf 83' lang='lat' dir='ltr'><strong>carnem</strong></span> <span class='ocrx_word' id='word_1_936' title='bbox 3310 5480 3614 5550; x_wconf 76' lang='lat' dir='ltr'><strong>assumpsit.</strong></span> <span class='ocrx_word' id='word_1_937' title='bbox 3645 5478 3723 5532; x_wconf 81' lang='lat' dir='ltr'><strong>Ex</strong></span> <span class='ocrx_word' id='word_1_938' title='bbox 3757 5476 3841 5528; x_wconf 84' lang='lat' dir='ltr'><strong>illa</strong></span> 
     </span>
    </p>
   </div>
   <div class='ocr_carea' id='block_1_119' title="bbox 2269 5566 3846 5635">
    <p class='ocr_par' dir='ltr' id='par_1_119' title="bbox 2269 5566 3846 5635">
     <span class='ocr_line' id='line_1_119' title="bbox 2269 5566 3846 5635; baseline -0.002 -14"><span class='ocrx_word' id='word_1_939' title='bbox 2269 5568 2409 5622; x_wconf 64' lang='lat' dir='ltr'><strong>enim</strong></span> <span class='ocrx_word' id='word_1_940' title='bbox 2446 5566 2534 5621; x_wconf 79' lang='lat' dir='ltr'><strong>Dei</strong></span> <span class='ocrx_word' id='word_1_941' title='bbox 2573 5566 2739 5621; x_wconf 79' lang='lat' dir='ltr'><strong>Filius</strong></span> <span class='ocrx_word' id='word_1_942' title='bbox 2778 5574 2858 5620; x_wconf 82' lang='lat' dir='ltr'><strong>cst</strong></span> <span class='ocrx_word' id='word_1_943' title='bbox 2913 5575 3088 5624; x_wconf 85' lang='lat' dir='ltr'><strong>natus.</strong></span> <span class='ocrx_word' id='word_1_944' title='bbox 3143 5569 3498 5635; x_wconf 75' lang='lat' dir='ltr'><strong>Singularitor</strong></span> <span class='ocrx_word' id='word_1_945' title='bbox 3543 5581 3670 5621; x_wconf 79' lang='lat' dir='ltr'><strong>sane</strong></span> <span class='ocrx_word' id='word_1_946' title='bbox 3705 5566 3846 5621; x_wconf 80' lang='lat' dir='ltr'><strong>Deus</strong></span> 
     </span>
    </p>
   </div>
  </div>
