4232 6236
464 174 599 231 1305

1478 177 1625 233 OPP.
1670 178 2065 235 SUPPOSITA.
2103 209 2174 221 --
2213 177 2517 234 HOMILIA'I
2556 176 2650 235 Π.

3570 177 3704 232 1306

459 286 835 358 magnidcatur
864 287 917 341 in
951 284 1137 351 Maria,
1168 288 1293 342 dum
1323 287 1438 358 ipsa
1466 289 1631 342 verbo
1660 289 1907 357 concepit
1935 286 2025 342 Fi-
2059 293 2097 347 Α
2130 289 2345 357 genuit;
2367 288 2530 343 vitam
2554 288 2868 359 mortalibus
2901 292 3140 361 protulit.
3185 293 3318 347 Vere
3366 287 3509 339 enim
3550 289 3703 340 licet:

456 374 608 441 lium.
636 384 692 431 et
721 378 840 433 sine
880 375 1065 431 dolore
1099 376 1325 447 peperit,
1374 385 1430 432 et
1478 367 1694 432 iactavit
1743 393 1920 449 regem
1966 386 2025 432 ct

455 463 791 522 Salvatorem
817 467 1057 520 omnium
1104 465 1445 545 sazculornm.
1494 466 1864 536 Magniticatur
1895 480 2023 536 ergo

451 553 711 612 Dominus
736 556 789 610 in
817 553 980 609 Maria
1005 572 1020 620 ;
1066 554 1439 625 magniﬁcétur
1464 563 1521 609 et
1559 557 1612 609 in
1641 555 1814 619 nobis,
1856 554 1900 609 si
1928 554 2024 609 ad-

449 644 726 709 miremur,
754 646 1103 721 gratnlemur,
1150 654 1204 700 et
1230 645 1431 716 gratias
1478 646 1552 699 illi
1596 662 1834 716 againus.
1883 644 2045 698 l.au-'

444 733 637 791 demus
679 724 853 799 illum,
900 733 1187 788 adoremus
1231 734 1407 800 illum,
1456 734 1546 804 qui
1573 734 1641 788 de
1688 732 1922 787 tenebris
1964 743 2020 787 et

446 827 635 881 umbra
657 824 848 880 mortis
873 825 1086 878 vocavit
1111 824 1179 903 ad
1217 822 1401 889 ﬁdem,
1431 825 1498 878 ad
1523 824 1687 878 vitam
1728 824 1794 878 de
1821 831 2015 886 morte,

444 917 513 974 ad
538 917 998 988 incorruptionem
1037 917 1104 971 de
1149 918 1518 988 corruptione,
1560 918 1625 971 ad
1668 916 1898 985 patriam
1948 914 2016 969 de

441 998 655 1074 eisilio,
689 1009 755 1064 ad
785 1008 1037 1079 gaudium
1062 1008 1130 1064 de
1171 1008 1341 1073 luctu,
1384 1016 1546 1078 atque
1590 1007 1655 1061 ad
1681 1006 1920 1061 cmlestia
1946 1006 2013 1061 de

442 1098 673 1156 terrenis
699 1099 989 1155 revocavit.
1022 1098 1297 1154 Imitemur
1324 1082 1604 1168 in‘aliquo,
1651 1097 1865 1160 fratres,
1899 1112 2012 1151 ma-

440 1198 579 1245 trem
606 1190 839 1257 Domini,
865 1192 908 1245 si
936 1190 1182 1245 volumus
1210 1172 1327 1244 ﬁeri
1355 1188 1450 1243 lilii
1474 1188 1609 1257 ejus,
1642 1196 1696 1244 et
1722 1189 2011 1258 pirticipes

436 1297 603 1355 regno
634 1282 844 1338 Domini
868 1280 1057 1338 nostri.
1088 1281 1204 1353 Ipsa
1229 1272 1377 1336 certe
1401 1280 1517 1335 ideo
1538 1286 1619 1334 est
1638 1286 1810 1332 mater
1836 1277 2012 1332 Domi-

433 1373 491 1428 ni
522 1373 737 1439 ellecta,
765 1373 889 1445 quia
914 1387 1126 1442 semper
1147 1371 1513 1427 delectabatur
1540 1369 1606 1424 ad
1632 1367 1868 1423 coelestia
1899 1384 1913 1432 ;
1953 1376 2009 1419 et

434 1480 534 1521 nos
581 1466 628 1520 si
670 1464 978 1521 ecclestibus
1023 1456 1313 1528 iubia‘mus,
1365 1462 1692 1517 voluntatem
1734 1460 1827 1514 Dei
1875 1458 2007 1513 faci-

2124 377 2418 443 humilitas,
2450 396 2569 449 qua:
2587 380 3067 449 cmios‘nuntiavit,
3104 385 3415 440 innovavit...
3438 383 3693 435 mundum
3768 438 3769 451 χ

2119 467 2438 538 puriﬁcavit,
2472 472 2780 539 paradisum
2809 474 3035 543 aperuit,
3064 484 3117 529 ct
3154 484 3467 532 sanctorum
3497 472 3704 528 animas

2117 558 2185 621 ab
2215 556 2401 612 inferis
2429 558 2693 614 liberavit.
2727 562 2887 617 Beata
2913 578 3033 618 vero
3060 565 3355 629 humilitas,
3381 576 3509 637 qme
3548 572 3701 616 uncta

2117 645 2350 713 paradisi
2374 644 2530 712 cllici,
2552 648 2694 703 scala
2724 650 2846 706 ςαξΙί
2872 654 3214 708 constituitur
3239 674 3248 708 :
3287 655 3447 710 Facta
3462 658 3567 705 \85t
3590 657 3702 704 Ma-

2119 736 2198 789 ria
2213 736 2355 791 scala
2370 738 2625 793 caelestis.
2643 739 2816 805 Scala,
2834 742 3073 811 inquam,
3089 745 3206 798 (ταξΙί
3223 740 3588 800 οοιιςιὶιυῑιὶιιο.
3605 750 3699 810 per

2118 840 2278 893 quam
2298 825 2435 881 Deus
2451 828 2728 882 descendit
2749 831 2815 883 ad
2838 840 3026 885 terras.
3054 833 3213 886 Facta
3236 846 3314 889 est
3336 834 3497 891 Maria
3515 832 3693 897 nalma

2114 915 2403 985 virginum,
2438 916 2604 987 gloria
2626 920 2928 985 viduarum,
2958 924 3242 979 exsultatio
3276 925 3589 997 conjugumb
3622 936 3698 973 νι-

2112 1004 2279 1059 ctoria
2302 1004 2747 1072 Christianorum,
2777 1009 3024 1079 gaudium
3050 1014 3357 1083 angelorum
3452 1055 3465 1067 .
3491 1019 3699 1077 anima-

2111 1110 2250 1147 rum.
2281 1094 2439 1150 Facta
2455 1106 2537 1152 est
2556 1097 2721 1153 Maria
2738 1098 2901 1167 janua
2916 1101 3196 1166 oculorum,
3230 1106 3536 1160 sublimatio
3561 1114 3693 1177 apo;-

2110 1185 2388 1250 stolorum,
2414 1185 2866 1256 lausmartyrnm,
2886 1192 3134 1261 jubilatio
3156 1195 3543 1258 confessorum,
3565 1172 3686 1252 con:

2110 1276 2617 1349 tincntiavirginum
2640 1282 2821 1351 regula
2853 1285 3257 1350 monachorum,
3275 1304 3460 1341 norma
3488 1292 3670 1360 princi.

2106 1380 2252 1435 pum,
2265 1367 2471 1437 justitia
2499 1386 2701 1440 regum.
2732 1371 2890 1425 Facta
2908 1382 2991 1427 cst
3007 1375 3149 1429 salus
3167 1393 3392 1440 morum,
3422 1396 3567 1433 mors
3582 1382 3679 1435 cri-

2060 1456 2067 1463 ’
2108 1457 2338 1521 mitium,
2363 1459 2471 1512 vita
2501 1461 2779 1524 virtutum,
2812 1463 2983 1517 virtus
3011 1468 3377 1535 pugnantium,
3403 1469 3576 1536 palma
3600 1471 3681 1522 vi-

432 1568 591 1619 mus;
624 1554 671 1609 si
697 1562 874 1609 autem
905 1554 997 1607 Dei
1022 1553 1347 1606 voluntatem
1395 1552 1620 1621 agimus,
1648 1564 1929 1620 possumus
1953 1550 2003 1600 in
2076 1552 2333 1603 'ctorum.
2358 1550 2519 1605 Facta
2547 1561 2629 1607 est
2660 1553 2822 1608 Maria
2855 1555 3062 1611 excelsa
3092 1572 3250 1626 super
3273 1560 3467 1612 sidera.
3494 1572 3678 1615 sancta

429 1658 655 1700 numero
684 1643 873 1698 matris
900 1651 955 1698 et
981 1641 1263 1706 vocabulo,
1292 1640 1416 1696 licet
1444 1658 1549 1695 non
1576 1639 1889 1701 naturaliter
1919 1638 2002 1692 vel
2036 1625 2076 1698 Β
2104 1649 2263 1703 super
2285 1651 2471 1690 omnes
2501 1636 2748 1701 feminas,
2781 1642 2931 1710 cujus
2957 1643 3063 1696 vita
3089 1625 3284 1714 inclyta
3309 1655 3529 1699 cunctas
3553 1646 3676 1699 illu-

427 1734 665 1804 proprie,
692 1734 834 1789 sicut
874 1735 1007 1804 ipsa,
1054 1732 1318 1802 deputari.
1364 1731 1479 1801 Ipse
1513 1746 1740 1799 namque
1773 1727 2005 1799 Virginis

427 1824 595 1880 Filius
618 1826 780 1881 dicit:
826 1825 887 1881 Si
927 1826 1043 1897 quis
1077 1825 1253 1895 fecerit
1304 1821 1481 1877 Patris
1528 1823 1625 1875 mei
1666 1820 1999 1885 voluntatem,

422 1916 532 1985 ipse
565 1933 707 1970 naeus
731 1916 895 1986 frater
915 1927 963 1969 et
990 1932 1142 1969 soror
1162 1925 1208 1969 et
1235 1924 1402 1968 mater
1421 1925 1495 1968 est
1520 1912 1734 1984 (.llattn.
1760 1927 1859 1976 xn,
1885 1910 1994 1982 50).

422 2007 534 2063 Nos
562 2021 691 2077 ergo
731 2008 863 2063 nihil
892 2007 1336 2077 concupiscamus
1365 2018 1664 2077 terrenum,
1691 2003 1822 2058 nihil
1853 2013 2000 2056 tran-

419 2098 691 2161 sitorium,
725 2107 798 2165 et,
827 2098 969 2169 quod
992 2098 1059 2151 ad
1085 2112 1321 2167 praesens
1348 2095 1531 2150 estsic
1560 2104 1618 2148 ut
1645 2093 1993 2149 delectemur.

418 2188 644 2244 Omnem
673 2189 839 2244 risum
871 2202 968 2259 pro
994 2187 1139 2243 luctu
1181 2188 1516 2257 deputemus,
1544 2193 1596 2239 et
1623 2183 1874 2252 gaudium
1900 2198 1997 2251 pro

418 2280 674 2346 maerore,
705 2289 759 2335 et
792 2280 1046 2334 mundum
1089 2293 1189 2349 pro
1236 2292 1475 2331 carcere.
1524 2274 1671 2329 Mens
1710 2289 1829 2345 qtae
1871 2274 1996 2330 soli-

415 2372 542 2427 data
590 2372 643 2426 in
693 2354 907 2426 Christo
948 2377 1250 2441 permanet.
1301 2367 1504 2422 nullum
1549 2364 1602 2420 in
1648 2364 1748 2418 hoc
1800 2362 1995 2419 Sa-culo

414 2464 612 2532 qumrit
638 2465 917 2535 gaudium,
947 2463 1088 2518 unde
1118 2459 1393 2525 Salomon,
1422 2459 1634 2513 Nullum
1662 2466 1764 2519 est,
1797 2456 1992 2524 inquit,

412 2553 665 2625 gaudium
690 2554 792 2609 nisi
815 2553 870 2608 in
898 2554 1159 2615 Domino;
1186 2553 1311 2606 hinc
1341 2551 1532 2604 David:
1568 2547 1818 2611 Gaudete,
1843 2546 1990 2613 iusti,

374 2662 377 2667 ·
410 2648 468 2700 in
494 2645 716 2700 Domino
741 2643 912 2716 (Psal.
944 2660 1058 2709 ut,
1093 2643 1197 2712 1-1).
1231 2642 1294 2696 Et
1323 2643 1447 2696 item
1476 2658 1489 2694 :
1520 2640 1586 2695 lu
1627 2639 1850 2693 Domino
1875 2638 1993 2691 lau-

409 2736 621 2790 dabitur
654 2736 828 2791 am'ma
859 2753 992 2801 mea,
1024 2745 1071 2790 et
1096 2735 1270 2788 anima
1317 2750 1428 2787 mea
1472 2731 1748 2787 exsultabit
1791 2732 1843 2784 in
1879 2729 1989 2783 Do-

409 2826 551 2880 mino
581 2824 754 2894 (Psal.
789 2842 982 2890 sum,
1030 2824 1107 2897 5).
1138 2825 1245 2879 Et:
1296 2825 1484 2879 Anima
1524 2840 1638 2876 mea
1677 2823 1810 2877 sicut
1848 2831 1987 2876 terra

406 2918 520 2972 sine
540 2935 677 2988 aqua
707 2918 801 2972 tibi
826 2916 998 2990 (Psal.
1020 2934 1186 2981 essu,
1215 2917 1290 2987 6).
1340 2917 1471 2971 Nam
1498 2917 1625 2985 quid
1655 2915 1720 2968 de
1751 2929 1982 2984 prmsen—

408 3008 551 3063 tibus
580 3017 786 3064 tantum
818 3008 1071 3071 exsultat,
1115 3008 1206 3077 qui
1248 3016 1449 3060 (eterna
1477 3020 1583 3058 non
1627 3004 1978 3072 concupiscit,

405 3097 499 3166 qui
521 3112 644 3151 cum
670 3097 919 3151 laudatur
946 3095 1235 3163 extollitur,
1267 3109 1389 3149 cum
1417 3094 1753 3163 vituperatur
1776 3091 1981 3161 magnis

406 3186 697 3243 iracundia:
745 3188 978 3243 stimulis
1012 3187 1334 3257 exagitator,
1382 3187 1519 3240 hanc
1562 3184 1977 3239 exsultationem

401 3278 695 3334 electorum
717 3279 915 3334 habere
941 3295 1047 3333 non
1073 3279 1288 3347 poterit.

472 3387 530 3444 ln
565 3405 669 3459 qua
718 3406 845 3446 vero
888 3404 1013 3443 arce
1042 3389 1359 3443 humilitatis
1389 3387 1572 3443 eadem
1620 3387 1776 3440 beata
1816 3384 1977 3456 Virgo

398 3482 715 3552 perSIiterit.
751 3482 878 3537 hinc
916 3480 1118 3551 liquido
1161 3488 1402 3548 apparet,
1448 3478 1593 3546 quod
1637 3478 1856 3531 nuntius
1894 3478 1975 3530 ln-

398 3572 726 3627 carnationis
759 3571 979 3633 Christi,
1008 3569 1098 3624 ubi
1130 3568 1242 3638 jam
1280 3576 1473 3623 cuncta
1499 3566 1708 3623 surculis
1736 3566 1972 3620 inaudita

395 3663 573 3717 eidem
602 3661 760 3715 matri
786 3670 987 3717 sancta:
1010 3658 1215 3730 Virgini
1249 3658 1452 3720 retulit,
1485 3656 1550 3710 ad
1580 3656 1824 3709 ultiuuun
1856 3656 1969 3726 ipsa

395 3753 774 3823 respOnderit:
811 3752 962 3819 Ecce,
990 3752 1257 3822 inquiens,
1284 3749 1477 3802 ancilla
1512 3748 1719 3802 Domini
1747 3746 1895 3816 (Luc.
1932 3763 1966 3807 ι.

392 3843 507 3914 58).
565 3845 610 3899 Ο
653 3854 850 3913 quanta
903 3845 1075 3899 virtus
1116 3852 1202 3897 est
1247 3840 1586 3903 humilitatis,
1626 3854 1787 3908 super
1810 3855 1967 3908 quem

390 3933 649 3989 Dominus
680 3936 859 3989 venire
882 3934 1169 4004 dignatur:
1207 3935 1374 4002 Super
1395 3948 1566 4002 quain,
1613 3932 1785 4001 inquit
1824 3932 1967 3987 Scri-

389 4024 565 4093 ptura",
613 4026 893 4097 requiescet
950 4024 1223 4089 Dominus,
1279 4023 1380 4075 nisi
1427 4038 1583 4091 super
1622 4021 1868 4074 luenti/em
1917 4031 1964 4074 et

386 4116 615 4186 quietum
641 4108 689 4170 et
728 4127 1025 4173 trementem
1060 4116 1208 4172 verba
1247 4132 1342 4168 sua
1372 4114 1504 4185 (lsa.
1533 4130 1675 4178 ιλιι,
1702 4114 1777 4182 εξ).
1827 4113 1962 4182 llinc

388 4207 530 4263 inter
567 4214 788 4262 caeteras
817 4207 1178 4264 bcatitudincs
1223 4205 1496 4262 lmmilitas
1525 4205 1800 4265 inseritur,
1845 4206 1962 4259 Sal-

2100 1734 2236 1780 strat
2259 1726 2536 1793 ecclesias,
2564 1730 2877 1801 languentes
2903 1743 3077 1798 sanat,
3117 1730 3354 1805 perditos
3390 1738 3676 1804 instaurat,

2098 1832 2357 1889 spemque
2381 1820 2677 1891 desperatis
2704 1824 2947 1891 inspirat.
2984 1825 3108 1881 [hec
3136 1836 3217 1880 est
3246 1837 3419 1885 mater
3453 1830 3670 1894 Christi,

2097 1923 2219 1976 qua:
2236 1909 2489 1979 pacilicas
2511 1922 2719 1968 mentes
2742 1914 2999 1980 illustrat;
3029 1915 3147 1971 laeta
3171 1919 3223 1971 in
3247 1921 3671 1988 proﬁcientibus,

2097 1994 2366 2067 fructuOsa
2387 1999 2437 2052 in
2450 2002 2857 2069 pcenitcntibus,
2870 2003 3099 2080 gloriosa
3118 2007 3169 2060 in
3185 2009 3669 2075 perseverantibus.

2096 2087 2381 2144 victoriosa
2413 2091 2465 2146 in
2510 2095 2926 2148 transeuntibus.
2961 2096 3085 2150 llam
3125 2107 3230 2161 est,
3271 2098 3511 2167 inquam,
3558 2101 3671 2154 lnec

2094 2189 2177 2235 est
2210 2179 2370 2253 Virgo
2397 2183 2574 2244 beata,
2608 2200 2727 2254 qua:
2773 2187 2986 2240 beatam
3028 2203 3087 2240 se
3132 2188 3199 2241 ab
3234 2191 3483 2243 euntibus
3511 2205 3669 2258 gene-

2095 2273 2391 2327 rationibus
2442 2275 2769 2340 manifestat,
2819 2290 2885 2332 eo
2947 2277 3089 2346 quod
3145 2276 3261 2344 ejus
3311 2280 3663 2334 humilitatem

2090 2364 2386 2431 respexerit
2418 2365 2576 2419 Deus.

2158 2472 2288 2541 Age,
2320 2475 2626 2530 beatissima
2660 2477 2751 2532 Dei
2780 2479 3007 2548 genitrix
3038 2477 3179 2542 ;dic..
3218 2490 3275 2533 ut
3304 2492 3514 2537 resonet
3561 2499 3661 2540 vos

2090 2571 2180 2616 tua
2213 2571 2324 2618 toto
2354 2574 2617 2631 terrarum
2640 2569 2807 2622 orbe:
2839 2569 2921 2623 eia
2954 2585 3113 2625 voces
3141 2572 3345 2633 emitte.
3378 2574 3501 2641 quia
3531 2574 3580 2626 in
3607 2583 3661 2633 te

2086 2644 2322 2724 Sitit-itus
2351 2669 2569 2714 sanctus
2602 2660 2815 2725 clamat,
2861 2662 2911 2715 in
2948 2670 3000 2717 tc
3029 2663 3263 2718 Ecclesia
3305 2666 3542 2733 quotidie
3578 2682 3666 2722 re-

2086 2755 2260 2800 sonat.
2296 2747 2389 2802 Dic
2422 2764 2589 2819 ergo:
2627 2748 2770 2804 Fecit
2810 2751 2937 2804 mihi
2982 2750 3235 2805 Dominus
3281 2770 3492 2823 magna,
3537 2756 3658 2825 quia

2082 2845 2261 2904 potens
2288 2846 2364 2889 est
2393 2837 2542 2907 (Luc.
2578 2855 2612 2902 ι,
2645 2839 2758 2910 49).
2787 2838 2914 2905 Qua:
2947 2848 3124 2894 tamen
3155 2857 3344 2910 magna
3373 2843 3495 2896 fecit
3517 2844 3661 2898 iste?

2084 2930 2240 2998 quale
2258 2941 2340 2986 est
2368 2949 2559 2988 nomen
2589 2934 2748 3004 ejus?
2776 2934 2972 2988 Potens
2996 2943 3082 2989 est
3109 2942 3163 2989 et
3183 2945 3425 2989 sanctum
3462 2952 3651 2992 nomen

2038 3016 2052 3037 ⁴
2083 3021 2373 3089 θ]ιις.,(,)ιι;η
2401 3037 2527 3094 ergo
2571 3024 2623 3078 iu
2654 3034 2705 3079 te
2738 3023 2864 3079 fecit
2904 3041 3096 3092 magna
3144 3025 3372 3091 Creator
3415 3029 3647 3084 universi

2079 3111 2270 3165 orbis?
2305 3111 2380 3167 Ex
2416 3121 2484 3177 te,
2527 3129 2646 3184 qua:
2671 3128 2791 3167 cras
2817 3122 3066 3168 creatura
3091 3113 3228 3182 ejus,
3270 3115 3420 3170 nasci
3466 3117 3648 3189 digna—

2080 3214 2185 3260 tur.
2241 3208 2332 3261 llic
2359 3224 2507 3278 ergo,
2558 3208 2807 3278 gloriosa,
2843 3210 3096 3264 audiatur
3139 3226 3239 3264 vos
3286 3211 3338 3265 in
3379 3213 3646 3267 excelsis:

2077 3312 2197 3350 cum
2228 3310 2398 3352 essent
2426 3299 2644 3353 humilis
2670 3299 2865 3367 puclla,
2910 3300 3082 3368 placui
3130 3301 3257 3371 regi.
3290 3302 3379 3371 qui
3409 3302 3647 3357 sublimis

2074 3396 2158 3441 est
2178 3403 2338 3457 super
2355 3397 2530 3453 astra;
2556 3398 2606 3442 et
2630 3405 2749 3443 cum
2772 3401 2945 3444 essent
2968 3385 3293 3458 desponsata
3309 3391 3418 3443 viro
3444 3389 3645 3457 Juda'o,

2073 3481 2246 3549 placui
2280 3482 2404 3535 Deo.
2447 3481 2571 3535 Ideo
2611 3482 2803 3552 placui,
2832 3491 2888 3537 ut
2927 3498 3020 3552 per
3046 3499 3127 3535 me
3155 3482 3407 3535 mundum
3444 3483 3640 3537 illumi-

2073 3583 2245 3627 narct.
2283 3573 2327 3626 0
2354 3573 2721 3629 dilectissimi!
2773 3590 2906 3644 quas
2945 3574 3027 3626 Ι.ιιι
3052 3575 3127 3626 les
3171 3575 3292 3627 huic
3320 3575 3489 3627 beata:
3522 3576 3642 3628 \"rr-

2071 3662 2480 3733 giui"l‘ragilitas
2525 3672 2707 3719 nostra
2741 3663 2940 3718 referre
2973 3664 3191 3735 potest?
3241 3681 3336 3733 per
3363 3682 3522 3734 quam
3555 3682 3641 3719 rc-

2070 3761 2380 3825 Cupcratum
2406 3761 2489 3808 est
2530 3771 2699 3825 genus
2739 3754 3068 3813 humanum;
3118 3769 3214 3822 per
3243 3771 3402 3825 quam
3438 3756 3638 3809 aditum

2070 3850 2372 3904 invenimus
2405 3849 2552 3919 regni
2582 3849 2836 3903 cmlcstis.
2868 3848 3094 3917 lpsa‘cst
3119 3865 3236 3916 qua:
3269 3848 3383 3900 sine
3406 3846 3640 3901 humano

2065 3942 2271 3995 semine
2313 3942 2587 3995 ctrlestcm
2632 3941 2842 4010 protulit
2896 3956 3085 4009 panem
3134 3940 3349 4000 sarculo,
3397 3939 3507 4007 ipsa
3556 3948 3637 3992 est

2062 4044 2181 4098 qua:
2229 4030 2538 4099 dignitatem
2592 4030 2864 4100 genitricis
2917 4029 3165 4089 obtinuit,
3218 4036 3271 4079 et
3320 4028 3633 4088 virginalem

2061 4119 2375 4187 pudicitiam
2406 4134 2509 4174 non
2542 4119 2723 4173 amisit
2748 4136 2760 4170 :
2792 4133 2855 4171 ex
2891 4118 3002 4186 ipsa
3030 4124 3181 4171 ortus
3210 4126 3292 4170 est
3312 4117 3386 4168 μοι
3410 4116 3632 4184 iustitia:

2060 4196 2307 4263 Christus
2336 4208 2478 4264 Deus
2523 4218 2724 4273 noster,
2767 4208 2856 4276 qui
2900 4208 3079 4261 tmunli
3131 4210 3378 4262 tenebras
3407 4210 3629 4278 ριιριιιίι,

385 4310 571 4359 vatore
598 4311 830 4358 testante
853 4321 866 4356 :
900 4302 1048 4358 Beati
1085 4320 1335 4375 pauperes
1359 4303 1564 4373 spiritu,
1591 4302 1836 4370 quoniam
1876 4318 1959 4356 νεα
1988 4323 2036 4382 ο
2061 4308 2114 4353 et
2139 4298 2347 4369 fulgore
2375 4298 2494 4355 lidei
2521 4316 2618 4355 nos
2644 4299 3004 4369 perlustravit.
3030 4297 3174 4363 l.leo,
3204 4298 3417 4361 fratres,
3438 4299 3631 4366 glorio-

384 4410 543 4465 gnum
573 4393 817 4447 ca’lorum
840 4403 914 4447 est
942 4393 1011 4447 ad
1039 4394 1178 4462 ipsos
1224 4392 1436 4462 (Matth.
1464 4408 1515 4455 v,
1649 4390 1779 4443 lliue
1818 4389 1959 4444 Psal-

382 4484 572 4538 mista:
598 4483 850 4537 Dominus
870 4480 1093 4536 humiles
1113 4483 1299 4551 spiritu
1320 4469 1539 4536 sali'abit
1565 4478 1733 4546 (Psal.
1764 4494 1953 4540 xxxnt,

383 4570 493 4644 l9).
524 4572 636 4627 Non
666 4572 915 4634 humiles,
942 4571 1096 4634 dixit,
1120 4585 1346 4639 corpore
1390 4570 1634 4631 salt-abit.
1666 4568 1958 4624 scd'humi-

380 4659 460 4715 les
503 4662 740 4731 spiritu;
791 4644 933 4719 hiuc-
965 4662 1254 4734 Apostolus
1300 4662 1366 4715 ad
1416 4663 1517 4715 hoc
1566 4663 1833 4724 admonet,
1869 4662 1952 4715 iu-

379 4750 606 4819 quiens:
653 4749 1021 4808 Humiliamini
1065 4752 1159 4808 sub
1186 4752 1381 4823 potenti
1423 4766 1583 4803 manu
1625 4750 1741 4811 Dei,
1774 4760 1828 4804 ut
1860 4768 1953 4805 nos

378 4839 567 4895 exultet
610 4841 666 4894 in
693 4851 919 4911 tempore
951 4844 1260 4897 uisitationis
1301 4840 1352 4913 (I
1378 4840 1520 4895 Patr.
1543 4856 1595 4903 v,
1620 4840 1695 4909 6).
1748 4842 1814 4895 Et
1843 4844 1955 4911 ipso

379 4936 636 4991 Dominus
666 4935 730 4988 de
759 4948 816 4986 se
846 4935 1159 5005 discipulis:
1214 4936 1406 4990 Discite
1437 4952 1469 4988 ιι
1515 4951 1595 4987 me
1640 4935 1763 5004 quia
1812 4938 1951 4989 mitis

376 5044 492 5081 sum
518 5037 567 5081 et
607 5024 816 5079 humilis
854 5023 1008 5079 corde
1051 5024 1263 5096 (.llattlt.
1300 5043 1375 5091 st,
1410 5025 1521 5095 29).
1574 5024 1665 5079 Dei
1716 5026 1946 5093 genitrix

378 5120 537 5190 hujus
584 5128 782 5174 sancta:
831 5118 1149 5173 humilitatis
1203 5122 1401 5175 virtute
1444 5117 1697 5190 pollebat,
1739 5117 1948 5173 dicente

377 5212 533 5278 ipsa:
584 5210 825 5279 Respexit
874 5208 1125 5263 Dominus
1172 5210 1514 5264 humilitatem
1555 5207 1761 5263 ancilla'
1808 5224 1941 5272 sum,

376 5316 492 5354 me
536 5317 599 5371 ea:
646 5302 741 5354 hoc
787 5302 989 5354 beatam
1037 5315 1118 5351 me
1162 5300 1333 5351 dicunt
1370 5316 1544 5352 ontnes
1592 5297 1942 5365 generationes

377 5393 525 5463 (Luc.
555 5376 590 5454 ι.
623 5392 732 5462 48).
777 5393 839 5447 Et
888 5407 1033 5455 vere,
1066 5390 1276 5448 fratres,
1321 5391 1499 5444 omnis
1542 5389 1769 5442 mundus
1794 5401 1940 5465 eant-

374 5486 493 5537 de'n
517 5490 740 5557 matrem
787 5482 991 5538 Domini
1014 5499 1110 5554 per
1139 5488 1360 5536 cunctas
1389 5480 1759 5551 generationes
1788 5478 1937 5532 dicit.

377 5571 509 5627 \‘orc
537 5570 677 5627 enim
727 5571 878 5626 beata
935 5571 1230 5632 humilitas,
1281 5584 1398 5640 qute
1432 5567 1597 5623 Deum
1636 5568 1939 5624 hominibus

2059 4394 2173 4443 sam
2215 4390 2483 4460 Virginem
2530 4391 2794 4461 supplices
2822 4406 3123 4450 exoramus,
3178 4401 3233 4443 ut
3282 4408 3378 4445 nos
3426 4393 3630 4445 meritis

2058 4490 2366 4534 sanctorum
2410 4480 2646 4550 impares
2671 4481 2857 4549 culpas
2890 4488 3103 4534 nostras
3141 4482 3344 4534 orando
3383 4490 3624 4543 exettset,

2056 4571 2306 4625 admittat
2328 4579 2538 4626 nostras
2562 4587 2749 4643 preces
2766 4572 2902 4625 intra
2927 4570 3218 4624 sacrarium
3244 4570 3624 4636 exatulitionis,

2056 4672 2109 4715 et
2133 4671 2372 4731 reportet
2399 4663 2627 4733 gratiam
2657 4661 3123 4717 reconciliationis.
3158 4662 3239 4717 Sit
3264 4679 3360 4732 per
3381 4680 3498 4719 eam
3530 4681 3625 4721 ex-

2057 4754 2296 4808 cusabile
2322 4754 2463 4824 quod
2508 4753 2851 4823 deliquimus,
2890 4753 3119 4823 accipiat
3146 4756 3286 4824 quod
3327 4754 3620 4820 offerimus,

2054 4844 2301 4914 impetret
2352 4842 2493 4913 quod
2547 4857 2819 4912 rogamus.
2876 4850 3100 4898 excuset
3154 4845 3294 4913 quod
3351 4846 3617 4900 timemus.

2050 4935 2234 4990 Audeo
2261 4916 2460 4995 dicere,
2508 4930 2726 4994 fratres,
2774 4934 2898 5001 quia
2928 4934 3126 4986 nullum
3175 4942 3479 4987 sanctorum
3511 4944 3617 4991 tam

2046 5033 2318 5094 potentem
2340 5022 2549 5077 meritis
2572 5023 2867 5077 invenimus
2886 5023 2950 5077 ad
2974 5022 3282 5093 placandam
3308 5026 3342 5079 i:
3357 5042 3441 5079 am
3464 5035 3616 5082 :clcr-

2049 5117 2102 5171 ni
2136 5114 2351 5185 judicis,
2384 5129 2545 5183 quam
2583 5129 2701 5167 ca‘n
2733 5130 2852 5184 qum
2882 5115 3077 5169 meruit
3120 5114 3234 5170 ﬁeri
3285 5128 3456 5171 mater
3479 5118 3615 5187 ejus-

2050 5207 2170 5258 dem
2199 5203 2572 5272 Redemptoris
2595 5214 2647 5257 ct
2669 5202 2884 5272 jtttlicis.
2917 5204 3203 5259 Succurrat
3228 5208 3603 5276 crgwndscris,

2041 5292 2194 5361 juvet
2253 5290 2640 5361 pusillanimes,
2709 5294 2945 5348 rcfoveat
3222 5295 3440 5356 ﬂebiles,
3495 5308 3613 5353 om

2046 5400 2143 5455 pro
2196 5383 2409 5453 populo,
2458 5384 2779 5439 interveniat
2814 5400 2911 5454 pro
2964 5386 3128 5448 clero,
3187 5384 3483 5439 intercedat
3515 5403 3610 5455 pro

2047 5476 2428 5532 monachorum
2459 5476 2625 5531 choro
2649 5484 2702 5531 et
2735 5486 2921 5531 exoret
2953 5491 3050 5544 pro
3081 5461 3208 5530 sexu
3239 5477 3429 5533 devoto
3459 5478 3608 5532 femi-

2045 5583 2143 5623 neo
2168 5567 2278 5622 haec
2308 5566 2460 5620 beata
2491 5582 2649 5636 super
2695 5567 2923 5636 virgines
2951 5566 3113 5636 virgo.
3150 5565 3257 5619 lloe
3302 5583 3601 5637 poscamus.
