4232 6224
669 295 801 349 1307

1474 289 1526 341 Β.
1574 288 1629 339 F.
1675 286 1896 340 ALBINI
1945 284 2074 339 SEU
2119 281 2389 337 ALU'lNl
2442 280 2721 336 OPEllUM
2760 280 2934 334 PARS
2977 282 3064 334 ις.

3774 277 3915 332 1308

667 412 770 465 hoc
817 407 1018 477 jugilct'
1066 404 1403 472 “agitemus;
1451 401 1798 467 "sentiantque
1844 411 2031 450 omnes
2083 411 2235 450 suum
2269 396 2332 453 Α
2411 392 2708 446 lntenhaec
2736 393 2920 462 igitur,
2949 392 3162 450 fratres,
3191 407 3314 444 cum
3345 391 3683 458 tototmentis
3713 389 3916 441 affectu

670 501 1004 555 salutiferum
1035 497 1308 564 juvamcn,
1339 493 1643 562 quicunque
1669 490 1942 544 celebrant
1969 502 2122 542 suum
2154 501 2238 539 so—

671 591 847 644 lemne
878 585 1071 640 natale.

745 678 998 730 Dicamus
1020 688 1230 736 omnes,
1256 671 1496 725 dicamus
1519 685 1601 723 eia
1627 669 1836 722 devotis
1856 665 2108 720 cordibus
2133 662 2241 717 cla-

677 776 884 821 mantes
913 784 924 818 :
961 782 994 820 ο
1017 767 1180 836 Virgo
1205 764 1502 833 virginum!
1535 772 1719 817 sancta
1750 760 1841 820 sit,
1869 766 2056 811 sancta
2083 769 2244 823 super

676 876 773 913 nos
806 859 976 928 pietas
1003 870 1113 920 tua,
1147 870 1308 924 super
1333 851 1558 906 afﬂictos
1586 859 1642 905 et
1673 858 1962 903 mterentes
1984 860 2082 918 pro
2111 861 2243 913 qua-

676 969 888 1020 cunque
924 966 1083 1004 causa
1133 957 1186 1004 et
1233 963 1396 1016 super
1451 943 1766 1015 peregrinos
1808 939 2094 994 cleme'ntia
2128 945 2240 988 tua.

678 1043 744 1098 sit
775 1058 898 1096 cum
937 1050 986 1094 te
1023 1055 1183 1110 super
1208 1039 1476 1092 aethereos
1516 1033 1806 1088 exaltatam
1838 1027 2032 1098 aspicis
2057 1026 2242 1087 caelos,

679 1148 870 1204 preces
907 1143 1106 1186 nostra:
1135 1128 1456 1184 humilitatis
1482 1141 1551 1180 ne
1576 1123 1874 1193 despicias;
1920 1119 2012 1176 sed
2044 1133 2072 1170 a
2104 1116 2246 1186 peri-

680 1229 816 1283 culis
840 1227 1048 1282 cunctis
1072 1225 1241 1278 libera
1275 1236 1374 1275 nos
1405 1233 1640 1288 semper,
1668 1217 1833 1286 Virgo
1862 1211 2167 1268 benedicta.
2189 1207 2246 1263 Si
2282 1221 2286 1224 '

686 1319 945 1381 valemus,
986 1314 1134 1368 filioli
1154 1354 1168 1377 ,
1215 1319 1502 1373 tentemus,
1531 1311 1692 1377 p‘rout
1717 1317 2026 1375 possumus,
2052 1299 2100 1354 ei
2129 1298 2242 1350 lau-

684 1410 807 1464 dent
845 1408 1086 1479 proferre
1119 1404 1398 1458 dicentes:
1429 1416 1462 1454 ο
1483 1414 1644 1469 quam
1669 1395 2013 1451 immaculata
2035 1390 2248 1459 virgini-

686 1511 790 1563 ius,
819 1515 938 1568 qua:
964 1512 1152 1550 omnes
1181 1494 1397 1561 angelos
1424 1493 1477 1544 in
1510 1490 1752 1544 coelestia
1775 1502 1939 1556 regna
1971 1480 2247 1553 praecellit,

691 1600 746 1645 et
779 1589 1050 1657 virgineos
1081 1585 1339 1657 glorilieat
1363 1581 1588 1638 choros!
1620 1597 1653 1633 o
1680 1592 1838 1647 quam
1863 1577 2020 1630 beata
2050 1580 2250 1633 mater,

685 1698 805 1750 qate
834 1681 1107 1734 Christum
1139 1677 1420 1730 Dominum
1458 1688 1637 1743 regem
1660 1676 1906 1723 sanctum
1937 1665 2119 1735 glorize
2141 1676 2253 1715 me-

2339 483 2666 538 heatissitnte
2702 483 2938 551 ejusdem
2973 483 3195 550 virginis
3234 481 3412 536 Maria:
3435 495 3535 534 nos
3563 481 3916 534 intercessio-

2342 576 2497 628 nibus
2527 573 2957 633 committanms,
2994 586 3182 626 omnes
3229 571 3347 639 ejus
3373 571 3674 639 patrocinia
3717 567 3914 637 implo-

2343 678 2540 716 remus.
2570 663 2674 716 Sed
2707 662 2835 729 quid
2869 661 3020 713 nobis
3043 661 3258 727 prodest
3278 657 3624 727 interpellare
3654 657 3909 719 vocibus,

2342 754 2446 806 nisi
2481 753 2642 805 etiam
2672 751 2989 804 humilitatis
3017 750 3132 817 ejus
3163 749 3406 819 exempla
3444 749 3763 802 teneamus?
3809 745 3915 800 De—

2343 864 2624 919 precemur
2654 861 2781 915 ergo
2821 854 3022 898 tantam
3057 845 3296 912 reginam
3320 883 3335 906 ,
3379 850 3439 895 ut
3469 842 3560 895 ille
3597 841 3690 910 qui
3740 856 3809 895 ex
3845 855 3911 894 ea

2345 951 2501 996 natus
2528 950 2633 1002 est,
2667 940 2756 1008 qui
2789 937 3108 992 mirabiliter
3131 936 3335 990 creavit
3364 934 3638 988 hominem
3684 933 3913 987 mirabi-

2348 1035 2556 1100 lius-que
2580 1031 2826 1090 redemit,
2874 1027 3047 1082 solvat
3095 1035 3405 1080 nostrorum
3459 1023 3672 1078 vincula
3725 1037 3918 1093 pecca—

2347 1124 2550 1178 minum
2574 1162 2588 1186 ,
2614 1130 2668 1178 et
2693 1123 2747 1175 in
2784 1120 2926 1174 illam
2964 1119 3235 1190 regionem
3279 1123 3554 1186 perpetuae
3605 1115 3920 1170 securitatis

2347 1225 2402 1269 et
2447 1215 2595 1284 pacis
2648 1212 2990 1266 introducere
3028 1210 3296 1278 dignetur.
3345 1206 3609 1262 Curemus
3659 1205 3822 1259 etiam
3860 1209 3920 1256 et

2347 1304 2680 1360 dilectissimi
2707 1303 2934 1365 fratres,
2973 1310 3032 1355 ut
3058 1300 3149 1369 qui
3181 1297 3338 1366 hujus
3372 1297 3478 1351 diei
3510 1293 3791 1350 festivitati
3824 1293 3877 1347 in
3899 1321 3914 1332 -

2350 1408 2551 1452 tet-esse
2575 1397 2820 1466 cupimus
2846 1435 2860 1458 ,
2915 1393 3232 1448 humilitatis
3273 1401 3329 1445 et
3358 1390 3633 1460 patientiae
3674 1387 3920 1442 vestibus

2351 1487 2518 1541 induti
2544 1499 2917 1554 appareamus.
2948 1482 3101 1536 Tunc
3128 1489 3305 1536 autem
3339 1480 3444 1534 erit
3471 1493 3598 1534 vera
3631 1477 3918 1548 patientia,

2352 1577 2396 1631 si
2429 1577 2590 1629 fuerit
2615 1575 2781 1644 justa.
2815 1559 2880 1626 Et
2910 1571 2963 1625 in
2997 1575 3079 1626 eis
3106 1579 3190 1625 est
3211 1569 3356 1638 justa
3383 1569 3660 1639 patientia,
3688 1582 3919 1636 quorum

2358 1668 2550 1722 mentis
2575 1667 2768 1720 invicta
2793 1664 3092 1719 constantia
3119 1679 3218 1719 nec
3251 1663 3525 1718 doloribus
3555 1677 3652 1715 nec
3683 1660 3926 1727 volupta-

691 1773 797 1825 ruit
826 1771 1118 1839 generare!
1154 1769 1197 1822 Ο
1219 1781 1380 1836 quam
1435 1764 1578 1818 beati
1627 1761 1811 1832 pedes,
1843 1758 1933 1827 qui
1979 1754 2252 1810 Christum
2289 1739 2329 1796 Β
2361 1761 2502 1814 tibus
2524 1759 2681 1812 cedit.
2718 1757 2831 1811 Non
2861 1765 3037 1810 autem
3060 1755 3113 1809 in
3131 1753 3341 1822 justitia
3373 1739 3673 1822 gloriemur
3689 1759 3918 1812 nostra;

689 1876 1004 1920 meruerunt
1031 1861 1328 1917 sustinere!
1377 1874 1410 1912 ο
1460 1872 1620 1926 quam
1668 1853 1840 1909 felicia
1900 1851 2088 1912 ubera,
2139 1861 2258 1916 quae
2289 1883 2302 1898 .

691 1962 969 2008 auctorem
1020 1963 1073 2006 et
1111 1946 1528 2018 ltetletnptorem
1581 1943 1767 2000 mundi
1817 1939 2182 1996 lactavcrunt!
2223 1951 2256 1990 ο

691 2045 976 2106 inelfahilis
1017 2045 1206 2112 Virgo!
1271 2039 1582 2110 portabatur
1614 2052 1644 2090 a
1692 2043 1778 2097 te,
1828 2032 1921 2102 qui
1974 2040 2024 2084 te
2075 2027 2253 2083 fecit:

690 2134 1068 2187 continebatur
1096 2131 1148 2183 in
1183 2128 1385 2198 gremio
1415 2136 1526 2189 tuo,
1550 2125 1641 2194 qui
1675 2121 1897 2192 regebat
1946 2119 2255 2174 universum

693 2223 950 2277 mundtnu
992 2238 1004 2272 :
1047 2219 1413 2275 sustinebatur
1439 2224 1546 2270 ate
1588 2213 1914 2283 gubernator
1939 2209 2104 2263 orbis.
2138 2206 2258 2260 Ideo

692 2313 970 2367 exsultans
997 2325 1092 2378 per
1124 2307 1357 2362 albentia
1393 2305 1504 2357 lilia
1552 2301 1946 2363 confessorum,
1999 2308 2259 2362 rosasque

691 2413 983 2459 vernantes
1016 2411 1335 2468 m.:rtyrum,
1378 2406 1434 2450 tu
1463 2411 1675 2465 quoque
1699 2407 1894 2462 regnas
1923 2397 1978 2446 in
2009 2390 2100 2444 illo
2132 2389 2260 2443 bea-

694 2510 872 2553 torum
905 2497 1213 2550 felicissimo
1246 2507 1430 2562 regno,
1460 2490 1584 2558 quia
1613 2489 1854 2556 sequeris
1880 2500 2094 2556 agnum,
2124 2499 2260 2554 quo—

693 2607 900 2661 cunque
950 2591 1092 2644 ierit.
1146 2590 1289 2643 Inter
1338 2587 1575 2656 paradisi
1632 2584 2001 2640 ammnitatem
2060 2581 2262 2641 sanctis

693 2683 965 2753 gressibus
1018 2680 1251 2742 inceJis,
1290 2677 1541 2745 felicique
1590 2676 1768 2746 palma
1823 2671 2261 2728 immarcescibili

693 2788 814 2826 cum
845 2787 1046 2826 corona
1094 2769 1276 2840 gloria:
1305 2786 1331 2822 a
1361 2768 1469 2822 filio
1513 2778 1602 2821 tuo
1623 2808 1636 2831 ,
1677 2766 1902 2819 Domino
1931 2774 2052 2825 tuo,
2081 2771 2264 2816 nostro

697 2864 923 2918 Domino
949 2862 1283 2923 elarificaris,
1315 2862 1500 2936 juncta
1545 2860 1801 2928 angelicis
1825 2858 2006 2912 choris
2028 2866 2080 2910 et
2105 2871 2265 2926 ange-

695 2954 814 3006 licis
849 2954 1050 3006 sociata
1087 2935 1395 3005 catervis/in
1428 2935 1673 3006 cubiculo
1717 2949 1879 3018 [tegis
1910 2948 2004 3002 lilii
2049 2948 2124 3002 tui
2157 2948 2262 3001 Do-

696 3045 826 3099 mini
855 3045 1024 3097 nostri
1047 3042 1172 3097 Jesu
1214 3043 1435 3105 Christi,
1471 3043 1696 3110 gemmis
1735 3059 1799 3096 ac
1842 3041 2149 3111 margaritis
2181 3057 2264 3094 ονε
2293 3083 2332 3111 ρ

2320 3125 2332 3139 ⁸
2366 3126 2624 3194 obsequio
2651 3125 2702 3178 in
2740 3122 2931 3185 terris,
2968 3121 3080 3190 ipsa
3103 3133 3201 3174 nos
3246 3115 3433 3172 sedula
3477 3129 3636 3185 prece
3662 3125 3938 3167 commen-

695 3144 844 3197 nata,
892 3142 947 3188 et
982 3132 1268 3188 monilibus
1313 3133 1567 3187 decorata
1597 3133 1862 3202 persistis.
1893 3132 2012 3186 Tibi
2039 3131 2264 3185 thronus

696 3223 878 3293 regius
901 3223 1196 3278 collocatus
1221 3232 1304 3277 est
1329 3223 1382 3277 in
1404 3223 1523 3277 aula
1547 3224 1732 3277 aeterni
1763 3222 1943 3292 Regis.
1992 3223 2108 3292 Ipse
2153 3222 2266 3277 Rex

705 3327 891 3381 regum
922 3322 978 3366 et
1003 3329 1182 3367 veram
1214 3321 1443 3366 matrem
1488 3322 1544 3366 et
1588 3315 1840 3366 decoram
1865 3327 2118 3382 spoosam
2147 3328 2270 3381 spe-

699 3403 912 3458 cialiter
941 3419 1050 3474 prre
1076 3405 1324 3457 omnibus
1347 3403 1578 3475 diligens
1606 3403 1867 3473 imperiali
1897 3403 2143 3473 amplexu
2166 3404 2270 3458 sibi

699 3495 950 3549 associat.
979 3495 1022 3549 Ο
1039 3509 1198 3563 quam
1223 3494 1454 3563 gloriosa
1477 3501 1563 3548 est
1587 3508 1743 3548 sacra
1765 3494 1913 3564 virgo
1938 3494 2127 3556 Maria,
2150 3508 2268 3561 qua:

699 3588 983 3644 Dominum
1027 3590 1312 3663 incmlesti
1343 3605 1508 3658 regno
1531 3589 1896 3659 amplecteris,
1924 3597 1977 3644 et
2023 3603 2129 3642 non
2176 3588 2268 3641 im-

699 3683 913 3744 merito,
941 3682 1064 3750 quia
1084 3698 1148 3736 ex
1173 3690 1223 3736 te
1244 3696 1458 3736 carnem
1483 3681 1794 3748 assumpsit.
1827 3679 1934 3733 Nec
1955 3688 2038 3732 est
2067 3679 2264 3732 mirum

699 3778 759 3824 ut
785 3771 876 3823 tibi
899 3772 1232 3838 congaudeat
1269 3772 1406 3825 Deus
1438 3771 1488 3823 in
1512 3771 1684 3824 cmlis.
1714 3770 1883 3836 Quem
1909 3778 1960 3823 tu
1986 3769 2266 3839 parvulum

701 3871 886 3915 natum
911 3861 1067 3914 toties
1087 3861 1420 3914 osculabaris
1439 3863 1491 3913 in
1515 3855 1667 3914 terris
1689 3873 1734 3912 α.
1762 3861 1868 3914 Has
1895 3856 2024 3931 ergo
2050 3870 2169 3914 tuas
2192 3860 2265 3914 fe-

701 3953 937 4007 licitates
964 3952 1244 4022 possidens
1272 3961 1568 4004 convertere
1597 3951 1663 4003 ad
1687 3958 1924 4004 nostram
1953 3959 2264 4020 perpetuam

702 4044 948 4098 salutem.

2358 1871 2454 1908 nec
2479 1855 2530 1907 in
2555 1852 2866 1907 fortitudine
2903 1864 3294 1921 praesumamus
3330 1846 3568 1921 propria,
3593 1843 3689 1898 sed
3720 1842 3773 1896 in
3821 1857 3921 1904 eo.

2356 1947 2420 1998 de
2449 1959 2554 2012 quo
2590 1943 2856 2012 Propheta
2977 1939 3281 2002 Fortitudo,
3325 1919 3530 2005 inquit,
3565 1944 3612 1988 et
3666 1934 3782 1989 laus
3808 1950 3926 1987 mea

2359 2035 2609 2087 Dominus
2629 2073 2642 2096 ,
2673 2043 2722 2086 et
2754 2033 2924 2102 factus
2949 2040 3023 2084 est
3057 2030 3185 2083 mihi
3215 2030 3268 2082 in
3293 2027 3512 2082 salutem
3547 2023 3720 2095 (Psal.
3750 2040 3923 2086 cntt,

2362 2125 2470 2194 Η).
2512 2123 2794 2179 Fortitudo
2841 2138 2970 2192 ergo
3018 2130 3073 2176 et
3108 2120 3343 2174 laudatio
3393 2126 3577 2173 nostra
3624 2117 3696 2171 sit
3743 2115 3927 2169 Domi-

2360 2231 2459 2269 nus
2481 2255 2494 2278 ,
2534 2215 2710 2283 sitque
2740 2213 2894 2267 nobis
2925 2212 3067 2267 Deus
3110 2211 3227 2266 laus
3273 2219 3384 2264 tota
3409 2249 3424 2272 ,
3463 2207 3703 2279 perfecta
3731 2205 3928 2275 gloria,

2359 2307 2572 2362 dilectio
2603 2320 2731 2375 pura
2756 2343 2769 2370 ,
2802 2318 2923 2374 spes
2945 2311 3112 2366 certa,
3138 2302 3400 2357 securitas
3429 2300 3582 2352 tirma
3600 2337 3615 2360 ,
3656 2295 3928 2364 υοεείὴιιίο

2361 2405 2443 2451 tas
2469 2413 2599 2450 sana
2626 2436 2639 2460 ,
2682 2396 2889 2450 sanitas
2919 2395 3228 2463 incorrupta
3255 2433 3270 2455 ,
3308 2399 3363 2444 et
3409 2388 3666 2460 quidquid
3697 2387 3762 2441 de
3808 2400 3930 2440 car-

2362 2491 2572 2545 nalibus
2608 2489 2782 2558 placet
2808 2528 2820 2550 ,
2862 2487 3163 2564 displiceat.
3205 2483 3396 2552 Sitque
3438 2482 3493 2535 in
3536 2481 3692 2534 nobis
3723 2490 3927 2546 tempe-

2365 2582 2538 2636 rantia
2568 2590 2621 2633 et
2647 2578 2973 2632 abstinentia
3002 2591 3123 2630 cum
3148 2575 3472 2628 discretione
3505 2589 3515 2624 :
3553 2571 3774 2640 insuper
3815 2568 3931 2622 hmc

2362 2674 2541 2729 omnia
2567 2671 2803 2725 charitas
2838 2668 3008 2730 firma,
3065 2682 3184 2736 quze
3207 2667 3398 2720 ‘totatn
3432 2663 3675 2718 continet
3709 2659 3884 2728 legem
3914 2677 3925 2709 :

2337 2772 2526 2834 ,atque
2555 2769 2776 2832 agentes
2799 2758 3004 2827 gratias
3037 2755 3282 2812 Creatori
3304 2762 3495 2818 nostro
3509 2790 3532 2815 η.
3567 2751 3630 2804 in'
3668 2755 3932 2817 quantum

2365 2838 2692 2916 sufficimus,
2757 2849 3092 2904 nativitatem
3153 2846 3468 2901 hodiernam
3528 2837 3934 2910 pretiosissimae

2365 2959 2578 3012 semper
2602 2941 2822 3010 virginis
2841 2937 3115 3006 genitricis
3142 2935 3234 2990 Dei
3266 2933 3447 2988 Maria:
3471 2945 3594 2987 cum
3617 2930 3812 3002 gaudio
3835 2944 3928 2983 ce-

2369 3036 2669 3095 lebremus,
2711 3039 2769 3083 ttt
2799 3029 2925 3083 dttm
2958 3042 3055 3081 nos
3089 3042 3208 3081 eam
3252 3021 3478 3097 supplici
3530 3020 3938 3090 frequentamus

2364 3217 2492 3270 dare
2525 3217 2773 3285 dignetur
2805 3214 2856 3266 in
2884 3211 3055 3266 cadis.
3094 3209 3245 3276 Quod
3288 3216 3504 3276 patrare
3546 3205 3816 3274 dignetur,
3845 3201 3936 3270 qui

2366 3324 2430 3361 ex
2458 3322 2518 3359 ea
2547 3307 2689 3359 Deus
2714 3313 2770 3357 et
2815 3304 2975 3356 homo
3022 3301 3171 3356 nasci
3224 3299 3476 3367 dignatus
3520 3302 3639 3356 est,
3678 3291 3936 3346 Dominus

2368 3405 2553 3456 noster
2589 3392 2746 3446 Jcsus
2780 3391 3030 3445 Christus
3078 3404 3199 3443 cum
3254 3386 3413 3440 Patre
3475 3391 3771 3451 sanctoque
3817 3379 3938 3450 Spi-

2367 3486 2477 3540 ritu
2519 3484 2705 3537 vivens
2741 3491 2795 3535 et
2833 3495 3063 3551 regnans
3101 3493 3197 3547 per
3239 3475 3445 3531 infinita
3483 3472 3676 3529 saecula
3709 3469 3937 3526 steculo-

2372 3593 2512 3632 rum.
2538 3575 2728 3630 Amen.

2951 3702 3229 3759 llOMlLlA
3270 3703 3357 3756 ιγ.

2717 3837 2766 3873 LV
2805 3831 2968 3873 FESTO
3006 3829 3208 3868 οιηεητιι
3246 3824 3577 3874 ελκοτοιιυι.

2450 3953 2496 4007 11
2504 3971 2600 4006 anc
2622 3951 2888 4006 Itomiliam
2909 3950 3023 4029 vide
3045 3949 3179 4002 inter
3207 3947 3380 4017 Opera
3408 3963 3518 4000 ven.
3544 3943 3722 4011 Bedtr,
3748 3943 3941 4015 hujus-

2377 4060 2431 4097 ce
2468 4041 2781 4112 Patrologia:
2809 4052 2945 4094 tomo
2971 4036 3176 4102 XCIV,
3204 4035 3304 4092 col.
3330 4035 3456 4092 450.

772 4172 796 4196 ι
837 4159 892 4211 In
916 4157 1112 4212 Codice
1148 4157 1453 4211 oblitterata
1486 4155 1573 4210 illa
1606 4156 1692 4210 vix
1726 4157 1974 4226 leguntur
2010 4175 2021 4210 ;
2072 4155 2322 4211 Creditur
2353 4164 2527 4211 tamen
2558 4155 2714 4210 aliter
2751 4153 2851 4224 legi
2880 4169 2982 4208 non
3020 4167 3193 4223 posse.

747 4307 898 4318 ..α-,α
907 4313 936 4317 _
944 4310 1116 4318 νρφ-η...
1134 4312 1174 4318 .-

1306 4383 1850 4491 CARMINA
1928 4411 2020 4489 B.
2103 4406 2632 4490 ALCUINO
2709 4407 3370 4489 SUPPOSITA.

1039 4612 1196 4686 545
1222 4612 1533 4668 MONITUM
1569 4612 1927 4670 PRAZVIUM.

2004 4686 2024 4705 I

779 4751 795 4778 ι
831 4730 888 4783 lu
932 4729 1262 4783 carminibus
1293 4728 1478 4791 etiam,
1507 4746 1523 4777 ι
1569 4729 1640 4780 ait
1669 4727 2006 4782 Mabillonius
2029 4728 2083 4781 in
2109 4727 2258 4795 Elog.

711 4801 838 4852 benti
890 4799 1094 4851 .ilcuitti
1127 4812 1175 4862 δ,
1232 4797 1390 4866 βινι,
1422 4815 1473 4850 n.
1523 4797 1624 4860 82,
1684 4816 1702 4846 ‹
1733 4798 1974 4865 quaedam
2015 4799 2175 4851 notha
2215 4812 2268 4854 et

706 4870 884 4936 Spuria
912 4877 1058 4930 sunt,
1096 4877 1153 4920 ut
1191 4884 1408 4922 carmen
1444 4883 1538 4922 seu
1581 4867 1910 4938 epigramma
1945 4867 2167 4938 tertium
2201 4868 2266 4920 de

709 4938 883 5005 Bugga
913 4979 926 4999 ,
968 4938 1108 5006 quoi
1157 4940 1412 5007 scriptum
1444 4946 1526 4991 est
1558 4936 1811 5008 regnante
1839 4938 1930 4991 Ina
1959 4936 2267 4990 Westsaxo-

710 5023 984 5078 mnnrege
1004 5048 1016 5066 .
1045 5009 1134 5075 qui
1171 5024 1273 5060 uno
1294 5008 1406 5062 fere
1436 5009 1630 5063 saeculo
1657 5010 1939 5063 Alcuinum
1971 5008 2262 5078 przecessit.

709 5076 1182 5146 Quatlragesimum
1229 5088 1479 5133 octavum
1514 5080 1579 5134 de
1620 5079 1900 5134 Etbildrita
1930 5119 1945 5142 ,
1973 5076 2142 5146 'quod
2181 5093 2239 5132 es

712 5145 864 5196 Βεὼρ
887 5146 1223 5219 venerabilis.
1239 5147 1603 5219 Centesimum
1629 5145 2078 5219 septuagesimum
2101 5148 2237 5217 septi

714 5231 876 5294 mum,
902 5215 1042 5283 quod
1065 5224 1146 5294 est
1174 5216 1467 5294 Angilberti
1496 5215 1861 5294 Centttlensis}
1884 5219 2123 5294 Denique
2139 5215 2260 5294 cen-

714 5287 958 5337 tesimum
1010 5287 1456 5354 septuagesimum
1503 5297 1776 5351 octavum,
1820 5289 1864 5342 si
1915 5297 1998 5342 est
2029 5287 2262 5351 Alcnini,

715 5355 993 5409 dicendum
1031 5363 1132 5416 est,
1179 5355 1452 5408 basilicam
1483 5357 1823 5411 sancti?etri
1860 5357 2040 5411 Roma:
2063 5358 2260 5426 spolia—

717 5433 818 5476 tam
843 5441 959 5478 03st}
996 5436 1120 5479 ante
1151 5441 1347 5478 annmn
1376 5426 1500 5490 860,
1530 5442 1636 5494 quo
1680 5428 1732 5482 id
1762 5428 1958 5481 factum
1985 5445 2013 5482 a
2040 5427 2264 5482 Sarace-

717 5495 796 5569 nis
819 5496 1028 5569 legitur.
1058 5498 1121 5549 Et
1147 5497 1381 5569 quidem,
1414 5511 1532 5569 eum
1565 5499 1615 5550 in
1636 5512 1698 5569 eo
1727 5499 1961 5569 carmine
1991 5508 2178 5569 agatur
2204 5499 2268 5569 de

719 5565 912 5616 insnltu
967 5582 1294 5636 paganorum
1345 5567 1396 5620 in
1427 5564 1758 5622 Britanniam
1810 5564 2061 5630 insulani,
2118 5567 2270 5622 facile

786 5688 807 5714 ι
841 5674 949 5729 Hoc
980 5677 1215 5742 Elogium
1247 5679 1365 5735 vide
1392 5676 1528 5733 infra
1556 5679 1608 5736 in
1626 5679 1862 5753 Append.
1895 5681 2051 5737 Ευιτ.

2295 4620 2343 4676 θ
2369 4639 2685 4692 crediderim
2709 4653 2826 4691 esse
2848 4638 3076 4701 Alcuini,
3101 4639 3253 4705 cujus
3276 4650 3516 4706 tempore
3530 4637 3662 4690 Dani
3693 4637 3932 4694 insulam

2370 4709 2511 4762 illam
2540 4705 2896 4775 impetierant.
2929 4709 3128 4763 Versus
3158 4705 3407 4770 murales,
3436 4722 3570 4776 quos
3605 4721 3669 4776 ex
3699 4705 3933 4763 Alcuino

2368 4781 2496 4832 citat
2527 4777 2706 4845 Lupus
2734 4778 2783 4830 in
2812 4779 3034 4846 epistola
3090 4777 3158 4831 9.0
3198 4788 3281 4832 est
3327 4775 3543 4830 carmen
3599 4775 3721 4831 179.
3758 4796 3776 4828 ι
3823 4776 3942 4833 Nos

2367 4850 2820 4918 quidemicarmen
2869 4849 3003 4902 alios
3045 4847 3137 4901 I78
3180 4847 3419 4918 genuinis
3431 4847 3814 4918 aesomnium:
3842 4850 3944 4903 sub

2369 4913 2512 4970 itum.
2548 4917 2650 4970 280
2672 4958 2687 4979 ,
2725 4919 3006 4979 credentes,
3039 4933 3155 4970 cum
3181 4913 3359 4968 eodem
3393 4913 3720 4980 Mnbillonio,
3758 4916 3945 4972 basili-

2370 5004 2481 5039 cam
2506 4989 2669 5042 sancti
2694 4988 2836 5041 Petri
2864 4987 3044 5041 Roma:
3065 4985 3431 5057 priorialiquo
3454 4995 3682 5056 tempore
3710 4987 3941 5057 spoliari

2369 5060 2627 5125 potuisse;
2653 5069 2998 5128 prtrterqumn
3019 5054 3156 5128 quod
3178 5054 3246 5107 ibi
3263 5071 3364 5108 non
3388 5065 3526 5110 certo
3553 5054 3847 5122 oneratur,
3883 5059 3944 5111 id

2367 5125 2661 5196 contigisse,
2685 5129 2773 5181 sed
2807 5125 2881 5181 ita
2906 5125 3088 5194 referri
3110 5137 3127 5174 :

2493 5218 2715 5268 l’ertidlae
2739 5218 2962 5265 manibus
2984 5213 3137 5262 fertur
3165 5219 3343 5261 vastata
3369 5213 3542 5274 fuisse,
3565 5220 3662 5272 etc.
3861 5273 3870 5278 ί

2381 5287 2563 5342 Versus
2626 5289 2743 5341 illos
2810 5285 3051 5345 moratus,
3083 5300 3245 5351 quos,
3307 5286 3473 5352 inquit
3538 5285 3788 5341 Servatus
3831 5285 3946 5340 Lu-

2367 5375 2460 5426 pus
2485 5362 2537 5411 in
2574 5360 2661 5412 cit.
2695 5361 2844 5426 epist.
2873 5354 2939 5406 ad
2962 5425 2967 5426 ν
2992 5353 3282 5426 ᾼΙιαὶηυηι,
3311 5355 3573 5426 Alcninus
3597 5354 3794 5408 dicitur
3821 5357 3947 5412 edi-

2369 5424 2509 5482 disse
2528 5470 2541 5491 ,
2576 5424 2897 5496 nemoLaiius
2925 5424 3315 5496 eidem‘trilmit,
3342 5424 3431 5478 sed
3453 5424 3740 5496 creduntur
3765 5427 3949 5496 magis

2377 5515 2483 5550 esse
2506 5499 2671 5551 sancti
2696 5492 3022 5564 Coluntbnni.
3074 5492 3232 5546 Plura
3266 5494 3372 5546 alia
3403 5511 3493 5546 nos
3525 5495 3664 5547 hisce
3698 5492 3953 5564 sttpposie

2380 5569 2501 5621 titis
2532 5565 2788 5621 accenscri
2842 5561 3044 5628 d’eberr,
3094 5565 3379 5628 credimus;
3424 5581 3603 5634 nempe
3651 5561 3827 5619 tersus
3870 5563 3950 5616 ad
