4232 6244
1323 38 1500 41 ὴῄκκ
1513 39 1941 46 Ἠ

433 292 564 348 1535

1543 291 1877 350 APPENDIX
1917 294 1975 349 ll.
2019 324 2084 333 —
2113 292 2519 350 DOGMATICA.

3495 295 3628 349 Ιῦμ

427 413 510 456 est
529 400 744 475 Filius.)
756 401 979 475 Videtis,
994 403 1257 475 quomodo
1283 417 1418 475 caeca
1442 417 1591 458 mens
1607 412 1790 475 contra
1817 419 1968 458 suam
1999 411 2045 464 Α
2073 411 2244 457 noster
2260 419 2349 471 per
2369 405 2693 472 adoptionem
2714 392 2885 458 carnis
2906 403 3076 458 sedem
3100 404 3321 475 repetivit
3350 405 3575 469 deitatis,
3599 426 3615 453 ι

426 471 577 540 ponit
604 472 903 540 testimonia
946 473 1280 525 sententiam.
1313 471 1443 537 Quis
1488 480 1592 536 est,
1639 473 1727 540 qui
1772 475 1975 526 auikiat

428 539 624 611 dicere,
653 539 928 611 Christum
954 555 1058 611 non
1085 555 1202 595 esse
1226 555 1349 594 vere
1373 540 1523 611 [ῌεη
1554 539 1759 611 verum]
1783 541 1971 611 Filium

430 608 551 670 Dei,
595 606 799 662 Joanne
824 609 1059 677 Baptista
1090 606 1396 671 attestante',
1425 609 1546 662 dum
1568 609 1700 662 vidit
1728 606 1973 677 spiritum

429 678 519 731 Dei
549 677 955 732 descendentem
982 686 1034 731 et
1062 685 1364 731 manentem
1395 693 1554 745 super
1579 693 1700 732 eum
1731 696 1742 730 :
1777 678 1845 730 Et
1882 694 1981 745 ego

429 745 552 814 ridi,
583 755 630 797 et
656 747 1005 799 testimonium
1023 747 1277 814 perhibui,
1305 747 1426 814 quia
1450 745 1532 799 hic
1572 758 1645 798 est
1673 745 1845 800 Filias
1883 746 1974 798 Dei

427 812 607 883 (_Joan.
629 831 644 867 i
663 853 678 875 ,
699 814 823 883 54)?
850 814 925 868 De
949 812 1056 883 quo
1076 823 1129 867 et
1151 812 1437 881 Apostolus
1464 823 1722 868 testatur:
1741 813 1973 880 Quorum

429 881 633 945 Patres,
655 897 718 937 ea:
743 881 927 952 quibus
951 881 1186 936 Christus
1213 883 1743 952 secundumrcarnem,
1772 885 1860 952 qui
1899 893 1974 952 est

425 966 579 1020 super
603 950 776 1003 omnia
793 951 942 1020 Deus
961 951 1254 1004 benedictus
1277 953 1330 1004 in
1354 951 1551 1020 secula
1581 950 1754 1020 (Rom.
1785 950 1866 1013 ix,
1894 950 1969 1020 5).

427 1019 491 1071 Et
527 1020 573 1072 si
609 1033 766 1073 verus
791 1019 949 1082 Deus,
991 1021 1152 1073 etiam
1190 1029 1246 1074 et
1269 1033 1427 1074 verus
1460 1019 1624 1072 Filius
1661 1039 1671 1072 :
1705 1029 1759 1074 et
1808 1021 1852 1072 si
1886 1019 1976 1073 ve-

428 1103 518 1140 rus
540 1087 724 1151 Filius,
763 1103 1099 1157 nequaquam
1136 1087 1262 1157 [Μδ.
1298 1089 1446 1152 add.,
1487 1084 1968 1211 tuiichadoptivus;
2007 1103 2012 1106 '

428 1158 550 1211 uuia
577 1157 873 1211 adontivus.
893 1157 1032 1210 sicut
1047 1157 1097 1209 in
1114 1158 1416 1211 testimonio
1430 1158 1600 1210 sancti
1673 1158 1806 1211 ilarii
1825 1158 1834 1211 Ι
1851 1157 1970 1211 Leu.

331 1209 336 1213 .
424 1158 550 1276 quia
577 1157 873 1237 adoptivus,
893 1157 1097 1210 sicutin
1114 1158 1416 1211 testimonio
1430 1158 1600 1210 sancti
1620 1157 1813 1238 Hilarii
1825 1157 1970 1228 μεθ.

475 1225 714 1276 mbrosnl
745 1234 972 1276 nosnum
1002 1234 1102 1276 est.
1129 1241 1234 1276 non
1267 1240 1391 1276 vere
1426 1233 1613 1276 natura
1635 1235 1716 1276 est
1745 1228 1905 1276 ﬁlius.

475 1225 714 1296 mbrosii]
745 1226 972 1296 positum
1002 1234 1102 1286 est,
1122 1241 1234 1296 non
1267 1240 1396 1296 vere
1426 1233 1613 1296 natura
1635 1235 1716 1280 est
1745 1225 1905 1279 ﬁlius.

498 1295 558 1347 V.
585 1293 716 1346 [teni
743 1293 796 1346 in
827 1293 1080 1346 Tractatu
1118 1294 1172 1348 in
1201 1293 1555 1363 Apocalypsin
1598 1296 1737 1348 beati
1789 1297 1973 1348 Hiero-

425 1363 593 1431 nymi,
619 1372 676 1415 ut
713 1363 920 1432 dicunt,
941 1363 1042 1417 hoc
1068 1363 1225 1432 modo
1257 1364 1500 1432 positum
1523 1365 1880 1432 testimonium
1917 1364 1970 1416 in

423 1429 644 1499 epistola
695 1431 990 1500 reperimus
1031 1429 1320 1499 praefata—ti
1352 1449 1365 1484 :
1400 1449 1419 1482 ι
1464 1430 1732 1485 Calculum
1785 1432 1971 1486 candi-

425 1501 570 1570 dum,
611 1501 664 1554 id
711 1509 814 1563 est,
841 1514 1049 1570 gemma
1080 1500 1224 1565 alba,
1252 1501 1464 1570 adoptio
1511 1501 1692 1555 carnis
1739 1501 1793 1553 in
1839 1500 1972 1554 Filio

425 1567 539 1622 Dei.
570 1589 588 1620 i
624 1569 772 1636 Quod
795 1567 949 1636 longe
989 1569 1144 1623 aliter
1181 1570 1234 1622 in
1269 1567 1461 1623 eodem
1485 1570 1734 1623 Tractatu
1770 1571 1971 1623 inveni-

423 1647 548 1690 tur:
581 1654 601 1688 t
632 1637 698 1691 Et
735 1638 871 1692 dabo
901 1639 971 1699 el,
1019 1638 1209 1705 inquit,
1249 1638 1508 1692 calculum
1548 1638 1828 1692 candidum
1853 1679 1868 1704 ,
1917 1640 1968 1693 id

422 1714 529 1771 est,
548 1706 901 1778 adoptionem
918 1706 1146 1760 filiorum
1190 1707 1314 1770 Dei;
1345 1722 1466 1778 nam
1500 1707 1734 1778 calculus
1760 1723 1966 1778 gemma

422 1774 774 1856 pretiosa—est.
811 1795 829 1828 i
860 1775 928 1829 Et
950 1783 1079 1856 post
1106 1791 1273 1855 pauca
1305 1794 1317 1828 :
1355 1795 1372 1824 ι
1405 1774 1808 1856 Sivecalculu‘m
1831 1792 1971 1856 icor—

420 1860 521 1913 pus
544 1846 807 1914 baptismo
830 1844 1190 1914 candidatum,
1221 1845 1334 1899 sive
1377 1845 1566 1898 calculi
1615 1844 1971 1914 appellatione

420 1929 595 1968 sermo
615 1913 822 1985 divinus
841 1913 1185 1985 signiﬁcatur.
1219 1934 1238 1966 ι
1259 1913 1661 1985 _Epis:ola__vero
1680 1914 1967 1985 beatillie-

420 1984 648 2053 ronynii,
681 1999 840 2051 quam
869 1981 936 2053 ait
961 1981 1230 2053 Cerasiam
1257 1981 1447 2053 [Epist.
1482 1981 1671 2052 Hisp.:,
1705 1984 1771 2037 ad
1796 1982 1969 2039 Ctesa-

420 2051 580 2122 rium]
616 2053 868 2122 scriptam
906 2051 1110 2122 dicitis,
1145 2051 1415 2122 hactenus
1449 2067 1555 2122 _nec
1580 2051 1732 2122 apud
1776 2053 1968 2107 Roma-

421 2133 516 2174 nos
533 2161 546 2178 .
565 2120 683 2175 'nec
707 2121 845 2188 apud
867 2134 963 2192 nos
985 2120 1208 2192 inveniri
1236 2121 1426 2190 potuit.
1447 2120 1554 2174 Nec
1585 2120 1685 2175 sibi
1716 2121 1816 2192 ipsi
1846 2138 1966 2178 cum

420 2203 653 2259 unquam
698 2189 964 2244 contraria
1005 2189 1238 2244 scribere
1281 2198 1556 2259 putamus;
1588 2199 1642 2243 et
1674 2189 1814 2246 veris
1847 2208 1964 2246 cre-

418 2259 546 2329 dere
561 2259 749 2314 melius
767 2268 849 2312 est
865 2259 1273 2329 exemplaribus,
1290 2275 1449 2328 quam
1477 2259 1670 2313 dubiis.
1696 2260 1828 2314 Ecce
1841 2276 1965 2329 pra-

421 2328 726 2398 vitas‘rromni
759 2327 1195 2398 tergiversatione
1221 2327 1467 2391 deterior,
1501 2344 1620 2396 quae
1655 2330 1732 2384 sic
1757 2327 1968 2384 sancto-

419 2413 536 2521 ;tim
564 2397 781 2522 Pa‘tsum
812 2396 1112 2467 purissimis
1137 2398 1380 2452 sensibus
1410 2413 1608 2451 venena
1638 2413 1747 2452 sua:
1795 2400 1967 2452 infun-

457 2477 497 2520 tt
524 2483 655 2522 Dert
700 2482 778 2520 tte.

457 2468 497 2520 it
524 2467 778 2520 perﬁdiae.

539 2537 575 2588 I.
602 2536 854 2606 Sequitur
875 2538 927 2591 iii
953 2535 1175 2606 epistola
1203 2536 1231 2576 ι»
1260 2553 1275 2590 :
1310 2554 1329 2588 ί
1361 2537 1488 2590 Item
1522 2538 1573 2591 in
1602 2537 1816 2592 homilia
1841 2553 1964 2592 san-

421 2607 492 2660 cti
524 2605 801 2678 Augustini
839 2605 993 2678 [Leg.
1027 2608 1084 2660 S.
1137 2605 1824 2678 Augustiiiiis]_securielum
1867 2608 1965 2660 hu—

418 2691 589 2747 mana:
626 2676 898 2747 servitutis
923 2676 1146 2747 formam
1171 2677 1244 2747 ita
1271 2677 1439 2747 dicit:
1471 2676 1640 2747 llomo
1659 2678 1963 2747 adoptatur,

419 2746 571 2815 cujus
619 2744 836 2815 gloriam
868 2744 1230 2815 quwsivit,qui
1265 2755 1339 2798 est
1363 2746 1428 2797 ab
1461 2745 1550 2798 illo
1579 2744 1959 2815 unicus'natus.

419 2813 577 2878 ECce,
601 2829 756 2882 quem
776 2813 1105 2884 Augustinus
1127 2813 1254 2868 dicit
1286 2817 1612 2884 adoptatum,
1645 2815 1784 2884 hunc
1804 2814 1963 2868 Joan-

419 2899 516 2937 nes
537 2881 687 2954 dicit,
714 2881 1020 2954 advocatum
1047 2884 1292 2954 habemus
1314 2881 1452 2950 apud
1483 2882 1692 2936 Patrem
1717 2881 1778 2954 (1
1801 2884 1958 2938 Ιοαη.

421 2968 491 3014 ii,
539 2954 612 3074 ιζ.
646 2952 704 3006 ln
747 2953 848 3008 hoc
878 2955 1055 3022 itaque
1103 2953 1218 3008 loco
1263 2954 1602 3022 ignoramus,
1641 2952 1767 3021 quid
1817 2954 1964 3023 prius

421 3035 572 3074 auem
596 3037 684 3074 um
720 3022 809 3074 sit.
833 3035 899 3074 an
934 3023 1169 3074 pravitas
1207 3023 1526 3074 reuellenda.
1557 3024 1669 3074 sive
1699 3022 1961 3074 imperitia

421 3022 684 3094 agendum
720 3022 812 3094 sit,
827 3035 899 3094 an
934 3023 1169 3094 pravitas
1207 3023 1526 3094 repellenda,
1557 3024 1669 3094 sive
1699 3022 1961 3094 imperitia

419 3089 706 3161 decidenda
753 3089 949 3161 [Ms.,'
982 3089 1341 3161 deridenda]?
1385 3091 1440 3161 ln
1493 3107 1618 3161 xxvi
1652 3089 1868 3161 hom—ilia
1910 3093 1962 3144 in

419 3158 774 3230 Expositione
815 3161 932 3230 ejus
983 3161 1257 3230 sententia:
1285 3158 1526 3227 ‘legitur,
1571 3159 1658 3230 ubi
1712 3160 1964 3230 Dominus

419 3227 556 3282 dixit
582 3247 594 3282 :
644 3227 745 3292 Qui
789 3245 820 3281 a
844 3227 1128 3295 semetipso
1155 3228 1414 3297 ioquitur,
1457 3229 1718 3297 prapriam
1746 3228 1963 3297 gloiiam

419 3244 594 3282 nixu:
644 3244 744 3292 um
789 3245 820 3281 a
863 3244 1128 3295 semetipso
1155 3244 1205 3280 ιο
1241 3244 1414 3292 uitur,
1457 3244 1718 3297 propriam
1746 3244 1962 3297 gloriam

419 3299 603 3366 qna'rit
643 3298 819 3368 (Joan.
869 3314 975 3368 vti,
1039 3298 1147 3367 l8).
1190 3244 1449 3363 libipost
1478 3296 1634 3366 575
1674 3312 1962 3368 congruam

418 3366 801 3435 expositibnem
845 3367 1042 3420 infert:
1077 3366 1152 3417 te
1181 3367 1319 3432 Quid
1371 3374 1427 3435 tu
1479 3368 1637 3421 homo
1663 3366 1840 3421 facere
1869 3369 1962 3422 de-

421 3434 539 3499 bes,
568 3437 679 3506 _qui
718 3436 930 3506 quando
959 3436 1158 3504 aliquid
1189 3436 1330 3506 boni,
1358 3434 1509 3501 facis,
1540 3437 1761 3506 gloriam
1818 3446 1962 3506 tuam

419 3501 623 3573 quairis
646 3523 660 3558 :
687 3501 904 3573 quando
927 3501 1102 3557 autem
1139 3505 1335 3571 aliquid
1385 3507 1507 3559 mali
1545 3501 1697 3567 iacis,
1736 3506 1844 3559 Deo
1873 3501 1963 3560 ca-

420 3572 650 3627 lumnias
673 3572 964 3628 meditaris.
982 3573 1199 3628 Intende
1219 3574 1342 3636 tibi;
1373 3582 1617 3627 creatura
1641 3589 1721 3636 es,
1737 3587 1964 3643 agnosce

419 3651 746 3704 creatorem;
795 3656 983 3696 servus
1033 3657 1112 3707 es,
1167 3657 1233 3696 ne
1286 3649 1593 3697 contemnas
1652 3644 1960 3702 Dominum;

421 3712 704 3780 adOptatus
745 3726 823 3776 es,
856 3711 947 3764 sed
975 3727 1080 3765 non
1123 3712 1345 3765 meritus
1393 3711 1544 3835 L513”
1580 3726 1683 3764 non
1710 3711 1960 3782 meritis].

421 3782 609 3835 Ouaire
631 3781 852 3835 cloriam
882 3777 1014 3835 eius.
1030 3797 1059 3833 a
1079 3797 1186 3835 uno
1204 3782 1367 3835 habes
1434 3797 1532 3834 anc
1555 3783 1779 3835 gratiam
1807 3782 1960 3835 homo

420 3777 609 3846 Quaere
631 3781 852 3851 gloriam
882 3777 1014 3851 ejus,
1030 3797 1059 3833 a
1079 3797 1186 3851 quo
1204 3782 1367 3836 habes
1394 3777 1532 3835 hanc
1555 3783 1779 3851 gratiam
1807 3777 1964 3837 homo

419 3849 719 3919 adornatus,
748 3851 899 3920 cujus
928 3849 1157 3920 gloriam
1211 3851 1472 3919 quaesivit,
1520 3849 1608 3920 qui
1638 3860 1719 3906 est
1765 3852 1834 3905 ab
1877 3853 1965 3906 illo

421 3920 608 3973 unicus
654 3919 826 3974 natus.
864 3939 883 3971 ι
915 3919 989 3973 De
1023 3920 1238 3974 Christo
1272 3921 1412 3973 enim
1441 3919 1575 3974 dixit
1607 3940 1620 3974 :
1647 3920 1826 3974 unicus
1871 3938 1966 3974 na-

418 3996 541 4052 tus;
575 3990 638 4042 de
667 3988 821 4059 nobis
852 3989 1179 4042 vero:homo
1205 3989 1500 4059 adoptatus.
1531 3988 1698 4056 Quam
1726 3991 1965 4059 adoptio-

419 4070 542 4126 nem
574 4057 890 4126 pravissimo
936 4071 1094 4126 sensu
1119 4095 1134 4122 ,
1172 4057 1262 4124 qui
1312 4057 1528 4126 scripsit
1567 4057 1865 4126 epistolam,
1897 4061 1964 4114 ad

416 4123 613 4180 Christi
634 4128 801 4180 voluit
825 4125 1113 4180 transferre
1152 4123 1542 4196 immanitatem
1568 4123 1669 4179 :‘in
1695 4141 1800 4195 qua
1843 4123 1964 4196 per-

417 4196 670 4250 versitate
716 4212 904 4252 sensus
935 4203 1244 4263 utrumque,
1274 4202 1326 4247 et
1373 4195 1639 4263 imperitia
1681 4195 1964 4252 scribentis

417 4271 579 4334 patet,
612 4274 666 4318 et
688 4266 825 4319 mala
857 4266 1099 4335 voluntas
1124 4280 1228 4319 non
1259 4264 1407 4335 latet.
1439 4264 1611 4335 Etiam
1639 4265 1692 4318 in
1721 4268 1962 4335 sequenti

415 4333 552 4405 nimi
582 4336 863 4405 sententia,
899 4345 954 4390 et
1001 4334 1203 4405 falsitas
1229 4333 1380 4405 malm
1406 4333 1693 4389 voluntatis
1720 4333 1960 4405 apparet,

416 4405 502 4476 ubi
527 4403 690 4457 dixit:
722 4422 740 4452 ι
764 4404 920 4476 Ecce,
950 4420 1106 4476 quem
1128 4404 1451 4476 Augustinus
1477 4403 1961 4476 ilicit‘adop’t’atum,

414 4472 646 4527 Joannes
676 4474 945 4529 apostolus
968 4472 1118 4527 idicit
1149 4472 1482 4528 advocatum.
1525 4493 1543 4524 ι
1590 4472 1961 4529 Certissimum

413 4550 495 4596 est
521 4541 662 4596 enim
692 4541 949 4595 Joannem
995 4544 1290 4609 apostolum
1323 4543 1590 4598 Christum
1644 4544 1961 4598 advocatum

415 4614 710 4675 nominare,
735 4612 872 4665 sicut
900 4611 1010 4681 ipse
1040 4620 1264 4665 testatur
1305 4633 1317 4665 :
1348 4611 1500 4681 Apud
1546 4611 1754 4681 Patrem
1802 4611 1961 4666 habe—

413 4697 532 4732 inits
549 4681 852 4734 advocatum
888 4678 1164 4732 Dominum
1204 4678 1439 4734 nostrum
1466 4680 1646 4735 Jesum
1673 4678 1958 4735 Christum.

415 4747 755 4830 Perspicuum
781 4764 1028 4830 “quoque
1074 4747 1460 4830 eshsanctpnr
1498 4751 1869 4830 Augustinum.
1897 4750 1964 4830 de

414 4817 629 4872 homine
673 4817 907 4887 quolibet
936 4835 1029 4888 per
1056 4819 1279 4889 gratiam
1307 4819 1558 4889 adoptato
1585 4817 1784 4884 dicere,
1827 4819 1966 4873 sicut

410 4889 790 4958 ex_sequ_entia
823 4887 1078 4943 lectionis
1110 4887 1422 4958 Vcertissime'
1467 4890 1716 4958 cognosci
1767 4897 1962 4958 potest.

486 4955 592 5009 Ἧι.
636 4956 890 5024 Sequitur
936 4959 986 5011 in
1016 4959 1203 5012 eodem
1249 4955 1425 5010 libello
1462 4955 1641 5011 vestro
1668 4957 1718 5010 ά.
1767 4955 1793 5008 ἢ
1832 4959 1961 5014 ltein

412 5025 830 5097 ptimdecessore‘s
858 5027 1034 5097 nostri
1053 5027 1340 5097 Eugeiiins,
1364 5025 1677 5097 lltlel'onsns,
1701 5025 1961 5097 Julianus,

412 5095 680 5148 'l‘olctzinai
699 5093 840 5151 sedis
862 5093 1218 5164 antistitesﬁn
1239 5097 1347 5149 suis
1359 5095 1786 5164 dogmatibusjta
1811 5095 1964 5151 dixe-

415 5175 537 5235 runt
586 5167 636 5218 in
689 5164 848 5218 inissa
885 5164 950 5217 de
991 5163 1156 5235 Ctnna
1195 5165 1402 5220 Domini
1431 5163 1450 5218 Ξ
1472 5163 1573 5235 Qui
1613 5181 1704 5235 per
1739 5165 1970 5235 adoptivi

415 5182 537 5218 runt
586 5182 636 5218 in
689 5182 848 5218 inissa
885 5182 950 5217 ue
991 5182 1156 5217 urna
1195 5182 1402 5220 UOllllltl
1431 5183 1445 5218 :
1472 5182 1572 5229 um
1648 5182 1704 5217 er
1739 5182 1960 5235 aaoptwt

411 5233 632 5304 hominis
674 5235 966 5304 passionem
1012 5232 1136 5304 dunt
1183 5251 1284 5304 suo
1325 5251 1428 5287 non
1476 5182 1688 5304 indiigit
1735 5235 1960 5304 corpori.

412 5301 540 5356 ltem
569 5305 622 5358 in
653 5301 814 5358 missa
835 5302 900 5356 de
919 5301 1240 5356 Ascensione
1263 5302 1472 5357 Domini
1495 5327 1506 5356 -.
1537 5301 1700 5356 Hodie
1723 5301 1965 5357 Saluator

441 5505 446 5507 _
483 5449 510 5507 ξ
539 5435 760 5507 ῌὶερίιη.
782 5439 884 5492 loc.
910 5436 999 5490 cit.
1029 5450 1172 5488 num.
1205 5434 1258 5507 ξί.

484 5504 509 5542 δ
539 5504 595 5559 lii
622 5503 777 5573 epist.
805 5506 1021 5575 Hispali.
1046 5519 1171 5575 n_um
1195 5503 1244 5555 6.

484 5585 508 5614 ε
541 5572 780 5629 Tractat.
811 5572 955 5638 xxiii,
987 5575 1038 5628 in
1063 5572 1236 5634 Joan.,
1275 5588 1418 5625 num.
1443 5575 1495 5628 8.
1569 5613 1578 5616 .

483 5645 512 5686 ιι
546 5643 602 5699 In
630 5645 782 5712 epist.
809 5643 1047 5716 llispatn,
1071 5659 1213 5696 num.
1249 5643 1300 5707 8,
1333 5640 1473 5696 Nihil
1495 5659 1620 5698 vero
1642 5644 1962 5715 respondent

2077 481 2133 526 ot
2157 479 2374 536 caetera,
2400 487 2519 542 qua}.
2546 486 2611 524 ex
2637 481 2919 542 parentum
2945 473 3241 528 vestrorum
3267 473 3421 527 dictis
3444 476 3623 542 posui~

2077 542 2204 607 stis;
2241 549 2300 594 ut
2345 540 2678 594 manifestum
2725 541 2817 603 sit,
2841 542 3025 610 quales
3054 542 3298 596 habeatis
3340 540 3618 609 parentes;

2074 618 2214 664 etut
2243 617 2426 663 notum
2467 611 2539 662 sit
2570 610 2833 670 omnibus,
2875 611 3012 664 unde
3050 625 3145 665 vos
3184 611 3363 664 traditi
3405 611 3523 664 sitis
3567 612 3619 664 in

2075 692 2266 732 manus
2311 677 2620 731 inﬁdelium.
2663 675 2798 743 Quia
2845 679 3111 734 hominem
3134 677 3404 732 Christum
3437 693 3620 732 verum

2076 746 2168 817 Dei
2195 745 2379 817 Patris
2395 745 2614 817 Filium“
2631 760 2751 799 esse
2783 748 3036 817 negastis,
3055 747 3205 817 vobis
3227 745 3477 817 defensor
3503 761 3622 802 esse

2073 815 2263 878 noluit,
2289 814 2382 868 sed
2425 814 2644 867 tradidit
2668 829 2762 868 vos
2804 814 2874 868 in'
2899 831 3089 870 manus
3122 814 3452 869 inimicorum
3497 831 3619 870 suo-

2075 897 2217 947 rum,
2245 891 2302 935 ut
2327 882 2666 952 dominentur
2689 885 2869 952 vestri.
2896 885 2985 951 qui
3016 899 3139 938 eum
3165 885 3403 952 recipere
3431 884 3612 952 nolue-

2073 962 2227 1031 runt;
2258 961 2313 1031 et
2348 952 2430 1031 cui
2480 951 2816 1031 illi_publ‘ice.
2842 950 3148 1031 detrahunt,
3174 950 3502 1031 vos'oecnlte
3537 954 3614 1031 ilti

2075 1020 2358 1091 derogetis.
2387 1019 2677 1091 Neciillius
2695 1019 2894 1091 Chijsti
2925 1022 3479 1091 testinionio_credcre
3505 1021 3618 1074 vul-

2073 1088 2144 1141 tis
2169 1086 2236 1157 de
2262 1104 2319 1142 se
2344 1090 2459 1156 ipso
2489 1089 2751 1142 dicentis:
2777 1086 2937 1157 Pater
2970 1089 3202 1157 clariﬁca
3227 1089 3272 1141 F
3276 1089 3420 1142 ilium
3449 1101 3615 1154 tuum,

2074 1167 2128 1238 ut
2156 1156 2328 1210 Filius
2357 1168 2478 1238 titus
2504 1157 2751 1238 clari/Soet
2782 1167 2831 1210 te
2844 1156 3046 1238 _(Joan._
3063 1156 3291 1238 Iphd')‘.
3319 1157 3456 1238 ‘Dunt
3487 1159 3618 1238 dixit

2073 1236 2212 1292 tuus,
2244 1226 2622 1294 proprietatem
2667 1226 2918 1291 ostendit,
2969 1226 3127 1280 veluti
3166 1227 3394 1279 etPatcr
3441 1227 3492 1280 in
3523 1229 3614 1279 ba-

2072 1293 2266 1361 ptismo
2290 1293 2594 1347 testimonio
2621 1295 3023 1362 comprobavit:
3056 1294 3155 1348 Hic
3179 1307 3252 1349 est
3278 1294 3446 1347 Filius
3474 1312 3615 1348 meus

2071 1362 2286 1432 dilectus
2313 1362 2524 1432 (Matth.
2542 1376 2632 1432 _i_it,
2655 1362 2760 1432 l7).
2788 1363 2936 1416 Meus
2961 1364 3122 1429 dixit;
3160 1363 3360 1417 addidit
3383 1379 3612 1432 quoque,

2070 1430 2814 1500 dilectus,ut_intelligemtur
2839 1434 3084 1500 proprius
3108 1447 3226 1487 esse
3247 1430 3431 1497 Filius,
3476 1430 3614 1486 sicut

2070 1448 2310 1496 auectas,
2343 1448 2397 1484 ui
2430 1448 2814 1499 intenigeretur
2839 1448 2934 1500 pro
2975 1448 3084 1487 rius
3108 1448 3226 1487 esse
3247 1448 3431 1497 riuus,
3476 1448 3614 1486 Sicut

2052 1498 2352 1582 Apostolus
2394 1497 2531 1582 digit
2569 1516 2623 1582 εὶ
2648 1497 2868 1582 Propria
2906 1448 3048 1582 Italia
3079 1519 3193 1582 suo
3246 1519 3358 1582 nor:
3396 1502 3615 1582 pepercit

2070 1565 2244 1649 (Rom.
2273 1584 2387 1649 vni,
2569 1568 2634 1622 Et
2664 1565 2852 1621 melius
2878 1577 2960 1649 est
2994 1565 3411 1649 testimonioDei
3436 1565 3616 1649 Pati-is
3643 1608 3650 1614 -

2068 1635 2290 1692 credere
2313 1638 2378 1691 de.
2403 1635 2678 1706 Filiosuo,
2703 1653 2863 1706 quam
2888 1637 3132 1694 lldel‘onsi
3153 1640 3336 1701 vestri,
3361 1639 3448 1706 qui
3481 1638 3616 1691 tales

2002 1706 2222 1789 Bvobis
2284 1705 2582 1789 composuit
2625 1705 2812 1789 preces
2866 1707 2946 1789 in“
2967 1708 3251 1789 missarum
3318 1705 3610 1789 s‘qlerpniis,

1988 3061 2034 3121 C

1993 4396 2041 4455 Ι)

2069 1774 2254 1845 quales
2281 1774 2596 1845 universalis
2629 1783 2681 1828 et
2703 1784 2881 1845 sancta
2909 1777 2999 1830 Dei
3031 1793 3132 1832 non
3162 1776 3320 1831 habet
3346 1777 3608 1845 Ecclesia;

2071 1843 2168 1898 nec
2193 1859 2287 1899 vos
2317 1845 2371 1898 in
2403 1843 2507 1899 illis
2556 1844 2795 1898 exau'liri
2837 1855 3105 1913 putamus.
3155 1845 3219 1899 Et
3245 1847 3287 1898 si
3322 1844 3613 1899 lldefonsus
3646 1871 3664 1886 ε

2067 1923 2245 1983 vester
2278 1915 2330 1968 in
2357 1913 2688 1968 orationibus
2720 1911 3139 1968 suis'Christum
3174 1915 3476 1983 athptivuin
3526 1930 3615 1968 no-

2067 1982 2304 2052 minavit,
2356 1991 2540 2052 noster
2575 1998 2702 2036 vero
2750 1982 3036 2052 Gregorius
3086 1982 3320 2052 pontifex
3364 1982 3614 2038 Romanu:

2067 2050 2228 2115 sedis,
2256 2061 2312 2106 et
2336 2051 2661 2105 clarissimus
2685 2061 2796 2105 toto
2824 2050 2952 2106 oi'be
2979 2050 3162 2106 doctor
3195 2054 3248 2106 in
3278 2053 3389 2108 suis
3411 2054 3608 2106 oratio-

2067 2120 2224 2174 nibus
2248 2134 2456 2188 semper
2482 2135 2603 2174 eum
2631 2121 2948 2189 unigenitum
2974 2123 3248 2175 nominare
3273 2122 3610 2174 nomlubita-

2067 2189 2161 2243 vit.
2211 2189 2268 2243 In
2293 2189 2533 2244 oratione
2559 2193 2718 2251 enim,
2761 2204 2879 2257 qua:
2921 2198 3004 2243 est
3049 2190 3274 2245 secunda
3323 2190 3451 2242 feria
3494 2200 3611 2257 post

2066 2257 2279 2313 Palmas
2312 2260 2384 2312 ita
2413 2259 2626 2329 posuit:
2655 2258 2758 2323 Da,
2781 2274 3094 2329 quu'sumus,
3113 2260 3427 2329 omnipotens
3449 2258 3610 2322 Deus,

2065 2338 2121 2398 ut
2145 2330 2232 2398 qui
2261 2330 2314 2398 in
2337 2339 2408 2381 tot
2443 2328 2668 2381 adversis
2699 2328 2974 2398 estnostra
2995 2329 3293 2398 inﬁrmitate
3324 2328 3610 2398 deficimus,

2063 2396 2406 2467 intercedente
2441 2397 2690 2467 unigeniti
2734 2396 2860 2450 Filii
2901 2397 2978 2450 tui
3009 2396 3269 2467 passione_
3288 2397 3607 2466 respireiniis.

2063 2465 2194 2520 Item
2223 2475 2408 2534 quarta
2435 2464 2566 2518 feria
2591 2466 2825 2534 ejusdem
2857 2464 3164 2534 septimana:
3191 2485 3202 2519 :
3233 2464 3453 2528 Prirsta,
3473 2483 3610 2534 qua:-

2062 2533 2273 2606 sumus’,
2317 2533 2636 2606 omnipotens
2677 2533 2839 2606 Deus,
2877 2533 2937 2606 ut
2970 2537 3057 2606 qui
3097 2535 3282 2606 nostris
3325 2535 3612 2606 ercessibus

2062 2553 2273 2598 sumus,
2317 2553 2455 2587 οηιηι
2471 2553 2636 2588 iniens
2677 2553 2839 2606 ueus,
2877 2553 2932 2586 ιιι
2970 2553 3055 2606 qui
3097 2553 3282 2588 nostris
3325 2553 3608 2588 81688810!“

2062 2553 2701 2683 incessaiiterqaéligimqur,
2729 2619 2819 2683 per
2851 2604 3098 2683 unigeniti
3125 2603 3608 2683 .tuipassioneninli-

2065 2671 2317 2742 beremur.
2359 2671 2486 2726 Item
2516 2671 2573 2726 in
2597 2671 2919 2728 Asceiisione
2946 2671 3096 2742 [5!s.,
3124 2673 3178 2727 in
3203 2671 3459 2742 Ascensa]
3508 2672 3612 2725 Do~

2066 2741 2194 2794 mini
2219 2757 2233 2796 :
2258 2739 2508 2803 Concede,
2551 2757 2868 2811 qutrsunius,
2908 2739 3225 2811 omnipotens
3260 2742 3416 2804 Deus,
3444 2739 3500 2793 ut
3524 2743 3611 2810 qui

2065 2811 2313 2864 hodierna
2349 2811 2431 2863 die
2464 2810 2779 2880 unigenitum
2809 2822 2950 2863 tuum
2974 2810 3354 2880 Redemptoreni
3383 2823 3610 2863 nostrum

2065 2880 2133 2932 ad
2157 2880 2308 2933 calas
2334 2879 2620 2934 ascendisse
2649 2880 2921 2933 credimus.
2961 2879 3090 2933 Item
3119 2879 3184 2932 ad
3213 2888 3453 2935 sanctam
3491 2895 3612 2932 cru-

2064 2964 2179 3002 ccin
2214 2967 2226 3002 :
2265 2949 2426 3013 Deus,
2469 2949 2554 3018 qui
2588 2947 2851 3018 Unigeniti
2899 2950 2973 3002 tui
3018 2948 3227 3003 Domini
3283 2949 3442 3002 nostri
3484 2949 3620 3002 Iesu

2065 3018 2258 3089 Christi
2295 3021 2516 3089 pretioso
2559 3019 2808 3088 sanguine
2842 3019 3123 3089 humanum
3161 3035 3331 3088 genus-
3366 3018 3612 3089 redimere

2065 3085 2307 3159 dignatus
2332 3104 2403 3140 es.
2434 3087 2571 3159 Ecce
2599 3085 2719 3159 eum
2765 3088 3092 3159 unigenitum
3125 3085 3433 3151 nominavit,
3463 3085 3614 3154 cujus

2065 3156 2324 3276 sawiiine
2362 3156 2619 3240 redempti
2645 3171 2848 3237 sumus.

2201 3223 2263 3276 ll.
2290 3223 2441 3276 Quod
2471 3233 2650 3276 autem
2673 3224 2848 3276 dicitis

2201 3223 2263 3277 ll.
2290 3223 2441 3293 Quod
2457 3223 2650 3279 'auteni
2673 3224 2853 3279 dicitis
2875 3226 2925 3278 in
2948 3225 3169 3293 epistola
3198 3225 3320 3280 fidei
3345 3233 3534 3278 vestrae
3555 3238 3607 3279 ες

2070 3311 2088 3341 ι
2127 3293 2203 3348 Ex
2231 3293 2390 3366 Patre
2424 3294 2752 3366 unigenitum
2802 3295 2916 3349 sine
2947 3296 3229 3364 adOptione
3294 3296 3611 3366 primogeni-

2067 3371 2179 3416 tum
2201 3375 2330 3418 vei'o
2377 3365 2430 3434 in
2463 3363 2565 3418 line
2609 3366 2881 3434 temporis,
2927 3363 3107 3418 verum
3157 3363 3425 3419 hominem
3461 3363 3609 3419 assu-

2065 3434 2258 3503 mendo
2285 3434 2351 3488 de
2382 3433 2598 3503 Virgine
2628 3435 2680 3487 in
2710 3433 2886 3488 carnis
2936 3434 3244 3502 adoptione;
3284 3436 3610 3503 unigenitum

2065 3502 2116 3572 in
2157 3511 2369 3565 natura,
2393 3502 2815 3572 primogenitum
2848 3504 2908 3572 in
2948 3505 3230 3571 adoptione
3277 3512 3330 3556 et
3359 3502 3550 3572 gratia.
3586 3525 3603 3555 i

2066 3571 2278 3624 Scimus
2304 3572 2446 3625 enim
2469 3570 2635 3624 Deum
2655 3570 2745 3624 Dei
2778 3571 2968 3625 Filiqu
2999 3570 3066 3626 ei
3094 3581 3316 3639 utraque
3339 3570 3529 3624 natura
3558 3583 3614 3627 et

2063 3639 2537 3710 unigenitnm‘esse
2565 3649 2619 3695 et
2653 3640 3093 3710 primogenitum;
3127 3640 3450 3710 unigenitus,
3485 3643 3608 3710 quia

2063 3657 2394 3709 unigenitum
2421 3657 2537 3693 esse
2565 3657 2619 3695 et
2653 3657 2826 3708 primo
2863 3657 3093 3704 emtum;
3127 3657 3450 3710 umgennus,
3485 3658 3608 3710 quia

2063 3708 2210 3780 solus
2247 3709 2364 3763 sine
2402 3708 2554 3780 initio
2585 3725 2647 3762 ex
2685 3710 2791 3762 Dea
2817 3657 2976 3763 διῆγε
3011 3711 3252 3780 genitus;
3289 3719 3343 3763 et
3378 3710 3521 3765 solus
3544 3728 3610 3764 ex

2065 3778 2216 3849 initio
2248 3779 2502 3848 temporis
2549 3795 2614 3832 ex
2648 3787 2821 3834 matre
2848 3778 3063 3848 Virgine
3106 3780 3314 3849 genitus
3342 3797 3354 3831 :
3387 3779 3612 3849 ideoque

2065 3848 2120 3901 in
2150 3855 2375 3916 utraque
2403 3856 2591 3919 natura
2627 3849 2931 3919 unigenilus
2961 3868 2973 3901 :
3005 3850 3166 3903 etiam
3211 3859 3264 3902 et
3288 3848 3611 3919 primogeni-

2067 3926 2171 3981 tus,
2197 3919 2322 4000 quia
2356 3918 2531 4000 omnis
2577 3918 2878 3987 uiiigciiitiis
2905 3919 3290 4000 primogenitus
3331 3928 3442 4000 est;
3473 3918 3614 3999 llicet

2064 3988 2355 4042 secundum
2380 3988 3076 4058 humananigcnerationem
3090 4003 3194 4042 non
3211 3988 3386 4058 omnis
3413 3990 3611 4058 primo—

2065 4058 2276 4127 genitus
2302 4057 2607 4127 unigenitus
2639 4057 2726 4111 sit.
2778 4058 2918 4111 Ideni
2955 4059 3068 4127 ipse
3098 4058 3189 4111 Dei
3221 4057 3384 4112 Filius
3413 4058 3612 4126 primo-

2064 4126 2276 4196 genitus
2303 4134 2386 4196 est
2418 4126 2666 4196 Virginis,
2705 4133 2763 4178 ut
2783 4126 2990 4190 dicitis;
3029 4127 3273 4196 etiamet.
3287 4127 3608 4196 unigenitus,

2063 4194 2188 4262 quia
2212 4209 2317 4248 non
2343 4194 2530 4263 habuit
2553 4202 2836 4263 sequentes
2863 4194 3152 4248 carnaliter
3191 4194 3400 4249 fratres.
3447 4195 3614 4263 Igitur

2062 4261 2120 4318 et
2142 4263 2252 4334 Deo
2277 4261 2423 4318 Patri
2452 4261 2856 4334 primogenitus,
2889 4263 3014 4332 quia
3042 4264 3193 4334 prius
3224 4279 3288 4318 ex
3319 4263 3428 4320 Deo
3449 4261 3609 4320 Patre

2064 4333 2293 4403 genitus,
2324 4333 2621 4404 quamtulla
2640 4333 2790 4388 esset
2827 4346 3094 4404 creatura,
3112 4333 3201 4404 vel
3225 4335 3436 4404 aliquod
3473 4334 3615 4390 esset

2066 4401 2272 4473 tempus
2293 4401 2543 4473 Apostolo
2583 4402 2854 4473 teste,iqui
2879 4403 2963 4473 ait
3007 4403 3072 4459 ad
3099 4401 3443 4460 Colosseiises
3475 4406 3612 4460 scri-

2061 4472 2196 4544 bens
2221 4490 2233 4525 :
2263 4472 2474 4544 Gratias
2499 4484 2705 4544 agentes
2729 4472 2834 4544 Deo
2859 4472 3046 4544 Patri,
3059 4475 3146 4544 qui
3167 4473 3348 4544 dignos
3371 4491 3463 4544 nos
3495 4474 3612 4542 fecit

2061 4542 2116 4594 in
2137 4551 2337 4622 partem
2381 4539 2602 4622 [usq-in
2623 4539 2792 4612 parte]
2824 4543 2984 4622 sortis
3007 4539 3303 4596 sanctorum
3329 4543 3380 4596 in
3402 4539 3610 4622 Iuntine,

2060 4609 2148 4678 qui
2169 4610 2353 4678 eripuit
2378 4609 2470 4678 nos
2497 4609 2561 4662 de
2583 4609 2832 4678 patesta‘te
2851 4612 3246 4664 tenebrarumet
3269 4611 3533 4664 transtulit
3559 4613 3612 4665 in

2063 4677 2274 4746 regnum
2296 4677 2435 4749 AFilii
2463 4677 2750 4731 dilectionis
2789 4678 3055 4749 claritatis.
3075 4695 3210 4744 sum,
3236 4680 3290 4731 in
3327 4697 3428 4749 quo
3457 4680 3610 4734 habe-

2062 4763 2176 4820 mus
2216 4747 2632 4820 redemptionem,
2661 4747 3008 4820 remissionem
3043 4747 3385 4818 peccatorum,
3414 4755 3500 4820 qui
3541 4762 3613 4805 est

2061 4815 2232 4887 imago
2256 4816 2350 4887 Dei
2388 4815 2675 4881 invisibilis,
2722 4815 3092 4887 primogenitus
3123 4819 3293 4872 omnis
3331 4815 3611 4875 creatura':

2061 4883 2182 4955 quia
2203 4886 2272 4955 in
2296 4886 2404 4955 ipso
2435 4887 2643 4940 condita
2669 4883 2784 4940 sunt
2809 4883 3048 4941 universa
3068 4889 3122 4941 iit
3145 4887 3280 4942 ctelis
3303 4899 3350 4942 et
3372 4891 3426 4943 in
3451 4900 3613 4953 terra,

2063 4953 2284 5033 risibilia
2312 4953 2370 5033 et
2384 4955 2692 5033 invisibilia;
2729 4957 2830 5010 sive
2860 4957 3051 5020 throni,
3088 4957 3191 5012 sive
3214 4959 3611 5033 dominationes.

2063 5025 2165 5102 sive
2203 5025 2543 5102 principatus,
2585 5025 2687 5078 sive
2724 5033 2999 5102 potestates
3025 5040 3044 5077 ε
3085 5028 3258 5079 omnia
3313 5043 3404 5095 per
3447 5029 3612 5102 ipsum

2062 5102 2106 5164 et
2135 5094 2188 5164 in
2212 5094 2322 5161 ipso
2349 5105 2523 5148 creata
2545 5103 2697 5164 sunt;
2718 5103 2764 5146 et
2789 5095 2894 5164 ipse
2916 5103 2989 5148 est
3010 5105 3128 5147 ante
3151 5094 3342 5157 omnes,
3371 5106 3418 5148 et
3441 5094 3613 5151 omnia

2063 5162 2116 5215 in
2150 5162 2259 5230 ipso
2292 5172 2556 5226 constant;
2593 5171 2639 5215 et
2674 5163 2781 5232 ipse
2807 5162 2879 5216 est
2901 5173 3074 5233 caput
3099 5165 3324 5233 corporis
3347 5165 3610 5232 Ecclesia’,

2062 5233 2243 5302 quiest
2266 5233 2595 5302 principium,
2628 5232 2992 5302 primogenitus
3016 5249 3079 5285 ex
3099 5232 3333 5298 mortuis,
3377 5246 3430 5289 ut
3466 5238 3532 5290 sit
3561 5239 3614 5290 in

2063 5300 2296 5354 omnibus
2317 5300 2722 5370 ipse—primatum
2740 5300 2910 5356 tenens
2930 5316 2945 5352 :
2966 5303 3085 5356 auia
3115 5303 3167 5355 in
3190 5305 3294 5370 ipso
3308 5305 3612 5361 complacuit

2065 5438 2567 5511 Francofordienses
2591 5439 2656 5492 ad
2674 5440 3032 5511 testimonium
3063 5439 3118 5493 S;
3143 5439 3347 5506 lsidori,
3373 5442 3513 5511 quod
3542 5444 3613 5500 illi

2065 5508 2289 5564 aﬂ'eruiit
2316 5524 2462 5562 num.
2497 5510 2527 5560 7
2557 5510 2810 5578 epistolae.

2139 5593 2161 5620 ο
2187 5579 2316 5634 lbid.
2353 5595 2496 5631 num.
2523 5580 2576 5634 9.
