4204 6192
285 303 448 379 1535

308 414 487 469 lantur
509 453 526 480 ,
555 422 611 470 et
644 415 841 473 scelera

310 485 549 550 Domine,
577 500 644 539 ne
677 500 760 540 me
788 481 964 554 perire
991 483 1213 553 patiaris
1232 523 1245 545 ,
1276 497 1454 554 neme
1477 483 1623 554 sinas
1653 481 1865 554 aeternis

309 554 544 623 tenebris
571 564 627 608 et
646 550 899 623 perpetua
928 550 1100 623 morte
1124 551 1384 623 consumi.
1420 550 1584 603 Aufer
1628 566 1658 603 a
1703 551 1868 623 corde

309 637 430 678 meo
455 619 986 678 alienatum'sensum.
1005 621 1143 675 Cura
1174 620 1225 673 in
1251 635 1334 672 me
1356 630 1624 687 stuporem
1650 619 1864 678 mentis,

307 692 544 760 exstirpa
571 693 636 747 de
654 693 951 747 visceribus
974 691 1106 745 meis
1128 689 1356 760 consilia,
1372 688 1686 756 iniquitatis,
1704 687 1866 760 erade

311 773 342 830 ῃ
362 755 539 830 lingua
563 777 678 814 mea
705 761 1017 816 detrahendi
1049 755 1488 814 consuetudinem
1512 797 1526 818 ,
1575 755 1867 810 mentiendi

310 827 686 893 fallaéitatem,
738 829 1154 891 scurrilitatem,
1226 837 1282 881 et
1351 841 1540 880 omnes
1598 835 1866 879 actusva-

310 899 496 953 uitatis
535 913 667 952 mea:
687 910 804 952 arte
831 899 1103 951 medicinrc
1133 908 1234 950 tuze
1259 910 1409 958 sana,
1440 903 1492 948 et
1544 894 1867 948 circumcide

308 966 363 1020 in
437 982 522 1022 me
586 967 713 1022 vitia
780 967 959 1022 cordis
999 976 1054 1035 et
1099 966 1356 1035 corporis.
1419 962 1818 1035 Miserere-mei
1849 1000 1864 1024 ,

310 1035 488 1100 Deus,
542 1037 668 1104 quia
705 1048 757 1089 tu
795 1035 945 1104 nosti,
999 1034 1136 1087 facta
1193 1031 1343 1096 inea,
1367 1040 1454 1104 [tu
1494 1031 1870 1104 transgressio-

309 1118 409 1174 nes
446 1101 627 1174 meas,
652 1105 743 1174 qui
767 1105 814 1160 si
851 1106 904 1174 in
928 1102 1132 1171 judicio
1157 1103 1403 1174 persequi
1427 1116 1506 1174 _ac
1542 1101 1734 1174 punire
1776 1114 1868 1174 vo-

313 1173 522 1236 luisses,
548 1167 782 1228 olim'me
812 1167 990 1226 vivum
1021 1167 1175 1226 terra'
1195 1167 1560 1226 absorbuisset
1581 1187 1594 1221 :
1626 1169 1719 1222 sed
1745 1167 1870 1235 quia

315 1237 458 1296 lania
472 1253 554 1297 est
574 1243 854 1297 clementia
878 1249 985 1304 tua,
999 1249 1058 1294 ut
1074 1241 1278 1293 nullum
1303 1239 1396 1292 tibi
1419 1238 1595 1307 perire
1617 1237 1864 1307 patiaris;

312 1313 406 1366 sed
447 1328 632 1366 omnes
654 1321 932 1380 exspectas
957 1311 1022 1363 ad
1065 1309 1388 1380 pmniteutia:
1421 1306 1621 1380 locum
1648 1306 1867 1380 reverti.

317 1380 416 1447 Qui
443 1397 569 1450 ergo
591 1382 687 1434 das
710 1375 933 1448 spatium
957 1375 1267 1450 puuiiten-ii,
1287 1379 1361 1429 dae
1381 1384 1434 1450 et
1462 1375 1872 1450 possibilitatem

309 1444 597 1518 operan'di,
630 1459 690 1503 ut
723 1444 826 1503 non
865 1444 1083 1518 sithoc
1114 1459 1358 1518 vacuum
1404 1444 1742 1518 indulgentiae
1767 1451 1873 1518 tuze

311 1513 554 1588 tempus,
593 1521 732 1588 quod
761 1517 1121 1588 nobis_largiri
1149 1530 1244 1585 pro
1282 1524 1368 1569 tua
1391 1513 1586 1588 pietate
1615 1513 1868 1582 digneris.

314 1584 567 1642 Miserere
595 1584 717 1649 mei,
761 1587 897 1640 Deus
922 1584 1159 1648 Domine,
1189 1600 1255 1638 ne
1280 1599 1364 1637 me
1387 1584 1875 1652 despicias,_ncque

312 1665 528 1711 avertas
565 1656 752 1710 faciem
781 1665 924 1708 tuam
953 1670 982 1707 a
1015 1669 1119 1717 me,
1143 1654 1233 1721 qui
1271 1668 1372 1706 non
1402 1650 1498 1721 pro
1519 1650 1728 1722 iustitia
1757 1666 1874 1722 mea

311 1737 438 1797 peto
469 1725 900 1797 misericordiam
919 1732 1092 1797 tuam;
1132 1720 1228 1797 sed
1253 1720 1737 1797 proptermagnam
1762 1720 1870 1797 cle-

317 1790 571 1861 incutiam
592 1803 733 1848 tuam
764 1793 968 1861 respice
992 1793 1048 1845 in
1073 1807 1178 1855 me,
1197 1791 1436 1861 Domine,
1453 1791 1517 1844 de
1537 1801 1718 1861 saneza
1746 1790 1870 1861 sede

317 1860 614 1930 majestatis
641 1872 761 1922 tum.
793 1859 1126 1915 et‘teuebras
1155 1860 1335 1930 cordis
1364 1861 1468 1913 mei
1495 1860 1643 1913 radio
1687 1859 1866 1930 splett-

310 1925 460 1986 doris
489 1934 561 1985 tui
591 1933 848 1985 illumina.
877 1931 1102 1993 Protcge
1129 1945 1231 1993 me,
1267 1929 1508 1992 Domine,
1543 1939 1693 1982 scuto
1720 1925 1873 1980 iveri-

319 1971 460 2055 ἶὲἱίξ
489 1971 898 2062 ῑῖἇέῖἷιλὶέῖῗιὶ
913 1971 1231 2052 εἶὲἲῑιῖιιὶόἥ
1242 1971 1754 2067 ιεῖἔιίὶῖὶξὶιῆῖι“ἶιῖ›η’
1769 1971 1872 2067 ἱέ-

317 2078 564 2131 uetrent;
601 2069 854 2138 quidquid
888 2069 1031 2122 enim
1083 2067 1212 2120 illud
1259 2075 1342 2138 est
1393 2065 1534 2135 quod
1589 2065 1874 2120 infelicitas

316 2154 435 2194 mea
457 2139 524 2192 de
552 2147 603 2192 te
624 2137 815 2206 petere
867 2144 960 2190 aut
1005 2151 1108 2189 non
1135 2137 1368 2204 accipit,
1414 2144 1506 2188 aut
1543 2151 1646 2189 non
1676 2150 1874 2206 pnesu-

318 2210 436 2271 mit,
461 2215 554 2260 aut
578 2205 682 2262 nan
705 2207 875 2276 sapit;
907 2207 1009 2260 hoc
1034 2213 1088 2259 tu
1113 2221 1209 2274 per
1233 2207 1486 2259 virtutem
1509 2214 1654 2276 tuam
1677 2205 1873 2276 tribue,

311 2287 402 2354 et_
426 2292 523 2346 per
573 2273 906 2354 maiestatem
940 2285 994 2329 et
1029 2273 1283 2354 pietatem
1331 2283 1480 2354 tuam
1509 2274 1707 2354 largire
1731 2273 1876 2354 quod

227 2353 232 2356 ’
317 2343 552 2408 animam
582 2347 752 2400 salvet
778 2361 807 2398 a
847 2343 1056 2408 morte’;
1114 2352 1168 2398 et
1213 2343 1431 2398 exeunti
1476 2343 1608 2396 mihi
1653 2343 1721 2396 de
1777 2344 1878 2396 hoc

316 2417 457 2470 chao
484 2403 853 2469 'tenebrarum
894 2403 1109 2466 manum
1139 2413 1383 2482 porrigas
1407 2421 1462 2465 et
1487 2412 1666 2465 lumen
1690 2419 1877 2482 osten-

316 2486 430 2538 das.
466 2483 718 2539 Miserere
747 2483 871 2546 mei,
905 2483 1047 2537 Deus
1089 2478 1330 2545 Domine,
1355 2482 1622 2550 reintegra
1661 2478 1877 2550 confra-

317 2563 482 2618 ctum,
514 2568 643 2606 sana
670 2561 1012 2620 corruptum,
1058 2551 1291 2605 emunda
1319 2549 1593 2612 vitiatum,
1625 2557 1687 2620 et
1707 2549 1880 2603 indul~

316 2623 556 2702 gc_quod
586 2621 712 2686 feci,
742 2631 796 2702 et
825 2618 928 2675 hoc
949 2631 1148 2702 praesta
1173 2629 1240 2702 ut
1269 2620 1500 2702 amplius
1531 2634 1636 2672 non
1665 2618 1878 2702 iaciam,

315 2687 569 2744 Salvator
602 2691 823 2749 mundi,
873 2687 968 2756 qui
999 2705 1124 2743 cum
1173 2687 1373 2752 Patre,
1425 2698 1480 2743 et
1515 2703 1638 2741 cum
1673 2687 1881 2755 Spiritu

317 2769 510 2882 faueto
544 2760 676 2882 Xvis
706 2766 759 2812 et
786 2773 976 2827 regnas
1004 2757 1144 2812 Deus
1170 2773 1267 2826 per
1294 2759 1475 2811 omnia
1497 2757 1692 2812 saecula
1717 2771 1886 2810 saecu-

344 2845 518 2882 orum.
595 2845 735 2882 men.
1355 2874 1364 2882 ,

344 2845 518 2885 orum.
546 2845 735 2882 AlllCII.

490 2945 680 3016 Incipit
711 2946 884 3000 oratio
907 2946 1041 3000 beati
1074 2935 1378 3014 Hieronymi
1409 2941 1705 3012 presbyteri.

393 3034 545 3089 Mane
573 3050 694 3089 cum
723 3050 1006 3089 surrexero
1034 3035 1251 3090 intende
1279 3035 1344 3089 ad
1376 3049 1462 3086 me
1482 3074 1496 3096 ,
1540 3033 1763 3087 Domine
1783 3071 1803 3096 ,
1835 3039 1890 3085 et

316 3105 557 3178 guberna
583 3120 770 3158 omnes
795 3116 948 3159 actus
974 3119 1150 3178 meos,
1178 3114 1232 3157 et
1260 3104 1429 3178 verba
1451 3118 1566 3156 mea
1585 3142 1604 3178 ἢ,
1638 3113 1692 3155 et
1739 3102 1886 3170 cogi:

319 3171 556 3230 iatidnes
583 3189 750 3238 meas,
779 3183 838 3227 ut
874 3182 1044 3226 totum
1084 3174 1226 3226 diem
1264 3173 1556 3240 transigam
1582 3171 1635 3224 in
1668 3180 1756 3223 tua
1790 3185 1882 3240 vo-

323 3242 530 3299 luntate
562 3261 574 3296 :
607 3243 744 3296 dona
769 3243 919 3307 mihi,
942 3243 1166 3296 Domine
1188 3283 1212 3307 ,I.
1233 3239 1481 3296 timorem
1509 3249 1674 3302 tuum,
1707 3239 1884 3296 cordis

319 3313 790 3380 compunctionem
817 3352 834 3376 ,
877 3312 1074 3367 mentis
1118 3311 1472 3380 hty'militatem
1495 3350 1509 3374 ,
1543 3307 1886 3380 conscientim

403 3368 634 3445 riiatem,
682 3391 743 3435 ut
770 3368 967 3436 terram
991 3368 1280 3450 despiciam
1306 3421 1321 3446 ,
1350 3368 1545 3450 caelum
1576 3378 1831 3450 aspiciam
1865 3417 1882 3441 ,

350 3453 596 3526 nfernum
626 3451 862 3526 timeant,
892 3447 1334 3526 peccata/adiam,
1353 3449 1617 3526 justitiam
1645 3447 1882 3525 diligam.

324 3520 594 3576 Ahscinde
623 3534 658 3587 a
681 3533 794 3583 me,
823 3519 1074 3583 Domine,
1101 3519 1238 3587 gula:
1275 3519 1592 3587 appetitum,
1628 3519 1884 3584 eoncupi-
1950 3533 1952 3535 ’

325 3589 589 3645 scentiam
636 3586 1038 3651 fornicationis,
1090 3585 1330 3641 amorem
1352 3585 1592 3654 pecunia:
1613 3625 1628 3648 ,
1679 3593 1886 3653 pestem

327 3657 636 3720 iracundiae,
658 3657 922 3726 justitiam
948 3657 1146 3721 sinenti,
1174 3655 1368 3726 mentis
1385 3655 1672 3726 accidiam,
1692 3664 1886 3726 van_am

329 3728 603 3796 ltetitiam,
635 3722 971 3796 tyrannidem
1014 3725 1293 3796 superbim.
1340 3724 1526 3796 Planta
1555 3724 1608 3796 in
1642 3737 1749 3786 me,
1779 3722 1884 3796 Do-

331 3796 496 3860 mine,
527 3792 782 3866 virtntem
811 3792 1166 3866 abstinentiae,
1197 3803 1252 3849 et
1277 3794 1658 3866 continentiam
1687 3792 1885 3857 carnis,

332 3875 391 3920 et
437 3863 742 3919 castitatem
789 3865 1025 3929 mentis,
1075 3863 1428 3918 voluntariam
1471 3870 1836 3932 paupertatem
1871 3903 1886 3926 ,

328 3949 518 3988 veram
548 3933 884 4001 patientiam,
916 3934 1155 3987 laetitiam
1187 3933 1505 4003 spiritalem,
1533 3932 1710 4003 animi
1724 3933 1890 3986 stabi-

331 4000 562 4064 litatem,
578 4003 1161 4064 eordiscontritionem,
1176 4000 1532 4056 humilitatem
1554 4016 1661 4055 non
1683 4000 1885 4063 fictam,

331 4071 632 4126 fraternam
663 4069 998 4123 charitatem.
1049 4071 1267 4125 Custodi
1317 4086 1378 4124 os
1405 4085 1584 4138 meum
1613 4085 1680 4123 ne
1704 4069 1891 4138 loquar

333 4155 496 4203 vana,
520 4155 587 4193 ne
616 4139 824 4191 fabuler
845 4137 1141 4203 saecularia,
1171 4155 1238 4193 ne
1259 4138 1536 4194 detraham
1560 4137 1887 4201 absentibus,

333 4225 406 4265 ne
437 4208 751 4262 maledicam
787 4209 1136 4276 praesentibus
1166 4247 1180 4270 ,
1228 4221 1294 4262 ne
1342 4207 1688 4276 respondeam
1725 4207 1892 4259 male-

337 4279 540 4342 dictum
572 4291 668 4347 pro
698 4276 1022 4347 maledicto;
1061 4277 1154 4330 sed
1189 4289 1220 4330 e
1255 4277 1531 4347 contrario
1580 4276 1888 4347 benedicam

336 4344 622 4416 Dominum
651 4347 703 4400 in
728 4346 1154 4416 omnitempure,
1191 4360 1401 4416 semper
1440 4345 1559 4399 laus
1585 4344 1700 4416 ejus
1722 4345 1775 4399 in
1797 4360 1892 4416 ore

1273 297 1612 354 APPENDIX
1646 295 1734 351 IV.
1775 326 1842 335 —
1881 292 2217 350 LIBELLUS
2255 291 2551 347 PRECUM.

3391 296 3522 352 1586

880 413 1181 496 ρτιίὶιίὶιιιιι..
1202 413 1455 468 Miserere
1499 413 1601 494 mei
1635 452 1649 476 ,
1703 411 1860 492 Deus.
1895 423 1939 479 Α
1968 417 2022 463 et
2046 408 2304 462 veritatis.
2329 408 2575 496 Custodi,
2625 406 2865 496 Domine,
2892 407 3240 488 cogitationes
3274 420 3482 465 nostras
3510 453 3524 474 .

1968 493 2262 542 sermones,
2293 487 2349 548 et
2377 491 2560 545 opera,
2609 485 2666 528 ut
2714 476 2977 543 possimus
3019 478 3072 530 in
3107 489 3402 548 conspectu
3436 490 3528 534 tuo

1942 549 2222 616 perficere
2248 546 2572 600 voluntatem
2627 555 2770 600 tuam
2797 585 2810 606 ,
2863 555 2914 598 et
2941 546 3216 616 ambulare
3242 546 3294 600 in
3324 550 3406 600 via
3437 558 3526 602 tua

1967 615 2078 670 toto
2106 625 2346 684 tempore
2370 616 2496 668 [\‘itzt‘
2535 623 2734 668 nostrae
2763 653 2776 676 ,
2818 628 2913 680 per
2957 615 3366 684 liedemptorem
3415 620 3529 672 ani-

1966 701 2173 756 marum
2194 683 2506 756 nostrarum
2537 683 2817 736 Dominum
2847 691 3106 746 nostrum,
3139 683 3222 738 eui
3247 694 3332 739 est
3357 686 3527 756 gloria

1968 753 2020 806 in
2049 754 2240 808 srecuia
2267 753 2602 809 seculorum.

2317 839 2501 894 Oratio
2524 841 2692 893 sancti
2716 838 2942 908 Ephrem
2971 841 3198 894 diaconi.

2036 919 2259 974 Domine
2306 919 2447 972 Deus
2473 927 2526 971 et
2561 917 2806 971 Salvator
2836 931 3005 980 meus,
3037 933 3204 987 quare
3255 933 3338 972 me
3375 919 3528 972 dere-

1967 989 2167 1058 liquisti
2189 989 2217 1058 2
2240 988 2498 1058 miserere
2533 988 2632 1039 mei
2664 1026 2677 1048 ,
2719 987 2968 1054 quoniam
3001 997 3054 1038 tu
3085 1002 3144 1040 es
3162 998 3382 1058 amator
3419 1004 3532 1040 om-

1953 1056 2114 1113 nium
2145 1056 2309 1112 solus.
2342 1057 2499 1110 Salva
2525 1072 2608 1109 me
2637 1065 2996 1124 peccatorum,
3011 1056 3262 1123 quoniam
3279 1065 3331 1110 tu
3345 1073 3403 1112 es
3417 1057 3533 1111 sine

1967 1123 2367 1198 peccatosolus.
2389 1125 2529 1198 Erue
2543 1123 2707 1178 mede
2730 1139 2883 1198 cauto
2899 1124 3239 1198 iniquitatem
3267 1139 3527 1198 mearum,

1967 1193 2029 1249 iit
2057 1211 2158 1248 non
2196 1193 2467 1263 inﬁgat-in
2494 1199 2772 1263 aeternum.
2799 1193 2992 1246 Libera
3021 1207 3104 1246 mc
3130 1194 3194 1248 de
3213 1209 3308 1248 ore
3329 1194 3532 1249 inimici

1969 1264 2073 1329 mei
2102 1277 2261 1318 :ccce
2289 1261 2429 1317 enim
2474 1271 2530 1314 ut
2575 1262 2658 1316 leo
2689 1264 2922 1332 rugiens.
2942 1263 3202 1332 devorare
3248 1277 3331 1316 me
3361 1265 3526 1332 cupit.

1969 1333 2155 1402 Excita
2182 1332 2472 1402 potentiam
2501 1341 2642 1383 tuam
2669 1339 2721 1384 et
2750 1329 2891 1402 veni,
2915 1335 2975 1386 ut
2996 1330 3202 1386 salvum
3236 1347 3318 1384 me
3346 1329 3530 1386 facias.

1971 1401 2168 1456 Emitte
2184 1397 2603 1470 'coruscationes
2647 1407 2796 1463 tuas,
2840 1397 3087 1470 diapergc
3116 1416 3328 1453 omnem
3359 1403 3532 1456 virtu-

1970 1479 2080 1526 tem
2111 1469 2331 1533 inimici,
2361 1479 2571 1522 amator
2595 1469 2868 1522 hominum
2895 1469 2935 1531 ,7
2958 1469 3342 1538 benignissime
3372 1471 3529 1526 Deus.

1971 1539 2176 1619 Adiuro
2205 1548 2256 1592 te
2285 1554 2380 1619 per
2409 1539 2783 1618 miserationes
2793 1539 3027 1618 .tuasonc'
3042 1553 3127 1590 mc
3147 1554 3268 1619 cum
3299 1540 3468 1592 haedis
3499 1555 3536 1594 a

1973 1609 2206 1663 sinistris
2226 1607 2332 1660 tuis
2362 1617 2566 1659 statuas
2605 1624 2729 1660 eum
2773 1608 2838 1660 iis
2865 1609 2954 1674 qui
2983 1616 3033 1659 te
3057 1607 3531 1662 exacerbaverunt.

1975 1678 2050 1732 Ne
2077 1677 2224 1731 dicas
2253 1677 2402 1738 mihi,
2454 1675 2641 1728 Nescio
2684 1686 2766 1738 te;
2816 1678 2907 1729 sed
2942 1677 3114 1729 tribue
3145 1677 3271 1730 mihi
3319 1688 3536 1746 propter

1899 1751 1944 1808 Β
1974 1747 2192 1801 multam
2238 1746 2658 1799 misericordiam
2694 1753 2874 1806 tuam,
2930 1746 3318 1798 indesineutcm
3359 1750 3535 1800 conatis

1973 1817 2432 1883 compunctiencin
2472 1823 2526 1866 et
2567 1813 2746 1866 ﬂ.-tum
2769 1855 2781 1876 ,
2811 1823 2864 1867 et
2891 1815 3168 1868 sanctitica
3195 1831 3299 1876 me,
3328 1825 3384 1868 ut
3409 1820 3534 1870 tiam

1978 1882 2230 1953 templum
2260 1885 2442 1953 gratim
2469 1892 2588 1936 tum.
2620 1884 2720 1948 Qui
2750 1883 2902 1936 vivis.
3128 1882 3130 1884 ’

1977 1961 2160 2016 Oratio
2191 1961 2324 2015 beati
2357 1959 2591 2030 Gregorii
2628 1963 2682 2014 in
2712 1977 2816 2031 qua
2848 1963 3182 2030 omnipotenti
3212 1961 3316 2019 Dco
3339 1963 3536 2017 debitas

2411 2031 2516 2098 agit
2545 2031 2834 2100 gratiarum
2863 2031 3110 2082 actiones.

2045 2111 2164 2164 Tibi
2196 2124 2294 2178 ago
2320 2109 2520 2169 laudes,
2548 2115 2601 2160 et
2623 2107 2826 2176 gratias
2853 2107 2947 2178 tibi
2982 2106 3178 2171 refero,
3207 2107 3346 2164 Deus
3389 2125 3541 2162 meus

1977 2176 2360 2235 misericoi'dia:
2405 2193 2557 2239 meai,
2616 2177 2704 2244 qui
2751 2191 2834 2247 me
2879 2176 2943 2228 ad
2978 2186 3133 2247 tuam
3181 2179 3536 2247 cognitionem

1976 2251 2290 2320 perducere,
2321 2257 2376 2298 et
2402 2247 2661 2320 per‘sacri
2686 2245 3022 2320 baptismatis
3048 2245 3381 2320 ablutionetn
3399 2248 3542 2320 inter

1976 2315 2282 2386 adoptionis
2313 2327 2414 2369 tum
2445 2316 2580 2368 ﬁlios
2608 2331 2896 2386 aggregare
2923 2315 3168 2386 dignatus
3197 2331 3274 2369 es.
3305 2317 3419 2368 Tibi
3445 2333 3543 2385 ago

1979 2383 2166 2441 laudes
2193 2394 2248 2439 et
2273 2387 2490 2455 gratias,
2537 2385 2628 2455 qui
2648 2383 2753 2438 ‘me
2780 2383 2846 2436 ab
2873 2383 3008 2455 ipsis
3034 2386 3350 2455 rudimentis
3373 2383 3542 2438 infan-

1979 2459 2066 2510 tiae
2091 2470 2258 2522 usque
2282 2453 2354 2506 ad
2379 2454 2516 2506 hanc
2547 2453 2731 2505 horam
2758 2467 2855 2522 per
2882 2453 3045 2522 multa
3071 2453 3387 2509 deﬂuentem
3414 2457 3538 2508 vitia

1983 2520 2256 2580 immen'sze
2304 2522 2558 2576 bonitatis
2598 2529 2701 2574 tua:
2730 2520 2984 2589 patientia
3023 2522 3087 2575 ad
3115 2525 3541 2578 emendationem

1983 2602 2280 2663 exspectas.
2315 2592 2389 2645 Te
2420 2592 2675 2663 lau_do,__ct
2705 2589 2964 2658 glorifico,
2990 2591 3080 2663 qui
3122 2602 3224 2663 me
3251 2593 3542 2660 szepissinm

1985 2666 2051 2719 de
2079 2660 2728 2724 multis.tribulationibus,
2758 2667 2812 2712 et
2837 2661 3120 2729 angustiis,
3148 2661 3544 2714 calamitatibus

1986 2743 2043 2788 et
2091 2732 2323 2792 miseriis
2364 2729 2604 2784 liberasti
2635 2769 2650 2792 ,
2685 2729 2776 2796 qui
2825 2744 2912 2781 me
2956 2729 3212 2790 hactenus
3239 2731 3303 2784 dc
3331 2733 3546 2785 aeternis

1989 2800 2379 2872 suppliciis,dc_
2391 2799 2633 2872 corporis
2655 2797 2811 2872 hujus
2831 2799 3158 2872 cruciatibus
3178 2801 3444 2854 exemisti.
3470 2801 3547 2854 'l‘e

1989 2868 2147 2925 laudo
2169 2868 2511 2950 etgloriiico,
2543 2868 2633 2936 qui
2663 2868 2791 2920 mihi
2820 2869 3129 2950 sospitatem
3161 2871 3544 2950 membrorum,

1993 2939 2434 3008 tranquillitatem
2466 2945 2788 3006 temporum.
2807 2947 2870 3008 et
2890 2939 3144 2991 honorem
3169 2979 3183 3001 ,
3221 2939 3467 2994 aﬂ'ectum
3495 2951 3550 2994 et

1994 3009 2312 3064 ebaritatem
2341 3045 2355 3070 ,
2393 3007 2438 3059 si
2473 3021 2591 3072 qua:
2615 3007 2776 3060 etiam
2804 3007 2856 3059 in
2889 3022 2972 3061 me
3010 3015 3136 3062 sunt
3163 3010 3299 3062 dona
3325 3024 3422 3072 pro
3449 3020 3550 3063 tu:e

1910 3104 1955 3166 ο
1988 3078 2207 3166 pietatis
2238 3076 2408 3154 gratia
2435 3074 2681 3166 cotiferre
2707 3074 3059 3166 dignatuses.
3089 3074 3548 3166 ῼιιειιεοηυοηιὶιιε

1988 3144 2147 3210 Deus,
2179 3144 2602 3200 inaestimabilem
2635 3144 2917 3198 suavitatis
2953 3153 3056 3198 ture
3078 3147 3459 3210 clementiam,
3493 3159 3550 3200 ut

1986 3218 2234 3271 inchoata
2265 3217 2316 3268 in
2345 3230 2429 3268 me
2460 3212 2600 3266 bona
2637 3212 2884 3282 perficias
2908 3254 2922 3276 ,
2960 3213 3214 3282 quidquid
3251 3217 3302 3268 in
3345 3231 3429 3269 me
3455 3217 3548 3270 tibi

1985 3287 2232 3355 displicet
2281 3283 2606 3355 repellas,_a
2635 3297 2665 3355 c
2704 3283 2842 3336 nctis
2871 3299 2956 3355 me
2982 3299 3100 3355 qum
3129 3295 3416 3354 supersunt
3458 3286 3553 3338 tri-

1984 3353 2370 3417 bulationibus,
2405 3353 2774 3424 iniquitatibus
2803 3369 2865 3406 ac
2902 3353 3128 3407 diversis
3154 3353 3306 3408 malis
3329 3356 3548 3424 eripias,

1985 3440 2048 3479 co
2091 3426 2341 3479 itationes
2368 3437 2534 3485 meas,
2562 3421 2862 3475 locutiones
2885 3423 3086 3489 pariter
3112 3431 3167 3476 ct
3196 3431 3348 3478 actus
3377 3421 3428 3477 in
3460 3435 3549 3478 tua

1985 3442 2262 3547 voiuntate
2301 3493 2522 3547 dirigas.
2553 3499 2608 3547 et
2636 3505 2702 3544 ne
2728 3491 2941 3545 auferas
2981 3491 3214 3544 animum
3265 3507 3438 3546 meam
3483 3493 3549 3546 de

1985 3491 2262 3547 voluntate
2301 3493 2522 3561 dirigas,
2553 3499 2702 3554 etne
2728 3491 2941 3545 auferas
2981 3491 3214 3561 animum
3255 3507 3438 3561 meam
3483 3493 3553 3546 de

1987 3563 2089 3617 hoc
2111 3562 2310 3616 mundo
2332 3560 2641 3630 priusquam
2668 3561 2952 3613 emendare
2987 3560 3218 3613 studeat.
3251 3560 3307 3613 ln
3329 3570 3423 3614 tua
3453 3577 3549 3614 vo-

1983 3630 2191 3686 luntate
2240 3629 2391 3699 inter
2427 3629 2652 3682 adversa
2704 3642 2792 3699 ine
2829 3636 2884 3681 et
2924 3643 3178 3699 prospera
3222 3630 3551 3699 gradientem

1984 3715 2201 3769 semper
2226 3707 2281 3754 et
2309 3698 2503 3769 ubique
2533 3696 2802 3769 custodias
2823 3735 2841 3760 ,
2881 3706 2941 3750 et.
2963 3697 3029 3769 ad
3065 3707 3169 3750 tuae
3198 3696 3283 3752 uie
3325 3699 3548 3754 visionis

1987 3764 2290 3825 desiderata
2317 3764 2506 3838 gaudia
2539 3764 2859 3834 quandoque
2896 3766 3182 3834 perducas.

1967 3858 2174 3914 'Oratio
2209 3856 2377 3912 sancti
2413 3853 2667 3909 Ambrosii
2700 3854 2754 3907 in
2784 3870 2895 3924 qua
2923 3871 3017 3923 pro
3064 3856 3174 3909 suis
3203 3859 3426 3924 peccatis
3474 3873 3555 3910 re-

2557 3925 2698 3977 nians
2723 3921 2971 3992 postulat.

2060 4005 2341 4060 Miserator
2370 4010 2424 4058 et
2451 3991 2760 4056 misericors
2782 4042 2796 4065 ,
2821 4002 3033 4065 patiens
3061 4009 3112 4056 et
3141 4002 3363 4056 multum
3397 3991 3554 4062 mise—

1991 4077 2181 4137 ricors,
2208 4086 2401 4141 magne
2432 4079 2487 4125 et
2524 4071 2782 4141 terribilis
2818 4071 2978 4141 Deus,
3009 4072 3103 4125 tibi
3134 4071 3392 4141 confiteor
3432 4087 3557 4140 pec-

1990 4152 2280 4204 catamea,
2304 4139 2538 4194 crimina
2570 4153 2711 4203 mea,
2752 4139 2988 4193 facinora
3040 4155 3176 4202 mea,
3220 4139 3410 4193 delicta
3434 4139 3554 4195 mea

1991 4210 2086 4264 tibi
2115 4211 2400 4278 patefacio,
2426 4208 2649 4261 vulnera
2678 4221 2826 4278 mea,
2842 4208 3044 4278 scelera
3069 4223 3204 4261 mea.
3230 4207 3308 4278 Tu
3330 4218 3553 4278 propter

1992 4277 2316 4334 inell'alilem
2357 4277 2649 4334 bonitatem
2678 4276 2826 4328 tuam
2852 4275 3040 4330 confer
3063 4277 3191 4330 mihi
3220 4275 3556 4332 misero—me-

1993 4343 2247 4404 dicinam.
2297 4348 2376 4401 Tu
2423 4346 2568 4401 enim
2615 4344 2902 4416 mitissime
2932 4345 3180 4416 dignatus
3229 4360 3290 4398 es
3333 4345 3551 4400 dicere:

337 4429 480 4470 meo.
508 4415 746 4497 Custodi
771 4414 952 4470 oculos
980 4413 1128 4470 meos
1145 4430 1236 4497 ne.
1251 4413 1465 4497 videant
1507 4413 1782 4496 mulierem
1826 4414 1903 4495 ad.
1926 4431 1972 4490 ο
1999 4418 2142 4497 hieto
2161 4428 2383 4497 mortem
2407 4413 2691 4496 peccatoris
2709 4455 2723 4478 ,
2753 4415 2842 4469 sed
2869 4425 2926 4469 ut
2951 4413 3278 4497 conputatur
3320 4425 3368 4468 et
3398 4418 3552 4476 vivat.

335 4485 816 4552 concupiscendam
842 4499 961 4538 eam
991 4524 1007 4548 ,
1034 4499 1100 4538 ne
1127 4483 1431 4540 desiderent
1461 4498 1575 4538 rem
1617 4483 1846 4552 proximi
1874 4523 1889 4546 ,

339 4566 440 4622 nec
468 4551 876 4622 deliciashujus
903 4554 1112 4618 saeculi;
1153 4554 1262 4610 ‘sed
1310 4553 1485 4610 dicam
1533 4551 1654 4606 cum
1702 4553 1893 4622 spiritu

339 4620 511 4675 David
539 4641 550 4674 :
579 4621 729 4691 Oculi
751 4621 849 4691 mei
870 4637 1069 4691 semper
1091 4621 1478 4691 ad,Domiuum,
1503 4630 1558 4676 et
1579 4620 1800 4691 reliqua.
1830 4622 1898 4676 Et

341 4691 572 4770 interula}
596 4690 675 4742 Ad
697 4699 742 4742 te
768 4690 927 4741 levavi
949 4689 1305 4770 oeulos.tueos,
1325 4691 1422 4770 qui
1443 4690 1648 4770 habitas
1667 4689 1720 4744 in
1747 4691 1890 4770 caelo.

341 4759 560 4813 Custodi
592 4773 750 4812 aures
783 4772 930 4811 meas
958 4773 1023 4812 ne
1062 4751 1299 4823 audiant,
1323 4751 1560 4828 linguam
1611 4761 1896 4815 detrahen—

344 4839 476 4890 tem,
505 4843 572 4880 ne
599 4828 819 4880 audiant
845 4828 1179 4894 mendacium
1199 4867 1212 4890 ,
1240 4843 1355 4888 nec.
1372 4827 1591 4882 verbum
1617 4831 1850 4884 otiosum
1878 4845 1892 4893 ;

342 4897 442 4964 sed
469 4895 802 4964 apertresint
827 4897 1062 4963 quotidie
1086 4898 1151 4950 ad
1192 4895 1506 4964 audiendum
1537 4897 1756 4952 verbum
1779 4899 1890 4953 Dei.

343 4963 567 5018 Custodi
595 4963 757 5030 pedes
786 4974 933 5016 meos
970 4980 1036 5017 ne
1064 4966 1394 5022 circumeant
1429 4963 1615 5018 domos
1648 4967 1846 5021 otiosas
1879 4985 1890 5020 :

347 5033 444 5087 sed
472 5040 616 5086 stent
635 5032 687 5084 in
711 5033 952 5086 oratione
979 5033 1072 5087 Dei
1098 5035 1323 5089 ﬁrmiter
1343 5033 1658 5088 immobiles.
1675 5035 1895 5090 Custodi

349 5116 546 5156 manus
569 5115 718 5172 meas
739 5115 806 5172 ne
825 5100 1165 5172 porrigantur
1190 5118 1330 5172 szepe
1350 5102 1421 5172 ad
1445 5103 1753 5172 accipienda
1781 5120 1894 5158 mu-

348 5183 500 5234 nera,
529 5170 622 5224 sed
649 5170 823 5239 potius
845 5168 1121 5239 elevantur
1145 5168 1379 5238 quotidie
1411 5171 1466 5226 in
1505 5168 1757 5237 precibus
1796 5171 1899 5225 Do-

349 5241 486 5296 Inini
517 5237 733 5308 mundae
759 5245 996 5308 etpurte
1023 5237 1140 5290 sine
1163 5237 1262 5302 ira,
1289 5251 1342 5293 et
1362 5239 1778 5308 disceptatione,
1802 5251 1912 5308 quo

349 5310 559 5379 possim
580 5306 765 5360 dicere
782 5306 930 5359 illum
947 5308 1316 5379 propheticum
1332 5305 1634 5365 sermonem
1652 5323 1664 5358 :
1674 5305 1912 5379 elevatio

352 5374 609 5447 inanuum
647 5385 884 5447 mearum
909 5374 1630 5447 sacriﬁciumvesperttnum.
1660 5377 1898 5447 Custodi,

352 5442 598 5524 Domine,
628 5441 831 5528 exitum
859 5451 1128 5528 nostrum,
1157 5441 1462 5528 qui‘in'tuo
1476 5447 1692 5526 nomine
1740 5446 1903 5528 prati.

351 5511 631 5573 ciscimur,
661 5516 715 5562 et
737 5509 955 5578 angelus
981 5520 1102 5567 tuus
1125 5509 1341 5568 sanctus
1363 5515 1598 5571 caelestis
1622 5509 1905 5570 comitetur

354 5582 654 5659 nobiscum,
687 5579 781 5659 qui
805 5580 973 5659 possit
1001 5581 1259 5659 deducere
1284 5598 1381 5638 nos
1414 5599 1581 5659 usque
1608 5584 1690 5659 .ad
1721 5585 1902 5659 locum

361 5651 708 5711 destinatum,
735 5655 788 5701 et
817 5649 1047 5716 dirigere
1089 5654 1248 5719 pedes
1276 5649 1563 5709 nostros'iti
1594 5655 1733 5709 viam
1759 5655 1906 5722 pacis

595 5741 865 5798 ΡΑτιιοι..
910 5739 1011 5800 Cl.

1997 4485 2285 4557 confiteor,
2313 4484 2495 4556 inique
2525 4484 2629 4554 egi,
2655 4499 2910 4605 perversa
2946 4493 3028 4538 est
3054 4486 3106 4540 in
3148 4494 3433 4554 conspectu
3465 4493 3556 4538 tuo

2000 4556 2082 4605 via
2109 4571 2250 4605 mea.
2275 4555 2445 4605 Lapsa
2476 4561 2558 4605 est
2582 4553 2635 4605 in
2685 4567 2838 4605 acum
2883 4553 3115 4605 miserim
3143 4555 3252 4605 vita
3280 4569 3418 4605 mea.
3453 4554 3556 4605 Ex-

2000 4553 2250 4624 viamea.
2275 4553 2445 4624 Lapsa
2476 4553 2635 4624 estin
2663 4553 2838 4624 lacum
2883 4553 3115 4624 miseria:
3143 4555 3252 4607 vita
3278 4553 3418 4624 inea.
3453 4554 3557 4608 Ex-

1998 4619 2196 4682 stincta
2224 4634 2307 4681 est
2331 4618 2705 4693 iniquitatibus
2733 4621 3076 4693 meis‘anima
3101 4638 3241 4693 mea.
3273 4620 3556 4693 Stupet-hia,

1996 4694 2180 4757 libido,
2211 4695 2314 4758 ira,
2345 4687 2699 4763 impatientia,
2719 4687 2950 4763 malitia,
2971 4689 3189 4763 invidia,
3211 4687 3367 4763 sttit);
3385 4691 3555 4763 ebrie—

2000 4772 2103 4828 tas,
2130 4757 2588 4832 concupiscentia,
2618 4759 2828 4832 rapina,
2857 4757 3552 4832 mendacitnnfperjurium,

1999 4827 2321 4895 scurrilitas;
2349 4827 2738 4900 stultiloquium
2765 4868 2780 4891 ,
2812 4828 3113 4900 ignorantia
3140 4867 3155 4891 ,
3187 4827 3507 4900 negligentia
3540 4870 3556 4891 ο

1999 4917 2092 4957 seu
2113 4909 2323 4965 cratera:
2341 4910 2524 4970 pestes
2553 4896 2866 4970 acciderunt
2895 4897 3126 4950 animam
3159 4896 3352 4970 meam.
3383 4896 3558 4962 Pollu-

2003 4981 2114 5025 tum
2143 4977 2227 5024 est
2253 4965 2554 5026 cor'rneum
2580 4974 2641 5036 et
2667 4965 2808 5020 labia
2854 4981 2974 5036 mea
2995 5005 3011 5029 ,
3056 4974 3110 5020 et
3156 4966 3303 5032 visus
3323 4979 3481 5036 meus
3506 4975 3562 5036 et

2000 5039 2232 5100 auditus,
2257 5045 2445 5105 gustus
2468 5074 2482 5095 ,
2525 5035 2800 5105 odoratus,
2840 5043 2894 5090 et
2927 5035 3143 5105 tactus,
3167 5044 3226 5088 et.
3244 5035 3477 5105 omnium
3499 5035 3562 5087 lis

2001 5102 2324 5178 cogitatione
2349 5145 2387 5178 ,_
2408 5102 2713 5178 locutione,
2746 5104 2859 5178 sive
2897 5103 3107 5178 actione
3139 5103 3380 5178 perditus
3405 5119 3556 5178 sum.

2002 5163 2215 5246 Qii'azso,
2237 5163 2468 5246 Domine
2502 5169 2665 5242 Deus,
2691 5163 3157 5246 cuius‘miseratio'
3175 5163 3564 5246 nullumfhabet

2004 5235 2163 5304 linem
2182 5235 2212 5307 ,⁷
2228 5235 2464 5312 attrahe
2494 5256 2578 5297 me
2596 5235 2811 5312 'pos‘tgt'e,
2826 5235 2966 5298 sicut
2993 5235 3257 5312 attraxisti
3276 5235 3562 5312 mulierem

2003 5311 2354 5385 peccatricem
2373 5353 2388 5374 ,
2410 5381 2423 5385 Δ
2441 5312 2579 5385 dona
2605 5307 2756 5385 'mihi
2795 5307 3271 5385 compunctionem.
3292 5309 3567 5385 mentiset

2005 5377 2266 5454 corporis,
2298 5389 2352 5437 et
2375 5377 2677 5435 uberrimos
2697 5377 3054 5454 lacrytna'rum
3090 5379 3281 5441 fontes,
3300 5377 3563 5454 _sicut.d_o-

2006 5444 2150 5508 nas'ti'
2177 5444 2260 5507 illi
2279 5466 2383 5518 non
2409 5463 2628 5506 cessare
2648 5444 2878 5519 osculari
2899 5449 3062 5517 pedes
3091 5459 3228 5512 tuos,
3272 5448 3445 5519 rigare
3489 5444 3566 5499 la~

1993 5521 2229 5592 .crymis,
2271 5513 2326 5574 et
2371 5512 2921 5592 extergere'capill‘is';
2960 5512 3197 5573 Concede
3231 5512 3357 5592 milii
3391 5523 3448 5568 ut
3475 5531 3561 5569 se-

2009 5587 2242 5646 cuhdum
2257 5589 2490 5658 magnitu
2503 5587 2673 5641 linem
2690 5587 3025 5658 iniquitatum
3044 5601 3279 5658 mearum
3295 5587 3362 5637 sit
3379 5599 3568 5658 magna

2012 5659 2226 5715 dilectio
2257 5654 2373 5713 mea
2409 5658 2460 5711 in
2489 5667 2558 5718 te,
2589 5663 2644 5708 ut
2675 5664 2891 5723 propter
2926 5656 3331 5709 iziimensitatcui
3362 5654 3572 5721 pietatis

3064 5745 3135 5800 Si
