4204 6194
385 241 515 296 ιιιοι

1284 250 1288 254 ‘
1361 237 1704 294 APPENDIX
1740 236 1824 291 IV.
1864 267 1935 278 --
1971 190 2303 295 ιιΒειὶυε
2337 239 2636 299 PRECUM.

3361 257 3403 327 χ
3447 246 3613 302 nos

378 367 547 425 quem
562 352 779 425 elevasti
818 353 1057 425 incurru
1090 351 1245 425 igneo
1273 363 1443 425 usque
1466 349 1534 425 ad
1554 348 1773 405 C(Blttm.
1803 348 1932 404 Oret
1960 356 2007 410 Α
2034 350 2284 425 serviam,
2304 359 2360 419 et
2380 351 2722 425 voluntatem
2736 358 2879 425 tuam
2899 341 3106 425 sincere
3128 353 3423 424 perﬁciam.
3451 355 3584 411 Par-

380 418 479 494 pro
498 437 584 477 me
610 421 817 478 Eliseus
834 418 1229 494 propheta,'qui
1254 418 1531 474 suscitavit
1547 432 1782 494 puerum_
1795 433 1933 494 mor-

381 488 530 548 tuum
555 500 674 561 post
701 488 1123 561 mortem'suam.
1153 488 1283 544 Oret
1301 502 1398 561 pro
1420 502 1507 561 me
1532 498 1750 561 sanctus
1764 488 1924 561 isaia.

306 570 309 571 '
378 563 464 617 cui
496 556 749 616 mundata
774 568 897 615 sunt
916 559 1054 614 labia
1084 559 1205 628 igne
1227 557 1454 628 cmlesti.
1478 556 1629 628 Adsit
1652 557 1782 628 mihi
1808 558 1936 611 bea-

379 639 467 686 tus
489 628 782 692 Jeremias,
808 645 967 699 quem
992 626 1343 699 sanctificasti
1360 666 1379 699 ._
1415 627 1636 681 Domine
1652 666 1667 690 ,
1694 627 1747 678 in
1778 635 1931 699 utero

379 701 571 770 matris
592 712 723 770 sum.
762 695 892 770 om
916 713 1013 770 pro
1032 712 1120 770 me
1140 695 1382 770 Egechiel
1395 703 1627 770 sanctus
1650 696 1928 765 propheta,

379 770 468 839 qui
492 766 495 767 ⁷
517 768 655 824 vidit
691 764 934 839 visiones"
964 766 1341 839 admirabiles.
1368 764 1671 839 ‘Precetur;
1693 780 1792 834 pro
1840 779 1926 839 me

380 833 579 895 electus
603 837 877 898 Danielac
895 833 1405 903 desiderabilisDei,
1426 835 1518 903 qui
1543 833 1707 889 solvit
1723 834 1929 903 somnia

378 908 549 981 regis,
590 916 651 963 et
692 902 1071 981 integpretatus
1097 913 1289 981 est,__ei.
1334 904 1417 957 bis
1448 902 1717 981 liberatus
1743 902 1930 981 estnde

378 972 499 1031 hc'u
528 977 762 1032 leonum.
796 972 1128 1031 subveniunt
1152 974 1282 1027 mihi
1313 980 1422 1027 tres
1442 974 1613 1041 pueri,
1638 986 1773 1041 quos
1798 972 1930 1026 libe-

376 1045 620 1101 rasti’ah
662 1046 804 1112 igne.
832 1046 901 1100 Et
941 1043 1532 1112 duodecim'proobeia:
1575 1044 1742 1106 Osee,
1786 1042 1925 1107 Joel,

375 1115 562 1179 Amos,
586 1111 803 1179 Abdias,
839 1114 1090 1173 Hahacnc
1113 1153 1128 1177 ,
1160 1111 1425 1173 Micbazas,
1460 1111 1639 1173 Jonas,
1681 1111 1887 1165 Nahum
1909 1152 1925 1176 ,

378 1181 696 1255 Sophonias,
729 1180 981 1255 Aggeus,
1019 1182 1325 1255 Zacharias,
1360 1181 1663 1255 galaebias,
1708 1181 1922 1255 Esdras:

377 1250 485 1308 llos
506 1268 691 1308 omnes
725 1250 914 1307 invoco
937 1254 991 1306 in
1022 1252 1277 1305 auxilium
1311 1251 1459 1304 mihi.
1502 1250 1769 1305 Assistant
1794 1250 1927 1305 mihi

375 1338 562 1377 omnes
600 1323 822 1384 apostoli
847 1320 1054 1376 Domini
1084 1320 1256 1375 nostri
1285 1318 1409 1374 Jesn
1439 1318 1849 1384 Cbristi,Pctrus
1871 1328 1927 1374 et

375 1392 599 1456 Paulus,
623 1388 865 1447 Andreas
884 1400 937 1455 et
960 1390 1192 1446 Joannes
1208 1430 1223 1451 ,
1250 1390 1354 1444 duo
1375 1388 1579 1453 Jacobi,
1615 1398 1671 1443 et
1702 1388 1925 1444 Bartho-

373 1458 875 1523 lomeus‘,‘Thomas
934 1468 989 1516 et
1032 1458 1348 1526 Mattbmus,
1409 1458 1678 1512 Barnabas
1711 1466 1768 1512 et
1813 1457 1924 1511 Ma-

373 1533 537 1596 tbias,
558 1536 636 1598 .et
656 1545 844 1589 omnes
877 1538 1163 1600 martyres,
1199 1536 1260 1600 et
1282 1541 1469 1600 omnes
1501 1527 1927 1600 sancti_tui,_Do-

372 1602 536 1665 mine,
578 1596 911 1655 intercedant
945 1596 1042 1667 pro
1075 1613 1181 1653 me.
1232 1598 1445 1667 Depelle
1482 1612 1512 1651 a
1537 1612 1646 1661 me,
1679 1596 1923 1667 Domine,

371 1660 858 1739 concupiscentiam
902 1660 1071 1739 gntae,
1103 1675 1157 1721 et
1194 1667 1263 1739 da
1304 1660 1729 1739 niibi_vir_tutem
1753 1666 1918 1739 abstif

369 1733 586 1809 neptim.
616 1737 775 1809 Fuga
788 1752 818 1792 a
837 1733 928 1809 me
944 1734 1191 1809 Spiritum
1213 1733 1606 1809 fornicationis,
1625 1744 1683 1809 et
1695 1736 1766 1809 da
1787 1734 1920 1788 mihi

369 1807 620 1863 ardorem
646 1805 941 1869 castitatis,
973 1805 1032 1861 et
1059 1806 1336 1876 exstingue
1362 1807 1414 1861 in
1439 1820 1525 1876 me
1552 1805 1918 1876 cupiditatem,

369 1885 424 1933 et
451 1878 515 1930 da
537 1877 665 1932 mihi
693 1877 1045 1933 voluntariam
1071 1874 1457 1946 paupertatem.
1484 1874 1686 1946 Cohibe
1712 1874 1926 1927 iracun-
1973 1882 1976 1886 λ

370 1946 514 2000 diam
547 1961 742 2007 meam,
790 1954 843 2001 et
871 1944 1101 2000 accende
1122 1947 1174 1999 in
1203 1961 1286 1999 me
1319 1945 1537 1998 nimiam
1581 1944 1772 1998 anima:
1795 1957 1921 1997 sua-

367 2011 592 2069 vitatem
610 2023 665 2070 et
682 2016 996 2083 charitatem
1020 2015 1114 2068 Dei
1139 2023 1193 2068 et
1208 2015 1457 2083 proximi.
1485 2008 1751 2083 Subtrahe
1764 2028 1792 2065 a
1814 2027 1919 2075 me,

299 2093 309 2103 ’
370 2083 832 2148 Domine,s:cculi
871 2082 1026 2151 hujus
1061 2082 1406 2152 cupiditatem
1428 2123 1444 2147 ,
1470 2092 1525 2137 et
1552 2083 1617 2136 da
1653 2082 1784 2136 mihi
1809 2094 1922 2152 vo-

368 2153 650 2207 luntariam
686 2160 1071 2223 paupertatem.
1109 2151 1373 2223 Abscinle
1420 2168 1451 2206 a
1502 2166 1619 2223 me,
1667 2151 1921 2223 Domine,

358 2223 640 2293 tristitiam
673 2219 851 2277 surculi
876 2263 891 2286 ,
936 2231 993 2277 et
1032 2237 1167 2293 auge
1204 2222 1337 2276 mihi
1369 2222 1619 2293 gaudium
1656 2219 1917 2293 spiritale.

367 2292 588 2361 Expelle
600 2291 914 2361 iactantiam
940 2290 1133 2346 mentis
1161 2307 1313 2352 mete,
1330 2290 1397 2361 et
1420 2292 1594 2345 tribue
1620 2290 1748 2346 mihi
1771 2304 1920 2345 eom-

367 2360 706 2429 punctionem
737 2361 934 2415 cordis.
964 2362 1139 2415 Minue
1164 2360 1466 2430 superbiam
1494 2376 1687 2422 meam,
1716 2367 1766 2414 et
1794 2375 1921 2428 per-

368 2432 469 2486 tice
508 2431 559 2484 in
594 2444 680 2484 me
714 2430 1076 2500 humilitatem
1117 2444 1296 2484 veram
1326 2470 1340 2489 ,
1372 2430 1494 2499 quia
1534 2431 1782 2500 indignus
1821 2444 1922 2499 ego

368 2515 484 2553 sum
510 2498 785 2570 etrin‘l'elix
821 2502 1000 2564 homo,
1047 2500 1173 2570 quis
1207 2514 1293 2554 me
1320 2500 1569 2570 liberabit
1603 2498 1669 2553 de
1694 2498 1922 2570 corpore
1946 2528 1963 2533 ν

369 2571 560 2624 mortis
579 2567 763 2635 hujus,
798 2570 902 2625 uisi
927 2567 1093 2637 gratia
1121 2570 1327 2624 Domini
1350 2571 1515 2624 nostri
1543 2567 1919 2622 Jesquristi?

368 2639 491 2707 quia
512 2653 612 2708 ego
638 2648 890 2707 peccator
910 2655 1025 2694 sum
1044 2647 1098 2692 et
1118 2640 1522 2694 innumerabilia
1551 2638 1739 2692 delicta
1758 2652 1919 2708 mea,

366 2712 425 2792 et
446 2707 909 2792 non’sum‘di’gnus
927 2710 1106 2764 vocari
1136 2723 1324 2792 servus
1345 2718 1486 2762 tuus.
1517 2707 1727 2792 §tlscita
1753 2707 1805 2760 in
1834 2722 1918 2761 nte

367 2775 579 2841 ﬂetum,
612 2775 859 2833 mollitica
890 2793 983 2832 cor
1010 2793 1187 2833 meum
1221 2778 1411 2831 durum
1450 2786 1503 2830 ct
1534 2777 1798 2846 lapideum
1820 2816 1836 2840 ,
1867 2785 1920 2831 et

366 2848 600 2901 accende
628 2847 681 2901 in
706 2861 795 2902 me
813 2848 990 2913 ignem
1016 2846 1223 2902 timoris
1254 2855 1307 2899 et
1335 2847 1534 2900 amoris
1564 2847 1660 2908 tui,
1689 2847 1779 2913 qui
1801 2861 1920 2900 sum

365 2915 504 2970 cinis
522 2916 730 2981 mortis.
766 2915 958 2972 Libera
980 2919 1215 2972 animam
1243 2932 1416 2970 meam
1440 2917 1509 2970 ab
1548 2917 1796 2969 omnibus
1835 2917 1919 2970 in—

365 2986 519 3042 sidiis
539 2985 759 3049 inimici,
786 2996 840 3040 et
871 3001 1126 3041 conserva
1150 3003 1233 3041 me
1257 2987 1308 3040 in
1342 2996 1427 3040 tua
1459 2986 1749 3039 voluntate.
1776 2986 1917 3039 Doce

2031 434 2094 473 ce
2122 420 2274 485 mihi,
2302 421 2427 489 quia
2467 430 2574 494 tum
2602 421 2828 494 bonitati
2866 420 3328 487 conﬁteor—omnia
3360 436 3579 494 peccata

2027 503 2352 568 meaneoram
2380 491 2581 568 sanctis
2618 491 2818 568 angelis
2855 494 2992 568 tuis,
3026 502 3281 568 eteorum
3297 491 3461 568 iustis
3483 496 3581 551 ho-

2029 558 2292 630 minibus;
2316 559 2556 630 Domine,
2574 558 2830 617 miserere
2850 558 2985 627 mei,
3000 573 3058 617 ut
3080 568 3137 617 et
3154 558 3576 630 alios'erudiam,

2027 633 2083 705 et
2121 628 2193 705 ad
2220 629 2498 681 servitium
2527 638 2672 705 tuum
2697 638 2942 705 sanctum
2985 632 3293 701 perducam.
3334 628 3577 699 Domine,

2028 694 2236 772 vivilica
2268 712 2375 772 me,
2403 698 2728 772 et_conl'orta
2752 700 2812 772 in
2839 694 3110 772 voluntate
3138 710 3248 765 tua,
3293 710 3350 758 et
3399 694 3582 772 perae-1

2027 765 2321 837 verantiam
2361 765 2483 820 boni
2522 768 2702 837 operis
2726 768 2901 823 tribue
2926 771 3054 825 mihi
3073 812 3092 835 ,
3117 780 3171 826 et
3194 765 3456 827 cautela'm
3481 788 3580 827 ne-

2027 835 2318 901 cessariam
2344 844 2531 905 contra
2552 835 2747 892 omnes
2784 837 3007 895 insidias
3039 840 3262 905 inimici,
3294 841 3575 897 scientiam

2083 917 2238 983 goque
2260 910 2316 959 et
2340 902 2708 983 fortitudinem
2723 906 2848 983 eius
2869 902 3258 983 ten_tatio_nibu_s
3273 912 3576 967 resistendi.

2080 973 2277 1045 iserere
2304 973 2445 1035 mei,
2484 984 2539 1028 et
2564 973 2904 1041 exaudi’me,
2934 979 3170 1045 Domine
3217 981 3358 1035 Deus
3404 995 3583 1045 meus,

2032 1043 2123 1110 qui
2150 1042 2287 1097 vivis
2311 1050 2367 1097 et
2394 1058 2586 1113 regnas
2615 1045 2668 1099 in
2695 1046 2893 1101 saecula
2921 1042 3475 1105 saeculorum..Amen.

2474 1130 2583 1187 Pro
2604 1133 2804 1188 invidia
2832 1134 3121 1190 hominum.

2088 1221 2283 1278 Libera
2302 1239 2420 1301 nos,
2451 1222 2695 1301 Domine,
2726 1242 2765 1282 a-
2783 1227 2978 1301 latratu
3010 1229 3285 1285 hominum
3307 1232 3568 1301 pessimo-

2023 1308 2140 1346 rum
2163 1332 2178 1356 ,
2209 1302 2267 1348 ut
2302 1294 2636 1350 detrahentia
2665 1299 2958 1352 vomituum
2987 1315 3173 1355 eorum
3201 1294 3416 1356 cariosa
3445 1317 3577 1356 con-

2022 1362 2163 1440 t_:_Igia
2194 1372 2432 1417 nostram
2457 1379 2577 1440 quae
2601 1381 2630 1419 a
2661 1373 2719 1440 te
2743 1376 2829 1440 est
2856 1383 2967 1422 non
2999 1368 3240 1440 polluant
3264 1372 3574 1440 puritatem.

2021 1429 2103 1484 Te
2130 1429 2499 1509 deprecamur,
2525 1434 2645 1503 pius
2682 1429 3017 1509 dominator'
3038 1439 3200 1505 Deus,
3229 1429 3321 1509 qui
3348 1442 3484 1497 vivis
3525 1450 3580 1497 et

2021 1515 2214 1570 regnas
2238 1502 2292 1555 in
2321 1502 2518 1557 saecula
2540 1504 2873 1560 saeculorum.
2902 1504 3096 1562 Amen.

2528 1591 2713 1649 Oratio
2740 1596 3065 1667 quotidiana.

2089 1679 2459 1759 Omnipotens.
2476 1686 2799 1762 sempiterno
2829 1689 2990 1762 Dens,
3020 1698 3073 1744 te
3091 1689 3368 1762 humiliter
3393 1692 3580 1762 depre-

2018 1764 2206 1806 camur
2219 1763 2291 1828 nt_
2290 1769 2395 1808 non
2422 1757 2521 1828 nos
2542 1757 2819 1828 permittas
2839 1759 3019 1828 perire
3044 1760 3168 1828 quia
3194 1767 3300 1814 tua:
3316 1757 3579 1817 creatum:

2018 1835 2224 1900 sumus.
2251 1822 2497 1900 Concede
2520 1822 2672 1900 nobis
2693 1822 2922 1895 spatinm
2951 1822 3078 1900 vita;
3097 1829 3330 1900 vivendi,
3363 1840 3421 1885 ut
3453 1841 3578 1887 ante

2019 1889 2160 1944 diem
2189 1892 2364 1946 exitus
2397 1895 2566 1972 nostri
2595 1909 2694 1972 per
2721 1889 2903 1972 veram
2928 1896 3296 1968 paenitentiam
3318 1889 3434 1955 'tibi
3462 1901 3577 1972 pla-

2019 1974 2141 2014 cere
2168 1976 2486 2016 mereamur.
2515 1962 2620 2017 Per
2656 1962 2964 2026 Dominum.

2019 2051 2285 2122 Confessio
2305 2064 2353 2107 et
2392 2055 2556 2109 oratio
2589 2057 2762 2138 amicti
2799 2057 3075 2139 Augustini
3096 2059 3159 2113 de
3192 2059 3338 2114 libris
3368 2052 3573 2131 confes-

2219 2162 2223 2167 -
2293 2190 2307 2209 ί
2609 2143 2812 2180 sianum
2845 2144 2979 2198 ejus.

2088 2210 2384 2291 O__Domin_e
2414 2213 2560 2291 Jcsu,
2599 2218 2692 2286 qui
2716 2219 2965 2274 omnibus
2994 2227 3053 2291 te
3068 2235 3204 2290 puro
3222 2221 3383 2275 corde
3424 2236 3570 2291 qum-

2019 2283 2260 2364 rentibus
2290 2284 2585 2351 misereris,
2618 2283 2885 2364 quantum
2924 2283 3193 2364 spatiatus
3211 2307 3328 2364 sum
3361 2283 3573 2364 in_'tnca

2019 2358 2276 2426 memoria
2299 2369 2544 2426 quaerens
2579 2364 2630 2411 te
2654 2374 2667 2410 :
2691 2365 2746 2412 et
2779 2358 2904 2426 quia
2934 2360 3324 2415 nemo-alicubi
3353 2370 3403 2416 te
3430 2361 3577 2414 inve-
3634 2360 3637 2363 ’

1998 2420 2129 2485 ιιιίι,
2163 2422 2264 2476 nisi
2293 2420 2637 2480 miseratione
2665 2434 2756 2480 tua
2796 2420 3193 2484 demonstrante
3235 2430 3291 2484 in
3317 2431 3575 2484 memoria

2019 2504 2133 2543 sua.
2159 2490 2387 2565 Eamne:
2418 2508 2523 2565 quo
2552 2503 2605 2547 te
2628 2511 2764 2565 puro
2793 2497 2955 2551 corde
2979 2498 3139 2553 didici
3164 2514 3272 2553 non
3294 2514 3412 2557 sum
3439 2500 3577 2554 obli-

2022 2568 2104 2613 tus
2134 2561 2227 2614 tui.
2260 2560 2359 2616 Ubi
2389 2564 2532 2617 enim
2555 2560 2733 2620 inveni
2753 2566 3055 2630 veritatem,
3088 2567 3162 2623 ibi
3190 2575 3242 2624 te
3266 2568 3442 2623 inveni
3468 2570 3578 2625 Do-

2018 2645 2222 2705 minum
2248 2646 2443 2686 meum.
2464 2633 2655 2705 itaque
2681 2650 2749 2691 ex
2771 2650 2879 2705 quo
2903 2644 2955 2690 te
2976 2637 3156 2699 didici,
3178 2652 3363 2693 manes
3381 2639 3434 2692 in
3463 2654 3575 2693 me-

1986 2756 1989 2759 Α
2018 2699 2187 2771 moria
2217 2715 2355 2765 mea,
2380 2711 2437 2756 et
2460 2699 2582 2759 illic'
2594 2713 2646 2759 te
2679 2699 2891 2761 invenio
2914 2722 3035 2761 cum
3061 2708 3376 2771 reminiscor
3397 2708 3495 2771 tui,
3518 2717 3575 2763 et

2017 2767 2345 2841 delectarit:
2373 2780 2440 2825 te.
2483 2772 2576 2827 "il!
2615 2783 2739 2829 sunt
2772 2776 2914 2840 enim
2945 2767 3152 2830 sancte
3186 2777 3386 2832 delicite
3417 2767 3572 2841 metu,

2017 2849 2152 2919 quas
2178 2838 2366 2894 dedisti
2401 2838 2848 2919 in‘misericord‘i‘a
2879 2854 2998 2919 tua,
3027 2846 3323 2919 respiciens
3340 2838 3569 2919 pauper;

2018 2916 2185 2961 latent
2219 2923 2411 2989 meam.
2444 2910 2519 2979 Tu
2554 2913 2696 2967 enim
2724 2914 2915 2989 dedisti
2953 2910 3485 2989 hane-dignationem
3518 2917 3571 2989 in

2022 2985 2330 3057 memoriam
2349 2991 2627 3057 meam,_u_t
2642 2985 2925 3057 mancasin
2940 3000 3023 3039 ea.
3048 2985 3146 3041 Ubi
3160 2985 3287 3057 ergo
3307 2996 3358 3041 te
3372 2987 3573 3051 inveni,

366 3071 455 3128 me
476 3057 653 3128 facere
680 3047 1017 3128 voluntatem
1036 3066 1179 3109 tuam
1213 3073 1226 3108 :
1255 3056 1381 3128 quia
1408 3057 1547 3128 Deus
1578 3068 1812 3128 menses
1834 3066 1912 3117 tu,
1941 3054 1990 3117 ο
2018 3056 2076 3128 ll}
2094 3047 2365 3128 discerem
2384 3056 2465 3110 te.
2507 3052 2607 3106 nisi
2640 3053 2694 3107 in
2723 3060 2777 3128 te
2803 3053 2976 3128 etiam
3004 3069 3165 3122 supra
3205 3047 3472 3128 tne,_quia
3498 3047 3574 3128 es

366 3125 458 3195 tibi
502 3126 685 3181 honor.
709 3134 764 3179 et
797 3124 965 3195 gloria
1005 3124 1101 3194 per
1137 3126 1314 3179 omnia
1353 3125 1544 3179 szrcula
1579 3124 1913 3178 saeculorum.

361 3194 553 3250 Amen.

907 3259 1041 3318 Item
1066 3262 1172 3316 alia
1199 3263 1385 3316 oratio.

433 3351 665 3420 Christe,
702 3370 883 3424 parce,
924 3364 979 3409 et
1015 3353 1270 3416 miserere
1306 3352 1445 3419 .mci,
1492 3367 1594 3424 non
1626 3355 1916 3424 secundum

360 3424 553 3476 merita
585 3422 736 3489 mea,
770 3428 863 3479 sed
886 3424 1177 3479 secundum
1207 3437 1453 3492 magnam
1494 3422 1914 3479 miscricordiam

362 3499 531 3546 tuam.
562 3494 830 3563 Deprecor
846 3493 1135 3563 bonitatem
1164 3500 1341 3563 tuam,
1363 3492 1468 3545 noli
1493 3492 1767 3563 despicere
1792 3510 1916 3563 pec-

360 3570 614 3624 eatorcto,
637 3560 753 3617 noli
791 3578 877 3617 me
910 3561 1218 3631 reprobare,
1250 3560 1342 3614 sed
1370 3561 1578 3628 suscipe
1608 3577 1690 3614 me
1719 3560 1913 3617 secun—

360 3631 487 3684 dnm
518 3631 784 3701 eloquium
819 3642 968 3685 tuum
993 3631 1268 3701 etivivam,
1298 3639 1350 3683 et
1384 3644 1487 3701 non
1506 3632 1808 3701 confundas
1829 3648 1915 3688 me

361 3701 428 3755 ab
456 3699 852 3769 exspectatione
879 3716 1038 3770 mea.“
1058 3699 1310 3770 Miserere
1336 3699 1436 3752 mei
1457 3738 1472 3763 ,
1502 3700 1743 3764 Domine,
1787 3702 1911 3770 quia

356 3768 574 3840 peccavi
602 3772 715 3824 tibi.
744 3772 817 3825 Da
855 3771 981 3824 mihi
1017 3768 1213 3840 fontem
1240 3768 1615 3839 laerymarum,
1650 3770 1767 3824 fons
1793 3768 1915 3825 vita:

358 3839 411 3894 et
444 3841 532 3893 lux
556 3840 790 3896 luminis.
817 3840 1059 3896 Concede
1081 3839 1207 3893 mihi
1236 3840 1289 3892 in
1323 3840 1571 3908 pnescuti
1601 3841 1705 3894 vita
1730 3856 1912 3895 veram

357 3911 726 3978 paenitentiam
761 3913 826 3967 de
869 3912 1103 3979 peccatis
1132 3910 1294 3980 meis,
1320 3918 1381 3980 et
1411 3910 1464 3962 in
1497 3910 1636 3963 bono
1664 3927 1914 3980 perseve-

357 3980 605 4049 rantiam;
648 3981 911 4043 Domine,
963 3979 1155 4033 exaudi
1194 3979 1492 4049 oratiunem
1547 3979 1761 4049 meatu,
1820 3982 1912 4049 qui

355 4047 490 4101 vivis
516 4056 571 4101 et
606 4062 817 4119 regnas,
847 4050 1004 4111 Dens,
1033 4049 1085 4100 in
1115 4046 1306 4101 saecula
1332 4048 1666 4100 saeculorum.
1718 4046 1908 4104 Amen.

942 4138 969 4207 Ι
975 4148 1073 4192 tem
1107 4135 1311 4191 Oratio.

424 4228 703 4285 Miserator
725 4239 780 4284 et
814 4228 1119 4284 misericors
1143 4229 1312 4289 Deus,
1342 4226 1431 4295 qui
1457 4233 1512 4280 et
1540 4227 1797 4285 barbaros
1825 4230 1907 4285 vis

355 4300 586 4371 salvere,
610 4311 663 4371 et
689 4300 753 4371 ad
784 4302 1107 4371 agnitionem
1136 4296 1382 4371 veritatis
1406 4304 1512 4351 tua:
1536 4299 1738 4371 venire,
1764 4301 1829 4354 ad
1854 4309 1905 4355 te

354 4369 601 4439 confugio
630 4365 862 4423 ﬁdelium
901 4370 1245 4439 salvatorem.
1287 4365 1535 4439 Miserere
1578 4369 1738 4433 mihi,
1778 4371 1900 4438 quia

352 4449 407 4496 te
425 4439 710 4510 plurimum
731 4439 1062 4510 cxiaeerbavi,
1096 4446 1151 4493 et
1177 4438 1391 4493 inimico
1411 4439 1748 4510 consentiens
1774 4456 1901 4493 con-

390 4507 584 4565 andcre
620 4523 740 4562 eum
781 4507 881 4573 feci
906 4548 918 4571 ,
964 4510 1088 4577 quia
1123 4509 1176 4562 in
1207 4515 1431 4563 mortem
1459 4508 1664 4576 peccati
1702 4509 1894 4563 decidi.

400 4597 454 4644 ιι,
500 4579 738 4639 Domine,
781 4578 870 4646 qui
894 4585 947 4631 et
975 4578 1149 4644 impiis
1178 4586 1233 4632 et
1262 4577 1344 4631 his
1382 4577 1471 4645 qui
1501 4584 1622 4631 sunt
1655 4578 1769 4632 sine
1800 4579 1898 4631 mi-

350 4651 678 4726 sericordia,
708 4647 917 4726 miseris
952 4656 1007 4699 et
1035 4647 1293 4726 proximis
1325 4646 1744 4726 misericOrdiam
1789 4648 1895 4726 im-

268 4748 272 4753 -
349 4720 568 4787 pendis,
609 4719 867 4775 miserere
905 4715 1221 4787 humilitatis
1262 4731 1437 4787 meae:
1480 4719 1619 4787 apud
1648 4726 1697 4772 te
1728 4717 1891 4780 enim,

388 4735 568 4783 cuuis,
609 4735 867 4775 miserere
906 4735 1221 4785 nttmttttatts
1262 4735 1437 4769 mea):
1480 4735 1619 4787 apuo
1648 4735 1697 4772 te
1728 4735 1891 4780 enim,

349 4735 589 4854 Bonane,
643 4787 773 4843 nihil
810 4795 891 4842 est
933 4784 1273 4856 impossibile.
1320 4785 1426 4856 Fac
1471 4788 1891 4842 misericordiam

350 4856 599 4927 ﬁgmento
630 4868 740 4921 tuo,
766 4858 890 4927 quia
923 4853 1179 4927 benignus
1209 4862 1263 4909 et
1299 4853 1602 4927 misericors
1620 4874 1700 4921 es,
1730 4858 1820 4927 qui
1842 4864 1899 4912 et

347 4925 571 4995 corpora
608 4925 879 4980 hominum
914 4928 967 4980 in
1001 4925 1086 4981 die
1120 4925 1528 4995 resurrectionis
1554 4925 1901 4982 resuscitatu-

349 4993 544 5060 rns_es,
590 4995 782 5065 exaudi
822 5011 928 5061 me,
967 4998 1184 5051 Domine
1214 5037 1227 5059 ,
1278 4994 1408 5065 quia
1439 4993 1633 5048 defecit
1678 4998 1899 5065 spiritus

346 5082 527 5130 mens,
568 5079 622 5120 et
652 5063 831 5119 infelix
861 5067 1038 5119 anima
1075 5081 1221 5129 mea;
1263 5063 1578 5118 labefactant
1618 5063 1896 5121 est‘etiam

344 5152 541 5206 corpus
577 5151 751 5192 meum
775 5146 992 5203 propter
1019 5134 1405 5189 immunditiam
1428 5173 1442 5196 ,
1483 5144 1533 5187 ct
1566 5136 1695 5206 jam;
1715 5140 1897 5191 vivere

344 5203 457 5260 non
484 5223 599 5262 sum
622 5207 812 5276 dignus
844 5214 1058 5276 propter
1080 5206 1413 5275 iniquitatem
1445 5218 1636 5276 meam.
1677 5203 1896 5273 Ignosce

344 5277 496 5349 mihi,
530 5274 763 5349 Domine,
795 5274 1018 5349 poenitet
1047 5274 1262 5349 peccata
1288 5290 1425 5339 mea,
1456 5274 1662 5349 viviﬁca
1695 5289 1777 5327 me
1799 5277 1900 5349 mi-

343 5347 634 5401 sericordia
667 5355 776 5405 tua.
808 5355 863 5399 et
901 5344 1085 5399 tribue'
1112 5345 1239 5399 mihi
1264 5361 1359 5401 cor
1392 5345 1680 5399 contritum
1719 5354 1773 5397 et
1801 5345 1900 5399 hu-

342 5414 636 5479 miliatum,
677 5418 816 5485 quod
852 5431 955 5470 non
991 5414 1239 5481 despicis.
1282 5417 1355 5470 Da
1407 5414 1651 5470 ﬁduciam
1692 5415 1900 5468 miseri-

340 5485 976 5558 cordim'etindulgcntite
1000 5492 1120 5549 tum,
1145 5492 1202 5538 ut
1230 5486 1495 5541 residuum
1524 5494 1731 5555 tempus
1754 5487 1893 5548 vitae,

340 5555 478 5620 quod
511 5555 637 5608 mihi
682 5555 977 5618 donaveris,
1004 5563 1089 5608 tua
1130 5557 1377 5610 mandata
1421 5557 1749 5615 custodiam,
1783 5565 1835 5609 ct
1865 5574 1892 5608 a

341 5628 528 5681 timore
560 5633 647 5679 tuo
675 5643 945 5697 nunquam
966 5626 1205 5682 recedam
1239 5645 1251 5681 :
1276 5628 1366 5682 sed
1394 5636 1447 5682 ut
1475 5629 1662 5683 devote
1685 5626 1775 5683 tibi
1808 5628 1893 5680 de-

2016 3117 2214 3195 ubique
2241 3118 2429 3186 plenus
2457 3128 2618 3195 atque
2651 3122 2920 3195 periectas
2946 3117 3087 3195 Deus
3121 3117 3394 3195 mens.E't
3420 3127 3571 3194 quis-

2015 3193 2137 3255 quis
2166 3194 2217 3267 tc
2253 3202 2389 3267 puro
2422 3193 2583 3267 conte
2611 3193 2913 3260 quaesierit,
2948 3193 3450 3267 miscricordiatua
3491 3196 3573 3267 in—
3638 3201 3658 3220 ’-

2001 3270 2166 3331 scres
2189 3263 2242 3309 te
2266 3260 2320 3331 in
2361 3260 2673 3331 memoriam
2704 3263 2962 3331 quaerenti
3003 3272 3054 3318 te
3081 3280 3093 3315 :
3125 3272 3183 3317 ut
3215 3264 3284 3318 ibi
3332 3265 3573 3319 inveniat

2015 3334 2086 3379 te.
2125 3325 2204 3407 ’[ιι
2233 3327 2375 3381 enim
2420 3325 3015 3407 solus_‘es_vEritas,fet
3040 3333 3246 3407 _nbique
3280 3335 3569 3407 prmsidcs,

2014 3394 2369 3471 omnibusque
2383 3394 2802 3471 consulentibus
2828 3409 2877 3455 te
2898 3394 3056 3455 simul
3084 3394 3371 3471 respondes
3391 3394 3568 3458 omni;

2015 3466 2135 3541 lius,
2171 3465 2332 3541 etiam
2365 3467 2579 3541 diversa
2602 3470 3004 3541 consulentibus
3030 3465 3227 3539 liquide
3247 3482 3312 3532 tu
3347 3489 3569 3541 respon-

2014 3534 2109 3614 des
2149 3552 2162 3614 ς
2191 3534 2419 3614 seduno
2453 3536 2652 3614 liquide
2672 3540 2858 3593 omnes
2883 3548 3027 3593 tuam
3053 3534 3453 3614 responsionem
3476 3558 3569 3614 au-

2015 3601 2459 3678 dinnt.'pptimus
2484 3601 2727 3678 minister
2758 3617 2879 3662 tuus
2905 3618 3010 3671 est,
3035 3610 3125 3678 qui
3142 3601 3256 3664 'non
3282 3611 3453 3678 magis
3482 3612 3565 3664 in-

2015 3627 2185 3656 utlmt.
2213 3627 2459 3672 Uputlltls
2484 3627 2727 3663 mintswr
2758 3627 2879 3662 tuus
2905 3627 3010 3671 εει,
3035 3627 3125 3678 qut
3151 3627 3256 3664 non
3282 3627 3367 3665 ma
3410 3627 3453 3665 lS
3482 3628 3565 3664 ιιι-

2015 3681 2191 3754 tuetur
2213 3673 2314 3754 lioe
2341 3687 2370 3754 τι
2402 3683 2453 3727 te
2474 3676 2660 3754 audire
2679 3678 2819 3754 quod
2853 3679 2966 3747 ipse
2995 3627 3567 3754 carnaliternvoﬁterit,

2014 3742 2105 3822 sed
2138 3743 2312 3822 potius
2353 3744 2454 3822 hoc
2491 3744 2625 3799 velle
2657 3742 2798 3815 quod
2836 3742 2956 3822 a'te
2995 3749 3242 3822 audierit.
3276 3745 3393 3822 lien
3437 3750 3569 3804 mihi

2013 3814 2240 3891 misero!
2267 3814 2406 3882 quod
2419 3822 2529 3868 tam
2544 3830 2669 3891 sero
2688 3826 2737 3871 te
2760 3818 2955 3891 amavi,
2985 3818 3322 3891 pulchritudo
3341 3830 3449 3874 tam
3472 3836 3569 3872 an-

2013 3885 2162 3950 tiqua
2203 3891 2257 3937 et
2287 3894 2394 3937 tam
2421 3887 2589 3939 nova!
2627 3885 2705 3940 'l‘u
2740 3889 2883 3943 enim
2913 3885 3108 3944 ’sancta
3139 3890 3309 3950 gratia
3353 3899 3442 3945 tua
3482 3904 3568 3943 me

2011 3954 2235 4018 vocasti,
2262 3961 2319 4007 et
2345 3954 2530 4023 rupisti
2569 3957 2882 4012 surditatem
2904 3974 3101 4022 meam,
3133 3954 3439 4014 illuminasti
3470 3973 3567 4012 cor

2011 4037 2209 4085 meum,
2247 4023 2439 4093 iugasti
2477 4026 2768 4081 eazeitatem
2809 4043 3001 4083 meam.
3032 4029 3229 4083 Dedisti
3258 4030 3401 4084 enim
3434 4028 3565 4082 mibi

2009 4104 2223 4145 sensum
2248 4107 2447 4165 purum
2478 4102 2537 4148 ut
2573 4110 2948 4165 cognoscerem
2977 4106 3070 4165 te:
3097 4098 3287 4151 dedisti
3328 4103 3379 4151 ct
3416 4112 3566 4151 amo-

2008 4173 2121 4235 rem
2144 4168 2201 4214 ut
2228 4161 2500 4235 diligerem
2535 4171 2588 4218 te
2613 4161 2857 4235 [dedisti
2885 4173 2940 4219 et
2964 4164 3288 4235 voluntatem
3312 4174 3371 4220 ut
3396 4180 3559 4220 exar-

2006 4227 2364 4303 desceremin
2398 4240 2636 4303 sanctam
2663 4228 2850 4303 pacem
2887 4242 3049 4288 tuam.
3086 4234 3216 4289 Cum
3248 4236 3389 4290 enim
3434 4252 3560 4303 san-

2005 4306 2091 4353 cta
2114 4300 2209 4354 tibi
2236 4301 2498 4355 inbrcsero
2521 4300 2811 4368 voluntate,
2835 4304 3008 4358 nullus
3030 4305 3158 4359 mihi
3181 4308 3392 4361 nocebit
3414 4301 3565 4362 dolor

2003 4376 2059 4422 et
2087 4370 2268 4446 labor;
2293 4370 2385 4426 sed
2412 4372 2532 4426 viva
2549 4377 2653 4446 erit
2675 4373 2784 4446 vita
2809 4388 2924 4446 mea
2943 4382 3051 4429 tota
3075 4375 3227 4445 plena
3254 4378 3423 4446 gratia
3449 4384 3558 4440 tua,

2005 4440 2257 4513 quoniam
2285 4457 2442 4510 quem
2474 4449 2531 4496 tu
2569 4443 2759 4513 imples
2785 4444 3033 4499 sublevas
3057 4440 3191 4501 enin“
3215 4464 3227 4498 :
3256 4440 3382 4501 cum
3414 4446 3558 4499 enim

2006 4509 2081 4578 tui
2127 4509 2314 4578 plenus
2343 4526 2446 4564 non
2485 4509 2823 4575 sum,"oneri
2854 4514 2982 4570 mihi
3028 4530 3168 4569 smn.
3216 4515 3559 4569 Contendant

2004 4576 2201 4632 lzctitiae
2225 4593 2355 4633 mete
2392 4579 2579 4634 ﬂeodze
2599 4596 2720 4635 cum
2768 4581 3011 4637 lzetandis
3046 4584 3380 4644 mmroribus,
3411 4592 3465 4636 ct
3490 4599 3554 4638 ex

2003 4662 2104 4714 qua
2127 4656 2276 4717 parte
2314 4656 2420 4702 stet
2442 4650 2664 4703 victoria
2690 4651 2887 4705 nescio.
2932 4652 3268 4707 Contendant
3294 4667 3555 4706 motrorcs

2002 4718 2108 4792 mei
2142 4717 2266 4792 mali
2294 4733 2415 4792 cum
2446 4720 2651 4792 gaudiis
2701 4721 2854 4792 bonis
2877 4762 2891 4783 ,
2930 4731 2984 4775 et
3026 4738 3087 4776 ex
3123 4739 3224 4792 qua
3264 4731 3415 4792 parte
3453 4731 3560 4778 stet

2001 4787 2225 4841 victoria
2270 4787 2469 4843 nescio:
2502 4790 2597 4844 llei
2640 4790 2767 4845 mihi
2793 4833 2807 4855 ,
2850 4792 3088 4852 Domine,
3125 4787 3377 4849 miserere
3416 4795 3549 4847 ntei'

2000 4856 2096 4911 Hei
2119 4858 2274 4913 mihi!
2303 4859 2437 4915 Ecce
2459 4859 2679 4913 vulnera
2701 4878 2816 4915 mea
2848 4878 2950 4915 non
2979 4864 3246 4917 abscondo
3274 4881 3287 4917 :
3319 4864 3557 4918 medicus

1996 4928 2136 4980 cnim
2174 4936 2229 5001 tu
2271 4943 2494 5001 cs,_(_-go
2521 4945 2669 5001 anger
2693 4946 2841 4994 sum;
2888 4942 2939 4985 tu
2972 4933 3414 4999 misericorscs,
3454 4947 3556 5001 ego

1998 5012 2124 5050 vero
2154 4998 2335 5051 miser.
2376 4997 2507 5049 Nam
2546 4997 2672 5066 quid
2701 5001 2924 5053 teutatio
2952 5011 3035 5055 est
3068 5005 3174 5055 vita
3204 4997 3431 5054 lnnuana
3464 4997 3555 5054 sit-

1997 5067 2343 5139 pert'crram?
2363 5066 2428 5119 Et
2450 5074 2565 5139 tota
2582 5083 2703 5139 spes
2726 5084 2840 5123 mea
2860 5087 2964 5125 non
2985 5073 3085 5125 nisi
3113 5073 3163 5124 in
3187 5080 3376 5139 magna
3402 5070 3554 5126 valde

1998 5136 2361 5213 misericordia
2392 5136 2525 5213 tua?_
2540 5136 2630 5200 Da,
2656 5137 2894 5213 Domine,
2918 5142 3070 5213 nobis
3090 5151 3144 5213 et
3164 5136 3299 5213 velle
3320 5149 3371 5193 et
3395 5155 3552 5209 posse

1996 5206 2252 5329 perﬁcere
2287 5206 2427 5274 quod
2449 5206 2638 5272 iubes,
2670 5217 2724 5262 et
2738 5209 2866 5276 jube
2898 5209 3037 5278 quod
3068 5211 3167 5263 vis.
3197 5206 3432 5278 ltupcra's
3456 5225 3552 5263 no-

2018 5277 2083 5329 ιὶε
2126 5275 2523 5329 continentiam.
2564 5277 2657 5329 sed
2700 5293 2854 5329 nemo
2884 5288 3055 5329 potest
3104 5294 3223 5329 esse
3269 5280 3552 5329 continens

2018 5277 2083 5330 iis
2126 5275 2523 5336 continentiam,
2564 5277 2657 5331 sed
2700 5293 2854 5345 nemo
2884 5275 3055 5346 potest
3104 5294 3223 5333 esse
3269 5275 3553 5334 continens

1999 5346 2100 5419 nisi
2128 5356 2217 5419 tuo
2241 5345 2399 5399 dono.
2432 5346 2621 5419 Et_boc
2640 5348 2809 5419 ipsum
2832 5345 2913 5419 est
2937 5350 3197 5419 sapientia
3221 5350 3360 5419 scire
3393 5349 3550 5419 cttjns

1999 5416 2098 5497 hoc
2129 5416 2324 5499 domum
2353 5425 2453 5470 est.
2485 5416 2589 5496 Per
2616 5416 3224 5499 continentiam'qnippe
3251 5416 3552 5487 colligimttr

1998 5486 2049 5566 in
2082 5487 2318 5568 membra
2333 5486 2584 5568 _corporis
2613 5486 2706 5568 tui3
2728 5496 2782 5540 et
2811 5486 3104 5568 redigimur
3127 5486 3178 5541 in
3206 5503 3365 5541 unum
3384 5486 3418 5540 ’a
3442 5504 3551 5568 quo

1997 5556 2046 5609 in
2077 5556 2235 5608 multa
2263 5554 2596 5625 defluximus.
2640 5556 2811 5610 Minus
2840 5554 2979 5610 enim
3021 5568 3073 5611 te
3094 5568 3235 5611 amat
3260 5570 3418 5625 quam
3449 5554 3544 5611 dc-

1995 5626 2134 5694 bcat,
2166 5626 2253 5697 qui
2296 5634 2468 5682 tecum
2491 5618 2693 5695 aliquid
2724 5635 2886 5681 amat.
2920 5626 2964 5683 Ο
3002 5644 3184 5692 amor,
3220 5618 3308 5696 qui
3342 5641 3548 5696 semper
