4204 6190
680 308 816 364 1415

1666 302 1758 357 Μ)
1794 302 2016 357 OPERA
2057 303 2114 357 Β.
2157 302 2426 359 ALCUINI
2466 302 2898 357 APPENDICES.

3756 302 3897 357 “[6

674 417 813 482 laus,
844 423 899 469 tu
943 414 1071 468 mihi
1098 406 1495 483 puramcoram
1526 419 1579 465 te
1607 418 1873 483 etcoram
1899 412 2098 466 sanctis
2123 427 2220 464 an-
2251 419 2297 475 Α
2324 426 2483 480 quam
2529 413 2773 466 deberem
2797 452 2811 475 ,
2854 418 2948 483 aut
2992 426 3112 483 cum
3150 425 3253 483 non
3289 402 3523 483 jejunavi
3564 394 3687 483 eum
3715 412 3891 479 valui,

711 487 808 540 elis
836 485 942 538 tuis
980 482 1363 538 confessionem
1409 495 1568 551 agere
1619 482 1812 551 tribue,
1842 489 1896 535 et
1945 496 2124 534 veram
2162 496 2225 533 ac

700 560 1000 610 ’ructuosam
1048 551 1415 619 pceniteutiam
1454 550 1990 619 emendationemque
2046 550 2226 603 condi-

673 639 832 693 gnam
862 632 985 693 ante
1008 621 1145 693 diem
1169 622 1343 674 exitus
1366 620 1492 693 mei,
1522 620 1633 683 sive
1658 619 1728 693 s_i_t
1753 620 1805 672 in
1834 619 2082 693 superbia
2109 634 2192 693 ma
2209 650 2222 661 .

672 688 757 746 ire
781 692 1016 746 omnium
1046 690 1317 757 vitiorum,
1334 689 1446 742 sive
1474 689 1526 741 in
1549 688 1807 758 sacrilego
1844 688 2021 758 aliquo
2047 688 2219 758 modo,

673 761 788 815 sive
807 762 860 814 in
889 759 1172 813 homicidio
1192 758 1450 827 corporali
1472 757 1554 810 vel
1586 758 1828 824 spiritali,
1868 757 1979 810 sive
2000 757 2053 827 in
2080 757 2225 827 adulf

675 830 815 885 terio
844 837 899 882 et
923 829 975 881 in
1006 829 1151 881 omni
1181 826 1512 880 immunditia
1540 828 1716 881 cordis
1751 835 1806 881 et
1841 826 2101 894 corporis,
2143 826 2224 878 vel

673 900 837 953 etiam
864 900 919 952 in
945 897 1231 964 voluptatis
1258 912 1439 949 amore
1457 936 1471 960 ,
1500 896 1612 949 sive
1648 896 1700 949 in
1734 896 1868 949 falso
1898 895 2222 957 testimonio,

672 968 755 1022 vel
783 969 948 1021 verbo
998 967 1278 1029 mendacii,
1304 974 1394 1019 aut
1421 966 1580 1018 etiam
1606 966 1798 1027 otioso,
1821 966 1933 1019 sive
1960 966 2013 1017 in
2048 964 2225 1033 perju-

674 1038 787 1099 rio,
826 1044 920 1089 aut
954 1035 1006 1086 in
1036 1033 1367 1101 juramento,
1392 1034 1504 1087 sive
1533 1035 1585 1086 in
1629 1034 1771 1087 furto
1797 1034 1993 1101 aliquo,
2030 1037 2141 1087 sive
2172 1034 2225 1086 in

674 1107 857 1173 rapina
884 1104 965 1158 vel
986 1103 1191 1166 fraude,
1221 1105 1408 1159 siveiu
1426 1104 1552 1173 podio
1570 1103 1649 1155 vel
1673 1104 1869 1157 invidia
1893 1119 2017 1172 erga
2047 1103 2225 1172 proxi-

676 1172 829 1247 mum
849 1188 1023 1247 meum
1070 1173 1336 1247 aliquem,
1353 1172 1435 1224 vel
1476 1173 1529 1247 in
1576 1174 1919 1247 meditatione
1956 1172 2102 1247 doli;
2135 1179 2225 1225 aut

671 1243 725 1296 in
753 1243 866 1296 zelo
902 1242 1055 1305 malo,
1081 1242 1194 1295 sive
1224 1242 1275 1293 in
1306 1242 1649 1303 detractione,
1670 1242 1749 1294 vel
1784 1242 2221 1303 murmuratione,

673 1311 786 1365 sive
815 1312 867 1365 in
893 1311 1253 1373 animositate,
1287 1310 1370 1363 vel
1398 1310 1448 1362 in
1473 1311 1743 1364 iracundia
1773 1312 1990 1379 iujusta,
2014 1311 2097 1363 vel
2126 1310 2222 1362 im-

672 1381 966 1441 moderata,
998 1380 1115 1432 sive
1147 1380 1217 1432 sit
1240 1380 1293 1432 in
1330 1379 1552 1432 avaritia
1578 1381 1814 1434 omnium
1854 1380 2115 1432 malorum
2141 1394 2225 1431 ra-

669 1449 803 1507 dice.
837 1449 946 1501 sive
986 1448 1041 1500 in
1069 1448 1188 1516 gula
1231 1448 1308 1501 vel
1353 1448 1629 1508 ebrietate,
1662 1450 1713 1500 in
1752 1449 2002 1516 omnique
2031 1464 2225 1501 concu-

672 1518 932 1597 piscentia
958 1519 1120 1596 mala,
1152 1527 1316 1597 atque
1344 1517 1801 1597 tenacia,_sive_in
1838 1517 2115 1597 jactantia,
2139 1517 2221 1597 vel

674 1586 849 1656 inanis
866 1586 1049 1656 glorite
1075 1586 1332 1656 appetitu,
1360 1586 1413 1637 in
1445 1587 1694 1654 omnique
1718 1587 2004 1655 hypocrisi,
2035 1588 2144 1640 sive
2170 1588 2223 1639 in

671 1654 890 1725 acedia,‘
904 1655 985 1725 vel
1009 1654 1246 1725 torpore,
1285 1655 1336 1707 iu
1363 1655 1613 1722 omnique
1647 1654 1877 1725 pigritia,
1908 1657 2233 1725 negligentia-

670 1724 849 1791 operis
872 1724 986 1785 Dei,
1015 1724 1126 1775 sive
1160 1724 1212 1775 in
1248 1725 1627 1791 supplicatione
1654 1724 1835 1778 fratris
1875 1724 2117 1791 alicujus,
2144 1724 2221 1778 vel

671 1794 727 1846 in
774 1801 1075 1859 contemptu
1118 1793 1414 1860 ejus,.sive
1462 1793 1661 1860 injusto
1701 1793 1924 1860 judicio,
1975 1796 2053 1847 vel
2091 1809 2220 1848 con-

671 1862 1401 1931 demnationﬁeinnocentum,
1449 1863 1562 1914 sive
1608 1862 1661 1915 in
1715 1878 1780 1916 eo
1828 1862 1966 1929 quod
2011 1864 2223 1931 corpori

671 1944 793 1983 meo
828 1930 948 1999 plus
972 1930 1170 1989 laboris
1199 1930 1413 1991 indulsi,
1442 1946 1600 1998 quam
1621 1932 1776 1985 debui
1806 1933 2023 1985 inomni
2052 1941 2225 1985 trans-

668 1999 937 2068 gressione
958 1999 1328 2051 mandatorum
1356 2000 1582 2052 Domini.
1617 2000 1815 2055 Deinde
1847 2002 2009 2054 etiam
2035 2003 2098 2055 de
2128 2000 2225 2053 mi-

671 2070 818 2138 nutis
846 2069 1080 2138 peccatis
1117 2076 1315 2135 quanta
1348 2068 1425 2122 vel
1446 2070 1622 2137 qualia
1649 2070 1777 2135 sint,
1810 2080 2065 2138 quantum
2098 2087 2243 2124 sen—_

670 2136 747 2189 tio
774 2146 828 2189 et
867 2136 1123 2205 intelligo,
1149 2138 1231 2190 vel
1260 2148 1455 2205 quanta
1481 2155 1548 2191 ex
1587 2139 1666 2192 eis
1690 2136 2025 2194 dinumerare
2052 2141 2222 2205 valeo,

674 2206 1095 2278 qumiescunque
1133 2206 1386 2278 instinctu
1416 2207 1549 2275 gulae
1578 2209 1631 2260 in
1650 2208 1795 2278 rcibo,
1823 2210 1904 2262 vel
1950 2219 2077 2277 potu
2104 2211 2223 2278 plus

668 2275 1049 2346 sumpsiquam
1083 2274 1214 2346 mihi
1267 2274 1771 2340 esset’necessitas,
1815 2278 1899 2329 vel
1948 2274 2067 2331 cum
2104 2274 2223 2346 plus

668 2342 896 2421 dormivi
921 2358 1081 2421 quam
1104 2342 1351 2420 deberem
1370 2385 1383 2406 ,
1413 2346 1495 2397 vel
1532 2361 1652 2421 cum
1676 2345 1792 2421 plus
1836 2342 2121 2421 loquebar,
2141 2348 2225 2401 vel

668 2410 792 2484 plus
820 2410 960 2484 tacui
976 2427 1133 2480 quam
1148 2410 1351 2478 justum
1383 2423 1541 2484 esset,
1566 2415 1649 2468 vel
1665 2410 1784 2484 plus
1808 2410 2077 2483 quassatio
2099 2410 2223 2472 exe-

667 2482 855 2551 gisset,
870 2481 951 2533 vel
965 2496 1279 2550 quocunque
1302 2483 1457 2537 modo
1476 2481 1805 2551 iniquitatem
1824 2481 2219 2550 consenserant,

668 2558 724 2601 et
748 2549 1115 2626 delinquentes
1135 2566 1239 2603 non
1270 2552 1532 2620 corripui,
1566 2549 1999 2626 quandocunque
2030 2549 2226 2626 p‘aupe-F

671 2634 757 2695 re_s
779 2620 846 2671 ad
872 2634 954 2673 me
980 2620 1273 2695 clamantes
1295 2620 1743 2695 exasperant/non
1768 2620 1933 2687 timui,
1950 2620 2120 2695 neque
2135 2620 2226 2695 ge-

669 2688 857 2756 mitum
878 2702 1062 2742 eorum
1089 2687 1286 2751 audivi,
1307 2687 1476 2756 neque
1497 2691 1757 2745 dolentem
1780 2687 2091 2747 cousiilatus
2107 2687 2225 2749 sum

667 2772 790 2830 eum
814 2754 965 2830 juxta
995 2758 1135 2830 vires
1182 2766 1237 2811 et
1279 2752 1584 2814 facultatem
1635 2777 1809 2814 meam
1855 2770 2017 2830 atque
2050 2764 2226 2816 scien-

667 2825 821 2897 tiam,
854 2826 1230 2897 iﬁndigentibus,
1261 2836 1315 2881 et
1363 2830 1538 2882 minus
1584 2832 1891 2897 potentibus
1928 2825 2227 2886 subvenire

584 2970 588 2975 '
669 2894 901 2963 neglexi,
925 2894 983 2949 et
1006 2895 1395 2965 eleemosynam
1440 2894 1617 2951 minus
1656 2909 1748 2953 aut
1778 2900 1986 2955 arctius
2013 2902 2228 2957 exercui

2325 479 2406 536 vel
2429 482 2605 545 debui,
2637 498 2757 536 cum
2784 481 2987 535 tardius
3015 481 3080 532 ad
3110 480 3378 552 orationes
3395 489 3454 532 et
3473 479 3683 552 vigilias
3705 497 3893 543 resur-

2324 552 2436 604 rexi
2459 591 2473 613 ,
2495 566 2654 619 quam
2688 565 2803 603 mea
2826 558 2967 603 esset
2995 550 3305 619 necessitas,
3324 556 3421 619 aut
3448 558 3571 602 cum
3601 550 3657 619 in
3695 560 3889 607 sancta

2310 617 2547 673 ecclesia
2578 620 2661 673 vel
2686 620 2743 672 in
2764 634 3083 688 quocunque
3107 618 3364 688 orationis
3390 618 3506 673 loco
3532 617 3616 688 vel
3640 628 3891 688 tempore

2325 689 2377 740 in
2406 690 2606 743 otiosas
2632 698 2683 743 et
2710 686 2919 757 iniquas
2948 703 3032 741 me
3060 686 3268 757 fabulas
3309 687 3589 756 occupavi,
3618 696 3673 741 et
3717 686 3887 743 insta-

2326 757 2446 827 bilis
2496 766 2547 827 et
2583 775 2744 827 vagus
2798 773 2946 812 eram
2975 758 3025 808 in
3065 756 3243 811 anino
3276 772 3413 820 meo,
3443 772 3562 810 cum
3605 773 3761 812 orare
3796 757 3886 814 vel

2325 826 2488 879 Deum
2516 826 2733 879 laudare
2761 829 3077 889 debueram;
3112 836 3203 879 aut
3248 842 3367 879 cum
3410 827 3463 879 in
3510 827 3755 890 vinculis,
3796 829 3886 889 vel

2326 896 2377 947 in
2410 896 2859 956 tribulationibus,
2889 898 3000 948 sive
3026 897 3076 947 in
3110 895 3418 957 infirmitate
3442 896 3628 963 positis
3647 912 3753 950 non
3775 898 3886 951 mi-

2325 965 2567 1040 nistravi,
2608 981 2776 1040 neque
2805 980 2895 1018 eos
2925 965 3159 1040 visitavi,
3190 980 3311 1017 cum
3361 965 3633 1040 discordes
3685 974 3749 1040 et_
3774 967 3887 1021 dis-

2325 1035 2557 1088 sidentes
2601 1035 2666 1088 ad
2702 1034 3051 1087 concordiam
3103 1048 3206 1085 non
3254 1036 3518 1097 revocavi,
3548 1035 3591 1086 si
3638 1037 3882 1089 seniores

2325 1118 2489 1165 meos,
2522 1104 2604 1156 vel
2643 1104 2942 1157 confratres
2969 1103 3049 1154 vel
3080 1118 3423 1170 quascunque
3468 1118 3722 1172 personas
3763 1106 3881 1172 plus

2324 1175 2633 1241 exasperavi
2662 1189 2823 1240 quam
2866 1180 3074 1238 oportet
3098 1172 3251 1234 mihi,
3283 1173 3365 1240 vel
3404 1189 3524 1226 cum
3565 1173 3795 1240 aliquem
3824 1186 3882 1228 et

2323 1242 2533 1308 injustis
2572 1243 2842 1295 blanditiis
2881 1241 3121 1303 delinivi,
3154 1242 3233 1302 vel
3262 1256 3381 1294 cum
3413 1240 3732 1295 maledicere
3759 1244 3883 1297 aliis

2324 1328 2427 1363 non
2454 1312 2622 1373 timui,
2656 1326 2825 1379 neque
2853 1313 2985 1364 alios
3007 1311 3405 1377 blasphemare;
3436 1320 3529 1363 aut
3549 1328 3671 1364 cum
3697 1312 3883 1365 iuobe-

2323 1381 2473 1434 dicns
2516 1382 2589 1435 fui
2620 1383 2711 1434 Dei
2740 1380 3043 1449 praeceptis,
3091 1380 3174 1433 vel
3221 1381 3453 1433 hominis
3503 1380 3569 1432 ad
3611 1380 3879 1447 justitiam

2321 1459 2415 1502 aut
2445 1451 2668 1504 aliorum
2704 1452 2962 1504 bonorum
3004 1449 3204 1501 monita
3251 1450 3571 1516 contempsi,
3612 1466 3731 1503 cum
3763 1449 3883 1518 plus

2320 1520 2657 1587 praesumpsi,
2688 1528 2779 1572 aut
2801 1520 3028 1587 amplius
3054 1519 3107 1571 in
3138 1519 3479 1571 contentione
3504 1518 3683 1584 iniqua
3718 1520 3800 1571 vel
3824 1520 3883 1573 in

2322 1590 2614 1669 pertinacia
2670 1590 2936 1668 permansi
2968 1603 3126 1667 quam
3178 1588 3467 1669 deberem,
3518 1589 3778 1667 vehentia
3828 1590 3883 1641 iu

2325 1656 2557 1724 ineptam
2590 1656 2861 1722 lanitium,
2908 1666 2962 1710 et
3000 1658 3051 1710 in
3080 1656 3481 1719 scurrilitatem,
3517 1657 3567 1708 in
3598 1657 3785 1718 risum,
3827 1665 3892 1710 et

2326 1726 2378 1778 in
2405 1728 2586 1793 jocum
2608 1743 2803 1779 vanum
2828 1742 2914 1780 me
2930 1727 3216 1794 occupavi,
3252 1726 3334 1779 vel
3352 1742 3472 1779 cum
3497 1725 3886 1780 contumeliosa

2325 1796 2445 1850 aliis
2474 1798 2633 1850 verba
2660 1798 2802 1864 loqui
2830 1812 2934 1849 non
2964 1797 3161 1857 metui,
3206 1805 3297 1848 aut
3335 1795 3468 1848 alios
3493 1795 3733 1863 despexi,
3767 1796 3885 1849 sive

2324 1881 2445 1919 cum
2483 1868 2547 1919 de
2597 1867 2805 1934 injuriis
2842 1866 2925 1918 vel
2954 1864 3353 1934 contumeliosis
3401 1878 3528 1933 erga
3576 1880 3659 1917 me
3693 1866 3884 1934 verbis

2324 1935 2580 1988 ultionem
2617 1933 2816 1988 reddidi
2862 1934 2945 1987 vel
2975 1933 3195 1986 reddere
3221 1934 3479 2002 cogitavi,
3528 1943 3582 1985 et
3633 1933 3887 1999 injustam

2325 2004 2738 2057 amaritudinem
2766 2004 2817 2056 in
2841 2006 3003 2056 corde
3030 2003 3243 2064 re:inui,
3272 2005 3386 2055 sive
3408 2018 3528 2055 cum
3564 2003 3686 2071 plus
3726 2018 3889 2056 mun-

2324 2075 2448 2126 dum
2488 2075 2630 2127 hunc
2675 2088 2834 2142 quam
2880 2075 3045 2127 Deum
3086 2073 3281 2135 dilexi;
3314 2072 3381 2124 de
3411 2072 3529 2125 istis
3565 2087 3779 2141 quoque
3830 2080 3889 2127 et

2326 2143 2390 2195 de
2421 2144 2537 2196 aliis
2568 2141 2722 2196 malis
2745 2142 2993 2196 omnibus
3018 2141 3311 2209 majoribus
3349 2141 3430 2195 vel
3457 2142 3775 2203 minoribus,
3797 2142 3883 2193 vel

2327 2226 2553 2279 quorum
2577 2214 2848 2273 recordor,
2890 2220 2982 2263 aut
3014 2226 3117 2263 non
3162 2209 3434 2272 recordor,
3476 2210 3531 2262 iu
3560 2211 3890 2279 quibuscun-

2327 2294 2431 2347 que
2459 2282 2540 2334 vel
2568 2290 2885 2350 quocunque
2916 2282 3071 2333 modo
3102 2280 3338 2347 peccavi,
3373 2279 3723 2350 autgdeliqui,
3754 2279 3883 2350 tibi;

2327 2352 2564 2418 piissime
2590 2348 2901 2404 Dominator
2926 2351 3082 2413 Deus,
3120 2350 3320 2417 pariter
3357 2348 3621 2404 confiteor
3655 2365 3669 2400 :
3701 2359 3756 2401 tu
3786 2349 3888 2418 Do-

2329 2416 2493 2483 inine,
2550 2435 2644 2488 per
2693 2420 3012 2473 ineffabilem
3064 2416 3403 2488 clementiam
3450 2428 3596 2471 tuam
3624 2418 3760 2481 ,-de
3804 2416 3889 2470 bis

2329 2486 2577 2543 omnibus
2604 2490 2655 2541 in
2695 2491 2795 2542 hac
2834 2490 2943 2541 vita
2974 2488 3221 2558 pnesenti
3260 2486 3649 2540 confessionem
3675 2500 3885 2553 puram,

2328 2566 2384 2611 et
2408 2574 2588 2611 veram
2618 2574 2680 2610 ac
2704 2557 3028 2611 fructuosam
3057 2557 3422 2625 paenitentiam
3449 2571 3608 2625 agere
3628 2558 3882 2615 concede,

2328 2634 2387 2680 et
2414 2628 2500 2681 hic
2534 2642 2629 2694 per
2675 2627 3096 2680 misericordiam
3152 2635 3294 2678 tuam
3344 2640 3465 2680 cum
3509 2626 3883 2694 emendatione

2331 2692 2592 2765 condigna
2618 2697 2828 2749 veniam
2871 2696 3184 2765 promereri,
3233 2709 3431 2764 perque
3477 2692 3894 2765 intercessiones

2332 2775 2387 2818 et
2416 2763 2605 2818 merita
2631 2763 2936 2819 sanctorum
2968 2772 3178 2817 tuorum
3221 2763 3289 2817 ad
3314 2774 3568 2816 aeternam
3596 2778 3681 2815 me
3713 2763 3889 2814 tribue

2332 2834 2714 2889 beatitudinem
2761 2836 3057 2903 pervenire,
3092 2834 3182 2901 qui
3238 2847 3443 2903 manes,
3470 2839 3525 2886 et
3570 2832 3711 2885 vivis
3750 2831 3896 2884 Deus

2332 2918 2563 2973 regnans
2594 2906 2649 2957 in
2676 2902 2869 2957 saecula
2906 2903 3243 2957 saeculorum.
3271 2902 3461 2955 Amen.

685 3034 3031 3065 Μ

1304 3151 1349 3179 -ι
1386 3136 1809 3197 ANNALES'b
1851 3138 1955 3200 UT
2000 3139 2228 3199 VIDE'I

2306 3141 2349 3200 Β
2392 3140 2734 3202 ALCUINI.
2779 3142 2907 3201 AN.
2943 3140 3234 3201 782-797.

1851 3280 2040 3342 (Pera,
2064 3280 2374 3331 Monumenta
2400 3282 2568 3332 Germ.
2593 3283 2732 3344 bist.)

2085 3384 2469 3403 _——————

672 3446 809 3501 Pars
841 3445 1001 3517 prior,
1027 3463 1116 3501 an.
1140 3445 1395 3517 782-787,
1420 3463 1484 3501 ea:
1507 3447 1623 3500 cod.
1649 3447 1705 3502 S.
1738 3446 2061 3504 Germani.“
2091 3449 2230 3503 Ann.
2258 3454 2304 3513 C
2407 3454 2527 3507 790.
2567 3453 2648 3507 Ad
2673 3452 3044 3507 Wormatiam.

1246 3515 1645 3571 Juvavetm'bus.

741 3606 863 3661 782.
893 3605 950 3659 in
981 3604 1269 3659 Carisiaeo.

741 3676 865 3731 783.
899 3675 953 3727 In
980 3674 1022 3726 Τ
1029 3672 1386 3728 heudunvilla.

742 3745 846 3800 784
873 3743 1038 3800 (786).
1068 3742 1122 3796 In
1150 3742 1421 3797 Aristalle.

743 3815 845 3884 735
874 3812 1040 3884 (787).
1068 3813 1123 3884 In
1150 3812 1459 3884 Eresburgi.

741 3883 846 3951 786
876 3882 1044 3951 (788).
1078 3882 1344 3951 bttinago.

742 3745 846 3800 784
897 3744 997 3796 786
1028 3785 1038 3795 .
1068 3744 1122 3796 in
1150 3744 1421 3797 Aristalle.

743 3815 845 3869 785
898 3814 995 3866 787
1028 3853 1040 3865 .
1068 3813 1123 3866 ln
1150 3812 1459 3884 Eresburgi.

741 3883 846 3936 786
900 3884 1002 3936 788
1033 3923 1044 3933 .
1081 3882 1344 3951 Attinago.

739 3950 844 4005 787
929 3951 998 4004 90
1028 3991 1040 4002 .
1075 3950 1255 4003 Roma:
1276 3950 1566 4003 celebravit
1593 3946 1799 4005 Pascha
1829 3952 2075 4006 domnus.

742 4038 879 4093 Pars
905 4039 1090 4103 altera,
1121 4057 1206 4093 an.
1233 4038 1486 4103 788-797,
1511 4056 1575 4094 ea;
1600 4041 1738 4094 Ann.
1764 4041 2159 4097 lunarensibus.

743 4131 864 4186 788.
909 4131 1143 4184 Domnus
1187 4141 1279 4185 rex
1324 4129 1546 4185 Camlus
1590 4131 1880 4187 celebravit
1913 4132 2133 4188 Pascha
2178 4132 2230 4186 in

671 4199 1024 4270 luglimhaim.
1116 4269 1122 4270 γ
1565 4199 1573 4208 ’

746 4268 867 4325 789.
909 4270 965 4321 ln
990 4269 1176 4337 Aquis.

745 4411 772 4469 9
806 4397 882 4451 Ex
911 4393 1095 4469 codice
1120 4396 1460 4469 bibliotheca
1485 4396 1683 4469 Regina,
1712 4415 1765 4452 n.
1786 4400 1927 4464 989,,
1945 4416 2101 4456 manu
2122 4415 2232 4456 sa:-

673 4467 779 4523 culi
816 4468 938 4520 noni
967 4466 1200 4519 incuruis
1225 4466 1446 4535 scripto.

747 4538 772 4575 ι)
806 4536 864 4590 Id
891 4544 976 4590 est
1002 4543 1141 4588 nota:
1165 4535 1401 4590 locorum
1427 4536 1622 4606 quibus
1647 4535 1870 4592 Carolus
1906 4555 1996 4593 rex
2027 4540 2230 4595 Pascha

1001 3743 1022 4019 ἓ

696 4680 3504 4711 Mm

2411 3522 2533 3575 791.
2571 3522 2791 3577 Carolus
2816 3520 2867 3575 in
2898 3522 3189 3577 Pannonia.

2413 3590 2532 3661 792.
2572 3592 2651 3646 Ad
2683 3592 3076 3661 Bagenesburc.

2410 3660 2532 3714 795.
2571 3660 2652 3715 Ad
2680 3658 3121 3714 Franchouofurt.

2410 3730 2531 3799 794.
2571 3730 2650 3783 Ad
2672 3729 2860 3799 Aquis.

2401 3798 2535 3867 795.
2574 3801 2654 3852 Ad
2679 3798 2865 3867 Aquis.

2413 3866 2533 3935 796.
2572 3866 2651 3921 Ad
2676 3866 2859 3935 Aquis.

2405 3934 2523 3990 7'97.
2560 3936 2640 3989 Ad
2664 3934 2847 4004 Aquis.

2384 4076 2577 4131 Manus
2604 4079 2780 4143 menti
2808 4096 2865 4132 Ix
2884 4080 3109 4132 ineuntis
3136 4080 3192 4133 in
3222 4080 3337 4133 cod.
3362 4079 3631 4136 ‘SuGerm.
3658 4083 3808 4141 addit
3825 4098 3847 4140 :

2333 4208 2523 4330 matri.
2550 4224 2585 4261 v
2610 4208 2909 4263 Kal-Febr.
2934 4210 3065 4264 obiit
3105 4209 3328 4266 Carolus
3366 4181 3611 4283 [Magnus
3635 4215 3685 4287 ο]
3726 4221 3907 4288 impe-

2337 4406 2638 4462 celebravit.

2408 4488 2429 4518 ε
2468 4478 2579 4532 Vox
2606 4478 2834 4548 'Magnus
2859 4496 3017 4535 manu
3046 4482 3224 4569 μουιί
3252 4500 3285 4536 x
3308 4483 3546 4537 ineuntis
3568 4484 3772 4549 addita.

3508 4686 3880 4713 -i—-—-—‘-—-

1245 4792 1699 4917 mm
1781 4790 2445 4981 ill§llliliilt
2485 4794 2794 4981 illi?!
2882 4795 3311 4981 ΑιωιΝι·

1781 4952 2009 5016 (Mabill.,
2036 4952 2142 5003 Act.
2164 4955 2258 5003 SS.
2282 4954 2387 5004 0rd.
2414 4953 2466 5001 S.
2493 4954 2789 5011 Benedicti.)

1190 5091 1414 5147 CAPUT
1452 5074 1738 5151 renuunt.

679 5180 853 5235 Albini
889 5192 1132 5252 quatuor,
1154 5182 1373 5238 Alcuim'
1393 5185 1550 5237 traria
1593 5187 2030 5254 nomium-patria
2060 5200 2107 5241 et
2146 5208 2238 5260 pa-

1363 5263 1531 5306 ηκεεε
1538 5293 1550 5305 .

754 5359 804 5409 l.
842 5358 955 5412 Hoc
1010 5360 1061 5437 in
1098 5360 1681 5439 limine__.dis_tinguendi
1716 5374 1853 5439 sunt
1884 5367 2057 5439 Albini
2106 5386 2237 5439 qua-

682 5432 825 5504 tuor,
857 5443 921 5480 ue
948 5432 1069 5504 quis
1086 5430 1504 5504 cum_aliqui_bus
1544 5432 1675 5504 viris
1718 5434 1887 5489 doctis
1914 5437 1966 5489 in
1997 5430 2235 5495 errorem

686 5496 961 5573 impingat.
986 5496 1193 5573 Primus
1216 5496 1565 5573 fuit—Albinus
1585 5502 1750 5573 abbas
1774 5508 2080 5573 monasterii
2104 5507 2236 5563 Can-

688 5565 1000 5643 tpa‘rieusis,
1020 5566 1264 5643 laudatus
1307 5568 1360 5621 in
1400 5566 1648 5643 Historia:
1675 5571 1894 5639 prologo
1918 5579 2237 5632 venerabilis

685 5629 860 5696 Bedze,
887 5642 941 5685 et
990 5634 1040 5686 in
1083 5636 1171 5690 lib.
1200 5655 1248 5702 v,
1291 5652 1407 5705 cap.
1435 5637 1525 5702 2|,
1558 5639 1624 5691 ad
1668 5629 2037 5707 quemvexstat
2086 5629 2236 5702 Dedre

2268 5107 2316 5164 ι)
2339 5101 2763 5175 θρᾷειοὶθηΑιῑθτ
2788 5100 3131 5175 fuitAlbinus
3157 5117 3253 5175 seu
3265 5103 3660 5175 .Aleuinus,
3679 5120 3788 5175 quo
3815 5107 3899 5163 hic

2343 5168 2569 5237 agimus,
2598 5168 2751 5241 lopge
2789 5170 2980 5241 junior
2996 5171 3172 5241 primo
3198 5172 3290 5227 illo
3311 5172 3526 5237 Albino,
3544 5168 3646 5241 qui
3677 5168 3744 5229 eo
3770 5182 3901 5231 tem—

2341 5254 2603 5316 porequo
2642 5238 2799 5316 Beda
2826 5238 3114 5316 Historiam
3158 5257 3307 5316 suam
3346 5238 3588 5316 scribere
3618 5244 3900 5316 aggressus
3998 5242 4004 5246 ’

2339 5316 2444 5367 est,
2477 5309 2585 5372 jam
2614 5322 2643 5359 e
2672 5309 2809 5362 vivis
2830 5309 3143 5372 abierat,.ut
3169 5313 3300 5365 satis
3319 5327 3393 5365 ex
3420 5311 3577 5365 Bede
3612 5309 3899 5367 verbisita-

2341 5375 2616 5444 telligitur,
2648 5393 2768 5429 cum
2797 5375 3051 5431 Alcuinus
3098 5380 3328 5434 nondum
3371 5390 3529 5435 natus
3552 5390 3688 5435 erat.
3717 5381 3794 5435 Ει
3813 5389 3899 5435 ta-

2342 5447 3034 5519 men_unu_m_eumdemque
3072 5446 3236 5503 fuisse
3277 5450 3482 5519 putavit
3501 5446 3899 5519 illustrissimus

2341 5515 2627 5567 cardinalis
2651 5515 2930 5576 Baronius,
2955 5514 3105 5581 cujus
3139 5514 3432 5573 auctoritas
3459 5519 3591 5572 alios
3620 5518 3901 5577 nonnullos

2346 5584 2507 5657 traxit
2534 5585 2584 5636 in
2600 5599 2867 5657 errorem.
2905 5585 3135 5657 Tertius
3158 5586 3501 5643 fuitAlbinus
3527 5588 3729 5645 Leonis,
3750 5602 3902 5657 papa

2346 5652 2486 5704 tertii
2531 5653 2905 5718 cubicularius,
2947 5668 3007 5706 ex
3050 5655 3330 5725 Eginbardi
3359 5657 3650 5712 Annalibus
3695 5652 3769 5711 ad
3804 5652 3901 5710 tin-
