4204 6206
627 322 761 378 1427

1603 294 1693 379 An
1730 324 1953 383 orans
1991 324 2051 377 Β.
2096 321 2367 379 ALCUI‘NI
2403 321 2841 378 APPENDICES.

3757 22 4119 107 ,τη

3705 318 3844 378 1128

688 437 775 492 40.
816 438 1103 494 Monachos
1144 454 1217 507 eo
1247 440 1299 493 in
1337 440 1455 493 loco
1498 439 1797 507 perstitisse
1841 439 2050 490 vivente
2092 435 2178 507 Al-
2206 444 2250 501 Α
2280 434 2589 507 singillatim
2621 448 2715 488 eos
2757 435 2843 489 his
2880 434 3058 507 verbis
3087 452 3100 507 ξ
3133 430 3359 507 Percute
3383 434 3571 507 hunc,
3608 443 3667 507 et_
3699 436 3847 507 hunc

618 509 779 577 cuine
810 510 973 565 certis
1000 509 1128 562 mihi
1162 501 1345 563 videor
1380 501 1792 577 deprehendisse
1827 506 2173 577 argumentis.

618 575 848 632 ltherius
872 578 1035 632 abbas
1063 578 1410 632 Martinianus
1435 574 1707 647 primariis
1734 574 1925 647 litteris
1952 574 2018 647 de
2045 589 2175 647 con-

620 648 821 701 ditione
855 649 1083 701 cmuobii
1112 644 1530 701 Cormaricensis
1567 662 1703 698 anno
1729 646 1799 699 25
1828 644 2003 714 Caroli
2045 646 2178 714 regis

620 714 907 770 subscribit
929 733 1047 771 cum
1080 717 1280 785 aliquot
1311 715 1617 785 monasterii
1647 716 1725 768 sui
1756 713 2039 785 emnobitis
2067 730 2078 764 :
2108 713 2177 785 ex

618 785 814 853 quibus
847 788 934 853 qui
963 782 1259 855 presbyteri
1291 796 1379 839 aut
1416 784 1623 855 diaconi
1656 784 2070 855 erant,fomisso
2100 782 2180 851 (ut

620 862 732 906 tum
752 869 868 910 mos
885 854 1021 925 erat)
1048 857 1289 909 monachi
1308 854 1488 917 titulo,
1509 854 1749 907 ordinem
1771 854 1997 925 quisque
2024 866 2178 925 suum

617 932 890 993 apponunt
931 920 1212 993 presbyter,
1254 926 1362 979 sive
1398 924 1696 993 diaconus:
1735 920 1839 993 qui
1871 936 1997 993 vero
2042 920 2179 972 infra

620 991 717 1046 hos
740 991 939 1057 gradus
958 991 1131 1057 erant,
1164 994 1399 1047 monachi
1431 992 1788 1045 subscribunt.
1821 991 2018 1044 Deinde
2042 1005 2183 1042 mor-

619 1070 713 1117 tuo
740 1061 935 1116 ltherio
958 1063 1211 1116 Alcuinus
1240 1065 1289 1116 in
1314 1063 1616 1116 cmuobium
1639 1061 2045 1114 Cormaricense
2070 1075 2183 1112 mo—

619 1132 823 1201 nachos
851 1133 1087 1201 induxit,
1118 1133 1398 1201 impetrato
1428 1130 1604 1185 Caroli
1633 1130 1983 1201 privilegio,__¢
2020 1138 2077 1201 ut
2107 1127 2184 1201 lo-

618 1215 713 1254 cus
741 1200 828 1255 ille
854 1216 959 1261 non
989 1197 1293 1255 auferretur
1318 1202 1383 1254 de
1421 1197 1684 1261 potestate
1712 1200 1884 1252 sancti
1922 1197 2135 1250 Martini
2168 1210 2182 1247 :

617 1279 709 1340 sed
740 1279 796 1325 ut
820 1272 892 1325 ibi
918 1272 1143 1338 pleniter
1165 1272 1265 1323 sub
1294 1266 1474 1340 regula
1502 1268 1673 1322 sancti
1701 1267 1975 1340 Benedicti
2003 1266 2184 1340 vivant

615 1338 870 1407 degentes
899 1337 1177 1404 monachi,
1205 1347 1261 1393 et
1298 1337 1530 1393 habeant
1560 1338 2033 1407 protectionemet
2060 1337 2185 1389 sub-

617 1405 811 1462 sidium
841 1410 907 1462 ab
936 1409 1217 1463 abbatibus
1256 1405 1574 1464 monasterii
1607 1408 1775 1459 sancti
1820 1405 2067 1469 Martini,
2098 1419 2116 1455 ι
2154 1420 2184 1457 a

618 1478 813 1559 quibus
839 1479 937 1559 ipsi
967 1476 1929 1559 regerenturgdatodiplomateanno
1949 1474 2019 1529 22
2039 1474 2185 1559 ῖςθηξ

617 1542 819 1611 Caroli,
861 1542 922 1601 id
966 1542 1054 1602 est
1092 1563 1232 1602 anno
1274 1547 1471 1601 Christi
1516 1542 1979 1615 octingentesimo.
2026 1542 2186 1663 Atqui

618 1617 773 1663 lnmre
802 1626 912 1663 tum
949 1619 1016 1663 ab
1042 1619 1238 1663 nntimi
1269 1616 1547 1663 nrincinis.
1578 1624 1689 1663 tum
1719 1615 1785 1663 ab
1812 1614 2021 1663 Alcuini
2057 1628 2114 1663 re
2139 1613 2183 1663 i-

617 1617 773 1697 longe
802 1626 912 1697 tum
949 1619 1016 1671 ab
1042 1619 1240 1697 optimi
1266 1613 1700 1697 principis,.tur_n‘
1719 1615 1785 1667 ab
1812 1613 2183 1697 Alcuini‘reli-

616 1684 793 1757 gione,
816 1696 927 1740 tum
954 1701 983 1739 a
1004 1684 1242 1757 moribus
1266 1684 1405 1739 illius
1423 1686 1597 1757 aetatis
1616 1684 1962 1757 abhorrebat,
1988 1692 2046 1735 ut
2067 1697 2183 1757 nio—

2277 502 2515 572 percute.
2546 502 2787 572 Cumque
2818 518 2939 559 eum
2966 503 3056 571 qui
3084 504 3201 558 haec
3234 502 3559 569 intuebatur,
3586 504 3847 559 voluisset

2278 581 2547 643 appetege,
2574 575 2771 628 emissa
2796 587 2925 627 voce
2948 572 3211 639 adjuravit
3233 586 3363 643 eum_
3385 572 3569 627 dicens
3598 593 3611 627 :
3640 574 3846 643 Adjuro

2279 649 2332 695 te
2358 657 2453 710 per
2472 642 2637 696 Deum
2662 644 2949 705 viventem,
2978 651 3037 695 ut
3063 657 3167 695 non
3196 641 3485 703 interﬁcias
3511 659 3616 698 me.
3646 641 3844 697 Statim

2278 725 2564 833 percubssor
2585 711 2816 781 gladium
2842 712 3135 778 contraxit,
3171 719 3225 766 et
3255 712 3368 781 ipse
3398 712 3545 767 solus
3571 714 3743 767 evasit
3772 727 3846 767 ex

2278 795 2423 833 omni
2463 794 2545 833 us.
2580 800 2599 832 ι

2278 794 2545 834 omnibus.
2580 800 2599 832 ι

2350 849 2439 903 45.
2476 850 2606 921 11ωο
2637 850 2808 905 sancti
2834 848 3073 905 Audonis
3113 852 3380 913 narratio,
3412 867 3571 921 quam
3608 850 3847 908 Joannes

2283 919 2575 974 monachus
2618 936 2681 973 ex
2734 921 2900 988 ipsius
2924 936 3019 974 ore
3044 923 3280 989 accepit;
3333 919 3452 989 qua:
3481 938 3608 976 sane
3637 936 3847 989 magna:

2283 990 2621 1061 auctoritatis
2644 1006 2763 1061 esse
2796 990 2971 1061 debet,
3002 998 3130 1061 tum
3166 992 3235 1046 ob
3268 990 3368 1045 virl
3419 992 3585 1045 sancti
3616 991 3847 1061 gravita-

2282 1068 2411 1129 tem,
2446 1067 2554 1112 tum
2574 1060 2643 1129 ob
2668 1058 2729 1129 id
2758 1060 2899 1127 quod
2936 1059 3012 1113 rei
3030 1069 3196 1129 gesta:
3215 1061 3535 1129 subsequalis
3565 1058 3697 1115 erat.

2351 1128 2440 1181 41.
2470 1128 2640 1198 Paulo
2688 1128 2843 1191 aliter
2876 1144 2989 1182 rem
3032 1128 3265 1198 explicat
3315 1128 3617 1198 Ademarus
3667 1128 3848 1184 Ecoli—

2284 1197 2512 1251 smensis
2538 1198 2833 1252 monachus
2856 1198 2907 1251 in
2930 1197 3216 1263 Chronico,
3248 1198 3337 1252 ubi
3368 1198 3431 1253 de
3456 1197 3649 1253 Carolo
3679 1198 3848 1253 Calvo

2283 1276 2337 1320 et
2364 1268 2427 1319 de
2456 1266 2701 1333 ingressu
2731 1267 3111 1321 monachorum
3160 1269 3213 1324 in
3249 1268 3631 1323 monasterium
3670 1269 3847 1321 sancti

2288 1335 2581 1407 Martialis:
2638 1335 2800 1407 gQu_a
2872 1344 3236 1407 tempestate»
3297 1339 3491 1407 inquit,
3551 1338 3845 1393 «monachi

2286 1405 2459 1459 sancti
2483 1404 2709 1459 'Martini
2751 1404 3003 1469 Turonis,
3037 1408 3251 1461 nemine
3281 1404 3527 1473 cogente,
3566 1416 3689 1461 ante
3721 1422 3847 1460 cor-

2287 1488 2386 1543 pus
2428 1474 2687 1543 ejusdem,
2739 1473 2951 1543 abjecto
2996 1477 3243 1530 monachi
3287 1478 3580 1539 schemate,
3625 1477 3846 1531 schema

2288 1544 2515 1597 induunt
2544 1544 2872 1613 canonicale,
2909 1547 3259 1599 sacramentis
3288 1547 3391 1600 hoc
3431 1546 3648 1599 firmato
3685 1560 3849 1613 super

2288 1628 2482 1681 corpus
2514 1613 2655 1683 beati
2681 1612 2915 1667 Martini.
2952 1613 3017 1666 Et
3042 1615 3293 1669 carnibus
3319 1614 3533 1677 refecti,
3551 1628 3674 1669 mox
3695 1612 3851 1683 peste

2289 1682 2546 1750 correpti,
2598 1697 2755 1755 mane
2800 1682 2945 1755 facto
2972 1684 3027 1755 in
3064 1684 3216 1739 lectis
3246 1686 3445 1755 reperti
3473 1692 3598 1755 sunt
3643 1682 3850 1755 mortui

617 1752 910 1833 nachorum
937 1756 1483 1833 _cmnobia_canonicis
1514 1753 1906 1833 subjicerentur
1946 1767 1976 1833 a
2013 1752 2185 1819 prima
2218 1772 2263 1832 Β
2290 1766 2479 1833 pmnes
2516 1766 2544 1805 a
2575 1752 2779 1833 majore
2817 1752 2884 1833 a_d
2907 1752 3181 1833 minorem
3206 1752 3323 1833 ;_‘et'
3348 1755 3411 1833 de
3458 1753 3661 1833 reliqup
3698 1753 3853 1833 locns

618 1826 697 1879 sui
725 1826 1077 1880 institutione.
1099 1824 1245 1879 Adde
1267 1826 1547 1879 Alcuinum
1572 1821 1844 1890 paululum
1875 1829 1997 1874 ante
2024 1836 2183 1888 quam

618 1894 883 1949 'l‘uronico
921 1895 1244 1948 monasterio
1283 1894 1661 1962 prmﬁceretttr,
1709 1890 2055 1944 Martinianos
2094 1905 2187 1962 ap-

683 1963 840 2018 llasse
875 1964 1166 2017 monachos
1205 1964 1255 2015 in
1286 1960 1519 2033 'epistola
1552 1962 1676 2033 jam
1703 1962 2053 2033 citata_num.
2076 1960 2180 2033 _39.

661 2034 854 2101 enique
887 2033 1095 2086 Alcuini
1137 2028 1416 2087 successor
1454 2047 1516 2083 ac
1550 2028 2190 2101 discipulusiﬁridugisus

617 2097 975 2158 inter-fratres
999 2104 1327 2170 conscriptos
1353 2100 1659 2154 monasterii
1688 2097 1859 2155 Sancti
1883 2097 2051 2162 Galli,
2080 2114 2185 2151 non

618 2188 744 2227 cum
782 2174 1075 2235 canonicis,
1120 2169 1220 2225 sed
1250 2186 1371 2225 cum
1410 2171 1683 2224 monachis
1722 2169 1834 2223 suis
1877 2175 2187 2222 recensetur

619 2243 721 2295 hoc
760 2242 918 2295 modo
944 2255 959 2293 :
998 2259 1014 2291 ι
1052 2241 1279 2294 Nomina
1310 2241 1531 2308 fratrum
1560 2240 1625 2292 de
1648 2239 1873 2308 Turonis
1901 2254 1918 2291 :
1944 2237 2188 2305 Fridcgi-

617 2327 709 2365 sus
732 2312 890 2373 abba,
919 2309 1266 2364 Flodomarus
1292 2307 1607 2371 monachus,
1632 2307 2037 2361 Gisledramnus
2073 2322 2187 2360 mo-

619 2383 838 2445 nachus,
862 2380 1183 2450 Ansegarius
1203 2380 1515 2450 monachus,
1540 2376 1846 2450 Adilleodus
1869 2377 2183 2450 monachus,

620 2451 946 2511 Helmoinus,
982 2447 1164 2513 rete,
1200 2450 1337 2517 apud
1368 2447 1697 2501 Goldastum.
1738 2447 1813 2517 Ex
1836 2447 2033 2517 quibus
2068 2462 2185 2499 ma-

618 2519 869 2573 nifestum
896 2529 978 2573 est
1017 2516 1294 2587 Fridugiso
1332 2533 1424 2571 seu
1459 2516 1954 2587 Fridegiso_abbate
1995 2530 2185 2587 mona-

617 2589 749 2642 chos
767 2604 831 2641 eo
851 2589 954 2641 loci
974 2585 1279 2655 aliquandiu
1306 2600 1698 2655 perseverasse.
1726 2585 1941 2639 Falsum
1965 2586 2187 2655 proinde

618 2659 670 2712 id
706 2659 846 2727 quod
887 2659 939 2710 in
980 2654 1248 2711 Turonico
1284 2654 1539 2709 Chronico
1576 2655 1791 2727 legitur,
1836 2672 1854 2703 ι
1894 2670 2056 2727 anno
2086 2654 2189 2727 79G

617 2723 865 2781 Carolum
892 2742 1069 2795 regem
1096 2727 1391 2780 instituisse
1417 2725 1702 2778 canonicos
1725 2725 1775 2776 in
1799 2723 2021 2795 ecclesia
2046 2724 2189 2795 beati

619 2798 826 2850 Martini
857 2793 1176 2851 auctoritate
1216 2796 1435 2847 Adriani
1468 2810 1643 2863 papa},
1686 2794 1871 2860 eisque
1906 2793 2187 2863 Alcuinum

620 2868 933 2934 magistrum
973 2882 1128 2919 suum
1166 2862 1491 2933 prmfecisse.
1528 2884 1545 2914 ι
1580 2864 1738 2916 Certe
1780 2865 1894 2929 ipso
1935 2879 2073 2915 anno
2100 2862 2190 2934 Al-

617 2932 809 2989 cuinus
836 2936 922 2989 isti
950 2932 1272 2988 monasterio
1299 2934 1582 3001 praefectus
1612 2941 1716 2995 est,
1748 2948 1854 2984 non
1884 2940 1943 2983 ut
1970 2932 2190 2984 canoni-

618 3019 711 3059 cos
751 3005 1029 3058 monachis
1070 3004 1385 3057 substitutos
1412 3010 1642 3071 regeret,
1675 3001 1767 3055 sed
1812 3008 1869 3052 ut
1897 3002 2189 3071 monachos

618 3075 901 3128 solutiores
946 3074 1010 3126 ad
1056 3082 1255 3125 rectam
1304 3070 1521 3127 vivendi
1560 3072 1822 3123 rationem
1872 3070 2153 3122 reduceret

618 3110 901 3128 δυηιιιυιω
946 3110 1009 3126 ..υ
1057 3110 1255 3125 HM..."
1312 3110 1521 3127 mw...
1872 3110 2153 3122 manus.“

616 3159 843 3213 quorum
870 3143 957 3197 alii
990 3158 1045 3197 se
1082 3143 1394 3213 monachos,
1427 3142 1513 3194 alii
1545 3140 1841 3213 canonicos
1858 3152 1915 3192 se
1946 3110 2189 3213 ferebani
2213 3111 2260 3173 (δ

618 3208 753 3277 tum,
795 3229 917 3266 cum
944 3212 1165 3266 Carolus
1200 3226 1297 3279 pro
1327 3211 1621 3265 Thcodulfo
1663 3208 2035 3261 Aurelianensi
2076 3210 2188 3276 epi-

617 3297 778 3351 scopo
807 3280 1187 3351 epistolamsad
1218 3296 1309 3333 eos
1346 3280 1563 3347 scripsit
1593 3298 1603 3329 :
1638 3294 1743 3345 quo
1773 3287 2010 3344 tempore
2038 3295 2185 3330 vene-

619 3349 795 3403 rabilis
825 3349 1073 3403 Alcuinus
1104 3349 1219 3401 loco
1243 3358 1489 3416 prmerat.
1702 3376 1713 3385 ι

686 3420 773 3472 41.
815 3419 1141 3473 Crediderim
1171 3414 1348 3470 tamen
1378 3416 1653 3469 monachis
1680 3415 2000 3468 substitutos
2026 3414 2190 3468 fuisse

618 3489 903 3568 canonicos
924 3490 1031 3568 sub
1048 3488 1299 3557 regimine
1326 3487 1609 3568 Frjdulgisi
1632 3484 2046 3568 abbatisger‘te
2068 3492 2191 3564 ante
2222 3546 2225 3547 ν

618 3561 852 3615 medium
878 3554 1131 3614 smeuluni
1162 3573 1357 3609 nonum
1384 3555 1495 3623 jam
1518 3554 1579 3609 in
1608 3554 2191 3608 ecclesiaMartiniana

618 3629 863 3682 canonici
894 3636 1066 3680 erant.
1092 3628 1244 3679 Patet
1268 3642 1333 3678 ex
1365 3633 1685 3678 testamento
1707 3624 1950 3682 Ansegisi
1982 3624 2192 3676 abbatis

620 3664 631 3680 ι
651 3664 863 3682 uno...“
894 3664 1066 3680 ωσι...
1092 3664 1113 3679 ι
1136 3664 1244 3679 ...υ
1268 3664 1333 3678 υ.
1367 3664 1683 3678 .w.......-...,
1707 3664 1843 3675 .-.ων
1890 3664 1950 3676 ω.
1982 3664 2192 3676 ...,.,......

620 3698 1058 3755 Fontanellcnsis,
1087 3697 1176 3764 qui
1206 3710 1346 3747 anno
1368 3694 1471 3747 835
1503 3712 1519 3742 ι
1550 3692 1835 3764 Canonicis
1851 3664 2192 3764 ilartinianis

620 3769 813 3837 legavit
852 3766 1044 3819 libram
1084 3761 1277 3826 tinam,
1319 3772 1423 3837 »ηρ-ι
1452 3779 1515 3815 ex
1557 3761 1781 3837 historia
1810 3762 2193 3837 translationis

620 3831 788 3891 saiieti
820 3837 1028 3889 Martini
1057 3851 1085 3887 a
1122 3845 1307 3888 sancto
1333 3834 1515 3887 Odone
1553 3832 1775 3899 scripta.
1808 3831 1857 3883 in
1892 3846 1996 3899 qua
2026 3847 2191 3884 cano-

621 3907 726 3958 nici
752 3907 920 3957 sancti
954 3905 1162 3957 Martini
1194 3919 1333 3955 anno
1361 3903 1463 3956 853
1500 3916 1693 3967 corpus
1731 3916 1943 3953 sacrum
1972 3917 2037 3953 ex
2064 3901 2193 3951 urbe

619 3973 885 4030 Turonica
909 3974 1161 4026 detulisse
1187 3973 1457 4031 dicuntur,
1483 3986 1619 4036 quos
1644 3969 1928 4021 Audradus
1956 3969 2195 4020 Modicus

620 4044 832 4097 clericos
862 4042 1037 4095 damni
1072 4040 1288 4092 Martini
1321 4039 1585 4107 appellat,
1613 4046 1666 4089 et
1698 4039 1750 4089 iu
1780 4037 2065 4105 diplomate
2094 4037 2195 4089 Ca-

622 4115 719 4167 roli
767 4113 912 4166 Calvi
960 4111 1167 4180 llugoui
1216 4106 1410 4180 abbatis
1439 4122 1877 4180 concesso__anno
1924 4106 2072 4180 regni
2103 4108 2189 4167 50,

622 4183 818 4235 Christi
848 4183 973 4245 860,
1017 4176 1222 4249 prrrfati
1252 4178 1464 4249 ωηιορἱὶ
1496 4176 1806 4249 venerabiles
1836 4178 2073 4249 canonici
2105 4192 2193 4249 vo-

622 4256 828 4313 cantur,
846 4254 981 4321 apud
1009 4246 1280 4303 Labbeum
1300 4252 1351 4321 in
1370 4246 1979 4321 Miscellanciscuriosis.
2015 4246 2194 4321 Exnhis

623 4322 811 4388 colligo
832 4314 1119 4375 canonicos
1141 4320 1419 4371 monachis
1440 4333 1503 4369 eo
1528 4318 1581 4369 in
1604 4317 1726 4388 loco
1741 4314 2195 4388 su_cces_s‘isseFri-

623 4391 689 4442 du
734 4384 810 4441 iso
826 4392 1035 4447 abbate,
1064 4396 1118 4439 at
1130 4403 1234 4453 quo
1252 4388 1410 4439 modo
1433 4388 1483 4437 id
1504 4386 1778 4446 acciderit,
1797 4384 2189 4451 inquirendum.

691 4406 779 4510 i2.
823 4458 954 4510 Rem
985 4458 1063 4510 sic
1090 4465 1272 4507 narrat
1301 4464 1516 4507 sanctus
1538 4452 1651 4506 Οιιο
1680 4454 1841 4503 abbas
1872 4450 2008 4510 apud
2034 4450 2189 4503 Joan—

2291 1822 2403 1879 iose
2454 1836 2483 1874 a
2514 1822 2786 1876 canonicis
2833 1822 3126 1876 habitatur.
3166 1843 3184 1875 ›
3218 1822 3393 1879 Pestis
3442 1822 3736 1878 saevissima
3792 1824 3847 1875 in

2335 1890 2455 1943 allia
2485 1890 2584 1945 fuit
2608 1892 2763 1945 annis
2801 1891 2903 1946 8l9
2925 1900 2979 1945 et
3000 1890 3087 1955 23,
3116 1900 3252 1947 teste
3278 1893 3598 1961 Eginhardo.
3641 1890 3857 1947 Forsan'

2289 1961 2551 2014 alterutro
2575 1976 2714 2014 anno
2743 1960 2966 2029 contigit
2991 1962 3104 2015 haec
3124 1960 3339 2017 clades.
3365 1972 3370 1977 '

2355 2030 2445 2083 45.
2477 2029 2816 2098 Fridugisum
2850 2030 2973 2085 huic
3009 2030 3291 2084 mutationi
3323 2030 3481 2086 facile
3523 2047 3714 2087 manus
3754 2031 3849 2086 de-

2288 2100 2429 2154 disse
2466 2100 2694 2169 conjicio
2720 2116 2785 2154 ex
2818 2100 2978 2153 simili
3012 2100 3183 2165 facto,
3218 2100 3358 2169 quod
3384 2102 3620 2169 patravit
3648 2102 3700 2155 in
3730 2117 3853 2154 mo—

2288 2171 2527 2242 nasterio
2576 2170 2854 2242 Sithiensi,
2892 2170 2981 2242 cui
3022 2170 3185 2242 etiam
3214 2178 3461 2242 praeerat.
3502 2170 3636 2242 Nam
3682 2170 3852 2242 abbas

2288 2237 2637 2293 ecclesiarum
2681 2240 2850 2292 sancti
2892 2237 3094 2293 Bertini
3122 2237 3389 2293 et-sancti
3416 2239 3706 2293 Audomari
3736 2237 3849 2293 fac-

2288 2316 2375 2363 tus
2404 2323 2545 2361 anno
2572 2308 2693 2369 820,
2746 2326 2763 2357 ‹
2797 2324 2919 2362 cum
2954 2319 3199 2363 cerneret
3232 2310 3501 2363 abbatiam
3540 2309 3849 2363 universam

2290 2386 2367 2433 tot
2396 2378 2781 2433 monachorum
2808 2377 2994 2432 usibus
3015 2378 3333 2447 delcgatam,
3393 2388 3451 2431 ut
3474 2388 3601 2449 puta
3628 2388 3846 2449 centum

2287 2455 2342 2503 et
2383 2450 2601 2517 triginta
2644 2449 3027 2502 monachorum
3071 2449 3213 2502 inter
3256 2448 3487 2515 utraque
3525 2448 3850 2501 monasteria

2288 2520 2615 2589 degentium,
2650 2518 2888 2589 nihilque
2914 2532 3131 2589 suarum
3173 2517 3502 2589 voluptatum
3530 2517 3719 2571 usibus
3758 2531 3848 2569 se-

2287 2585 2642 2664 questratum,
2678 2585 2924 2664 avaritiae
2948 2585 3131 2664 jaculo
3173 2595 3423 2664 emeatus)
3465 2588 3519 2641 in
3564 2589 3851 2664 capitaneo

2288 2658 2458 2711 sancti
2488 2656 2859 2726 Bertiniiloco,
2910 2656 2999 2710 ubi
3027 2657 3295 2726 octoginta
3341 2656 3408 2709 et'
3444 2665 3555 2710 tres
3595 2656 3851 2710 monachi

2289 2727 2659 2805 deserviebant
2689 2725 2931 2805 Domino,
2983 2725 3376 2805 sexaginta-pro
3406 2728 3637 2805 humana
3654 2726 3853 2805 potius

2288 2796 2442 2849 laude
2465 2812 2621 2865 quam
2646 2811 2743 2865 pro
2768 2796 2857 2849 Dei
2886 2810 3067 2849 amore
3094 2797 3345 2859 retinuit;
3381 2796 3611 2863 reliquos
3636 2794 3854 2849 distric~

2288 2867 2443 2920 tioris
2470 2867 2593 2920 vitae
2619 2867 2781 2927 viros,
2815 2880 2949 2933 quos
2978 2880 3087 2929 suae.
3123 2866 3465 2932 perversitati
3492 2865 3702 2931 putavit
3738 2879 3849 2918 non

2289 2950 2664 3014 consensuros,
2696 2935 2761 2987 de
2788 2934 3115 3013 monasterio
3145 2935 3365 3014 expulit.
3392 2934 3448 3014 ln
3477 2934 3653 3014 sancti
3678 2933 3855 2986 Audo-

2288 3005 2424 3057 mari
2473 3017 2702 3074 quoque
2736 3004 3083 3074 monasterio,
3132 3003 3224 3074 ubi
3262 3004 3579 3074 regulariter
3605 3004 3855 3074 viventes
3884 3063 3893 3069 δ

2292 3071 2917 3152 ιξόοηιιιὶιᾳιεέιάηίδίοῑδ
2969 3073 3235 3152 monachi.
3277 3071 3514 3152 triginta
3561 3073 3856 3152 canonicos

2292 3142 2679 3212 deputavitJElt
2704 3142 2827 3209 quia
2854 3144 3146 3196 canonicus
3175 3150 3311 3208 erat,
3342 3142 3464 3197 cum
3489 3142 3768 3197 canonicis
3799 3143 3855 3195 in

2294 3211 2461 3266 sancti
2491 3211 2780 3265 Audomari
2822 3214 3149 3267 monasterio
3189 3213 3520 3267 szeculariter
3559 3213 3795 3265 vivebat.
3829 3231 3850 3264 ι

2292 3283 2416 3334 llaec
2454 3296 2535 3351 ex
2581 3290 2800 3351 auctore
2848 3296 3115 3351 anonymo
3166 3282 3221 3333 in
3277 3283 3367 3335 lib.
3422 3282 3536 3334 ide
3583 3280 3857 3350 Miraculis

2293 3350 2462 3403 sancti
2494 3349 2713 3419 Bertini,
2739 3364 2856 3418 cap.
2891 3351 2942 3413 6,
2974 3349 3062 3417 qui
3102 3358 3289 3405 auctor
3318 3352 3369 3404 in
3397 3351 3572 3419 capite
3601 3351 3854 3418 sequenti

2293 3421 2368 3497 ait
2407 3418 2743 3497 _Fr_idogisum
2790 3428 3059 3497 mortuum
3089 3435 3209 3473 esse
3254 3438 3269 3469 ι
3296 3418 3488 3497 quarto
3505 3420 3735 3497 _deci_mo
3767 3435 3858 3473 re~

2292 3489 2505 3558 giminis
2536 3489 2629 3558 sui
2651 3503 2808 3549 anno,
2843 3508 2859 3539 ι
2895 3490 3147 3542 nimirum
3180 3505 3319 3543 anno
3345 3490 3467 3545 854.
3502 3489 3577 3542 Ex
3600 3490 3681 3544 his
3712 3492 3883 3553 veri-1

2293 3557 2465 3612 simile
2487 3566 2569 3611 est
2593 3557 2930 3628 Fridogisum
2958 3558 3259 3625 hujusmodi
3290 3559 3603 3613 mutationis
3631 3561 3684 3613 in
3708 3559 3855 3612 Mar-

2292 3629 2498 3681 tiniano
2525 3627 2788 3692 cmuobio,
2818 3628 2860 3680 si
2894 3644 2996 3681 non
3016 3640 3310 3694 auctorem,
3338 3638 3389 3682 at
3414 3638 3560 3683 certe
3587 3629 3855 3683 fautorem

2293 3707 2346 3751 et
2379 3698 2786 3767 approbatorem
2822 3697 3003 3751 fuisse.

2363 3768 2447 3819 46.
2487 3767 2726 3831 Qualiter
2775 3776 2895 3833 post
2941 3768 3086 3821 illam
3140 3768 3491 3821 mutationem
3547 3766 3855 3821 Ordinatum

2295 3839 2377 3905 sit,
2413 3835 2821 3898 monasterium,
2872 3837 3089 3888 tradunt
3126 3836 3402 3905 Philippus
3428 3837 3680 3900 decanus,
3721 3835 3853 3889 Rai-

2296 3904 2503 3975 naldus
2552 3906 2941 3975 thesaurarius,
3004 3904 3285 3971 totumque
3343 3905 3633 3975 capitulum
3712 3906 3857 3959 beati

2296 3974 2527 4045 Martini
2549 3974 2895 4035 Turonensis,
2933 3976 2986 4029 in
3016 3974 3241 4045 epistola
3274 3974 3513 4045 Philippo
3550 3975 3859 4031 Coloniensi

2297 4044 2699 4112 archiepiscopo
2728 4045 2924 4113 scripta
2953 4048 3015 4099 de
3047 4044 3166 4098 Vita
3205 4048 3376 4100 sancti
3401 4044 3615 4099 Martini
3646 4054 3701 4099 et
3738 4046 3861 4113 qui-

2296 4113 2518 4169 husdam
2597 4114 2764 4181 ipsius
2841 4115 3132 4169 miraculis.
3206 4116 3506 4179 «Multis,»
3585 4115 3857 4183 inquiunt,

2303 4200 2318 4230 ι
2350 4192 2470 4251 post
2507 4184 2617 4236 hzec
2645 4184 2799 4235 anuis
2832 4184 3056 4237 evolutis
3086 4186 3432 4249 mutationem
3458 4195 3513 4236 et
3540 4184 3768 4246 ordinis,
3803 4192 3860 4236 et

2296 4252 2698 4305 consaetudinis
2738 4268 2895 4320 passa
2934 4262 3017 4305 est
3053 4254 3276 4306 ecclesia
3308 4254 3477 4306 sancti
3520 4252 3770 4305 Martini:
3804 4262 3861 4305 et

2334 4337 2394 4373 ro
2438 4322 2737 4391 monachis,
2790 4321 2874 4391 vel
2916 4331 3136 4391 propter
3180 4322 3452 4384 inertiam,
3502 4321 3586 4375 vel
3637 4330 3860 4391 propter

2322 4389 2755 4460 requentantium
2802 4389 3222 4460 inquietudinem
3272 4392 3479 4460 integre
3518 4389 3861 4460 non’prose-

729 4458 779 4510 ‘2.
823 4458 954 4511 Rem
985 4458 1063 4529 sic
1090 4450 1272 4529 narrat
1301 4452 1841 4529 sanctnsOdoabbas
1872 4450 2008 4519 apud
2034 4450 2191 4529 Joan-
2221 4453 2269 4511 D
2295 4450 2601 4525 quentibus,
2632 4450 2892 4529 canonici"
2926 4473 2955 4510 a
2990 4460 3319 4529 principibus
3368 4450 3527 4515 {crime
3577 4450 3856 4515 substituti

623 4528 1109 4583 ncm‘monachum
1159 4526 1210 4577 in
1260 4526 1424 4594 ipsius
1464 4524 1597 4577 Vitae
1644 4522 1731 4575 lib.
1781 4536 1880 4594 in,
1934 4535 2051 4588 cap.
2098 4522 2120 4572 l
2174 4539 2183 4571 :

628 4618 647 4646 ι
681 4599 819 4650 Ante
860 4598 957 4650 hos
996 4610 1164 4648 annos
1202 4591 1525 4665 persistente
1564 4591 1857 4665 monastica
1901 4605 2189 4665 congrega-

626 4670 766 4722 tione
793 4670 929 4737 apud
958 4660 1239 4737 ecclesiam
1274 4665 1414 4719 beati
1449 4663 1667 4717 Martini,
1688 4676 1804 4737 qum
1827 4668 1909 4713 est
1940 4660 2184 4737 Turonis,

623 4730 899 4804 coeperunt
958 4736 1171 4788 modum
1234 4750 1387 4787 suum
1445 4732 1966 4804 consuetudinesque
2024 4730 2185 4804 relin-

624 4800 811 4870 quere,
838 4822 901 4860 ac
936 4805 1169 4873 propriis
1198 4803 1557 4873 voluntatibus
1580 4801 1741 4851 vitam
1769 4814 1918 4873 suam
1940 4800 2188 4873 proposi—

624 4868 841 4940 tumque
869 4868 1229 4941 corrumpere.
1270 4871 1489 4925 Relictis
1522 4882 1751 4941 namque
1790 4868 1982 4919 nativis
2016 4876 2068 4941 et
2104 4882 2189 4920 as-

622 4934 788 4994 suetis
835 4934 1186 5003 vestimentis,
1236 4948 1517 5010 ceperunt
1561 4934 1766 5010 fucatas
1811 4945 1973 5003 atque
2020 4934 2187 5010 fluxas

620 5011 886 5080 pallioque
929 5020 1147 5063 ornatas
1187 5007 1811 5080 circu'mferrercucullas
1857 5007 2182 5080 et_tunicas.

618 5075 989 5158 Calceaitnenta
1020 5092 1230 5158 quoque
1250 5081 1443 5158 quibus
1469 5078 1842 5158 induebamur,
1878 5075 2011 5158 adeo
2033 5086 2185 5158 erant

619 5150 853 5203 cocleata
897 5164 959 5202 ac
1004 5145 1188 5207 nitida,
1234 5156 1291 5199 ut
1330 5149 1557 5199 vitreum
1603 5148 1833 5199 colorem
1880 5145 2187 5197 viderentur

620 5233 909 5273 assumere.
943 5218 1023 5271 Ad
1062 5216 1246 5270 laudes
1283 5231 1512 5282 namque
1550 5226 1859 5277 nocturnas,
1902 5228 1967 5265 ne.
2006 5214 2186 5279 aliquo

618 5290 807 5355 pedem
834 5290 990 5341 modo
1017 5286 1534 5358 oﬂ‘enderent,_cum
1568 5284 1683 5336 luce
1722 5285 1825 5337 diei
1854 5284 2180 5358 surgebant.

617 5350 719 5410 ista
746 5365 801 5411 et
842 5358 1030 5410 horum
1076 5357 1267 5409 similia
1302 5353 1467 5408 multa
1500 5362 1683 5404 contra
1716 5354 1914 5419 regula:
1952 5350 2071 5416 jura
2106 5350 2185 5401 fa-

574 5474 581 5481 .
614 5426 843 5479 ciebant.
884 5426 1087 5493 Quibus
1122 5426 1281 5479 rebus
1321 5437 1447 5478 cum
1487 5420 1807 5493 decrevisset
1848 5422 1987 5474 Deus
2023 5420 2182 5471 ﬁnem

617 5492 921 5562 imponere,
957 5504 1112 5548 nocte
1156 5495 1385 5564 quadam
1426 5504 1611 5564 omnes
1656 5492 2009 5564 quiescentes,
2060 5505 2182 5564 eum

614 5558 750 5616 unus
769 5578 835 5616 ex
857 5566 938 5618 eis
964 5558 1207 5617 eamdem
1238 5566 1423 5621 horam
1454 5561 1750 5613 insomnem
1780 5560 2019 5622 duceret,
2052 5558 2185 5609 vidit

612 5632 745 5685 duos
770 5633 915 5686 viros
941 5633 1313 5686 dormitorium
1340 5628 1566 5697 ingredi,
1594 5643 1757 5681 unum
1794 5628 2039 5683 videlicet
2066 5627 2181 5695 gla-

613 5701 758 5755 dium
785 5716 943 5757 manu
972 5712 1240 5756 tenentem
1260 5742 1273 5767 ,
1301 5702 1391 5753 cui
1413 5698 1545 5751 alius
1574 5698 1897 5764 imperabat,
1933 5697 2174 5751 indicans

2294 4536 2433 4600 sunt,
2468 4528 2725 4581 trecentis
2754 4542 2871 4595 qua:
2914 4536 3039 4600 tunc
3072 4528 3327 4597 teniporis
3356 4540 3513 4584 erant
3552 4530 3860 4600 praebendis

2292 4598 2359 4651 ad
2386 4612 2668 4668 numerum
2700 4606 2913 4668 centum
2942 4599 3325 4668 quinquaginta
3354 4598 3637 4655 restrictis.
3679 4598 3746 4668 Et
3790 4601 3859 4653 ad

2294 4666 2701 4737 temperandum,
2726 4667 2962 4721 laborem
2993 4666 3139 4721 illum
3168 4666 3499 4725 fastidiosum
3531 4676 3585 4721 et
3605 4667 3860 4722 intolera-

2289 4736 2469 4818 bilem,
2490 4736 2644 4818 juges
2674 4736 2779 4818 illa;
2802 4746 2854 4791 et
2878 4739 3299 4818 interminabiles
3318 4738 3655 4818 psallentinrn
3687 4738 3860 4818 alter-

2292 4808 2535 4861 nationes
2574 4806 2641 4859 ad
2673 4815 2850 4860 certas
2887 4816 2940 4860 et
2964 4808 3246 4867 discretas,
3285 4806 3425 4861 sient
3458 4808 3509 4859 in
3538 4806 3657 4861 aliis
3680 4806 3742 4861 ﬁt
3768 4824 3862 4863 ec-

2290 4877 2501 4937 clesiis,
2532 4877 2691 4933 horas
2730 4878 2994 4931 distinctae
3021 4883 3164 4929 sunt.
3210 4876 3283 4928 De
3314 4877 3575 4931 reditibus
3594 4885 3773 4931 autem
3801 4889 3859 4932 et

2290 4946 2556 5000 thesauris
2573 4947 2811 5000 ecclesia:
2841 4947 3008 5014 ipsius
3044 4958 3168 5012 pars
3192 4945 3424 4999 maxima
3447 4946 3621 5001 decisa
3644 4956 3760 5001 est:
3786 4950 3858 5000 de

2286 5031 2388 5083 qua
2425 5026 2533 5070 tres
2559 5017 3018 5085 congregationes,
3059 5028 3178 5080 quae
3205 5015 3273 5067 ad
3298 5018 3680 5069 canonicorum
3707 5016 3857 5069 arbi-

2288 5086 2447 5137 trium
2478 5085 2867 5153 subservirent,
2898 5090 3213 5153 constructa:
3244 5093 3298 5137 et
3321 5087 3509 5139 dicata
3539 5094 3700 5137 sum:
3732 5095 3857 5153 quae

2286 5155 2463 5206 omnia
2514 5155 2778 5219 hodieque
2826 5152 2879 5203 in
2906 5150 3106 5205 Chrisﬁ
3150 5156 3368 5209 nomine
3407 5161 3673 5207 constant.
3711 5150 3857 5208 {Ita

2286 5223 2357 5275 illi
2383 5224 2599 5276 circiter
2623 5235 2820 5291 annum
2852 5220 3003 5291 1145.
3036 5222 3184 5275 Hanc
3208 5239 3337 5277 vero
3366 5223 3645 5291 epistolam
3669 5223 3719 5275 in
3744 5238 3853 5277 ms.

2283 5293 2467 5347 codice
2496 5290 2670 5360 reperi
2690 5290 2841 5360 inter
2865 5289 3237 5360 aliasWiberti
3264 5289 3474 5349 abbatis
3502 5290 3857 5346 Gemblaccn-

2285 5362 2380 5425 sis,
2418 5362 2508 5430 qui
2538 5357 2649 5413 tum
2681 5357 2931 5430 florebat.
2956 5428 2977 5430 ξ
3034 5429 3041 5430 7
3092 5358 3097 5363 ’

2866 5428 3090 5484 CAPUT
3116 5430 3253 5484 .Vlll.

2355 5516 2557 5571 Scltolw
2604 5516 2877 5570 Turonicw
2907 5529 2955 5571 et
2991 5520 3111 5573 alim
3145 5519 3266 5572 aliis
3300 5522 3353 5572 in
3388 5520 3547 5585 locis;
3569 5519 3781 5573 Δίαιξὴὶ

2794 5587 2898 5639 alia
2934 5588 3075 5657 facta
3104 5589 3344 5643 Turonis.

2357 5696 2443 5751 l7.
2485 5694 2597 5750 Non
2626 5695 2793 5750 solum
2832 5698 3214 5752 monachorum
3242 5696 3627 5753 Turonicorum
3668 5708 3858 5753 mores
